  <div class='ocr_page' id='page_1' title='image "/cluster/home/n/w/nwhite01/storage/ocr_20150623/108/hvd.32044015466840/470.png"; bbox 0 0 3930 6344; ppageno 0'>
   <div class='ocr_carea' id='block_1_1' title="bbox 247 329 356 386">
    <p class='ocr_par' dir='ltr' id='par_1_1' title="bbox 247 329 356 386">
     <span class='ocr_line' id='line_1_1' title="bbox 247 329 356 386; baseline 0 0"><span class='ocrx_word' id='word_1_1' title='bbox 247 329 356 386; x_wconf 71' lang='lat'><strong>925</strong></span> 
     </span>
    </p>
   </div>
   <div class='ocr_carea' id='block_1_2' title="bbox 1026 329 2750 395">
    <p class='ocr_par' dir='ltr' id='par_1_2' title="bbox 1026 329 2750 395">
     <span class='ocr_line' id='line_1_2' title="bbox 1026 329 2750 395; baseline -0.003 -1"><span class='ocrx_word' id='word_1_2' title='bbox 1026 329 1431 395; x_wconf 65' lang='grc' dir='ltr'><strong>ΒΝΑΕΒΔΜ</strong></span> <span class='ocrx_word' id='word_1_3' title='bbox 1468 330 1698 391; x_wconf 66' lang='grc' dir='ltr'><strong>ΞΜ</strong></span> <span class='ocrx_word' id='word_1_4' title='bbox 1727 329 2361 392; x_wconf 60' lang='grc' dir='ltr'><strong>’ΒΕυῗΕΒοιεοὶίῐῦΙέ</strong></span> <span class='ocrx_word' id='word_1_5' title='bbox 2397 331 2466 378; x_wconf 63' lang='grc' dir='ltr'><strong>-ὲ-</strong></span> <span class='ocrx_word' id='word_1_6' title='bbox 2499 331 2750 392; x_wconf 69' lang='lat'><strong>1.18.11].</strong></span> 
     </span>
    </p>
   </div>
   <div class='ocr_carea' id='block_1_3' title="bbox 3406 341 3576 398">
    <p class='ocr_par' dir='ltr' id='par_1_3' title="bbox 3406 341 3576 398">
     <span class='ocr_line' id='line_1_3' title="bbox 3406 341 3576 398; baseline -0.012 0"><span class='ocrx_word' id='word_1_7' title='bbox 3406 341 3576 398; x_wconf 38' lang='lat'><strong>926‘</strong></span> 
     </span>
    </p>
   </div>
   <div class='ocr_carea' id='block_1_4' title="bbox 248 443 3514 520">
    <p class='ocr_par' dir='ltr' id='par_1_4' title="bbox 248 443 3514 520">
     <span class='ocr_line' id='line_1_4' title="bbox 248 443 3514 520; baseline 0.004 -19"><span class='ocrx_word' id='word_1_8' title='bbox 248 444 433 501; x_wconf 69' lang='lat' dir='ltr'><strong>storias</strong></span> <span class='ocrx_word' id='word_1_9' title='bbox 466 443 714 515; x_wconf 81' lang='lat' dir='ltr'><strong>exempla</strong></span> <span class='ocrx_word' id='word_1_10' title='bbox 740 444 1083 512; x_wconf 75' lang='lat' dir='ltr'><strong>dimittimus,</strong></span> <span class='ocrx_word' id='word_1_11' title='bbox 1119 447 1215 502; x_wconf 88' lang='lat' dir='ltr'><strong>sed</strong></span> <span class='ocrx_word' id='word_1_12' title='bbox 1247 463 1315 501; x_wconf 80' lang='lat' dir='ltr'><strong>ex</strong></span> <span class='ocrx_word' id='word_1_13' title='bbox 1345 461 1409 502; x_wconf 90' lang='lat' dir='ltr'><strong>ea</strong></span> <span class='ocrx_word' id='word_1_14' title='bbox 1443 448 1827 520; x_wconf 86' lang='lat' dir='ltr'><strong>allegoriarum</strong></span> <span class='ocrx_word' id='word_1_15' title='bbox 1854 455 1901 516; x_wconf 77' lang='grc' dir='ltr'>Α</span> <span class='ocrx_word' id='word_1_16' title='bbox 1931 449 2064 502; x_wconf 83' lang='lat' dir='ltr'><strong>vivit</strong></span> <span class='ocrx_word' id='word_1_17' title='bbox 2110 449 2203 518; x_wconf 85' lang='lat' dir='ltr'><strong>qui</strong></span> <span class='ocrx_word' id='word_1_18' title='bbox 2243 463 2345 519; x_wconf 83' lang='lat' dir='ltr'><strong>per</strong></span> <span class='ocrx_word' id='word_1_19' title='bbox 2385 449 2684 518; x_wconf 77' lang='lat' dir='ltr'><strong>spiritalem</strong></span> <span class='ocrx_word' id='word_1_20' title='bbox 2733 445 3147 520; x_wconf 74' lang='lat' dir='ltr'><strong>intelligentiam</strong></span> <span class='ocrx_word' id='word_1_21' title='bbox 3195 455 3514 513; x_wconf 79' lang='lat' dir='ltr'><strong>aeternitatis</strong></span> 
     </span>
    </p>
   </div>
   <div class='ocr_carea' id='block_1_5' title="bbox 248 534 1824 620">
    <p class='ocr_par' dir='ltr' id='par_1_5' title="bbox 248 534 1824 620">
     <span class='ocr_line' id='line_1_5' title="bbox 248 534 1824 620; baseline 0.003 -27"><span class='ocrx_word' id='word_1_22' title='bbox 248 551 440 594; x_wconf 85' lang='lat' dir='ltr'><strong>sensus</strong></span> <span class='ocrx_word' id='word_1_23' title='bbox 469 534 529 590; x_wconf 91' lang='lat' dir='ltr'><strong>in</strong></span> <span class='ocrx_word' id='word_1_24' title='bbox 559 545 744 602; x_wconf 74' lang='lat' dir='ltr'><strong>mente</strong></span> <span class='ocrx_word' id='word_1_25' title='bbox 769 537 1087 600; x_wconf 59' lang='lat' dir='ltr'><strong>militeme</strong></span> <span class='ocrx_word' id='word_1_26' title='bbox 1119 537 1256 606; x_wconf 82' lang='lat' dir='ltr'><strong>Quia</strong></span> <span class='ocrx_word' id='word_1_27' title='bbox 1285 539 1443 620; x_wconf 81' lang='lat' dir='ltr'><strong>longo</strong></span> <span class='ocrx_word' id='word_1_28' title='bbox 1471 548 1714 616; x_wconf 86' lang='lat' dir='ltr'><strong>tempore</strong></span> <span class='ocrx_word' id='word_1_29' title='bbox 1733 541 1824 606; x_wconf 69' lang='lat' dir='ltr'><strong>ille</strong></span> 
     </span>
    </p>
   </div>
   <div class='ocr_carea' id='block_1_6' title="bbox 1933 546 2506 616">
    <p class='ocr_par' dir='ltr' id='par_1_6' title="bbox 1933 546 2506 616">
     <span class='ocr_line' id='line_1_6' title="bbox 1933 546 2506 616; baseline -0.002 -17"><span class='ocrx_word' id='word_1_30' title='bbox 1933 559 2104 600; x_wconf 82' lang='lat' dir='ltr'><strong>annos</strong></span> <span class='ocrx_word' id='word_1_31' title='bbox 2131 546 2506 616; x_wconf 74' lang='lat' dir='ltr'><strong>apprehendit.</strong></span> 
     </span>
    </p>
   </div>
   <div class='ocr_carea' id='block_1_7' title="bbox 1456 792 2309 876">
    <p class='ocr_par' dir='ltr' id='par_1_7' title="bbox 1456 792 2309 876">
     <span class='ocr_line' id='line_1_7' title="bbox 1456 792 2309 876; baseline -0.002 -2"><span class='ocrx_word' id='word_1_32' title='bbox 1456 793 1756 874; x_wconf 80' lang='lat' dir='ltr'><strong>LIBER</strong></span> <span class='ocrx_word' id='word_1_33' title='bbox 1828 792 2309 876; x_wconf 78' lang='lat' dir='ltr'><strong>TERTIUS.</strong></span> 
     </span>
    </p>
   </div>
   <div class='ocr_carea' id='block_1_8' title="bbox 759 1035 1338 1096">
    <p class='ocr_par' dir='ltr' id='par_1_8' title="bbox 759 1035 1338 1096">
     <span class='ocr_line' id='line_1_8' title="bbox 759 1035 1338 1096; baseline -0.003 -1"><span class='ocrx_word' id='word_1_34' title='bbox 759 1035 994 1096; x_wconf 78' lang='lat' dir='ltr'><strong>CAPUT</strong></span> <span class='ocrx_word' id='word_1_35' title='bbox 1041 1035 1338 1094; x_wconf 78' lang='lat' dir='ltr'><strong>PRIMUM.</strong></span> 
     </span>
    </p>
   </div>
   <div class='ocr_carea' id='block_1_9' title="bbox 246 1145 1827 1224">
    <p class='ocr_par' dir='ltr' id='par_1_9' title="bbox 246 1145 1827 1224">
     <span class='ocr_line' id='line_1_9' title="bbox 246 1145 1827 1224; baseline 0.003 -22"><span class='ocrx_word' id='word_1_36' title='bbox 246 1145 324 1202; x_wconf 82' lang='lat' dir='ltr'><strong>De</strong></span> <span class='ocrx_word' id='word_1_37' title='bbox 349 1146 696 1224; x_wconf 73' lang='lat' dir='ltr'><strong>wdiﬁcatione</strong></span> <span class='ocrx_word' id='word_1_38' title='bbox 719 1147 915 1224; x_wconf 63' lang='lat' dir='ltr'><strong>domus</strong></span> <span class='ocrx_word' id='word_1_39' title='bbox 935 1166 1103 1224; x_wconf 61' lang='lat' dir='ltr'><strong>nocte,</strong></span> <span class='ocrx_word' id='word_1_40' title='bbox 1133 1157 1188 1224; x_wconf 72' lang='lat' dir='ltr'><strong>ut</strong></span> <span class='ocrx_word' id='word_1_41' title='bbox 1215 1164 1398 1224; x_wconf 82' lang='lat' dir='ltr'><strong>murus</strong></span> <span class='ocrx_word' id='word_1_42' title='bbox 1421 1167 1516 1224; x_wconf 72' lang='lat' dir='ltr'><strong>per</strong></span> <span class='ocrx_word' id='word_1_43' title='bbox 1547 1150 1827 1224; x_wconf 74' lang='lat' dir='ltr'><strong>circuitum</strong></span> 
     </span>
    </p>
   </div>
   <div class='ocr_carea' id='block_1_10' title="bbox 313 1220 1826 1300">
    <p class='ocr_par' dir='ltr' id='par_1_10' title="bbox 313 1220 1826 1300">
     <span class='ocr_line' id='line_1_10' title="bbox 313 1220 1826 1300; baseline 0.002 -29"><span class='ocrx_word' id='word_1_44' title='bbox 313 1220 440 1300; x_wconf 60' lang='lat' dir='ltr'><strong>tecti</strong></span> <span class='ocrx_word' id='word_1_45' title='bbox 467 1229 714 1290; x_wconf 77' lang='lat' dir='ltr'><strong>ponatur,</strong></span> <span class='ocrx_word' id='word_1_46' title='bbox 750 1236 814 1273; x_wconf 77' lang='lat' dir='ltr'><strong>ne</strong></span> <span class='ocrx_word' id='word_1_47' title='bbox 843 1220 1152 1289; x_wconf 64' lang='lat' dir='ltr'><strong>effundatur</strong></span> <span class='ocrx_word' id='word_1_48' title='bbox 1173 1220 1390 1293; x_wconf 62' lang='lat' dir='ltr'><strong>Sanguis</strong></span> <span class='ocrx_word' id='word_1_49' title='bbox 1421 1220 1622 1276; x_wconf 80' lang='lat' dir='ltr'><strong>labente</strong></span> <span class='ocrx_word' id='word_1_50' title='bbox 1649 1221 1826 1300; x_wconf 84' lang='lat' dir='ltr'><strong>aliquo</strong></span> 
     </span>
    </p>
   </div>
   <div class='ocr_carea' id='block_1_11' title="bbox 311 1298 926 1360">
    <p class='ocr_par' dir='ltr' id='par_1_11' title="bbox 311 1298 926 1360">
     <span class='ocr_line' id='line_1_11' title="bbox 311 1298 926 1360; baseline 0.003 -18"><span class='ocrx_word' id='word_1_51' title='bbox 311 1298 364 1342; x_wconf 84' lang='lat' dir='ltr'><strong>et</strong></span> <span class='ocrx_word' id='word_1_52' title='bbox 393 1298 449 1342; x_wconf 77' lang='lat' dir='ltr'><strong>in</strong></span> <span class='ocrx_word' id='word_1_53' title='bbox 465 1305 696 1360; x_wconf 61' lang='lat' dir='ltr'><strong>preceps</strong></span> <span class='ocrx_word' id='word_1_54' title='bbox 726 1299 926 1348; x_wconf 77' lang='lat' dir='ltr'><strong>ruente.</strong></span> 
     </span>
    </p>
   </div>
   <div class='ocr_carea' id='block_1_12' title="bbox 311 1373 1832 1469">
    <p class='ocr_par' dir='ltr' id='par_1_12' title="bbox 311 1373 1832 1469">
     <span class='ocr_line' id='line_1_12' title="bbox 311 1373 1832 1469; baseline 0.001 -18"><span class='ocrx_word' id='word_1_55' title='bbox 311 1396 498 1469; x_wconf 72' lang='lat' dir='ltr'><strong>(iam)</strong></span> <span class='ocrx_word' id='word_1_56' title='bbox 533 1373 701 1453; x_wconf 71' lang='lat' dir='ltr'><strong>«Cum</strong></span> <span class='ocrx_word' id='word_1_57' title='bbox 753 1397 1107 1454; x_wconf 78' lang='lat' dir='ltr'><strong>aediﬁcaveris</strong></span> <span class='ocrx_word' id='word_1_58' title='bbox 1152 1401 1370 1454; x_wconf 88' lang='lat' dir='ltr'><strong>domum</strong></span> <span class='ocrx_word' id='word_1_59' title='bbox 1418 1408 1607 1464; x_wconf 89' lang='lat' dir='ltr'><strong>tuam,</strong></span> <span class='ocrx_word' id='word_1_60' title='bbox 1662 1399 1832 1453; x_wconf 83' lang='lat' dir='ltr'><strong>facies</strong></span> 
     </span>
    </p>
   </div>
   <div class='ocr_carea' id='block_1_13' title="bbox 251 1488 1834 1560">
    <p class='ocr_par' dir='ltr' id='par_1_13' title="bbox 251 1488 1834 1560">
     <span class='ocr_line' id='line_1_13' title="bbox 251 1488 1834 1560; baseline 0.003 -21"><span class='ocrx_word' id='word_1_61' title='bbox 251 1505 272 1539; x_wconf 75' lang='grc' dir='ltr'>ι</span> <span class='ocrx_word' id='word_1_62' title='bbox 297 1502 518 1544; x_wconf 86' lang='lat' dir='ltr'><strong>murum</strong></span> <span class='ocrx_word' id='word_1_63' title='bbox 548 1489 674 1542; x_wconf 88' lang='lat' dir='ltr'><strong>tecti</strong></span> <span class='ocrx_word' id='word_1_64' title='bbox 703 1504 802 1558; x_wconf 88' lang='lat' dir='ltr'><strong>per</strong></span> <span class='ocrx_word' id='word_1_65' title='bbox 835 1488 1144 1552; x_wconf 78' lang='lat' dir='ltr'><strong>circuitum,</strong></span> <span class='ocrx_word' id='word_1_66' title='bbox 1176 1505 1244 1544; x_wconf 91' lang='lat' dir='ltr'><strong>ne</strong></span> <span class='ocrx_word' id='word_1_67' title='bbox 1281 1489 1586 1544; x_wconf 73' lang='lat' dir='ltr'><strong>effundatur</strong></span> <span class='ocrx_word' id='word_1_68' title='bbox 1613 1491 1834 1560; x_wconf 84' lang='lat' dir='ltr'><strong>sanguis</strong></span> 
     </span>
    </p>
   </div>
   <div class='ocr_carea' id='block_1_14' title="bbox 241 1577 1832 1650">
    <p class='ocr_par' dir='ltr' id='par_1_14' title="bbox 241 1577 1832 1650">
     <span class='ocr_line' id='line_1_14' title="bbox 241 1577 1832 1650; baseline 0.002 -20"><span class='ocrx_word' id='word_1_69' title='bbox 241 1594 272 1630; x_wconf 77' lang='grc' dir='ltr'><strong>,ι</strong></span> <span class='ocrx_word' id='word_1_70' title='bbox 297 1578 358 1632; x_wconf 90' lang='lat' dir='ltr'><strong>in</strong></span> <span class='ocrx_word' id='word_1_71' title='bbox 388 1577 552 1634; x_wconf 89' lang='lat' dir='ltr'><strong>domo</strong></span> <span class='ocrx_word' id='word_1_72' title='bbox 581 1586 695 1642; x_wconf 73' lang='lat' dir='ltr'><strong>tua,</strong></span> <span class='ocrx_word' id='word_1_73' title='bbox 735 1585 791 1631; x_wconf 85' lang='lat' dir='ltr'><strong>et</strong></span> <span class='ocrx_word' id='word_1_74' title='bbox 821 1578 897 1632; x_wconf 85' lang='lat' dir='ltr'><strong>sis</strong></span> <span class='ocrx_word' id='word_1_75' title='bbox 939 1593 1064 1634; x_wconf 85' lang='lat' dir='ltr'><strong>reus</strong></span> <span class='ocrx_word' id='word_1_76' title='bbox 1113 1577 1331 1634; x_wconf 88' lang='lat' dir='ltr'><strong>labente</strong></span> <span class='ocrx_word' id='word_1_77' title='bbox 1380 1578 1487 1634; x_wconf 89' lang='lat' dir='ltr'><strong>alio</strong></span> <span class='ocrx_word' id='word_1_78' title='bbox 1526 1588 1582 1635; x_wconf 90' lang='lat' dir='ltr'><strong>et</strong></span> <span class='ocrx_word' id='word_1_79' title='bbox 1608 1579 1662 1633; x_wconf 91' lang='lat' dir='ltr'><strong>in</strong></span> <span class='ocrx_word' id='word_1_80' title='bbox 1696 1595 1832 1650; x_wconf 65' lang='lat' dir='ltr'><strong>prae-</strong></span> 
     </span>
    </p>
   </div>
   <div class='ocr_carea' id='block_1_15' title="bbox 1931 1041 3516 1118">
    <p class='ocr_par' dir='ltr' id='par_1_15' title="bbox 1931 1041 3516 1118">
     <span class='ocr_line' id='line_1_15' title="bbox 1931 1041 3516 1118; baseline 0.005 -21"><span class='ocrx_word' id='word_1_81' title='bbox 1931 1041 2168 1098; x_wconf 84' lang='lat' dir='ltr'><strong>Fatuum</strong></span> <span class='ocrx_word' id='word_1_82' title='bbox 2215 1043 2447 1116; x_wconf 91' lang='lat' dir='ltr'><strong>sapienti</strong></span> <span class='ocrx_word' id='word_1_83' title='bbox 2497 1041 2552 1099; x_wconf 90' lang='lat' dir='ltr'><strong>in</strong></span> <span class='ocrx_word' id='word_1_84' title='bbox 2599 1044 2983 1115; x_wconf 69' lang='lat' dir='ltr'><strong>prmdicatione</strong></span> <span class='ocrx_word' id='word_1_85' title='bbox 3024 1062 3134 1110; x_wconf 85' lang='lat' dir='ltr'><strong>non</strong></span> <span class='ocrx_word' id='word_1_86' title='bbox 3189 1048 3388 1118; x_wconf 80' lang='lat' dir='ltr'><strong>socios,</strong></span> <span class='ocrx_word' id='word_1_87' title='bbox 3446 1065 3516 1105; x_wconf 91' lang='lat' dir='ltr'><strong>ne</strong></span> 
     </span>
    </p>
   </div>
   <div class='ocr_carea' id='block_1_16' title="bbox 1933 1135 3514 1210">
    <p class='ocr_par' dir='ltr' id='par_1_16' title="bbox 1933 1135 3514 1210">
     <span class='ocr_line' id='line_1_16' title="bbox 1933 1135 3514 1210; baseline 0.004 -20"><span class='ocrx_word' id='word_1_88' title='bbox 1933 1150 2033 1206; x_wconf 88' lang='lat' dir='ltr'><strong>per</strong></span> <span class='ocrx_word' id='word_1_89' title='bbox 2057 1151 2180 1190; x_wconf 91' lang='lat' dir='ltr'><strong>eum</strong></span> <span class='ocrx_word' id='word_1_90' title='bbox 2211 1135 2303 1204; x_wconf 89' lang='lat' dir='ltr'><strong>qui</strong></span> <span class='ocrx_word' id='word_1_91' title='bbox 2330 1150 2443 1194; x_wconf 89' lang='lat' dir='ltr'><strong>rem</strong></span> <span class='ocrx_word' id='word_1_92' title='bbox 2477 1135 2698 1206; x_wconf 88' lang='lat' dir='ltr'><strong>implere</strong></span> <span class='ocrx_word' id='word_1_93' title='bbox 2727 1151 2834 1190; x_wconf 91' lang='lat' dir='ltr'><strong>non</strong></span> <span class='ocrx_word' id='word_1_94' title='bbox 2864 1135 3028 1204; x_wconf 87' lang='lat' dir='ltr'><strong>valet,</strong></span> <span class='ocrx_word' id='word_1_95' title='bbox 3058 1146 3114 1198; x_wconf 86' lang='lat' dir='ltr'><strong>et</strong></span> <span class='ocrx_word' id='word_1_96' title='bbox 3141 1137 3214 1194; x_wconf 89' lang='lat' dir='ltr'><strong>illi</strong></span> <span class='ocrx_word' id='word_1_97' title='bbox 3245 1140 3338 1209; x_wconf 85' lang='lat' dir='ltr'><strong>qui</strong></span> <span class='ocrx_word' id='word_1_98' title='bbox 3372 1156 3514 1210; x_wconf 67' lang='lat' dir='ltr'><strong>prte—</strong></span> 
     </span>
    </p>
   </div>
   <div class='ocr_carea' id='block_1_17' title="bbox 1933 1225 3518 1300">
    <p class='ocr_par' dir='ltr' id='par_1_17' title="bbox 1933 1225 3518 1300">
     <span class='ocr_line' id='line_1_17' title="bbox 1933 1225 3518 1300; baseline 0.004 -21"><span class='ocrx_word' id='word_1_99' title='bbox 1933 1225 2077 1280; x_wconf 86' lang='lat' dir='ltr'><strong>valet</strong></span> <span class='ocrx_word' id='word_1_100' title='bbox 2116 1225 2371 1281; x_wconf 87' lang='lat' dir='ltr'><strong>obsistas.</strong></span> <span class='ocrx_word' id='word_1_101' title='bbox 2413 1225 2611 1280; x_wconf 87' lang='lat' dir='ltr'><strong>Bovem</strong></span> <span class='ocrx_word' id='word_1_102' title='bbox 2638 1227 2834 1297; x_wconf 82' lang='lat' dir='ltr'><strong>quippe</strong></span> <span class='ocrx_word' id='word_1_103' title='bbox 2861 1236 2915 1282; x_wconf 91' lang='lat' dir='ltr'><strong>et</strong></span> <span class='ocrx_word' id='word_1_104' title='bbox 2941 1228 3172 1300; x_wconf 85' lang='lat' dir='ltr'><strong>asinum,</strong></span> <span class='ocrx_word' id='word_1_105' title='bbox 3221 1230 3266 1292; x_wconf 91' lang='lat' dir='ltr'><strong>si</strong></span> <span class='ocrx_word' id='word_1_106' title='bbox 3293 1244 3518 1296; x_wconf 75' lang='lat' dir='ltr'><strong>necesse</strong></span> 
     </span>
    </p>
   </div>
   <div class='ocr_carea' id='block_1_18' title="bbox 1936 1317 3521 1391">
    <p class='ocr_par' dir='ltr' id='par_1_18' title="bbox 1936 1317 3521 1391">
     <span class='ocr_line' id='line_1_18' title="bbox 1936 1317 3521 1391; baseline 0.002 -19"><span class='ocrx_word' id='word_1_107' title='bbox 1936 1317 2028 1380; x_wconf 86' lang='lat' dir='ltr'><strong>sit,</strong></span> <span class='ocrx_word' id='word_1_108' title='bbox 2058 1317 2426 1389; x_wconf 86' lang='lat' dir='ltr'><strong>unusquisque</strong></span> <span class='ocrx_word' id='word_1_109' title='bbox 2473 1317 2588 1372; x_wconf 89' lang='lat' dir='ltr'><strong>sine</strong></span> <span class='ocrx_word' id='word_1_110' title='bbox 2629 1318 2958 1376; x_wconf 81' lang='lat' dir='ltr'><strong>detrimento</strong></span> <span class='ocrx_word' id='word_1_111' title='bbox 2986 1319 3164 1390; x_wconf 82' lang='lat' dir='ltr'><strong>operis</strong></span> <span class='ocrx_word' id='word_1_112' title='bbox 3192 1319 3370 1391; x_wconf 78' lang='lat' dir='ltr'><strong>jungit</strong></span> <span class='ocrx_word' id='word_1_113' title='bbox 3395 1337 3414 1376; x_wconf 82' lang='lat'><strong>;</strong></span> <span class='ocrx_word' id='word_1_114' title='bbox 3438 1335 3521 1375; x_wconf 82' lang='lat' dir='ltr'><strong>sa-</strong></span> 
     </span>
    </p>
   </div>
   <div class='ocr_carea' id='block_1_19' title="bbox 1935 1406 3520 1486">
    <p class='ocr_par' dir='ltr' id='par_1_19' title="bbox 1935 1406 3520 1486">
     <span class='ocr_line' id='line_1_19' title="bbox 1935 1406 3520 1486; baseline 0.004 -27"><span class='ocrx_word' id='word_1_115' title='bbox 1935 1406 2174 1476; x_wconf 89' lang='lat' dir='ltr'><strong>pientem</strong></span> <span class='ocrx_word' id='word_1_116' title='bbox 2219 1423 2349 1462; x_wconf 86' lang='lat' dir='ltr'><strong>vero</strong></span> <span class='ocrx_word' id='word_1_117' title='bbox 2373 1415 2428 1462; x_wconf 91' lang='lat' dir='ltr'><strong>et</strong></span> <span class='ocrx_word' id='word_1_118' title='bbox 2449 1407 2692 1474; x_wconf 87' lang='lat' dir='ltr'><strong>stultum,</strong></span> <span class='ocrx_word' id='word_1_119' title='bbox 2743 1424 2850 1464; x_wconf 89' lang='lat' dir='ltr'><strong>non</strong></span> <span class='ocrx_word' id='word_1_120' title='bbox 2881 1418 2938 1463; x_wconf 92' lang='lat' dir='ltr'><strong>ut</strong></span> <span class='ocrx_word' id='word_1_121' title='bbox 2963 1425 3104 1471; x_wconf 83' lang='lat' dir='ltr'><strong>unus</strong></span> <span class='ocrx_word' id='word_1_122' title='bbox 3141 1411 3427 1486; x_wconf 72' lang='lat' dir='ltr'><strong>praecipiat</strong></span> <span class='ocrx_word' id='word_1_123' title='bbox 3464 1419 3520 1482; x_wconf 74' lang='lat' dir='ltr'><strong>et</strong></span> 
     </span>
    </p>
   </div>
   <div class='ocr_carea' id='block_1_20' title="bbox 1937 1497 3521 1573">
    <p class='ocr_par' dir='ltr' id='par_1_20' title="bbox 1937 1497 3521 1573">
     <span class='ocr_line' id='line_1_20' title="bbox 1937 1497 3521 1573; baseline 0.006 -21"><span class='ocrx_word' id='word_1_124' title='bbox 1937 1497 2075 1552; x_wconf 84' lang='lat' dir='ltr'><strong>alter</strong></span> <span class='ocrx_word' id='word_1_125' title='bbox 2111 1500 2466 1570; x_wconf 80' lang='lat' dir='ltr'><strong>obtemperet,</strong></span> <span class='ocrx_word' id='word_1_126' title='bbox 2519 1501 2613 1556; x_wconf 90' lang='lat' dir='ltr'><strong>sed</strong></span> <span class='ocrx_word' id='word_1_127' title='bbox 2657 1509 2717 1556; x_wconf 90' lang='lat' dir='ltr'><strong>ut</strong></span> <span class='ocrx_word' id='word_1_128' title='bbox 2759 1502 2964 1572; x_wconf 86' lang='lat' dir='ltr'><strong>pariter</strong></span> <span class='ocrx_word' id='word_1_129' title='bbox 3005 1501 3198 1572; x_wconf 60' lang='lat' dir='ltr'><strong>atquali</strong></span> <span class='ocrx_word' id='word_1_130' title='bbox 3248 1509 3521 1573; x_wconf 74' lang='lat' dir='ltr'><strong>potestate</strong></span> 
     </span>
    </p>
   </div>
   <div class='ocr_carea' id='block_1_21' title="bbox 1937 1591 3516 1666">
    <p class='ocr_par' dir='ltr' id='par_1_21' title="bbox 1937 1591 3516 1666">
     <span class='ocr_line' id='line_1_21' title="bbox 1937 1591 3516 1666; baseline 0.006 -23"><span class='ocrx_word' id='word_1_131' title='bbox 1937 1591 2257 1645; x_wconf 89' lang='lat' dir='ltr'><strong>annuntient</strong></span> <span class='ocrx_word' id='word_1_132' title='bbox 2295 1593 2519 1648; x_wconf 89' lang='lat' dir='ltr'><strong>verbum</strong></span> <span class='ocrx_word' id='word_1_133' title='bbox 2551 1591 2668 1664; x_wconf 79' lang='lat' dir='ltr'><strong>Dei,</strong></span> <span class='ocrx_word' id='word_1_134' title='bbox 2717 1593 2834 1648; x_wconf 90' lang='lat' dir='ltr'><strong>sine</strong></span> <span class='ocrx_word' id='word_1_135' title='bbox 2860 1593 3123 1650; x_wconf 79' lang='lat' dir='ltr'><strong>scandala</strong></span> <span class='ocrx_word' id='word_1_136' title='bbox 3153 1591 3382 1666; x_wconf 83' lang='lat' dir='ltr'><strong>quisque</strong></span> <span class='ocrx_word' id='word_1_137' title='bbox 3420 1607 3516 1652; x_wconf 87' lang='lat' dir='ltr'><strong>c0-</strong></span> 
     </span>
    </p>
   </div>
   <div class='ocr_carea' id='block_1_22' title="bbox 247 1671 2277 1746">
    <p class='ocr_par' dir='ltr' id='par_1_22' title="bbox 247 1671 2277 1746">
     <span class='ocr_line' id='line_1_22' title="bbox 247 1671 2277 1746; baseline 0.006 -23"><span class='ocrx_word' id='word_1_138' title='bbox 247 1689 271 1723; x_wconf 85' lang='grc'><em>‹</em></span> <span class='ocrx_word' id='word_1_139' title='bbox 297 1686 426 1741; x_wconf 88' lang='lat' dir='ltr'><strong>ceps</strong></span> <span class='ocrx_word' id='word_1_140' title='bbox 451 1679 664 1734; x_wconf 87' lang='lat' dir='ltr'><strong>ruente.</strong></span> <span class='ocrx_word' id='word_1_141' title='bbox 688 1690 707 1724; x_wconf 75' lang='grc' dir='ltr'><strong><em>ι</em></strong></span> <span class='ocrx_word' id='word_1_142' title='bbox 753 1671 1071 1743; x_wconf 72' lang='lat' dir='ltr'><strong>Huiusmodi</strong></span> <span class='ocrx_word' id='word_1_143' title='bbox 1108 1682 1291 1728; x_wconf 87' lang='lat' dir='ltr'><strong>autem</strong></span> <span class='ocrx_word' id='word_1_144' title='bbox 1317 1671 1535 1730; x_wconf 73' lang='lat' dir='ltr'><strong>fabricae</strong></span> <span class='ocrx_word' id='word_1_145' title='bbox 1563 1675 1618 1729; x_wconf 91' lang='lat' dir='ltr'><strong>in</strong></span> <span class='ocrx_word' id='word_1_146' title='bbox 1647 1675 1830 1746; x_wconf 77' lang='lat' dir='ltr'><strong>templi</strong></span> <span class='ocrx_word' id='word_1_147' title='bbox 1859 1727 1906 1746; x_wconf 60' lang='grc' dir='ltr'><strong>π</strong></span> <span class='ocrx_word' id='word_1_148' title='bbox 1937 1682 2099 1737; x_wconf 86' lang='lat' dir='ltr'><strong>mites</strong></span> <span class='ocrx_word' id='word_1_149' title='bbox 2127 1682 2277 1736; x_wconf 80' lang='lat' dir='ltr'><strong>facit.</strong></span> 
     </span>
    </p>
   </div>
   <div class='ocr_carea' id='block_1_23' title="bbox 239 1762 1826 1836">
    <p class='ocr_par' dir='ltr' id='par_1_23' title="bbox 239 1762 1826 1836">
     <span class='ocr_line' id='line_1_23' title="bbox 239 1762 1826 1836; baseline 0.003 -18"><span class='ocrx_word' id='word_1_150' title='bbox 239 1762 606 1819; x_wconf 65' lang='lat' dir='ltr'><strong>mdiﬁcatione</strong></span> <span class='ocrx_word' id='word_1_151' title='bbox 640 1764 846 1818; x_wconf 84' lang='lat' dir='ltr'><strong>mentio</strong></span> <span class='ocrx_word' id='word_1_152' title='bbox 886 1762 1027 1818; x_wconf 86' lang='lat' dir='ltr'><strong>facta</strong></span> <span class='ocrx_word' id='word_1_153' title='bbox 1052 1772 1158 1830; x_wconf 88' lang='lat' dir='ltr'><strong>est,</strong></span> <span class='ocrx_word' id='word_1_154' title='bbox 1188 1765 1280 1820; x_wconf 88' lang='lat' dir='ltr'><strong>ubi</strong></span> <span class='ocrx_word' id='word_1_155' title='bbox 1310 1765 1384 1820; x_wconf 89' lang='lat' dir='ltr'><strong>ita</strong></span> <span class='ocrx_word' id='word_1_156' title='bbox 1414 1765 1675 1836; x_wconf 86' lang='lat' dir='ltr'><strong>scriptum</strong></span> <span class='ocrx_word' id='word_1_157' title='bbox 1704 1776 1786 1822; x_wconf 90' lang='lat' dir='ltr'><strong>est</strong></span> <span class='ocrx_word' id='word_1_158' title='bbox 1814 1787 1826 1822; x_wconf 90' lang='lat'>:</span> 
     </span>
    </p>
   </div>
   <div class='ocr_carea' id='block_1_24' title="bbox 1859 1727 1908 1788">
    <p class='ocr_par' dir='ltr' id='par_1_24' title="bbox 1859 1727 1908 1788">
     <span class='ocr_line' id='line_1_24' title="bbox 1859 1727 1908 1788; baseline 0 0"><span class='ocrx_word' id='word_1_159' title='bbox 1859 1727 1908 1788; x_wconf 91' lang='lat' dir='ltr'><strong>B</strong></span> 
     </span>
    </p>
   </div>
   <div class='ocr_carea' id='block_1_25' title="bbox 2539 1750 2891 1810">
    <p class='ocr_par' dir='ltr' id='par_1_25' title="bbox 2539 1750 2891 1810">
     <span class='ocr_line' id='line_1_25' title="bbox 2539 1750 2891 1810; baseline -0.006 -3"><span class='ocrx_word' id='word_1_160' title='bbox 2539 1750 2768 1810; x_wconf 83' lang='lat' dir='ltr'><strong>CAPUT</strong></span> <span class='ocrx_word' id='word_1_161' title='bbox 2803 1752 2871 1808; x_wconf 83' lang='lat' dir='ltr'><strong>lli</strong></span> <span class='ocrx_word' id='word_1_162' title='bbox 2889 1801 2891 1804; x_wconf 34' lang='lat'><strong>.</strong></span> 
     </span>
    </p>
   </div>
   <div class='ocr_carea' id='block_1_26' title="bbox 249 1840 1832 1928">
    <p class='ocr_par' dir='ltr' id='par_1_26' title="bbox 249 1855 1831 1928">
     <span class='ocr_line' id='line_1_26' title="bbox 249 1855 1831 1928; baseline 0.006 -22"><span class='ocrx_word' id='word_1_163' title='bbox 249 1871 272 1906; x_wconf 70' lang='grc' dir='ltr'><strong><em>ι</em></strong></span> <span class='ocrx_word' id='word_1_164' title='bbox 302 1855 372 1910; x_wconf 87' lang='lat' dir='ltr'><strong>Et</strong></span> <span class='ocrx_word' id='word_1_165' title='bbox 427 1856 714 1910; x_wconf 76' lang='lat' dir='ltr'><strong>aediﬁcavit</strong></span> <span class='ocrx_word' id='word_1_166' title='bbox 765 1857 1065 1912; x_wconf 79' lang='lat' dir='ltr'><strong>tabulatum</strong></span> <span class='ocrx_word' id='word_1_167' title='bbox 1112 1874 1280 1928; x_wconf 84' lang='lat' dir='ltr'><strong>super</strong></span> <span class='ocrx_word' id='word_1_168' title='bbox 1335 1875 1550 1914; x_wconf 91' lang='lat' dir='ltr'><strong>omnem</strong></span> <span class='ocrx_word' id='word_1_169' title='bbox 1611 1861 1831 1916; x_wconf 90' lang='lat' dir='ltr'><strong>domum</strong></span> 
     </span>
    </p>
   </div>
   <div class='ocr_carea' id='block_1_27' title="bbox 1939 1840 3518 1928">
    <p class='ocr_par' dir='ltr' id='par_1_27' title="bbox 1939 1840 3518 1928">
     <span class='ocr_line' id='line_1_27' title="bbox 1939 1840 3518 1928; baseline 0.002 -33"><span class='ocrx_word' id='word_1_170' title='bbox 1939 1840 2011 1896; x_wconf 86' lang='lat' dir='ltr'><strong>De</strong></span> <span class='ocrx_word' id='word_1_171' title='bbox 2040 1858 2142 1928; x_wconf 73' lang='lat' dir='ltr'><strong>non</strong></span> <span class='ocrx_word' id='word_1_172' title='bbox 2162 1843 2426 1928; x_wconf 57' lang='lat' dir='ltr'><strong>indttenao</strong></span> <span class='ocrx_word' id='word_1_173' title='bbox 2445 1844 2754 1928; x_wconf 32' lang='lat' dir='ltr'><strong>pes‘tinlteaoto</strong></span> <span class='ocrx_word' id='word_1_174' title='bbox 2777 1861 2839 1898; x_wconf 79' lang='lat' dir='ltr'><strong>ea:</strong></span> <span class='ocrx_word' id='word_1_175' title='bbox 2861 1843 2985 1899; x_wconf 86' lang='lat' dir='ltr'><strong>lana</strong></span> <span class='ocrx_word' id='word_1_176' title='bbox 3004 1845 3214 1914; x_wconf 76' lang='lat' dir='ltr'><strong>linoque</strong></span> <span class='ocrx_word' id='word_1_177' title='bbox 3241 1852 3518 1928; x_wconf 38' lang='lat' dir='ltr'><strong>contexto):</strong></span> 
     </span>
    </p>
   </div>
   <div class='ocr_carea' id='block_1_28' title="bbox 239 1945 1834 2022">
    <p class='ocr_par' dir='ltr' id='par_1_28' title="bbox 239 1945 1834 2022">
     <span class='ocr_line' id='line_1_28' title="bbox 239 1945 1834 2022; baseline 0.006 -24"><span class='ocrx_word' id='word_1_178' title='bbox 239 1945 490 2015; x_wconf 86' lang='lat' dir='ltr'><strong>quinque</strong></span> <span class='ocrx_word' id='word_1_179' title='bbox 515 1946 714 2001; x_wconf 77' lang='lat' dir='ltr'><strong>cubitis</strong></span> <span class='ocrx_word' id='word_1_180' title='bbox 742 1946 1041 2003; x_wconf 76' lang='lat' dir='ltr'><strong>altitudinis</strong></span> <span class='ocrx_word' id='word_1_181' title='bbox 1074 1947 1192 2019; x_wconf 86' lang='grc'><strong>(111</strong></span> <span class='ocrx_word' id='word_1_182' title='bbox 1215 1948 1344 2020; x_wconf 84' lang='lat' dir='ltr'><strong>Reg.</strong></span> <span class='ocrx_word' id='word_1_183' title='bbox 1368 1950 1467 2022; x_wconf 78' lang='grc' dir='ltr'><strong>γι).</strong></span> <span class='ocrx_word' id='word_1_184' title='bbox 1501 1972 1518 2003; x_wconf 74' lang='grc' dir='ltr'><strong><em>ι</em></strong></span> <span class='ocrx_word' id='word_1_185' title='bbox 1550 1951 1834 2007; x_wconf 87' lang='lat' dir='ltr'><strong>Luriculas</strong></span> 
     </span>
    </p>
   </div>
   <div class='ocr_carea' id='block_1_29' title="bbox 241 2035 1836 2112">
    <p class='ocr_par' dir='ltr' id='par_1_29' title="bbox 241 2035 1836 2112">
     <span class='ocr_line' id='line_1_29' title="bbox 241 2035 1836 2112; baseline 0.006 -24"><span class='ocrx_word' id='word_1_186' title='bbox 241 2035 563 2104; x_wconf 81' lang='lat' dir='ltr'><strong>signiﬁcans</strong></span> <span class='ocrx_word' id='word_1_187' title='bbox 591 2051 711 2105; x_wconf 78' lang='lat' dir='ltr'><strong>quae</strong></span> <span class='ocrx_word' id='word_1_188' title='bbox 739 2036 793 2091; x_wconf 90' lang='lat' dir='ltr'><strong>in</strong></span> <span class='ocrx_word' id='word_1_189' title='bbox 819 2053 1074 2106; x_wconf 83' lang='lat' dir='ltr'><strong>supremo</strong></span> <span class='ocrx_word' id='word_1_190' title='bbox 1112 2038 1304 2095; x_wconf 91' lang='lat' dir='ltr'><strong>domus</strong></span> <span class='ocrx_word' id='word_1_191' title='bbox 1345 2050 1489 2097; x_wconf 89' lang='lat' dir='ltr'><strong>tecto</strong></span> <span class='ocrx_word' id='word_1_192' title='bbox 1515 2059 1612 2112; x_wconf 84' lang='lat' dir='ltr'><strong>per</strong></span> <span class='ocrx_word' id='word_1_193' title='bbox 1641 2042 1836 2097; x_wconf 80' lang='lat' dir='ltr'><strong>circui—</strong></span> 
     </span>
    </p>
   </div>
   <div class='ocr_carea' id='block_1_30' title="bbox 235 2126 1836 2203">
    <p class='ocr_par' dir='ltr' id='par_1_30' title="bbox 235 2126 1836 2203">
     <span class='ocr_line' id='line_1_30' title="bbox 235 2126 1836 2203; baseline 0.005 -24"><span class='ocrx_word' id='word_1_194' title='bbox 235 2132 368 2179; x_wconf 73' lang='lat' dir='ltr'><strong>tum</strong></span> <span class='ocrx_word' id='word_1_195' title='bbox 407 2134 567 2180; x_wconf 90' lang='lat' dir='ltr'><strong>erant</strong></span> <span class='ocrx_word' id='word_1_196' title='bbox 599 2126 771 2193; x_wconf 75' lang='lat' dir='ltr'><strong>factae,</strong></span> <span class='ocrx_word' id='word_1_197' title='bbox 813 2143 882 2183; x_wconf 83' lang='lat' dir='ltr'><strong>ne</strong></span> <span class='ocrx_word' id='word_1_198' title='bbox 906 2129 1031 2198; x_wconf 89' lang='lat' dir='ltr'><strong>quis</strong></span> <span class='ocrx_word' id='word_1_199' title='bbox 1058 2131 1123 2183; x_wconf 84' lang='lat' dir='ltr'><strong>ad</strong></span> <span class='ocrx_word' id='word_1_200' title='bbox 1155 2130 1348 2186; x_wconf 86' lang='lat' dir='ltr'><strong>altiora</strong></span> <span class='ocrx_word' id='word_1_201' title='bbox 1375 2133 1718 2203; x_wconf 78' lang='lat' dir='ltr'><strong>perveniens,</strong></span> <span class='ocrx_word' id='word_1_202' title='bbox 1751 2145 1836 2187; x_wconf 89' lang='lat' dir='ltr'><strong>re—</strong></span> 
     </span>
    </p>
   </div>
   <div class='ocr_carea' id='block_1_31' title="bbox 239 2215 1834 2289">
    <p class='ocr_par' dir='ltr' id='par_1_31' title="bbox 239 2215 1834 2289">
     <span class='ocr_line' id='line_1_31' title="bbox 239 2215 1834 2289; baseline 0.006 -22"><span class='ocrx_word' id='word_1_203' title='bbox 239 2222 411 2284; x_wconf 77' lang='lat' dir='ltr'><strong>pente</strong></span> <span class='ocrx_word' id='word_1_204' title='bbox 445 2215 722 2270; x_wconf 82' lang='lat' dir='ltr'><strong>laberetur</strong></span> <span class='ocrx_word' id='word_1_205' title='bbox 745 2217 813 2271; x_wconf 89' lang='lat' dir='ltr'><strong>ad</strong></span> <span class='ocrx_word' id='word_1_206' title='bbox 843 2218 978 2271; x_wconf 85' lang='lat' dir='ltr'><strong>ima.</strong></span> <span class='ocrx_word' id='word_1_207' title='bbox 1019 2219 1244 2289; x_wconf 73' lang='lat' dir='ltr'><strong>Mystice</strong></span> <span class='ocrx_word' id='word_1_208' title='bbox 1285 2230 1465 2276; x_wconf 83' lang='lat' dir='ltr'><strong>autem</strong></span> <span class='ocrx_word' id='word_1_209' title='bbox 1506 2223 1744 2276; x_wconf 87' lang='lat' dir='ltr'><strong>insinuat</strong></span> <span class='ocrx_word' id='word_1_210' title='bbox 1779 2224 1834 2278; x_wconf 92' lang='lat' dir='ltr'><strong>in</strong></span> 
     </span>
    </p>
   </div>
   <div class='ocr_carea' id='block_1_32' title="bbox 235 2305 1835 2383">
    <p class='ocr_par' dir='ltr' id='par_1_32' title="bbox 235 2305 1835 2383">
     <span class='ocr_line' id='line_1_32' title="bbox 235 2305 1835 2383; baseline 0.008 -26"><span class='ocrx_word' id='word_1_211' title='bbox 235 2305 396 2358; x_wconf 86' lang='lat' dir='ltr'><strong>omni</strong></span> <span class='ocrx_word' id='word_1_212' title='bbox 436 2313 680 2374; x_wconf 86' lang='lat' dir='ltr'><strong>tempore</strong></span> <span class='ocrx_word' id='word_1_213' title='bbox 719 2314 906 2362; x_wconf 87' lang='lat' dir='ltr'><strong>nostro</strong></span> <span class='ocrx_word' id='word_1_214' title='bbox 943 2311 1244 2365; x_wconf 85' lang='lat' dir='ltr'><strong>munimine</strong></span> <span class='ocrx_word' id='word_1_215' title='bbox 1274 2321 1438 2367; x_wconf 58' lang='lat' dir='ltr'><strong>rectm</strong></span> <span class='ocrx_word' id='word_1_216' title='bbox 1472 2312 1595 2368; x_wconf 81' lang='lat' dir='ltr'><strong>ﬁdei</strong></span> <span class='ocrx_word' id='word_1_217' title='bbox 1624 2329 1684 2367; x_wconf 88' lang='lat' dir='ltr'><strong>ac</strong></span> <span class='ocrx_word' id='word_1_218' title='bbox 1710 2329 1835 2383; x_wconf 89' lang='lat' dir='ltr'><strong>pro-</strong></span> 
     </span>
    </p>
   </div>
   <div class='ocr_carea' id='block_1_33' title="bbox 239 2392 1835 2471">
    <p class='ocr_par' dir='ltr' id='par_1_33' title="bbox 239 2392 1835 2471">
     <span class='ocr_line' id='line_1_33' title="bbox 239 2392 1835 2471; baseline 0.008 -25"><span class='ocrx_word' id='word_1_219' title='bbox 239 2392 484 2447; x_wconf 73' lang='lat' dir='ltr'><strong>iectione</strong></span> <span class='ocrx_word' id='word_1_220' title='bbox 527 2395 709 2449; x_wconf 87' lang='lat' dir='ltr'><strong>divina</strong></span> <span class='ocrx_word' id='word_1_221' title='bbox 751 2412 851 2452; x_wconf 86' lang='lat' dir='ltr'><strong>nos</strong></span> <span class='ocrx_word' id='word_1_222' title='bbox 899 2399 1133 2469; x_wconf 76' lang='lat' dir='ltr'><strong>erigere,</strong></span> <span class='ocrx_word' id='word_1_223' title='bbox 1179 2410 1234 2455; x_wconf 88' lang='lat' dir='ltr'><strong>et</strong></span> <span class='ocrx_word' id='word_1_224' title='bbox 1273 2410 1539 2471; x_wconf 86' lang='lat' dir='ltr'><strong>quantum</strong></span> <span class='ocrx_word' id='word_1_225' title='bbox 1580 2419 1647 2458; x_wconf 85' lang='lat' dir='ltr'><strong>ex</strong></span> <span class='ocrx_word' id='word_1_226' title='bbox 1676 2404 1835 2459; x_wconf 88' lang='lat' dir='ltr'><strong>nobis</strong></span> 
     </span>
    </p>
   </div>
   <div class='ocr_carea' id='block_1_34' title="bbox 237 2485 1836 2549">
    <p class='ocr_par' dir='ltr' id='par_1_34' title="bbox 237 2485 1836 2549">
     <span class='ocr_line' id='line_1_34' title="bbox 237 2485 1836 2549; baseline 0.008 -12"><span class='ocrx_word' id='word_1_227' title='bbox 237 2491 348 2549; x_wconf 89' lang='lat' dir='ltr'><strong>est,</strong></span> <span class='ocrx_word' id='word_1_228' title='bbox 393 2485 697 2540; x_wconf 84' lang='lat' dir='ltr'><strong>custodiam</strong></span> <span class='ocrx_word' id='word_1_229' title='bbox 746 2487 1068 2546; x_wconf 87' lang='lat' dir='ltr'><strong>humilitatis</strong></span> <span class='ocrx_word' id='word_1_230' title='bbox 1103 2493 1266 2547; x_wconf 86' lang='lat' dir='ltr'><strong>docet</strong></span> <span class='ocrx_word' id='word_1_231' title='bbox 1296 2493 1533 2548; x_wconf 88' lang='lat' dir='ltr'><strong>habere:</strong></span> <span class='ocrx_word' id='word_1_232' title='bbox 1562 2509 1632 2548; x_wconf 91' lang='lat' dir='ltr'><strong>ne</strong></span> <span class='ocrx_word' id='word_1_233' title='bbox 1661 2495 1708 2549; x_wconf 89' lang='lat' dir='ltr'><strong>si</strong></span> <span class='ocrx_word' id='word_1_234' title='bbox 1737 2495 1836 2549; x_wconf 87' lang='lat' dir='ltr'><strong>ali—</strong></span> 
     </span>
    </p>
   </div>
   <div class='ocr_carea' id='block_1_35' title="bbox 235 2575 1838 2647">
    <p class='ocr_par' dir='ltr' id='par_1_35' title="bbox 235 2575 1838 2647">
     <span class='ocr_line' id='line_1_35' title="bbox 235 2575 1838 2647; baseline 0.009 -22"><span class='ocrx_word' id='word_1_235' title='bbox 235 2587 384 2642; x_wconf 83' lang='lat' dir='ltr'><strong>quas</strong></span> <span class='ocrx_word' id='word_1_236' title='bbox 429 2575 692 2630; x_wconf 84' lang='lat' dir='ltr'><strong>virtutum</strong></span> <span class='ocrx_word' id='word_1_237' title='bbox 749 2579 964 2647; x_wconf 88' lang='lat' dir='ltr'><strong>species</strong></span> <span class='ocrx_word' id='word_1_238' title='bbox 1019 2581 1072 2635; x_wconf 87' lang='lat' dir='ltr'><strong>in</strong></span> <span class='ocrx_word' id='word_1_239' title='bbox 1125 2582 1358 2638; x_wconf 69' lang='lat' dir='ltr'><strong>aediﬁcio</strong></span> <span class='ocrx_word' id='word_1_240' title='bbox 1409 2583 1838 2640; x_wconf 80' lang='lat' dir='ltr'><strong>conversationis</strong></span> 
     </span>
    </p>
   </div>
   <div class='ocr_carea' id='block_1_36' title="bbox 230 2665 1838 2747">
    <p class='ocr_par' dir='ltr' id='par_1_36' title="bbox 230 2665 1838 2747">
     <span class='ocr_line' id='line_1_36' title="bbox 230 2665 1838 2747; baseline 0.009 -32"><span class='ocrx_word' id='word_1_241' title='bbox 230 2670 470 2730; x_wconf 59' lang='lat' dir='ltr'><strong>nostra},</strong></span> <span class='ocrx_word' id='word_1_242' title='bbox 521 2665 608 2719; x_wconf 93' lang='lat' dir='ltr'><strong>vel</strong></span> <span class='ocrx_word' id='word_1_243' title='bbox 654 2667 709 2722; x_wconf 92' lang='lat' dir='ltr'><strong>in</strong></span> <span class='ocrx_word' id='word_1_244' title='bbox 759 2670 1201 2737; x_wconf 65' lang='lat' dir='ltr'><strong>prmdicationem</strong></span> <span class='ocrx_word' id='word_1_245' title='bbox 1245 2673 1477 2728; x_wconf 89' lang='lat' dir='ltr'><strong>aliorum</strong></span> <span class='ocrx_word' id='word_1_246' title='bbox 1505 2690 1838 2747; x_wconf 82' lang='lat' dir='ltr'><strong>congregare</strong></span> 
     </span>
    </p>
   </div>
   <div class='ocr_carea' id='block_1_37' title="bbox 233 2753 1838 2832">
    <p class='ocr_par' dir='ltr' id='par_1_37' title="bbox 233 2753 1838 2832">
     <span class='ocr_line' id='line_1_37' title="bbox 233 2753 1838 2832; baseline 0.008 -24"><span class='ocrx_word' id='word_1_247' title='bbox 233 2753 534 2822; x_wconf 79' lang='lat' dir='ltr'><strong>videmur,</strong></span> <span class='ocrx_word' id='word_1_248' title='bbox 589 2772 690 2826; x_wconf 87' lang='lat' dir='ltr'><strong>per</strong></span> <span class='ocrx_word' id='word_1_249' title='bbox 735 2758 1005 2815; x_wconf 88' lang='lat' dir='ltr'><strong>incuriam</strong></span> <span class='ocrx_word' id='word_1_250' title='bbox 1055 2771 1219 2832; x_wconf 83' lang='lat' dir='ltr'><strong>atque</strong></span> <span class='ocrx_word' id='word_1_251' title='bbox 1277 2765 1542 2820; x_wconf 85' lang='lat' dir='ltr'><strong>desidiam</strong></span> <span class='ocrx_word' id='word_1_252' title='bbox 1594 2775 1838 2822; x_wconf 81' lang='lat' dir='ltr'><strong>nostram</strong></span> 
     </span>
    </p>
   </div>
   <div class='ocr_carea' id='block_1_38' title="bbox 232 2845 1835 2925">
    <p class='ocr_par' dir='ltr' id='par_1_38' title="bbox 232 2845 1835 2925">
     <span class='ocr_line' id='line_1_38' title="bbox 232 2845 1835 2925; baseline 0.006 -21"><span class='ocrx_word' id='word_1_253' title='bbox 232 2845 587 2915; x_wconf 72' lang='lat' dir='ltr'><strong>dispeream;</strong></span> <span class='ocrx_word' id='word_1_254' title='bbox 619 2849 771 2918; x_wconf 87' lang='lat' dir='ltr'><strong>quia,</strong></span> <span class='ocrx_word' id='word_1_255' title='bbox 801 2860 864 2905; x_wconf 91' lang='lat' dir='ltr'><strong>ut</strong></span> <span class='ocrx_word' id='word_1_256' title='bbox 887 2853 1108 2921; x_wconf 78' lang='lat' dir='ltr'><strong>quidam</strong></span> <span class='ocrx_word' id='word_1_257' title='bbox 1135 2856 1354 2925; x_wconf 85' lang='lat' dir='ltr'><strong>sapiens</strong></span> <span class='ocrx_word' id='word_1_258' title='bbox 1383 2856 1544 2922; x_wconf 79' lang='lat' dir='ltr'><strong>dixit,</strong></span> <span class='ocrx_word' id='word_1_259' title='bbox 1581 2856 1749 2924; x_wconf 81' lang='lat' dir='ltr'><strong>Quasi</strong></span> <span class='ocrx_word' id='word_1_260' title='bbox 1779 2859 1835 2912; x_wconf 91' lang='lat' dir='ltr'><strong>in</strong></span> 
     </span>
    </p>
   </div>
   <div class='ocr_carea' id='block_1_39' title="bbox 227 2939 1839 3015">
    <p class='ocr_par' dir='ltr' id='par_1_39' title="bbox 227 2939 1839 3015">
     <span class='ocr_line' id='line_1_39' title="bbox 227 2939 1839 3015; baseline 0.008 -24"><span class='ocrx_word' id='word_1_261' title='bbox 227 2945 468 2992; x_wconf 67' lang='lat' dir='ltr'><strong>ventum</strong></span> <span class='ocrx_word' id='word_1_262' title='bbox 495 2939 774 3009; x_wconf 81' lang='lat' dir='ltr'><strong>pulverem</strong></span> <span class='ocrx_word' id='word_1_263' title='bbox 798 2950 999 3012; x_wconf 86' lang='lat' dir='ltr'><strong>portat,</strong></span> <span class='ocrx_word' id='word_1_264' title='bbox 1025 2945 1119 3015; x_wconf 88' lang='lat' dir='ltr'><strong>qui</strong></span> <span class='ocrx_word' id='word_1_265' title='bbox 1139 2945 1258 3000; x_wconf 85' lang='lat' dir='ltr'><strong>sine</strong></span> <span class='ocrx_word' id='word_1_266' title='bbox 1283 2947 1588 3002; x_wconf 87' lang='lat' dir='ltr'><strong>humilitate</strong></span> <span class='ocrx_word' id='word_1_267' title='bbox 1613 2948 1839 3004; x_wconf 82' lang='lat' dir='ltr'><strong>virtutes</strong></span> 
     </span>
    </p>
   </div>
   <div class='ocr_carea' id='block_1_40' title="bbox 227 3030 1837 3105">
    <p class='ocr_par' dir='ltr' id='par_1_40' title="bbox 227 3030 1837 3105">
     <span class='ocr_line' id='line_1_40' title="bbox 227 3030 1837 3105; baseline 0.009 -24"><span class='ocrx_word' id='word_1_268' title='bbox 227 3040 562 3101; x_wconf 60' lang='lat' dir='ltr'><strong>congregat.</strong></span> <span class='ocrx_word' id='word_1_269' title='bbox 587 3030 849 3102; x_wconf 78' lang='lat' dir='ltr'><strong>Quisquis</strong></span> <span class='ocrx_word' id='word_1_270' title='bbox 889 3050 1018 3105; x_wconf 86' lang='lat' dir='ltr'><strong>ergo</strong></span> <span class='ocrx_word' id='word_1_271' title='bbox 1059 3036 1184 3091; x_wconf 77' lang='lat' dir='ltr'><strong>ﬁdei</strong></span> <span class='ocrx_word' id='word_1_272' title='bbox 1220 3039 1614 3093; x_wconf 79' lang='lat' dir='ltr'><strong>munimentum</strong></span> <span class='ocrx_word' id='word_1_273' title='bbox 1655 3039 1708 3094; x_wconf 88' lang='lat' dir='ltr'><strong>in</strong></span> <span class='ocrx_word' id='word_1_274' title='bbox 1741 3041 1837 3096; x_wconf 82' lang='lat' dir='ltr'><strong>do-</strong></span> 
     </span>
    </p>
   </div>
   <div class='ocr_carea' id='block_1_41' title="bbox 2002 1914 3519 1987">
    <p class='ocr_par' dir='ltr' id='par_1_41' title="bbox 2002 1914 3519 1987">
     <span class='ocr_line' id='line_1_41' title="bbox 2002 1914 3519 1987; baseline 0.001 -21"><span class='ocrx_word' id='word_1_275' title='bbox 2002 1924 2050 1987; x_wconf 80' lang='lat' dir='ltr'><strong>et</strong></span> <span class='ocrx_word' id='word_1_276' title='bbox 2075 1914 2139 1987; x_wconf 79' lang='lat' dir='ltr'><strong>de</strong></span> <span class='ocrx_word' id='word_1_277' title='bbox 2160 1914 2411 1987; x_wconf 73' lang='lat' dir='ltr'><strong>funiculis</strong></span> <span class='ocrx_word' id='word_1_278' title='bbox 2437 1916 2492 1969; x_wconf 78' lang='lat' dir='ltr'><strong>in</strong></span> <span class='ocrx_word' id='word_1_279' title='bbox 2513 1914 2736 1982; x_wconf 75' lang='lat' dir='ltr'><strong>ﬁmbriis</strong></span> <span class='ocrx_word' id='word_1_280' title='bbox 2764 1931 2857 1986; x_wconf 83' lang='lat' dir='ltr'><strong>per</strong></span> <span class='ocrx_word' id='word_1_281' title='bbox 2875 1925 3104 1987; x_wconf 80' lang='lat' dir='ltr'><strong>quatuor</strong></span> <span class='ocrx_word' id='word_1_282' title='bbox 3124 1914 3346 1986; x_wconf 78' lang='lat' dir='ltr'><strong>angulos</strong></span> <span class='ocrx_word' id='word_1_283' title='bbox 3367 1915 3519 1986; x_wconf 78' lang='lat' dir='ltr'><strong>pallii</strong></span> 
     </span>
    </p>
   </div>
   <div class='ocr_carea' id='block_1_42' title="bbox 2008 1984 2268 2053">
    <p class='ocr_par' dir='ltr' id='par_1_42' title="bbox 2008 1984 2268 2053">
     <span class='ocr_line' id='line_1_42' title="bbox 2008 1984 2268 2053; baseline 0.015 -17"><span class='ocrx_word' id='word_1_284' title='bbox 2008 1984 2268 2053; x_wconf 76' lang='lat' dir='ltr'><strong>faciendis</strong></span> 
     </span>
    </p>
   </div>
   <div class='ocr_carea' id='block_1_43' title="bbox 2007 2096 3521 2168">
    <p class='ocr_par' dir='ltr' id='par_1_43' title="bbox 2007 2096 3521 2168">
     <span class='ocr_line' id='line_1_43' title="bbox 2007 2096 3521 2168; baseline 0.001 -17"><span class='ocrx_word' id='word_1_285' title='bbox 2007 2096 2184 2168; x_wconf 76' lang='lat' dir='ltr'><strong>([BID.)</strong></span> <span class='ocrx_word' id='word_1_286' title='bbox 2209 2098 2354 2155; x_wconf 75' lang='lat' dir='ltr'><strong>«Non</strong></span> <span class='ocrx_word' id='word_1_287' title='bbox 2376 2101 2618 2156; x_wconf 75' lang='lat' dir='ltr'><strong>induerit</strong></span> <span class='ocrx_word' id='word_1_288' title='bbox 2638 2102 2978 2165; x_wconf 85' lang='lat' dir='ltr'><strong>vestimento,</strong></span> <span class='ocrx_word' id='word_1_289' title='bbox 2998 2098 3142 2168; x_wconf 80' lang='lat' dir='ltr'><strong>quod</strong></span> <span class='ocrx_word' id='word_1_290' title='bbox 3162 2113 3225 2153; x_wconf 79' lang='lat' dir='ltr'><strong>ex</strong></span> <span class='ocrx_word' id='word_1_291' title='bbox 3245 2097 3370 2152; x_wconf 85' lang='lat' dir='ltr'><strong>lana</strong></span> <span class='ocrx_word' id='word_1_292' title='bbox 3385 2097 3521 2153; x_wconf 81' lang='lat' dir='ltr'><strong>lino-</strong></span> 
     </span>
    </p>
   </div>
   <div class='ocr_carea' id='block_1_44' title="bbox 1941 2187 3518 2260">
    <p class='ocr_par' dir='ltr' id='par_1_44' title="bbox 1941 2187 3518 2260">
     <span class='ocr_line' id='line_1_44' title="bbox 1941 2187 3518 2260; baseline 0.002 -20"><span class='ocrx_word' id='word_1_293' title='bbox 1941 2206 1960 2240; x_wconf 71' lang='grc' dir='ltr'><strong>ε</strong></span> <span class='ocrx_word' id='word_1_294' title='bbox 1989 2202 2094 2258; x_wconf 81' lang='lat' dir='ltr'><strong>que</strong></span> <span class='ocrx_word' id='word_1_295' title='bbox 2116 2198 2429 2246; x_wconf 83' lang='lat' dir='ltr'><strong>contextum</strong></span> <span class='ocrx_word' id='word_1_296' title='bbox 2448 2200 2550 2246; x_wconf 86' lang='lat' dir='ltr'><strong>est.</strong></span> <span class='ocrx_word' id='word_1_297' title='bbox 2575 2213 2596 2245; x_wconf 71' lang='grc' dir='ltr'><em>ι</em></span> <span class='ocrx_word' id='word_1_298' title='bbox 2623 2189 2729 2247; x_wconf 85' lang='lat' dir='ltr'><strong>Per</strong></span> <span class='ocrx_word' id='word_1_299' title='bbox 2750 2191 2928 2245; x_wconf 84' lang='lat' dir='ltr'><strong>lanam</strong></span> <span class='ocrx_word' id='word_1_300' title='bbox 2953 2190 3151 2260; x_wconf 85' lang='lat' dir='ltr'><strong>quippe</strong></span> <span class='ocrx_word' id='word_1_301' title='bbox 3179 2187 3518 2258; x_wconf 80' lang='lat' dir='ltr'><strong>simplicitas,</strong></span> 
     </span>
    </p>
   </div>
   <div class='ocr_carea' id='block_1_45' title="bbox 1932 2280 3520 2354">
    <p class='ocr_par' dir='ltr' id='par_1_45' title="bbox 1932 2280 3520 2354">
     <span class='ocr_line' id='line_1_45' title="bbox 1932 2280 3520 2354; baseline -0.001 -18"><span class='ocrx_word' id='word_1_302' title='bbox 1932 2295 2032 2353; x_wconf 85' lang='lat' dir='ltr'><strong>per</strong></span> <span class='ocrx_word' id='word_1_303' title='bbox 2079 2282 2399 2348; x_wconf 76' lang='lat' dir='ltr'><strong>linimivero</strong></span> <span class='ocrx_word' id='word_1_304' title='bbox 2437 2284 2713 2340; x_wconf 86' lang='lat' dir='ltr'><strong>subtilitas</strong></span> <span class='ocrx_word' id='word_1_305' title='bbox 2757 2284 3094 2354; x_wconf 73' lang='lat' dir='ltr'><strong>designatur.</strong></span> <span class='ocrx_word' id='word_1_306' title='bbox 3142 2281 3210 2336; x_wconf 84' lang='lat' dir='ltr'><strong>Et</strong></span> <span class='ocrx_word' id='word_1_307' title='bbox 3261 2280 3520 2336; x_wconf 88' lang='lat' dir='ltr'><strong>nimirum</strong></span> 
     </span>
    </p>
   </div>
   <div class='ocr_carea' id='block_1_46' title="bbox 1931 2371 3521 2444">
    <p class='ocr_par' dir='ltr' id='par_1_46' title="bbox 1931 2371 3521 2444">
     <span class='ocr_line' id='line_1_46' title="bbox 1931 2371 3521 2444; baseline -0.001 -18"><span class='ocrx_word' id='word_1_308' title='bbox 1931 2373 2101 2427; x_wconf 87' lang='lat' dir='ltr'><strong>vestis</strong></span> <span class='ocrx_word' id='word_1_309' title='bbox 2124 2387 2246 2441; x_wconf 72' lang='lat' dir='ltr'><strong>quae</strong></span> <span class='ocrx_word' id='word_1_310' title='bbox 2267 2388 2336 2428; x_wconf 82' lang='lat' dir='ltr'><strong>ex</strong></span> <span class='ocrx_word' id='word_1_311' title='bbox 2365 2373 2475 2429; x_wconf 87' lang='lat' dir='ltr'><strong>lino</strong></span> <span class='ocrx_word' id='word_1_312' title='bbox 2495 2375 2726 2444; x_wconf 87' lang='lat' dir='ltr'><strong>lanaque</strong></span> <span class='ocrx_word' id='word_1_313' title='bbox 2750 2373 3058 2439; x_wconf 77' lang='lat' dir='ltr'><strong>conﬁcitur,</strong></span> <span class='ocrx_word' id='word_1_314' title='bbox 3086 2372 3257 2427; x_wconf 85' lang='lat' dir='ltr'><strong>linum</strong></span> <span class='ocrx_word' id='word_1_315' title='bbox 3289 2371 3521 2426; x_wconf 84' lang='lat' dir='ltr'><strong>interius</strong></span> 
     </span>
    </p>
   </div>
   <div class='ocr_carea' id='block_1_47' title="bbox 1927 2463 3521 2535">
    <p class='ocr_par' dir='ltr' id='par_1_47' title="bbox 1927 2463 3521 2535">
     <span class='ocr_line' id='line_1_47' title="bbox 1927 2463 3521 2535; baseline -0.002 -15"><span class='ocrx_word' id='word_1_316' title='bbox 1927 2463 2097 2529; x_wconf 79' lang='lat' dir='ltr'><strong>celat,</strong></span> <span class='ocrx_word' id='word_1_317' title='bbox 2139 2465 2192 2522; x_wconf 87' lang='lat' dir='ltr'><strong>in</strong></span> <span class='ocrx_word' id='word_1_318' title='bbox 2227 2465 2518 2535; x_wconf 84' lang='lat' dir='ltr'><strong>superﬁcie</strong></span> <span class='ocrx_word' id='word_1_319' title='bbox 2544 2467 2723 2524; x_wconf 85' lang='lat' dir='ltr'><strong>lanam</strong></span> <span class='ocrx_word' id='word_1_320' title='bbox 2753 2467 3112 2522; x_wconf 78' lang='lat' dir='ltr'><strong>demonstrat.</strong></span> <span class='ocrx_word' id='word_1_321' title='bbox 3145 2463 3365 2520; x_wconf 73' lang='lat' dir='ltr'><strong>Vestem</strong></span> <span class='ocrx_word' id='word_1_322' title='bbox 3391 2476 3521 2534; x_wconf 86' lang='lat' dir='ltr'><strong>ergo</strong></span> 
     </span>
    </p>
   </div>
   <div class='ocr_carea' id='block_1_48' title="bbox 1930 2554 3523 2628">
    <p class='ocr_par' dir='ltr' id='par_1_48' title="bbox 1930 2554 3523 2628">
     <span class='ocr_line' id='line_1_48' title="bbox 1930 2554 3523 2628; baseline 0 -18"><span class='ocrx_word' id='word_1_323' title='bbox 1930 2569 2010 2618; x_wconf 73' lang='lat' dir='ltr'><strong>,ex</strong></span> <span class='ocrx_word' id='word_1_324' title='bbox 2039 2554 2160 2612; x_wconf 84' lang='lat' dir='ltr'><strong>lana</strong></span> <span class='ocrx_word' id='word_1_325' title='bbox 2187 2556 2410 2625; x_wconf 76' lang='lat' dir='ltr'><strong>linoque</strong></span> <span class='ocrx_word' id='word_1_326' title='bbox 2429 2566 2742 2614; x_wconf 77' lang='lat' dir='ltr'><strong>contextam</strong></span> <span class='ocrx_word' id='word_1_327' title='bbox 2779 2559 2972 2625; x_wconf 80' lang='lat' dir='ltr'><strong>induit,</strong></span> <span class='ocrx_word' id='word_1_328' title='bbox 2999 2557 3094 2628; x_wconf 86' lang='lat' dir='ltr'><strong>qui</strong></span> <span class='ocrx_word' id='word_1_329' title='bbox 3119 2557 3221 2612; x_wconf 87' lang='lat' dir='ltr'><strong>sub</strong></span> <span class='ocrx_word' id='word_1_330' title='bbox 3249 2555 3523 2611; x_wconf 84' lang='lat' dir='ltr'><strong>locutione</strong></span> 
     </span>
    </p>
   </div>
   <div class='ocr_carea' id='block_1_49' title="bbox 1933 2644 3524 2704">
    <p class='ocr_par' dir='ltr' id='par_1_49' title="bbox 1933 2644 3524 2704">
     <span class='ocr_line' id='line_1_49' title="bbox 1933 2644 3524 2704; baseline 0 -4"><span class='ocrx_word' id='word_1_331' title='bbox 1933 2644 2261 2704; x_wconf 71' lang='lat' dir='ltr'><strong>innocentia:</strong></span> <span class='ocrx_word' id='word_1_332' title='bbox 2288 2648 2438 2704; x_wconf 87' lang='lat' dir='ltr'><strong>intus</strong></span> <span class='ocrx_word' id='word_1_333' title='bbox 2461 2648 2816 2704; x_wconf 77' lang='lat' dir='ltr'><strong>subtilitatem</strong></span> <span class='ocrx_word' id='word_1_334' title='bbox 2834 2649 2990 2702; x_wconf 31' lang='lat' dir='ltr'><strong>sociat</strong></span> <span class='ocrx_word' id='word_1_335' title='bbox 3010 2647 3249 2701; x_wconf 85' lang='lat' dir='ltr'><strong>malitiae.</strong></span> <span class='ocrx_word' id='word_1_336' title='bbox 3282 2644 3398 2700; x_wconf 80' lang='lat' dir='ltr'><strong>Hoc</strong></span> <span class='ocrx_word' id='word_1_337' title='bbox 3435 2657 3524 2700; x_wconf 84' lang='lat' dir='ltr'><strong>so-</strong></span> 
     </span>
    </p>
   </div>
   <div class='ocr_carea' id='block_1_50' title="bbox 1937 2738 3521 2808">
    <p class='ocr_par' dir='ltr' id='par_1_50' title="bbox 1937 2738 3521 2808">
     <span class='ocr_line' id='line_1_50' title="bbox 1937 2738 3521 2808; baseline -0.003 -14"><span class='ocrx_word' id='word_1_338' title='bbox 1937 2738 2170 2798; x_wconf 79' lang='lat' dir='ltr'><strong>cundum</strong></span> <span class='ocrx_word' id='word_1_339' title='bbox 2216 2739 2483 2798; x_wconf 77' lang='lat' dir='ltr'><strong>moralem</strong></span> <span class='ocrx_word' id='word_1_340' title='bbox 2521 2755 2763 2796; x_wconf 82' lang='lat' dir='ltr'><strong>sensu.</strong></span> <span class='ocrx_word' id='word_1_341' title='bbox 2813 2739 3103 2805; x_wconf 56' lang='lat' dir='ltr'><strong>Caeterum,</strong></span> <span class='ocrx_word' id='word_1_342' title='bbox 3139 2738 3294 2808; x_wconf 68' lang='lat' dir='ltr'><strong>iunia</strong></span> <span class='ocrx_word' id='word_1_343' title='bbox 3317 2738 3521 2808; x_wconf 86' lang='lat' dir='ltr'><strong>allego-</strong></span> 
     </span>
    </p>
   </div>
   <div class='ocr_carea' id='block_1_51' title="bbox 1938 2825 3518 2898">
    <p class='ocr_par' dir='ltr' id='par_1_51' title="bbox 1938 2825 3518 2898">
     <span class='ocr_line' id='line_1_51' title="bbox 1938 2825 3518 2898; baseline 0.002 -20"><span class='ocrx_word' id='word_1_344' title='bbox 1938 2825 2100 2892; x_wconf 87' lang='lat' dir='ltr'><strong>riam,</strong></span> <span class='ocrx_word' id='word_1_345' title='bbox 2149 2826 2306 2889; x_wconf 83' lang='lat' dir='ltr'><strong>lineis</strong></span> <span class='ocrx_word' id='word_1_346' title='bbox 2355 2829 2596 2885; x_wconf 77' lang='lat' dir='ltr'><strong>vestibus</strong></span> <span class='ocrx_word' id='word_1_347' title='bbox 2622 2829 2842 2886; x_wconf 82' lang='lat' dir='ltr'><strong>miseerl</strong></span> <span class='ocrx_word' id='word_1_348' title='bbox 2873 2829 3054 2884; x_wconf 70' lang='lat' dir='ltr'><strong>lanam</strong></span> <span class='ocrx_word' id='word_1_349' title='bbox 3089 2827 3175 2882; x_wconf 86' lang='lat' dir='ltr'><strong>vel</strong></span> <span class='ocrx_word' id='word_1_350' title='bbox 3200 2841 3518 2898; x_wconf 78' lang='lat' dir='ltr'><strong>purpuram,</strong></span> 
     </span>
    </p>
   </div>
   <div class='ocr_carea' id='block_1_52' title="bbox 1937 2914 3516 2992">
    <p class='ocr_par' dir='ltr' id='par_1_52' title="bbox 1937 2914 3516 2992">
     <span class='ocr_line' id='line_1_52' title="bbox 1937 2914 3516 2992; baseline 0.004 -25"><span class='ocrx_word' id='word_1_351' title='bbox 1937 2921 1994 2978; x_wconf 82' lang='lat' dir='ltr'><strong>et</strong></span> <span class='ocrx_word' id='word_1_352' title='bbox 2019 2914 2162 2972; x_wconf 81' lang='lat' dir='ltr'><strong>linea</strong></span> <span class='ocrx_word' id='word_1_353' title='bbox 2191 2916 2458 2992; x_wconf 61' lang='lat' dir='ltr'><strong>loricaque</strong></span> <span class='ocrx_word' id='word_1_354' title='bbox 2481 2927 2633 2975; x_wconf 83' lang='lat' dir='ltr'><strong>veste</strong></span> <span class='ocrx_word' id='word_1_355' title='bbox 2660 2918 2831 2985; x_wconf 88' lang='lat' dir='ltr'><strong>indui,</strong></span> <span class='ocrx_word' id='word_1_356' title='bbox 2879 2927 2963 2973; x_wconf 84' lang='lat' dir='ltr'><strong>est</strong></span> <span class='ocrx_word' id='word_1_357' title='bbox 2987 2917 3290 2973; x_wconf 72' lang='lat' dir='ltr'><strong>inordinate</strong></span> <span class='ocrx_word' id='word_1_358' title='bbox 3316 2918 3516 2984; x_wconf 80' lang='lat' dir='ltr'><strong>vivere,</strong></span> 
     </span>
    </p>
   </div>
   <div class='ocr_carea' id='block_1_53' title="bbox 1933 3007 3522 3080">
    <p class='ocr_par' dir='ltr' id='par_1_53' title="bbox 1933 3007 3522 3080">
     <span class='ocr_line' id='line_1_53' title="bbox 1933 3007 3522 3080; baseline -0.002 -16"><span class='ocrx_word' id='word_1_359' title='bbox 1933 3015 1994 3064; x_wconf 86' lang='lat' dir='ltr'><strong>et</strong></span> <span class='ocrx_word' id='word_1_360' title='bbox 2018 3007 2214 3064; x_wconf 76' lang='lat' dir='ltr'><strong>diversi</strong></span> <span class='ocrx_word' id='word_1_361' title='bbox 2245 3009 2462 3079; x_wconf 79' lang='lat' dir='ltr'><strong>generis</strong></span> <span class='ocrx_word' id='word_1_362' title='bbox 2483 3007 2854 3080; x_wconf 77' lang='lat' dir='ltr'><strong>professiones</strong></span> <span class='ocrx_word' id='word_1_363' title='bbox 2882 3008 3024 3064; x_wconf 84' lang='lat' dir='ltr'><strong>velle</strong></span> <span class='ocrx_word' id='word_1_364' title='bbox 3051 3008 3285 3063; x_wconf 82' lang='lat' dir='ltr'><strong>miseere</strong></span> <span class='ocrx_word' id='word_1_365' title='bbox 3313 3026 3326 3062; x_wconf 88' lang='lat'><strong>:</strong></span> <span class='ocrx_word' id='word_1_366' title='bbox 3352 3017 3413 3062; x_wconf 85' lang='lat' dir='ltr'><strong>ut</strong></span> <span class='ocrx_word' id='word_1_367' title='bbox 3436 3008 3522 3064; x_wconf 86' lang='lat' dir='ltr'><strong>vel</strong></span> 
     </span>
    </p>
   </div>
   <div class='ocr_carea' id='block_1_54' title="bbox 221 3086 3524 3199">
    <p class='ocr_par' dir='ltr' id='par_1_54' title="bbox 221 3086 3524 3199">
     <span class='ocr_line' id='line_1_54' title="bbox 221 3086 3524 3199; baseline 0.008 -26"><span class='ocrx_word' id='word_1_368' title='bbox 221 3086 420 3174; x_wconf 55' lang='lat' dir='ltr'><strong>ctrina</strong></span> <span class='ocrx_word' id='word_1_369' title='bbox 453 3086 565 3177; x_wconf 58' lang='lat' dir='ltr'><strong>vsua</strong></span> <span class='ocrx_word' id='word_1_370' title='bbox 600 3086 690 3178; x_wconf 51' lang='lat' dir='ltr'><strong>3a</strong></span> <span class='ocrx_word' id='word_1_371' title='bbox 723 3086 778 3178; x_wconf 71' lang='lat' dir='ltr'><strong>in</strong></span> <span class='ocrx_word' id='word_1_372' title='bbox 808 3086 1073 3195; x_wconf 61' lang='lat' dir='ltr'><strong>exemoplis</strong></span> <span class='ocrx_word' id='word_1_373' title='bbox 1113 3141 1320 3196; x_wconf 82' lang='lat' dir='ltr'><strong>ponere</strong></span> <span class='ocrx_word' id='word_1_374' title='bbox 1365 3129 1683 3199; x_wconf 79' lang='lat' dir='ltr'><strong>neglexerit,</strong></span> <span class='ocrx_word' id='word_1_375' title='bbox 1717 3146 1835 3186; x_wconf 90' lang='lat' dir='ltr'><strong>om-</strong></span> <span class='ocrx_word' id='word_1_376' title='bbox 1864 3086 1910 3150; x_wconf 65' lang='grc' dir='ltr'>Ο</span> <span class='ocrx_word' id='word_1_377' title='bbox 1935 3107 2129 3156; x_wconf 50' lang='lat' dir='ltr'><strong>sane”</strong></span> <span class='ocrx_word' id='word_1_378' title='bbox 2155 3098 2410 3156; x_wconf 48' lang='lat' dir='ltr'><strong>monia!“</strong></span> <span class='ocrx_word' id='word_1_379' title='bbox 2444 3099 2644 3199; x_wconf 44' lang='lat' dir='ltr'><strong>habe?“</strong></span> <span class='ocrx_word' id='word_1_380' title='bbox 2685 3109 3008 3199; x_wconf 33' lang='lat' dir='ltr'><strong>omam?“</strong></span> <span class='ocrx_word' id='word_1_381' title='bbox 3039 3099 3354 3199; x_wconf 56' lang='lat' dir='ltr'><strong>“&quot;pfim&quot;?</strong></span> <span class='ocrx_word' id='word_1_382' title='bbox 3379 3115 3393 3164; x_wconf 65' lang='lat'><strong>;</strong></span> <span class='ocrx_word' id='word_1_383' title='bbox 3417 3107 3524 3199; x_wconf 38' lang='lat' dir='ltr'><strong>fuit</strong></span> 
     </span>
    </p>
   </div>
   <div class='ocr_carea' id='block_1_55' title="bbox 227 3209 1834 3289">
    <p class='ocr_par' dir='ltr' id='par_1_55' title="bbox 227 3209 1834 3289">
     <span class='ocr_line' id='line_1_55' title="bbox 227 3209 1834 3289; baseline 0.006 -23"><span class='ocrx_word' id='word_1_384' title='bbox 227 3209 390 3266; x_wconf 81' lang='lat' dir='ltr'><strong>nium</strong></span> <span class='ocrx_word' id='word_1_385' title='bbox 431 3210 532 3279; x_wconf 87' lang='lat' dir='ltr'><strong>qui</strong></span> <span class='ocrx_word' id='word_1_386' title='bbox 565 3211 692 3268; x_wconf 85' lang='lat' dir='ltr'><strong>inde</strong></span> <span class='ocrx_word' id='word_1_387' title='bbox 727 3214 1111 3284; x_wconf 83' lang='lat' dir='ltr'><strong>periclitantur</strong></span> <span class='ocrx_word' id='word_1_388' title='bbox 1133 3232 1423 3289; x_wconf 78' lang='lat' dir='ltr'><strong>sanguine,</strong></span> <span class='ocrx_word' id='word_1_389' title='bbox 1452 3219 1557 3275; x_wconf 88' lang='lat' dir='ltr'><strong>hoc</strong></span> <span class='ocrx_word' id='word_1_390' title='bbox 1580 3229 1686 3286; x_wconf 90' lang='lat' dir='ltr'><strong>est,</strong></span> <span class='ocrx_word' id='word_1_391' title='bbox 1717 3220 1834 3276; x_wconf 84' lang='lat' dir='ltr'><strong>vita</strong></span> 
     </span>
    </p>
   </div>
   <div class='ocr_carea' id='block_1_56' title="bbox 227 3306 1832 3384">
    <p class='ocr_par' dir='ltr' id='par_1_56' title="bbox 227 3306 1832 3384">
     <span class='ocr_line' id='line_1_56' title="bbox 227 3306 1832 3384; baseline 0.008 -27"><span class='ocrx_word' id='word_1_392' title='bbox 227 3317 368 3359; x_wconf 85' lang='lat' dir='ltr'><strong>reus</strong></span> <span class='ocrx_word' id='word_1_393' title='bbox 391 3310 506 3368; x_wconf 86' lang='lat' dir='ltr'><strong>est,</strong></span> <span class='ocrx_word' id='word_1_394' title='bbox 540 3306 668 3375; x_wconf 89' lang='lat' dir='ltr'><strong>quia</strong></span> <span class='ocrx_word' id='word_1_395' title='bbox 693 3322 790 3362; x_wconf 87' lang='lat' dir='ltr'><strong>eos</strong></span> <span class='ocrx_word' id='word_1_396' title='bbox 816 3321 952 3378; x_wconf 85' lang='lat' dir='ltr'><strong>quos</strong></span> <span class='ocrx_word' id='word_1_397' title='bbox 971 3323 1194 3366; x_wconf 84' lang='lat' dir='ltr'><strong>servare</strong></span> <span class='ocrx_word' id='word_1_398' title='bbox 1220 3312 1398 3381; x_wconf 84' lang='lat' dir='ltr'><strong>potuit</strong></span> <span class='ocrx_word' id='word_1_399' title='bbox 1429 3328 1528 3384; x_wconf 89' lang='lat' dir='ltr'><strong>per</strong></span> <span class='ocrx_word' id='word_1_400' title='bbox 1556 3328 1714 3370; x_wconf 86' lang='lat' dir='ltr'><strong>suam</strong></span> <span class='ocrx_word' id='word_1_401' title='bbox 1734 3328 1832 3370; x_wconf 87' lang='lat' dir='ltr'><strong>ne-</strong></span> 
     </span>
    </p>
   </div>
   <div class='ocr_carea' id='block_1_57' title="bbox 229 3394 849 3468">
    <p class='ocr_par' dir='ltr' id='par_1_57' title="bbox 229 3394 849 3468">
     <span class='ocr_line' id='line_1_57' title="bbox 229 3394 849 3468; baseline 0.011 -20"><span class='ocrx_word' id='word_1_402' title='bbox 229 3394 564 3467; x_wconf 74' lang='lat' dir='ltr'><strong>gligentiam</strong></span> <span class='ocrx_word' id='word_1_403' title='bbox 592 3399 849 3468; x_wconf 79' lang='lat' dir='ltr'><strong>perdidit.</strong></span> 
     </span>
    </p>
   </div>
   <div class='ocr_carea' id='block_1_58' title="bbox 858 3491 1201 3548">
    <p class='ocr_par' dir='ltr' id='par_1_58' title="bbox 858 3491 1201 3548">
     <span class='ocr_line' id='line_1_58' title="bbox 858 3491 1201 3548; baseline 0.003 -1"><span class='ocrx_word' id='word_1_404' title='bbox 858 3491 1085 3548; x_wconf 79' lang='lat' dir='ltr'><strong>CAPUT</strong></span> <span class='ocrx_word' id='word_1_405' title='bbox 1135 3493 1201 3548; x_wconf 79' lang='lat' dir='ltr'><strong>il.</strong></span> 
     </span>
    </p>
   </div>
   <div class='ocr_carea' id='block_1_59' title="bbox 227 3577 1833 3650">
    <p class='ocr_par' dir='ltr' id='par_1_59' title="bbox 227 3577 1833 3650">
     <span class='ocr_line' id='line_1_59' title="bbox 227 3577 1833 3650; baseline 0.003 -11"><span class='ocrx_word' id='word_1_406' title='bbox 227 3577 310 3640; x_wconf 76' lang='lat' dir='ltr'><strong>De</strong></span> <span class='ocrx_word' id='word_1_407' title='bbox 339 3595 457 3636; x_wconf 80' lang='lat' dir='ltr'><strong>non</strong></span> <span class='ocrx_word' id='word_1_408' title='bbox 482 3580 704 3636; x_wconf 72' lang='lat' dir='ltr'><strong>terenda</strong></span> <span class='ocrx_word' id='word_1_409' title='bbox 735 3582 886 3636; x_wconf 71' lang='lat' dir='ltr'><strong>tinea</strong></span> <span class='ocrx_word' id='word_1_410' title='bbox 925 3581 1093 3636; x_wconf 79' lang='lat' dir='ltr'><strong>altero</strong></span> <span class='ocrx_word' id='word_1_411' title='bbox 1133 3585 1362 3650; x_wconf 75' lang='lat' dir='ltr'><strong>semine,</strong></span> <span class='ocrx_word' id='word_1_412' title='bbox 1399 3602 1494 3640; x_wconf 83' lang='lat' dir='ltr'><strong>nec</strong></span> <span class='ocrx_word' id='word_1_413' title='bbox 1531 3587 1588 3641; x_wconf 73' lang='lat' dir='ltr'><strong>in</strong></span> <span class='ocrx_word' id='word_1_414' title='bbox 1622 3585 1748 3642; x_wconf 73' lang='lat' dir='ltr'><strong>bove</strong></span> <span class='ocrx_word' id='word_1_415' title='bbox 1782 3595 1833 3645; x_wconf 78' lang='lat' dir='ltr'><strong>et</strong></span> 
     </span>
    </p>
   </div>
   <div class='ocr_carea' id='block_1_60' title="bbox 741 3652 1330 3713">
    <p class='ocr_par' dir='ltr' id='par_1_60' title="bbox 741 3652 1330 3713">
     <span class='ocr_line' id='line_1_60' title="bbox 741 3652 1330 3713; baseline 0.003 -8"><span class='ocrx_word' id='word_1_416' title='bbox 741 3653 900 3713; x_wconf 74' lang='lat' dir='ltr'><strong>asina</strong></span> <span class='ocrx_word' id='word_1_417' title='bbox 920 3652 1078 3707; x_wconf 79' lang='lat' dir='ltr'><strong>simul</strong></span> <span class='ocrx_word' id='word_1_418' title='bbox 1103 3653 1330 3710; x_wconf 81' lang='lat' dir='ltr'><strong>arando.</strong></span> 
     </span>
    </p>
   </div>
   <div class='ocr_carea' id='block_1_61' title="bbox 303 3738 1834 3815">
    <p class='ocr_par' dir='ltr' id='par_1_61' title="bbox 303 3738 1834 3815">
     <span class='ocr_line' id='line_1_61' title="bbox 303 3738 1834 3815; baseline 0.009 -21"><span class='ocrx_word' id='word_1_419' title='bbox 303 3738 497 3812; x_wconf 64' lang='lat' dir='ltr'><strong>(Imm)</strong></span> <span class='ocrx_word' id='word_1_420' title='bbox 549 3757 574 3792; x_wconf 76' lang='grc' dir='ltr'>ι</span> <span class='ocrx_word' id='word_1_421' title='bbox 604 3738 726 3802; x_wconf 76' lang='lat' dir='ltr'><strong>Non</strong></span> <span class='ocrx_word' id='word_1_422' title='bbox 769 3757 922 3800; x_wconf 82' lang='lat' dir='ltr'><strong>seres</strong></span> <span class='ocrx_word' id='word_1_423' title='bbox 965 3743 1182 3799; x_wconf 83' lang='lat' dir='ltr'><strong>vineam</strong></span> <span class='ocrx_word' id='word_1_424' title='bbox 1212 3752 1360 3811; x_wconf 72' lang='lat' dir='ltr'><strong>tuam</strong></span> <span class='ocrx_word' id='word_1_425' title='bbox 1397 3745 1574 3808; x_wconf 81' lang='lat' dir='ltr'><strong>altero</strong></span> <span class='ocrx_word' id='word_1_426' title='bbox 1601 3747 1834 3815; x_wconf 75' lang='lat' dir='ltr'><strong>semine,</strong></span> 
     </span>
    </p>
   </div>
   <div class='ocr_carea' id='block_1_62' title="bbox 230 3834 1836 3909">
    <p class='ocr_par' dir='ltr' id='par_1_62' title="bbox 230 3834 1836 3909">
     <span class='ocr_line' id='line_1_62' title="bbox 230 3834 1836 3909; baseline 0.009 -23"><span class='ocrx_word' id='word_1_427' title='bbox 230 3851 251 3886; x_wconf 74' lang='grc' dir='ltr'>ι</span> <span class='ocrx_word' id='word_1_428' title='bbox 283 3847 362 3890; x_wconf 90' lang='lat' dir='ltr'><strong>ne</strong></span> <span class='ocrx_word' id='word_1_429' title='bbox 391 3841 455 3888; x_wconf 88' lang='lat' dir='ltr'><strong>et</strong></span> <span class='ocrx_word' id='word_1_430' title='bbox 475 3834 736 3895; x_wconf 75' lang='lat' dir='ltr'><strong>sementis</strong></span> <span class='ocrx_word' id='word_1_431' title='bbox 753 3849 924 3909; x_wconf 80' lang='lat' dir='ltr'><strong>quam</strong></span> <span class='ocrx_word' id='word_1_432' title='bbox 957 3837 1170 3904; x_wconf 76' lang='lat' dir='ltr'><strong>scvisti,</strong></span> <span class='ocrx_word' id='word_1_433' title='bbox 1190 3846 1254 3896; x_wconf 85' lang='lat' dir='ltr'><strong>et</strong></span> <span class='ocrx_word' id='word_1_434' title='bbox 1278 3854 1406 3909; x_wconf 63' lang='lat' dir='ltr'><strong>aliae</strong></span> <span class='ocrx_word' id='word_1_435' title='bbox 1440 3848 1746 3903; x_wconf 73' lang='lat' dir='ltr'><strong>nascuntur</strong></span> <span class='ocrx_word' id='word_1_436' title='bbox 1765 3855 1836 3900; x_wconf 72' lang='lat' dir='ltr'><strong>ex</strong></span> 
     </span>
    </p>
   </div>
   <div class='ocr_carea' id='block_1_63' title="bbox 226 3925 1835 3993">
    <p class='ocr_par' dir='ltr' id='par_1_63' title="bbox 226 3925 1835 3993">
     <span class='ocr_line' id='line_1_63' title="bbox 226 3925 1835 3993; baseline 0.007 -17"><span class='ocrx_word' id='word_1_437' title='bbox 226 3944 247 3982; x_wconf 72' lang='grc' dir='ltr'><strong>ς</strong></span> <span class='ocrx_word' id='word_1_438' title='bbox 279 3925 481 3989; x_wconf 86' lang='lat' dir='ltr'><strong>vinea,</strong></span> <span class='ocrx_word' id='word_1_439' title='bbox 509 3925 718 3993; x_wconf 84' lang='lat' dir='ltr'><strong>pariter</strong></span> <span class='ocrx_word' id='word_1_440' title='bbox 747 3926 1180 3988; x_wconf 72' lang='lat' dir='ltr'><strong>sanctiﬁcantur.</strong></span> <span class='ocrx_word' id='word_1_441' title='bbox 1203 3948 1222 3982; x_wconf 73' lang='grc' dir='ltr'><strong><em>ι</em></strong></span> <span class='ocrx_word' id='word_1_442' title='bbox 1256 3929 1486 3990; x_wconf 72' lang='lat' dir='ltr'><strong>Vineam</strong></span> <span class='ocrx_word' id='word_1_443' title='bbox 1515 3931 1608 3991; x_wconf 78' lang='lat' dir='ltr'><strong>hic</strong></span> <span class='ocrx_word' id='word_1_444' title='bbox 1632 3931 1835 3988; x_wconf 79' lang='lat' dir='ltr'><strong>doctri—</strong></span> 
     </span>
    </p>
   </div>
   <div class='ocr_carea' id='block_1_64' title="bbox 218 4014 1836 4090">
    <p class='ocr_par' dir='ltr' id='par_1_64' title="bbox 218 4014 1836 4090">
     <span class='ocr_line' id='line_1_64' title="bbox 218 4014 1836 4090; baseline 0.009 -25"><span class='ocrx_word' id='word_1_445' title='bbox 218 4027 365 4066; x_wconf 88' lang='lat' dir='ltr'><strong>nam</strong></span> <span class='ocrx_word' id='word_1_446' title='bbox 405 4025 700 4080; x_wconf 84' lang='lat' dir='ltr'><strong>possumus</strong></span> <span class='ocrx_word' id='word_1_447' title='bbox 736 4014 1060 4087; x_wconf 84' lang='lat' dir='ltr'><strong>intelligere,</strong></span> <span class='ocrx_word' id='word_1_448' title='bbox 1106 4017 1224 4076; x_wconf 82' lang='lat' dir='ltr'><strong>sive</strong></span> <span class='ocrx_word' id='word_1_449' title='bbox 1263 4020 1476 4090; x_wconf 78' lang='lat' dir='ltr'><strong>plebem</strong></span> <span class='ocrx_word' id='word_1_450' title='bbox 1517 4021 1836 4083; x_wconf 74' lang='lat' dir='ltr'><strong>doctoribus</strong></span> 
     </span>
    </p>
   </div>
   <div class='ocr_carea' id='block_1_65' title="bbox 215 4101 1830 4186">
    <p class='ocr_par' dir='ltr' id='par_1_65' title="bbox 215 4101 1830 4186">
     <span class='ocr_line' id='line_1_65' title="bbox 215 4101 1830 4186; baseline 0.007 -25"><span class='ocrx_word' id='word_1_451' title='bbox 215 4101 616 4172; x_wconf 84' lang='lat' dir='ltr'><strong>commissam,</strong></span> <span class='ocrx_word' id='word_1_452' title='bbox 641 4105 736 4168; x_wconf 89' lang='lat' dir='ltr'><strong>ubi</strong></span> <span class='ocrx_word' id='word_1_453' title='bbox 758 4107 943 4172; x_wconf 86' lang='lat' dir='ltr'><strong>vinum</strong></span> <span class='ocrx_word' id='word_1_454' title='bbox 963 4111 1155 4180; x_wconf 74' lang='lat' dir='ltr'><strong>gratiae</strong></span> <span class='ocrx_word' id='word_1_455' title='bbox 1179 4112 1444 4183; x_wconf 80' lang='lat' dir='ltr'><strong>spiritalis</strong></span> <span class='ocrx_word' id='word_1_456' title='bbox 1469 4114 1616 4186; x_wconf 88' lang='lat' dir='ltr'><strong>gigni</strong></span> <span class='ocrx_word' id='word_1_457' title='bbox 1651 4117 1830 4176; x_wconf 74' lang='lat' dir='ltr'><strong>debet.</strong></span> 
     </span>
    </p>
   </div>
   <div class='ocr_carea' id='block_1_66' title="bbox 216 4191 1836 4276">
    <p class='ocr_par' dir='ltr' id='par_1_66' title="bbox 216 4191 1836 4276">
     <span class='ocr_line' id='line_1_66' title="bbox 216 4191 1836 4276; baseline 0.01 -28"><span class='ocrx_word' id='word_1_458' title='bbox 216 4194 334 4252; x_wconf 89' lang='lat' dir='ltr'><strong>Sed</strong></span> <span class='ocrx_word' id='word_1_459' title='bbox 365 4191 492 4250; x_wconf 91' lang='lat' dir='ltr'><strong>illic</strong></span> <span class='ocrx_word' id='word_1_460' title='bbox 513 4194 746 4254; x_wconf 87' lang='lat' dir='ltr'><strong>alterum</strong></span> <span class='ocrx_word' id='word_1_461' title='bbox 775 4213 961 4262; x_wconf 84' lang='lat' dir='ltr'><strong>semen</strong></span> <span class='ocrx_word' id='word_1_462' title='bbox 997 4217 1182 4266; x_wconf 82' lang='lat' dir='ltr'><strong>serere</strong></span> <span class='ocrx_word' id='word_1_463' title='bbox 1205 4205 1477 4275; x_wconf 83' lang='lat' dir='ltr'><strong>prohibet,</strong></span> <span class='ocrx_word' id='word_1_464' title='bbox 1510 4209 1637 4276; x_wconf 88' lang='lat' dir='ltr'><strong>quia</strong></span> <span class='ocrx_word' id='word_1_465' title='bbox 1661 4208 1836 4266; x_wconf 68' lang='lat' dir='ltr'><strong>haere-</strong></span> 
     </span>
    </p>
   </div>
   <div class='ocr_carea' id='block_1_67' title="bbox 215 4288 1833 4360">
    <p class='ocr_par' dir='ltr' id='par_1_67' title="bbox 215 4288 1833 4360">
     <span class='ocr_line' id='line_1_67' title="bbox 215 4288 1833 4360; baseline 0.008 -15"><span class='ocrx_word' id='word_1_466' title='bbox 215 4290 326 4346; x_wconf 89' lang='lat' dir='ltr'><strong>sim</strong></span> <span class='ocrx_word' id='word_1_467' title='bbox 367 4288 732 4360; x_wconf 87' lang='lat' dir='ltr'><strong>interponere</strong></span> <span class='ocrx_word' id='word_1_468' title='bbox 754 4293 976 4354; x_wconf 85' lang='lat' dir='ltr'><strong>omnino</strong></span> <span class='ocrx_word' id='word_1_469' title='bbox 996 4309 1106 4352; x_wconf 87' lang='lat' dir='ltr'><strong>non</strong></span> <span class='ocrx_word' id='word_1_470' title='bbox 1124 4298 1421 4356; x_wconf 82' lang='lat' dir='ltr'><strong>consentit.</strong></span> <span class='ocrx_word' id='word_1_471' title='bbox 1455 4300 1657 4356; x_wconf 85' lang='lat' dir='ltr'><strong>Semen</strong></span> <span class='ocrx_word' id='word_1_472' title='bbox 1683 4301 1833 4358; x_wconf 85' lang='lat' dir='ltr'><strong>enim</strong></span> 
     </span>
    </p>
   </div>
   <div class='ocr_carea' id='block_1_68' title="bbox 216 4379 1833 4463">
    <p class='ocr_par' dir='ltr' id='par_1_68' title="bbox 216 4379 1833 4463">
     <span class='ocr_line' id='line_1_68' title="bbox 216 4379 1833 4463; baseline 0.011 -29"><span class='ocrx_word' id='word_1_473' title='bbox 216 4379 438 4440; x_wconf 87' lang='lat' dir='ltr'><strong>bonum</strong></span> <span class='ocrx_word' id='word_1_474' title='bbox 465 4387 556 4434; x_wconf 86' lang='lat' dir='ltr'><strong>est</strong></span> <span class='ocrx_word' id='word_1_475' title='bbox 575 4382 804 4447; x_wconf 78' lang='lat' dir='ltr'><strong>verbum</strong></span> <span class='ocrx_word' id='word_1_476' title='bbox 838 4384 956 4446; x_wconf 83' lang='lat' dir='ltr'><strong>Dei.</strong></span> <span class='ocrx_word' id='word_1_477' title='bbox 997 4385 1196 4451; x_wconf 79' lang='lat' dir='ltr'><strong>Semen</strong></span> <span class='ocrx_word' id='word_1_478' title='bbox 1232 4397 1414 4450; x_wconf 79' lang='lat' dir='ltr'><strong>autem</strong></span> <span class='ocrx_word' id='word_1_479' title='bbox 1444 4408 1702 4463; x_wconf 84' lang='lat' dir='ltr'><strong>nequam,</strong></span> <span class='ocrx_word' id='word_1_480' title='bbox 1744 4410 1833 4450; x_wconf 54' lang='lat' dir='ltr'><strong>er:-</strong></span> 
     </span>
    </p>
   </div>
   <div class='ocr_carea' id='block_1_69' title="bbox 1935 3183 3525 3262">
    <p class='ocr_par' dir='ltr' id='par_1_69' title="bbox 1935 3183 3525 3262">
     <span class='ocr_line' id='line_1_69' title="bbox 1935 3183 3525 3262; baseline 0.003 -20"><span class='ocrx_word' id='word_1_481' title='bbox 1935 3202 2001 3243; x_wconf 91' lang='lat' dir='ltr'><strong>ea</strong></span> <span class='ocrx_word' id='word_1_482' title='bbox 2042 3204 2162 3259; x_wconf 67' lang='lat' dir='ltr'><strong>quae</strong></span> <span class='ocrx_word' id='word_1_483' title='bbox 2199 3205 2258 3250; x_wconf 83' lang='lat' dir='ltr'><strong>se</strong></span> <span class='ocrx_word' id='word_1_484' title='bbox 2301 3204 2410 3246; x_wconf 89' lang='lat' dir='ltr'><strong>non</strong></span> <span class='ocrx_word' id='word_1_485' title='bbox 2449 3190 2743 3249; x_wconf 76' lang='lat' dir='ltr'><strong>continens</strong></span> <span class='ocrx_word' id='word_1_486' title='bbox 2784 3191 2990 3261; x_wconf 83' lang='lat' dir='ltr'><strong>nupsit,</strong></span> <span class='ocrx_word' id='word_1_487' title='bbox 3020 3191 3257 3260; x_wconf 84' lang='lat' dir='ltr'><strong>speciem</strong></span> <span class='ocrx_word' id='word_1_488' title='bbox 3295 3183 3525 3262; x_wconf 76' lang='lat' dir='ltr'><strong>virginis</strong></span> 
     </span>
    </p>
   </div>
   <div class='ocr_carea' id='block_1_70' title="bbox 1931 3279 3525 3352">
    <p class='ocr_par' dir='ltr' id='par_1_70' title="bbox 1931 3279 3525 3352">
     <span class='ocr_line' id='line_1_70' title="bbox 1931 3279 3525 3352; baseline 0 -18"><span class='ocrx_word' id='word_1_489' title='bbox 1931 3287 2090 3352; x_wconf 82' lang='lat' dir='ltr'><strong>gerat</strong></span> <span class='ocrx_word' id='word_1_490' title='bbox 2118 3297 2132 3336; x_wconf 86' lang='lat'><strong>:</strong></span> <span class='ocrx_word' id='word_1_491' title='bbox 2165 3280 2314 3342; x_wconf 83' lang='lat' dir='ltr'><strong>omni</strong></span> <span class='ocrx_word' id='word_1_492' title='bbox 2341 3281 2504 3338; x_wconf 86' lang='lat' dir='ltr'><strong>modo</strong></span> <span class='ocrx_word' id='word_1_493' title='bbox 2535 3282 2641 3338; x_wconf 85' lang='lat' dir='ltr'><strong>hoc</strong></span> <span class='ocrx_word' id='word_1_494' title='bbox 2661 3289 2946 3352; x_wconf 86' lang='lat' dir='ltr'><strong>peccatum</strong></span> <span class='ocrx_word' id='word_1_495' title='bbox 2973 3287 3076 3336; x_wconf 82' lang='lat' dir='ltr'><strong>est.</strong></span> <span class='ocrx_word' id='word_1_496' title='bbox 3113 3280 3180 3335; x_wconf 85' lang='lat' dir='ltr'><strong>Et</strong></span> <span class='ocrx_word' id='word_1_497' title='bbox 3205 3281 3250 3335; x_wconf 82' lang='lat' dir='ltr'><strong>si</strong></span> <span class='ocrx_word' id='word_1_498' title='bbox 3280 3281 3410 3350; x_wconf 85' lang='lat' dir='ltr'><strong>quid</strong></span> <span class='ocrx_word' id='word_1_499' title='bbox 3439 3279 3525 3334; x_wconf 89' lang='lat' dir='ltr'><strong>in-</strong></span> 
     </span>
    </p>
   </div>
   <div class='ocr_carea' id='block_1_71' title="bbox 1933 3369 3523 3444">
    <p class='ocr_par' dir='ltr' id='par_1_71' title="bbox 1933 3369 3523 3444">
     <span class='ocr_line' id='line_1_71' title="bbox 1933 3369 3523 3444; baseline -0.001 -16"><span class='ocrx_word' id='word_1_500' title='bbox 1933 3372 2324 3433; x_wconf 84' lang='lat' dir='ltr'><strong>convenienter</strong></span> <span class='ocrx_word' id='word_1_501' title='bbox 2359 3388 2428 3430; x_wconf 78' lang='lat' dir='ltr'><strong>ex</strong></span> <span class='ocrx_word' id='word_1_502' title='bbox 2471 3373 2691 3430; x_wconf 82' lang='lat' dir='ltr'><strong>diverso</strong></span> <span class='ocrx_word' id='word_1_503' title='bbox 2717 3387 2921 3444; x_wconf 83' lang='lat' dir='ltr'><strong>genere</strong></span> <span class='ocrx_word' id='word_1_504' title='bbox 2963 3372 3051 3428; x_wconf 73' lang='lat' dir='ltr'><strong>vel</strong></span> <span class='ocrx_word' id='word_1_505' title='bbox 3089 3369 3382 3444; x_wconf 81' lang='lat' dir='ltr'><strong>regionein</strong></span> <span class='ocrx_word' id='word_1_506' title='bbox 3411 3369 3523 3427; x_wconf 75' lang='lat' dir='ltr'><strong>vita</strong></span> 
     </span>
    </p>
   </div>
   <div class='ocr_carea' id='block_1_72' title="bbox 1933 3462 3524 3534">
    <p class='ocr_par' dir='ltr' id='par_1_72' title="bbox 1933 3462 3524 3534">
     <span class='ocr_line' id='line_1_72' title="bbox 1933 3462 3524 3534; baseline -0.001 -16"><span class='ocrx_word' id='word_1_507' title='bbox 1933 3463 2198 3534; x_wconf 87' lang='lat' dir='ltr'><strong>cujusque</strong></span> <span class='ocrx_word' id='word_1_508' title='bbox 2241 3463 2576 3522; x_wconf 79' lang='lat' dir='ltr'><strong>contexitur.</strong></span> <span class='ocrx_word' id='word_1_509' title='bbox 2617 3462 2824 3521; x_wconf 83' lang='lat' dir='ltr'><strong>Verum</strong></span> <span class='ocrx_word' id='word_1_510' title='bbox 2859 3463 2993 3518; x_wconf 80' lang='lat' dir='ltr'><strong>illud</strong></span> <span class='ocrx_word' id='word_1_511' title='bbox 3027 3470 3157 3518; x_wconf 89' lang='lat' dir='ltr'><strong>tunc</strong></span> <span class='ocrx_word' id='word_1_512' title='bbox 3183 3463 3524 3532; x_wconf 70' lang='lat' dir='ltr'><strong>ﬁgurabatur</strong></span> 
     </span>
    </p>
   </div>
   <div class='ocr_carea' id='block_1_73' title="bbox 1934 3549 3520 3624">
    <p class='ocr_par' dir='ltr' id='par_1_73' title="bbox 1934 3549 3520 3624">
     <span class='ocr_line' id='line_1_73' title="bbox 1934 3549 3520 3624; baseline -0.003 -12"><span class='ocrx_word' id='word_1_513' title='bbox 1934 3553 1992 3612; x_wconf 84' lang='lat' dir='ltr'><strong>in</strong></span> <span class='ocrx_word' id='word_1_514' title='bbox 2020 3555 2291 3620; x_wconf 72' lang='lat' dir='ltr'><strong>vestibus,</strong></span> <span class='ocrx_word' id='word_1_515' title='bbox 2318 3555 2463 3624; x_wconf 89' lang='lat' dir='ltr'><strong>quod</strong></span> <span class='ocrx_word' id='word_1_516' title='bbox 2489 3569 2635 3614; x_wconf 81' lang='lat' dir='ltr'><strong>nunc</strong></span> <span class='ocrx_word' id='word_1_517' title='bbox 2665 3553 2974 3612; x_wconf 58' lang='lat' dir='ltr'><strong>declaratur</strong></span> <span class='ocrx_word' id='word_1_518' title='bbox 2989 3553 3051 3607; x_wconf 88' lang='lat' dir='ltr'><strong>in</strong></span> <span class='ocrx_word' id='word_1_519' title='bbox 3073 3553 3339 3607; x_wconf 79' lang='lat' dir='ltr'><strong>moribus.</strong></span> <span class='ocrx_word' id='word_1_520' title='bbox 3375 3549 3520 3607; x_wconf 64' lang='grc' dir='ltr'><strong><em>επεν</em></strong></span> 
     </span>
    </p>
   </div>
   <div class='ocr_carea' id='block_1_74' title="bbox 1935 3639 3522 3712">
    <p class='ocr_par' dir='ltr' id='par_1_74' title="bbox 1935 3639 3522 3712">
     <span class='ocr_line' id='line_1_74' title="bbox 1935 3639 3522 3712; baseline -0.001 -16"><span class='ocrx_word' id='word_1_521' title='bbox 1935 3641 2141 3704; x_wconf 79' lang='lat' dir='ltr'><strong>niculos</strong></span> <span class='ocrx_word' id='word_1_522' title='bbox 2169 3643 2224 3696; x_wconf 91' lang='lat' dir='ltr'><strong>in</strong></span> <span class='ocrx_word' id='word_1_523' title='bbox 2255 3641 2483 3706; x_wconf 70' lang='lat' dir='ltr'><strong>ﬁmbriis</strong></span> <span class='ocrx_word' id='word_1_524' title='bbox 2509 3642 2680 3703; x_wconf 77' lang='lat' dir='ltr'><strong>facies</strong></span> <span class='ocrx_word' id='word_1_525' title='bbox 2696 3681 2711 3707; x_wconf 89' lang='lat'><strong>,</strong></span> <span class='ocrx_word' id='word_1_526' title='bbox 2737 3655 2838 3710; x_wconf 81' lang='lat' dir='ltr'><strong>per</strong></span> <span class='ocrx_word' id='word_1_527' title='bbox 2855 3649 3096 3711; x_wconf 83' lang='lat' dir='ltr'><strong>qua-tuor</strong></span> <span class='ocrx_word' id='word_1_528' title='bbox 3129 3639 3354 3712; x_wconf 75' lang='lat' dir='ltr'><strong>angulos</strong></span> <span class='ocrx_word' id='word_1_529' title='bbox 3375 3639 3522 3710; x_wconf 69' lang='lat' dir='ltr'><strong>patlil</strong></span> 
     </span>
    </p>
   </div>
   <div class='ocr_carea' id='block_1_75' title="bbox 1932 3729 3522 3804">
    <p class='ocr_par' dir='ltr' id='par_1_75' title="bbox 1932 3729 3522 3804">
     <span class='ocr_line' id='line_1_75' title="bbox 1932 3729 3522 3804; baseline -0.002 -18"><span class='ocrx_word' id='word_1_530' title='bbox 1932 3731 2012 3794; x_wconf 82' lang='lat' dir='ltr'><strong>tui</strong></span> <span class='ocrx_word' id='word_1_531' title='bbox 2029 3746 2138 3801; x_wconf 88' lang='lat' dir='ltr'><strong>quo</strong></span> <span class='ocrx_word' id='word_1_532' title='bbox 2166 3731 2414 3804; x_wconf 81' lang='lat' dir='ltr'><strong>operiris.</strong></span> <span class='ocrx_word' id='word_1_533' title='bbox 2432 3750 2452 3786; x_wconf 76' lang='grc' dir='ltr'><strong><em>ι</em></strong></span> <span class='ocrx_word' id='word_1_534' title='bbox 2480 3730 2958 3801; x_wconf 66' lang='lat' dir='ltr'><strong>Iussermouoque</strong></span> <span class='ocrx_word' id='word_1_535' title='bbox 2981 3729 3197 3801; x_wconf 61' lang='lat' dir='ltr'><strong>“Moyses</strong></span> <span class='ocrx_word' id='word_1_536' title='bbox 3217 3739 3276 3784; x_wconf 87' lang='lat' dir='ltr'><strong>ut</strong></span> <span class='ocrx_word' id='word_1_537' title='bbox 3307 3730 3522 3800; x_wconf 70' lang='lat' dir='ltr'><strong>in‘quao‘</strong></span> 
     </span>
    </p>
   </div>
   <div class='ocr_carea' id='block_1_76' title="bbox 1936 3823 3524 3897">
    <p class='ocr_par' dir='ltr' id='par_1_76' title="bbox 1936 3823 3524 3897">
     <span class='ocr_line' id='line_1_76' title="bbox 1936 3823 3524 3897; baseline -0.007 -9"><span class='ocrx_word' id='word_1_538' title='bbox 1936 3833 2062 3888; x_wconf 81' lang='lat' dir='ltr'><strong>tuor</strong></span> <span class='ocrx_word' id='word_1_539' title='bbox 2099 3825 2314 3897; x_wconf 78' lang='lat' dir='ltr'><strong>angulis</strong></span> <span class='ocrx_word' id='word_1_540' title='bbox 2362 3824 2648 3896; x_wconf 78' lang='lat' dir='ltr'><strong>palliorum</strong></span> <span class='ocrx_word' id='word_1_541' title='bbox 2689 3825 3074 3896; x_wconf 78' lang='lat' dir='ltr'><strong>hyacinthinus</strong></span> <span class='ocrx_word' id='word_1_542' title='bbox 3103 3823 3350 3880; x_wconf 79' lang='lat' dir='ltr'><strong>ﬁmbrias</strong></span> <span class='ocrx_word' id='word_1_543' title='bbox 3377 3823 3524 3878; x_wconf 78' lang='lat' dir='ltr'><strong>faoo-</strong></span> 
     </span>
    </p>
   </div>
   <div class='ocr_carea' id='block_1_77' title="bbox 1936 3914 3523 3988">
    <p class='ocr_par' dir='ltr' id='par_1_77' title="bbox 1936 3914 3523 3988">
     <span class='ocr_line' id='line_1_77' title="bbox 1936 3914 3523 3988; baseline -0.001 -15"><span class='ocrx_word' id='word_1_544' title='bbox 1936 3925 2061 3973; x_wconf 86' lang='lat' dir='ltr'><strong>rent</strong></span> <span class='ocrx_word' id='word_1_545' title='bbox 2087 3917 2156 3974; x_wconf 84' lang='lat' dir='ltr'><strong>ad</strong></span> <span class='ocrx_word' id='word_1_546' title='bbox 2181 3914 2350 3972; x_wconf 81' lang='lat' dir='ltr'><strong>lsrael</strong></span> <span class='ocrx_word' id='word_1_547' title='bbox 2377 3916 2639 3987; x_wconf 64' lang='lat' dir='ltr'><strong>popinam</strong></span> <span class='ocrx_word' id='word_1_548' title='bbox 2673 3916 3135 3988; x_wconf 64' lang='lat' dir='ltr'><strong>dignoseendum;</strong></span> <span class='ocrx_word' id='word_1_549' title='bbox 3167 3924 3229 3971; x_wconf 86' lang='lat' dir='ltr'><strong>ut</strong></span> <span class='ocrx_word' id='word_1_550' title='bbox 3243 3914 3523 3985; x_wconf 79' lang='lat' dir='ltr'><strong>quomodo</strong></span> 
     </span>
    </p>
   </div>
   <div class='ocr_carea' id='block_1_78' title="bbox 1936 4007 3522 4079">
    <p class='ocr_par' dir='ltr' id='par_1_78' title="bbox 1936 4007 3522 4079">
     <span class='ocr_line' id='line_1_78' title="bbox 1936 4007 3522 4079; baseline -0.005 -9"><span class='ocrx_word' id='word_1_551' title='bbox 1936 4009 1995 4070; x_wconf 84' lang='lat' dir='ltr'><strong>in</strong></span> <span class='ocrx_word' id='word_1_552' title='bbox 2035 4009 2356 4079; x_wconf 76' lang='lat' dir='ltr'><strong>corporibus</strong></span> <span class='ocrx_word' id='word_1_553' title='bbox 2407 4009 2757 4070; x_wconf 76' lang='lat' dir='ltr'><strong>circumcisio</strong></span> <span class='ocrx_word' id='word_1_554' title='bbox 2799 4009 2977 4079; x_wconf 72' lang='lat' dir='ltr'><strong>geniis</strong></span> <span class='ocrx_word' id='word_1_555' title='bbox 3021 4007 3260 4064; x_wconf 77' lang='lat' dir='ltr'><strong>Judaiene</strong></span> <span class='ocrx_word' id='word_1_556' title='bbox 3304 4007 3522 4078; x_wconf 81' lang='lat' dir='ltr'><strong>signum</strong></span> 
     </span>
    </p>
   </div>
   <div class='ocr_carea' id='block_1_79' title="bbox 1935 4099 3517 4173">
    <p class='ocr_par' dir='ltr' id='par_1_79' title="bbox 1935 4099 3517 4173">
     <span class='ocr_line' id='line_1_79' title="bbox 1935 4099 3517 4173; baseline -0.001 -15"><span class='ocrx_word' id='word_1_557' title='bbox 1935 4103 2112 4170; x_wconf 74' lang='lat' dir='ltr'><strong>daret,</strong></span> <span class='ocrx_word' id='word_1_558' title='bbox 2159 4103 2237 4158; x_wconf 90' lang='lat' dir='ltr'><strong>ita</strong></span> <span class='ocrx_word' id='word_1_559' title='bbox 2281 4110 2339 4158; x_wconf 86' lang='lat' dir='ltr'><strong>et</strong></span> <span class='ocrx_word' id='word_1_560' title='bbox 2374 4102 2541 4159; x_wconf 84' lang='lat' dir='ltr'><strong>vestis</strong></span> <span class='ocrx_word' id='word_1_561' title='bbox 2588 4102 2828 4173; x_wconf 82' lang='lat' dir='ltr'><strong>aliquam</strong></span> <span class='ocrx_word' id='word_1_562' title='bbox 2857 4102 3087 4159; x_wconf 80' lang='lat' dir='ltr'><strong>haberet</strong></span> <span class='ocrx_word' id='word_1_563' title='bbox 3135 4099 3517 4157; x_wconf 70' lang='lat' dir='ltr'><strong>ditior-entiam.</strong></span> 
     </span>
    </p>
   </div>
   <div class='ocr_carea' id='block_1_80' title="bbox 1937 4193 3518 4268">
    <p class='ocr_par' dir='ltr' id='par_1_80' title="bbox 1937 4193 3518 4268">
     <span class='ocr_line' id='line_1_80' title="bbox 1937 4193 3518 4268; baseline -0.001 -16"><span class='ocrx_word' id='word_1_564' title='bbox 1937 4193 2046 4251; x_wconf 86' lang='lat' dir='ltr'><strong>Sed</strong></span> <span class='ocrx_word' id='word_1_565' title='bbox 2072 4204 2128 4252; x_wconf 89' lang='lat' dir='ltr'><strong>et</strong></span> <span class='ocrx_word' id='word_1_566' title='bbox 2150 4197 2204 4252; x_wconf 89' lang='lat' dir='ltr'><strong>in</strong></span> <span class='ocrx_word' id='word_1_567' title='bbox 2229 4196 2524 4267; x_wconf 82' lang='lat' dir='ltr'><strong>Evangelio</strong></span> <span class='ocrx_word' id='word_1_568' title='bbox 2545 4203 2846 4266; x_wconf 86' lang='lat' dir='ltr'><strong>arguuntur</strong></span> <span class='ocrx_word' id='word_1_569' title='bbox 2871 4195 3232 4266; x_wconf 79' lang='lat' dir='ltr'><strong>superstitiosi</strong></span> <span class='ocrx_word' id='word_1_570' title='bbox 3250 4195 3518 4268; x_wconf 76' lang='lat' dir='ltr'><strong>magistri,</strong></span> 
     </span>
    </p>
   </div>
   <div class='ocr_carea' id='block_1_81' title="bbox 1936 4288 3523 4360">
    <p class='ocr_par' dir='ltr' id='par_1_81' title="bbox 1936 4288 3523 4360">
     <span class='ocr_line' id='line_1_81' title="bbox 1936 4288 3523 4360; baseline -0.003 -14"><span class='ocrx_word' id='word_1_571' title='bbox 1936 4290 2079 4359; x_wconf 85' lang='lat' dir='ltr'><strong>quod</strong></span> <span class='ocrx_word' id='word_1_572' title='bbox 2099 4297 2385 4360; x_wconf 82' lang='lat' dir='ltr'><strong>captantes</strong></span> <span class='ocrx_word' id='word_1_573' title='bbox 2408 4305 2599 4344; x_wconf 87' lang='lat' dir='ltr'><strong>auram</strong></span> <span class='ocrx_word' id='word_1_574' title='bbox 2627 4288 2970 4360; x_wconf 86' lang='lat' dir='ltr'><strong>popularem,</strong></span> <span class='ocrx_word' id='word_1_575' title='bbox 3015 4296 3179 4358; x_wconf 85' lang='lat' dir='ltr'><strong>atque</strong></span> <span class='ocrx_word' id='word_1_576' title='bbox 3208 4303 3275 4343; x_wconf 88' lang='lat' dir='ltr'><strong>ex</strong></span> <span class='ocrx_word' id='word_1_577' title='bbox 3297 4288 3523 4343; x_wconf 85' lang='lat' dir='ltr'><strong>mulier-</strong></span> 
     </span>
    </p>
   </div>
   <div class='ocr_carea' id='block_1_82' title="bbox 1934 4379 3520 4450">
    <p class='ocr_par' dir='ltr' id='par_1_82' title="bbox 1934 4379 3520 4450">
     <span class='ocr_line' id='line_1_82' title="bbox 1934 4379 3520 4450; baseline -0.003 -13"><span class='ocrx_word' id='word_1_578' title='bbox 1934 4380 2072 4437; x_wconf 89' lang='lat' dir='ltr'><strong>culis</strong></span> <span class='ocrx_word' id='word_1_579' title='bbox 2101 4389 2379 4438; x_wconf 83' lang='lat' dir='ltr'><strong>sectantes</strong></span> <span class='ocrx_word' id='word_1_580' title='bbox 2403 4381 2576 4447; x_wconf 88' lang='lat' dir='ltr'><strong>lucra,</strong></span> <span class='ocrx_word' id='word_1_581' title='bbox 2597 4380 2874 4438; x_wconf 84' lang='lat' dir='ltr'><strong>faciebant</strong></span> <span class='ocrx_word' id='word_1_582' title='bbox 2901 4380 3136 4450; x_wconf 81' lang='lat' dir='ltr'><strong>grandes</strong></span> <span class='ocrx_word' id='word_1_583' title='bbox 3159 4379 3424 4446; x_wconf 84' lang='lat' dir='ltr'><strong>ﬁmbrias,</strong></span> <span class='ocrx_word' id='word_1_584' title='bbox 3465 4389 3520 4433; x_wconf 86' lang='lat' dir='ltr'><strong>et</strong></span> 
     </span>
    </p>
   </div>
   <div class='ocr_carea' id='block_1_83' title="bbox 217 4469 3521 4557">
    <p class='ocr_par' dir='ltr' id='par_1_83' title="bbox 217 4469 3521 4557">
     <span class='ocr_line' id='line_1_83' title="bbox 217 4469 3521 4557; baseline -0.001 -29"><span class='ocrx_word' id='word_1_585' title='bbox 217 4490 314 4530; x_wconf 87' lang='lat' dir='ltr'><strong>ror</strong></span> <span class='ocrx_word' id='word_1_586' title='bbox 336 4489 516 4544; x_wconf 89' lang='lat' dir='ltr'><strong>quem</strong></span> <span class='ocrx_word' id='word_1_587' title='bbox 538 4474 789 4552; x_wconf 78' lang='lat' dir='ltr'><strong>inimicus</strong></span> <span class='ocrx_word' id='word_1_588' title='bbox 812 4480 974 4542; x_wconf 71' lang='lat' dir='ltr'><strong>homo</strong></span> <span class='ocrx_word' id='word_1_589' title='bbox 994 4485 1288 4546; x_wconf 51' lang='lat' dir='ltr'><strong>seminavit</strong></span> <span class='ocrx_word' id='word_1_590' title='bbox 1307 4486 1362 4542; x_wconf 74' lang='lat' dir='ltr'><strong>in</strong></span> <span class='ocrx_word' id='word_1_591' title='bbox 1379 4502 1513 4557; x_wconf 61' lang='grc' dir='ltr'><strong>εει-ο</strong></span> <span class='ocrx_word' id='word_1_592' title='bbox 1526 4487 1827 4556; x_wconf 59' lang='lat' dir='ltr'><strong>nmmum),</strong></span> <span class='ocrx_word' id='word_1_593' title='bbox 1854 4469 1910 4531; x_wconf 91' lang='lat' dir='ltr'><strong>D</strong></span> <span class='ocrx_word' id='word_1_594' title='bbox 1935 4475 2277 4536; x_wconf 81' lang='lat' dir='ltr'><strong>acutissimas</strong></span> <span class='ocrx_word' id='word_1_595' title='bbox 2304 4476 2360 4533; x_wconf 89' lang='lat' dir='ltr'><strong>in</strong></span> <span class='ocrx_word' id='word_1_596' title='bbox 2389 4476 2470 4533; x_wconf 87' lang='lat' dir='ltr'><strong>eis</strong></span> <span class='ocrx_word' id='word_1_597' title='bbox 2509 4476 2694 4546; x_wconf 86' lang='lat' dir='ltr'><strong>spinas</strong></span> <span class='ocrx_word' id='word_1_598' title='bbox 2729 4473 3005 4544; x_wconf 77' lang='lat' dir='ltr'><strong>ligabant-z</strong></span> <span class='ocrx_word' id='word_1_599' title='bbox 3037 4477 3097 4524; x_wconf 88' lang='lat' dir='ltr'><strong>ut</strong></span> <span class='ocrx_word' id='word_1_600' title='bbox 3124 4469 3376 4525; x_wconf 82' lang='lat' dir='ltr'><strong>videlicet</strong></span> <span class='ocrx_word' id='word_1_601' title='bbox 3406 4487 3521 4525; x_wconf 86' lang='lat' dir='ltr'><strong>am-</strong></span> 
     </span>
    </p>
   </div>
   <div class='ocr_carea' id='block_1_84' title="bbox 215 4564 3518 4647">
    <p class='ocr_par' dir='ltr' id='par_1_84' title="bbox 215 4564 3518 4647">
     <span class='ocr_line' id='line_1_84' title="bbox 215 4564 3518 4647; baseline 0 -28"><span class='ocrx_word' id='word_1_602' title='bbox 215 4565 368 4620; x_wconf 88' lang='lat' dir='ltr'><strong>sicut</strong></span> <span class='ocrx_word' id='word_1_603' title='bbox 419 4565 484 4619; x_wconf 88' lang='lat' dir='ltr'><strong>in</strong></span> <span class='ocrx_word' id='word_1_604' title='bbox 529 4565 825 4639; x_wconf 86' lang='lat' dir='ltr'><strong>Evangelio</strong></span> <span class='ocrx_word' id='word_1_605' title='bbox 861 4571 1058 4644; x_wconf 76' lang='lat' dir='ltr'><strong>legitur</strong></span> <span class='ocrx_word' id='word_1_606' title='bbox 1095 4575 1311 4645; x_wconf 61' lang='lat' dir='ltr'><strong>(Manli.</strong></span> <span class='ocrx_word' id='word_1_607' title='bbox 1345 4577 1443 4647; x_wconf 69' lang='lat' dir='ltr'><strong>x1).</strong></span> <span class='ocrx_word' id='word_1_608' title='bbox 1492 4578 1601 4634; x_wconf 78' lang='lat' dir='ltr'><strong>sed</strong></span> <span class='ocrx_word' id='word_1_609' title='bbox 1632 4594 1829 4635; x_wconf 67' lang='lat' dir='ltr'><strong>cavea.</strong></span> <span class='ocrx_word' id='word_1_610' title='bbox 1931 4569 2183 4624; x_wconf 81' lang='lat' dir='ltr'><strong>halantes</strong></span> <span class='ocrx_word' id='word_1_611' title='bbox 2201 4577 2258 4623; x_wconf 90' lang='lat' dir='ltr'><strong>et</strong></span> <span class='ocrx_word' id='word_1_612' title='bbox 2275 4569 2546 4633; x_wconf 85' lang='lat' dir='ltr'><strong>sedentes,</strong></span> <span class='ocrx_word' id='word_1_613' title='bbox 2563 4567 2842 4621; x_wconf 77' lang='lat' dir='ltr'><strong>interdum</strong></span> <span class='ocrx_word' id='word_1_614' title='bbox 2869 4571 3260 4634; x_wconf 79' lang='lat' dir='ltr'><strong>pangerentur,</strong></span> <span class='ocrx_word' id='word_1_615' title='bbox 3291 4564 3518 4633; x_wconf 83' lang='lat' dir='ltr'><strong>etquosi</strong></span> 
     </span>
    </p>
   </div>
   <div class='ocr_carea' id='block_1_85' title="bbox 217 4658 1829 4736">
    <p class='ocr_par' dir='ltr' id='par_1_85' title="bbox 217 4658 1829 4736">
     <span class='ocr_line' id='line_1_85' title="bbox 217 4658 1829 4736; baseline 0.009 -24"><span class='ocrx_word' id='word_1_616' title='bbox 217 4658 352 4713; x_wconf 91' lang='lat' dir='ltr'><strong>dum</strong></span> <span class='ocrx_word' id='word_1_617' title='bbox 379 4667 476 4722; x_wconf 83' lang='lat' dir='ltr'><strong>est</strong></span> <span class='ocrx_word' id='word_1_618' title='bbox 501 4659 652 4713; x_wconf 91' lang='lat' dir='ltr'><strong>omni</strong></span> <span class='ocrx_word' id='word_1_619' title='bbox 682 4660 843 4715; x_wconf 89' lang='lat' dir='ltr'><strong>modo</strong></span> <span class='ocrx_word' id='word_1_620' title='bbox 871 4678 941 4718; x_wconf 90' lang='lat' dir='ltr'><strong>ne</strong></span> <span class='ocrx_word' id='word_1_621' title='bbox 975 4664 1179 4736; x_wconf 84' lang='lat' dir='ltr'><strong>aliquid</strong></span> <span class='ocrx_word' id='word_1_622' title='bbox 1224 4669 1589 4726; x_wconf 88' lang='lat' dir='ltr'><strong>intermistum</strong></span> <span class='ocrx_word' id='word_1_623' title='bbox 1635 4671 1690 4725; x_wconf 89' lang='lat' dir='ltr'><strong>in</strong></span> <span class='ocrx_word' id='word_1_624' title='bbox 1730 4672 1829 4727; x_wconf 90' lang='lat' dir='ltr'><strong>do-</strong></span> 
     </span>
    </p>
   </div>
   <div class='ocr_carea' id='block_1_86' title="bbox 213 4749 1831 4832">
    <p class='ocr_par' dir='ltr' id='par_1_86' title="bbox 213 4749 1831 4832">
     <span class='ocr_line' id='line_1_86' title="bbox 213 4749 1831 4832; baseline 0.007 -27"><span class='ocrx_word' id='word_1_625' title='bbox 213 4751 404 4805; x_wconf 90' lang='lat' dir='ltr'><strong>ctrina</strong></span> <span class='ocrx_word' id='word_1_626' title='bbox 431 4765 541 4806; x_wconf 90' lang='lat' dir='ltr'><strong>sua</strong></span> <span class='ocrx_word' id='word_1_627' title='bbox 570 4749 881 4810; x_wconf 87' lang='lat' dir='ltr'><strong>inveniatur</strong></span> <span class='ocrx_word' id='word_1_628' title='bbox 904 4757 1127 4823; x_wconf 86' lang='lat' dir='ltr'><strong>erroris,</strong></span> <span class='ocrx_word' id='word_1_629' title='bbox 1164 4773 1233 4816; x_wconf 90' lang='lat' dir='ltr'><strong>ne</strong></span> <span class='ocrx_word' id='word_1_630' title='bbox 1269 4759 1409 4817; x_wconf 90' lang='lat' dir='ltr'><strong>forte</strong></span> <span class='ocrx_word' id='word_1_631' title='bbox 1450 4771 1831 4832; x_wconf 84' lang='lat' dir='ltr'><strong>corrumpatur</strong></span> 
     </span>
    </p>
   </div>
   <div class='ocr_carea' id='block_1_87' title="bbox 212 4842 1829 4914">
    <p class='ocr_par' dir='ltr' id='par_1_87' title="bbox 212 4842 1829 4914">
     <span class='ocr_line' id='line_1_87' title="bbox 212 4842 1829 4914; baseline 0.009 -18"><span class='ocrx_word' id='word_1_632' title='bbox 212 4842 352 4897; x_wconf 90' lang='lat' dir='ltr'><strong>vitio</strong></span> <span class='ocrx_word' id='word_1_633' title='bbox 399 4849 608 4898; x_wconf 90' lang='lat' dir='ltr'><strong>nostro</strong></span> <span class='ocrx_word' id='word_1_634' title='bbox 647 4843 705 4899; x_wconf 91' lang='lat' dir='ltr'><strong>id</strong></span> <span class='ocrx_word' id='word_1_635' title='bbox 749 4846 890 4914; x_wconf 86' lang='lat' dir='ltr'><strong>quod</strong></span> <span class='ocrx_word' id='word_1_636' title='bbox 931 4862 995 4902; x_wconf 86' lang='lat' dir='ltr'><strong>ex</strong></span> <span class='ocrx_word' id='word_1_637' title='bbox 1050 4848 1191 4906; x_wconf 88' lang='lat' dir='ltr'><strong>dono</strong></span> <span class='ocrx_word' id='word_1_638' title='bbox 1234 4850 1390 4908; x_wconf 87' lang='lat' dir='ltr'><strong>nobis</strong></span> <span class='ocrx_word' id='word_1_639' title='bbox 1441 4853 1701 4908; x_wconf 89' lang='lat' dir='ltr'><strong>collatum</strong></span> <span class='ocrx_word' id='word_1_640' title='bbox 1746 4864 1829 4912; x_wconf 90' lang='lat' dir='ltr'><strong>est</strong></span> 
     </span>
    </p>
   </div>
   <div class='ocr_carea' id='block_1_88' title="bbox 214 4933 1829 5003">
    <p class='ocr_par' dir='ltr' id='par_1_88' title="bbox 214 4933 1829 5003">
     <span class='ocr_line' id='line_1_88' title="bbox 214 4933 1829 5003; baseline 0.009 -15"><span class='ocrx_word' id='word_1_641' title='bbox 214 4935 430 4994; x_wconf 90' lang='lat' dir='ltr'><strong>divino.</strong></span> <span class='ocrx_word' id='word_1_642' title='bbox 494 4933 664 4991; x_wconf 67' lang='lat' dir='ltr'><strong>«Non</strong></span> <span class='ocrx_word' id='word_1_643' title='bbox 708 4939 892 4994; x_wconf 81' lang='lat' dir='ltr'><strong>arabis</strong></span> <span class='ocrx_word' id='word_1_644' title='bbox 920 4941 975 5000; x_wconf 89' lang='lat' dir='ltr'><strong>in</strong></span> <span class='ocrx_word' id='word_1_645' title='bbox 1005 4941 1141 4998; x_wconf 89' lang='lat' dir='ltr'><strong>bove</strong></span> <span class='ocrx_word' id='word_1_646' title='bbox 1185 4943 1346 5000; x_wconf 91' lang='lat' dir='ltr'><strong>simul</strong></span> <span class='ocrx_word' id='word_1_647' title='bbox 1390 4954 1446 5000; x_wconf 89' lang='lat' dir='ltr'><strong>et</strong></span> <span class='ocrx_word' id='word_1_648' title='bbox 1485 4947 1658 5001; x_wconf 91' lang='lat' dir='ltr'><strong>asino.</strong></span> <span class='ocrx_word' id='word_1_649' title='bbox 1691 4967 1708 5000; x_wconf 78' lang='grc' dir='ltr'><strong><em>ι</em></strong></span> <span class='ocrx_word' id='word_1_650' title='bbox 1764 4947 1829 5003; x_wconf 85' lang='lat' dir='ltr'><strong>In</strong></span> 
     </span>
    </p>
   </div>
   <div class='ocr_carea' id='block_1_89' title="bbox 212 5027 1831 5109">
    <p class='ocr_par' dir='ltr' id='par_1_89' title="bbox 212 5027 1831 5109">
     <span class='ocr_line' id='line_1_89' title="bbox 212 5027 1831 5109; baseline 0.007 -27"><span class='ocrx_word' id='word_1_651' title='bbox 212 5027 377 5084; x_wconf 87' lang='lat' dir='ltr'><strong>bovis</strong></span> <span class='ocrx_word' id='word_1_652' title='bbox 421 5027 659 5085; x_wconf 88' lang='lat' dir='ltr'><strong>nomine</strong></span> <span class='ocrx_word' id='word_1_653' title='bbox 710 5031 942 5100; x_wconf 87' lang='lat' dir='ltr'><strong>populus</strong></span> <span class='ocrx_word' id='word_1_654' title='bbox 999 5049 1066 5088; x_wconf 81' lang='lat' dir='ltr'><strong>ex</strong></span> <span class='ocrx_word' id='word_1_655' title='bbox 1117 5037 1576 5104; x_wconf 73' lang='lat' dir='ltr'><strong>circumcisione,</strong></span> <span class='ocrx_word' id='word_1_656' title='bbox 1617 5039 1831 5109; x_wconf 88' lang='lat' dir='ltr'><strong>positus</strong></span> 
     </span>
    </p>
   </div>
   <div class='ocr_carea' id='block_1_90' title="bbox 214 5119 1830 5204">
    <p class='ocr_par' dir='ltr' id='par_1_90' title="bbox 214 5119 1830 5204">
     <span class='ocr_line' id='line_1_90' title="bbox 214 5119 1830 5204; baseline 0.005 -30"><span class='ocrx_word' id='word_1_657' title='bbox 214 5121 317 5175; x_wconf 89' lang='lat' dir='ltr'><strong>sub</strong></span> <span class='ocrx_word' id='word_1_658' title='bbox 335 5120 487 5196; x_wconf 11' lang='lat' dir='ltr'><strong>‘jugo</strong></span> <span class='ocrx_word' id='word_1_659' title='bbox 517 5119 678 5192; x_wconf 81' lang='lat' dir='ltr'><strong>legis,</strong></span> <span class='ocrx_word' id='word_1_660' title='bbox 722 5123 1019 5193; x_wconf 87' lang='lat' dir='ltr'><strong>accipitur;</strong></span> <span class='ocrx_word' id='word_1_661' title='bbox 1067 5125 1122 5180; x_wconf 92' lang='lat' dir='ltr'><strong>in</strong></span> <span class='ocrx_word' id='word_1_662' title='bbox 1166 5128 1320 5182; x_wconf 88' lang='lat' dir='ltr'><strong>asino</strong></span> <span class='ocrx_word' id='word_1_663' title='bbox 1359 5138 1563 5196; x_wconf 85' lang='lat' dir='ltr'><strong>autem,</strong></span> <span class='ocrx_word' id='word_1_664' title='bbox 1601 5127 1830 5204; x_wconf 88' lang='lat' dir='ltr'><strong>populus</strong></span> 
     </span>
    </p>
   </div>
   <div class='ocr_carea' id='block_1_91' title="bbox 212 5210 1829 5291">
    <p class='ocr_par' dir='ltr' id='par_1_91' title="bbox 212 5210 1829 5291">
     <span class='ocr_line' id='line_1_91' title="bbox 212 5210 1829 5291; baseline 0.007 -27"><span class='ocrx_word' id='word_1_665' title='bbox 212 5211 470 5280; x_wconf 83' lang='lat' dir='ltr'><strong>gentium</strong></span> <span class='ocrx_word' id='word_1_666' title='bbox 517 5210 804 5282; x_wconf 88' lang='lat' dir='ltr'><strong>pertinens</strong></span> <span class='ocrx_word' id='word_1_667' title='bbox 848 5213 916 5267; x_wconf 88' lang='lat' dir='ltr'><strong>ad</strong></span> <span class='ocrx_word' id='word_1_668' title='bbox 956 5214 1331 5285; x_wconf 87' lang='lat' dir='ltr'><strong>Evangelium.</strong></span> <span class='ocrx_word' id='word_1_669' title='bbox 1364 5219 1421 5272; x_wconf 92' lang='lat' dir='ltr'><strong>In</strong></span> <span class='ocrx_word' id='word_1_670' title='bbox 1447 5220 1583 5275; x_wconf 91' lang='lat' dir='ltr'><strong>bove</strong></span> <span class='ocrx_word' id='word_1_671' title='bbox 1628 5221 1829 5291; x_wconf 89' lang='lat' dir='ltr'><strong>quippe</strong></span> 
     </span>
    </p>
   </div>
   <div class='ocr_carea' id='block_1_92' title="bbox 213 5302 1831 5383">
    <p class='ocr_par' dir='ltr' id='par_1_92' title="bbox 213 5302 1831 5383">
     <span class='ocr_line' id='line_1_92' title="bbox 213 5302 1831 5383; baseline 0.009 -28"><span class='ocrx_word' id='word_1_672' title='bbox 213 5302 382 5358; x_wconf 88' lang='lat' dir='ltr'><strong>simul</strong></span> <span class='ocrx_word' id='word_1_673' title='bbox 411 5311 474 5359; x_wconf 88' lang='lat' dir='ltr'><strong>et</strong></span> <span class='ocrx_word' id='word_1_674' title='bbox 511 5302 677 5359; x_wconf 88' lang='lat' dir='ltr'><strong>asino</strong></span> <span class='ocrx_word' id='word_1_675' title='bbox 723 5314 862 5371; x_wconf 88' lang='lat' dir='ltr'><strong>arat,</strong></span> <span class='ocrx_word' id='word_1_676' title='bbox 900 5308 992 5376; x_wconf 85' lang='lat' dir='ltr'><strong>qui</strong></span> <span class='ocrx_word' id='word_1_677' title='bbox 1038 5309 1118 5364; x_wconf 90' lang='lat' dir='ltr'><strong>sic</strong></span> <span class='ocrx_word' id='word_1_678' title='bbox 1159 5311 1352 5380; x_wconf 90' lang='lat' dir='ltr'><strong>recipit</strong></span> <span class='ocrx_word' id='word_1_679' title='bbox 1387 5311 1737 5383; x_wconf 87' lang='lat' dir='ltr'><strong>Evangelinm</strong></span> <span class='ocrx_word' id='word_1_680' title='bbox 1769 5322 1831 5369; x_wconf 89' lang='lat' dir='ltr'><strong>ut</strong></span> 
     </span>
    </p>
   </div>
   <div class='ocr_carea' id='block_1_93' title="bbox 214 5392 1830 5472">
    <p class='ocr_par' dir='ltr' id='par_1_93' title="bbox 214 5392 1830 5472">
     <span class='ocr_line' id='line_1_93' title="bbox 214 5392 1830 5472; baseline 0.007 -23"><span class='ocrx_word' id='word_1_681' title='bbox 214 5392 592 5453; x_wconf 81' lang='lat' dir='ltr'><strong>Judaicarum</strong></span> <span class='ocrx_word' id='word_1_682' title='bbox 631 5399 1100 5467; x_wconf 88' lang='lat' dir='ltr'><strong>superstitionum,</strong></span> <span class='ocrx_word' id='word_1_683' title='bbox 1149 5417 1270 5472; x_wconf 78' lang='lat' dir='ltr'><strong>quae</strong></span> <span class='ocrx_word' id='word_1_684' title='bbox 1300 5404 1352 5458; x_wconf 91' lang='lat' dir='ltr'><strong>in</strong></span> <span class='ocrx_word' id='word_1_685' title='bbox 1385 5404 1579 5458; x_wconf 88' lang='lat' dir='ltr'><strong>umbra</strong></span> <span class='ocrx_word' id='word_1_686' title='bbox 1612 5415 1664 5459; x_wconf 85' lang='lat' dir='ltr'><strong>ct</strong></span> <span class='ocrx_word' id='word_1_687' title='bbox 1694 5406 1830 5460; x_wconf 89' lang='lat' dir='ltr'><strong>ima-</strong></span> 
     </span>
    </p>
   </div>
   <div class='ocr_carea' id='block_1_94' title="bbox 218 5489 1825 5567">
    <p class='ocr_par' dir='ltr' id='par_1_94' title="bbox 218 5489 1825 5567">
     <span class='ocr_line' id='line_1_94' title="bbox 218 5489 1825 5567; baseline 0.007 -25"><span class='ocrx_word' id='word_1_688' title='bbox 218 5489 348 5560; x_wconf 89' lang='lat' dir='ltr'><strong>gine</strong></span> <span class='ocrx_word' id='word_1_689' title='bbox 408 5501 839 5562; x_wconf 82' lang='lat' dir='ltr'><strong>praecesserant,</strong></span> <span class='ocrx_word' id='word_1_690' title='bbox 901 5494 1254 5550; x_wconf 82' lang='lat' dir='ltr'><strong>caeremonias</strong></span> <span class='ocrx_word' id='word_1_691' title='bbox 1304 5511 1415 5551; x_wconf 88' lang='lat' dir='ltr'><strong>non</strong></span> <span class='ocrx_word' id='word_1_692' title='bbox 1467 5495 1825 5567; x_wconf 89' lang='lat' dir='ltr'><strong>derelinquat.</strong></span> 
     </span>
    </p>
   </div>
   <div class='ocr_carea' id='block_1_95' title="bbox 216 5581 1828 5657">
    <p class='ocr_par' dir='ltr' id='par_1_95' title="bbox 216 5581 1828 5657">
     <span class='ocr_line' id='line_1_95' title="bbox 216 5581 1828 5657; baseline 0.005 -20"><span class='ocrx_word' id='word_1_693' title='bbox 216 5581 378 5651; x_wconf 84' lang='lat' dir='ltr'><strong>item,</strong></span> <span class='ocrx_word' id='word_1_694' title='bbox 411 5597 814 5653; x_wconf 89' lang='lat' dir='ltr'><strong>nonnunquam</strong></span> <span class='ocrx_word' id='word_1_695' title='bbox 841 5585 897 5645; x_wconf 88' lang='lat' dir='ltr'><strong>in</strong></span> <span class='ocrx_word' id='word_1_696' title='bbox 922 5587 1062 5642; x_wconf 88' lang='lat' dir='ltr'><strong>bove</strong></span> <span class='ocrx_word' id='word_1_697' title='bbox 1087 5587 1226 5642; x_wconf 87' lang='lat' dir='ltr'><strong>bene</strong></span> <span class='ocrx_word' id='word_1_698' title='bbox 1248 5589 1588 5657; x_wconf 89' lang='lat' dir='ltr'><strong>operantium</strong></span> <span class='ocrx_word' id='word_1_699' title='bbox 1611 5589 1745 5655; x_wconf 87' lang='lat' dir='ltr'><strong>vita,</strong></span> <span class='ocrx_word' id='word_1_700' title='bbox 1772 5591 1828 5646; x_wconf 89' lang='lat' dir='ltr'><strong>in</strong></span> 
     </span>
    </p>
   </div>
   <div class='ocr_carea' id='block_1_96' title="bbox 219 5673 1826 5754">
    <p class='ocr_par' dir='ltr' id='par_1_96' title="bbox 219 5673 1826 5754">
     <span class='ocr_line' id='line_1_96' title="bbox 219 5673 1826 5754; baseline 0.006 -27"><span class='ocrx_word' id='word_1_701' title='bbox 219 5675 383 5730; x_wconf 84' lang='lat' dir='ltr'><strong>asino</strong></span> <span class='ocrx_word' id='word_1_702' title='bbox 423 5673 730 5731; x_wconf 89' lang='lat' dir='ltr'><strong>stultorum</strong></span> <span class='ocrx_word' id='word_1_703' title='bbox 776 5677 1032 5733; x_wconf 85' lang='lat' dir='ltr'><strong>vecordia</strong></span> <span class='ocrx_word' id='word_1_704' title='bbox 1075 5679 1361 5749; x_wconf 87' lang='lat' dir='ltr'><strong>ﬁguratur.</strong></span> <span class='ocrx_word' id='word_1_705' title='bbox 1397 5678 1534 5747; x_wconf 84' lang='lat' dir='ltr'><strong>Quid</strong></span> <span class='ocrx_word' id='word_1_706' title='bbox 1561 5688 1644 5736; x_wconf 89' lang='lat' dir='ltr'><strong>est</strong></span> <span class='ocrx_word' id='word_1_707' title='bbox 1679 5696 1826 5754; x_wconf 85' lang='lat' dir='ltr'><strong>ergo,</strong></span> 
     </span>
    </p>
   </div>
   <div class='ocr_carea' id='block_1_97' title="bbox 224 5763 1822 5830">
    <p class='ocr_par' dir='ltr' id='par_1_97' title="bbox 224 5763 1822 5830">
     <span class='ocr_line' id='line_1_97' title="bbox 224 5763 1822 5830; baseline 0.006 -12"><span class='ocrx_word' id='word_1_708' title='bbox 224 5781 244 5818; x_wconf 76' lang='grc' dir='ltr'>ι</span> <span class='ocrx_word' id='word_1_709' title='bbox 271 5763 399 5822; x_wconf 83' lang='lat' dir='ltr'><strong>Non</strong></span> <span class='ocrx_word' id='word_1_710' title='bbox 429 5763 626 5824; x_wconf 84' lang='lat' dir='ltr'><strong>arabis</strong></span> <span class='ocrx_word' id='word_1_711' title='bbox 642 5763 700 5827; x_wconf 86' lang='lat' dir='ltr'><strong>in</strong></span> <span class='ocrx_word' id='word_1_712' title='bbox 726 5763 863 5826; x_wconf 85' lang='lat' dir='ltr'><strong>bove</strong></span> <span class='ocrx_word' id='word_1_713' title='bbox 889 5765 1052 5824; x_wconf 87' lang='lat' dir='ltr'><strong>simul</strong></span> <span class='ocrx_word' id='word_1_714' title='bbox 1079 5775 1134 5823; x_wconf 89' lang='lat' dir='ltr'><strong>et</strong></span> <span class='ocrx_word' id='word_1_715' title='bbox 1158 5768 1344 5830; x_wconf 85' lang='lat' dir='ltr'><strong>asino?</strong></span> <span class='ocrx_word' id='word_1_716' title='bbox 1361 5788 1380 5824; x_wconf 72' lang='grc' dir='ltr'><strong><em>ι</em></strong></span> <span class='ocrx_word' id='word_1_717' title='bbox 1409 5768 1490 5828; x_wconf 85' lang='lat' dir='ltr'><strong>Ac</strong></span> <span class='ocrx_word' id='word_1_718' title='bbox 1511 5769 1558 5828; x_wconf 88' lang='lat' dir='ltr'><strong>si</strong></span> <span class='ocrx_word' id='word_1_719' title='bbox 1587 5769 1822 5830; x_wconf 85' lang='lat' dir='ltr'><strong>diceret:</strong></span> 
     </span>
    </p>
   </div>
   <div class='ocr_carea' id='block_1_98' title="bbox 1932 4649 3519 4726">
    <p class='ocr_par' dir='ltr' id='par_1_98' title="bbox 1932 4649 3519 4726">
     <span class='ocr_line' id='line_1_98' title="bbox 1932 4649 3519 4726; baseline -0.004 -10"><span class='ocrx_word' id='word_1_720' title='bbox 1932 4661 2035 4716; x_wconf 77' lang='lat' dir='ltr'><strong>hac</strong></span> <span class='ocrx_word' id='word_1_721' title='bbox 2080 4661 2526 4726; x_wconf 83' lang='lat' dir='ltr'><strong>commonitione,</strong></span> <span class='ocrx_word' id='word_1_722' title='bbox 2578 4661 2990 4716; x_wconf 82' lang='lat' dir='ltr'><strong>retraherentur</strong></span> <span class='ocrx_word' id='word_1_723' title='bbox 3031 4655 3098 4712; x_wconf 85' lang='lat' dir='ltr'><strong>ad</strong></span> <span class='ocrx_word' id='word_1_724' title='bbox 3127 4654 3308 4712; x_wconf 85' lang='lat' dir='ltr'><strong>ofﬁcia</strong></span> <span class='ocrx_word' id='word_1_725' title='bbox 3341 4655 3432 4713; x_wconf 89' lang='lat' dir='ltr'><strong>Dei</strong></span> <span class='ocrx_word' id='word_1_726' title='bbox 3464 4649 3519 4710; x_wconf 82' lang='lat' dir='ltr'><strong>et</strong></span> 
     </span>
    </p>
   </div>
   <div class='ocr_carea' id='block_1_99' title="bbox 1933 4750 2712 4822">
    <p class='ocr_par' dir='ltr' id='par_1_99' title="bbox 1933 4750 2712 4822">
     <span class='ocr_line' id='line_1_99' title="bbox 1933 4750 2712 4822; baseline -0.009 -11"><span class='ocrx_word' id='word_1_727' title='bbox 1933 4753 2237 4812; x_wconf 77' lang='lat' dir='ltr'><strong>miniSteria</strong></span> <span class='ocrx_word' id='word_1_728' title='bbox 2265 4753 2548 4808; x_wconf 85' lang='lat' dir='ltr'><strong>servitutis</strong></span> <span class='ocrx_word' id='word_1_729' title='bbox 2571 4750 2712 4822; x_wconf 68' lang='lat' dir='ltr'><strong>eius.</strong></span> 
     </span>
    </p>
   </div>
   <div class='ocr_carea' id='block_1_100' title="bbox 2541 4859 2898 4918">
    <p class='ocr_par' dir='ltr' id='par_1_100' title="bbox 2541 4859 2898 4918">
     <span class='ocr_line' id='line_1_100' title="bbox 2541 4859 2898 4918; baseline -0.011 0"><span class='ocrx_word' id='word_1_730' title='bbox 2541 4859 2772 4918; x_wconf 80' lang='lat' dir='ltr'><strong>CAPUT</strong></span> <span class='ocrx_word' id='word_1_731' title='bbox 2810 4859 2898 4914; x_wconf 73' lang='lat' dir='ltr'><strong>IV.</strong></span> 
     </span>
    </p>
   </div>
   <div class='ocr_carea' id='block_1_101' title="bbox 1931 4931 3516 5026">
    <p class='ocr_par' dir='ltr' id='par_1_101' title="bbox 1931 4931 3516 5026">
     <span class='ocr_line' id='line_1_101' title="bbox 1931 4931 3516 5026; baseline -0.004 -18"><span class='ocrx_word' id='word_1_732' title='bbox 1931 4953 2012 5008; x_wconf 84' lang='lat' dir='ltr'><strong>De</strong></span> <span class='ocrx_word' id='word_1_733' title='bbox 2041 4970 2100 5008; x_wconf 88' lang='lat' dir='ltr'><strong>eo</strong></span> <span class='ocrx_word' id='word_1_734' title='bbox 2128 4955 2218 5026; x_wconf 85' lang='lat' dir='ltr'><strong>qui</strong></span> <span class='ocrx_word' id='word_1_735' title='bbox 2262 4955 2525 5026; x_wconf 77' lang='lat' dir='ltr'><strong>vituperat</strong></span> <span class='ocrx_word' id='word_1_736' title='bbox 2572 4968 2789 5026; x_wconf 65' lang='lat' dir='ltr'><strong>uxorein</strong></span> <span class='ocrx_word' id='word_1_737' title='bbox 2836 4967 2986 5005; x_wconf 84' lang='lat' dir='ltr'><strong>suam</strong></span> <span class='ocrx_word' id='word_1_738' title='bbox 3032 4951 3324 5026; x_wconf 77' lang='lat' dir='ltr'><strong>objiciendo</strong></span> <span class='ocrx_word' id='word_1_739' title='bbox 3351 4951 3400 5003; x_wconf 79' lang='lat' dir='ltr'><strong>ei</strong></span> <span class='ocrx_word' id='word_1_740' title='bbox 3424 4931 3516 5003; x_wconf 74' lang='lat' dir='ltr'><strong>no~</strong></span> 
     </span>
    </p>
   </div>
   <div class='ocr_carea' id='block_1_102' title="bbox 2001 5023 3438 5096">
    <p class='ocr_par' dir='ltr' id='par_1_102' title="bbox 2001 5023 3438 5096">
     <span class='ocr_line' id='line_1_102' title="bbox 2001 5023 3438 5096; baseline -0.004 -15"><span class='ocrx_word' id='word_1_741' title='bbox 2001 5042 2118 5081; x_wconf 83' lang='lat' dir='ltr'><strong>men</strong></span> <span class='ocrx_word' id='word_1_742' title='bbox 2141 5023 2425 5096; x_wconf 70' lang='lat' dir='ltr'><strong>pessimum</strong></span> <span class='ocrx_word' id='word_1_743' title='bbox 2449 5023 2812 5094; x_wconf 75' lang='lat' dir='ltr'><strong>fornicationis</strong></span> <span class='ocrx_word' id='word_1_744' title='bbox 2839 5032 2960 5077; x_wconf 80' lang='lat' dir='ltr'><strong>ante</strong></span> <span class='ocrx_word' id='word_1_745' title='bbox 2994 5025 3202 5093; x_wconf 78' lang='lat' dir='ltr'><strong>nuptias</strong></span> <span class='ocrx_word' id='word_1_746' title='bbox 3225 5030 3438 5090; x_wconf 76' lang='lat' dir='ltr'><strong>ereptas.</strong></span> 
     </span>
    </p>
   </div>
   <div class='ocr_carea' id='block_1_103' title="bbox 2005 5113 3513 5191">
    <p class='ocr_par' dir='ltr' id='par_1_103' title="bbox 2005 5113 3513 5191">
     <span class='ocr_line' id='line_1_103' title="bbox 2005 5113 3513 5191; baseline -0.002 -23"><span class='ocrx_word' id='word_1_747' title='bbox 2005 5136 2027 5168; x_wconf 73' lang='grc' dir='ltr'>ι</span> <span class='ocrx_word' id='word_1_748' title='bbox 2051 5117 2232 5191; x_wconf 68' lang='lat'><strong>(1919.)</strong></span> <span class='ocrx_word' id='word_1_749' title='bbox 2265 5117 2323 5172; x_wconf 85' lang='lat' dir='ltr'><strong>Si</strong></span> <span class='ocrx_word' id='word_1_750' title='bbox 2350 5117 2564 5173; x_wconf 79' lang='lat' dir='ltr'><strong>duxerit</strong></span> <span class='ocrx_word' id='word_1_751' title='bbox 2592 5116 2677 5170; x_wconf 89' lang='lat' dir='ltr'><strong>vir</strong></span> <span class='ocrx_word' id='word_1_752' title='bbox 2702 5131 2948 5181; x_wconf 72' lang='lat' dir='ltr'><strong>uxorem,</strong></span> <span class='ocrx_word' id='word_1_753' title='bbox 2967 5125 3023 5171; x_wconf 89' lang='lat' dir='ltr'><strong>et</strong></span> <span class='ocrx_word' id='word_1_754' title='bbox 3051 5123 3236 5185; x_wconf 87' lang='lat' dir='ltr'><strong>postea</strong></span> <span class='ocrx_word' id='word_1_755' title='bbox 3265 5113 3391 5168; x_wconf 83' lang='lat' dir='ltr'><strong>odio</strong></span> <span class='ocrx_word' id='word_1_756' title='bbox 3417 5113 3513 5166; x_wconf 79' lang='lat' dir='ltr'><strong>ha-</strong></span> 
     </span>
    </p>
   </div>
   <div class='ocr_carea' id='block_1_104' title="bbox 1937 5205 3514 5280">
    <p class='ocr_par' dir='ltr' id='par_1_104' title="bbox 1937 5205 3514 5280">
     <span class='ocr_line' id='line_1_104' title="bbox 1937 5205 3514 5280; baseline -0.002 -18"><span class='ocrx_word' id='word_1_757' title='bbox 1937 5231 1958 5262; x_wconf 70' lang='lat' dir='ltr'><strong>c</strong></span> <span class='ocrx_word' id='word_1_758' title='bbox 1989 5211 2189 5274; x_wconf 87' lang='lat' dir='ltr'><strong>buerit,</strong></span> <span class='ocrx_word' id='word_1_759' title='bbox 2233 5209 2615 5280; x_wconf 64' lang='lat' dir='ltr'><strong>quesieritque</strong></span> <span class='ocrx_word' id='word_1_760' title='bbox 2669 5209 2985 5266; x_wconf 83' lang='lat' dir='ltr'><strong>occasiones</strong></span> <span class='ocrx_word' id='word_1_761' title='bbox 3031 5207 3230 5277; x_wconf 88' lang='lat' dir='ltr'><strong>quibus</strong></span> <span class='ocrx_word' id='word_1_762' title='bbox 3273 5205 3514 5259; x_wconf 79' lang='lat' dir='ltr'><strong>dimittat</strong></span> 
     </span>
    </p>
   </div>
   <div class='ocr_carea' id='block_1_105' title="bbox 1937 5297 3507 5373">
    <p class='ocr_par' dir='ltr' id='par_1_105' title="bbox 1937 5297 3507 5373">
     <span class='ocr_line' id='line_1_105' title="bbox 1937 5297 3507 5373; baseline -0.003 -17"><span class='ocrx_word' id='word_1_763' title='bbox 1937 5321 1956 5356; x_wconf 72' lang='grc' dir='ltr'>ι</span> <span class='ocrx_word' id='word_1_764' title='bbox 1987 5317 2134 5368; x_wconf 89' lang='lat' dir='ltr'><strong>eam,</strong></span> <span class='ocrx_word' id='word_1_765' title='bbox 2159 5301 2421 5371; x_wconf 69' lang='lat' dir='ltr'><strong>oln&#39;iciens</strong></span> <span class='ocrx_word' id='word_1_766' title='bbox 2449 5303 2502 5358; x_wconf 79' lang='lat' dir='ltr'><strong>ei</strong></span> <span class='ocrx_word' id='word_1_767' title='bbox 2545 5317 2743 5360; x_wconf 87' lang='lat' dir='ltr'><strong>nomen</strong></span> <span class='ocrx_word' id='word_1_768' title='bbox 2795 5301 3094 5373; x_wconf 84' lang='lat' dir='ltr'><strong>pessimum</strong></span> <span class='ocrx_word' id='word_1_769' title='bbox 3127 5339 3142 5365; x_wconf 94' lang='lat'><strong>,</strong></span> <span class='ocrx_word' id='word_1_770' title='bbox 3171 5306 3227 5353; x_wconf 81' lang='lat' dir='ltr'><strong>et</strong></span> <span class='ocrx_word' id='word_1_771' title='bbox 3263 5297 3462 5354; x_wconf 82' lang='lat' dir='ltr'><strong>dixerit</strong></span> <span class='ocrx_word' id='word_1_772' title='bbox 3495 5315 3507 5351; x_wconf 91' lang='lat'>:</span> 
     </span>
    </p>
   </div>
   <div class='ocr_carea' id='block_1_106' title="bbox 1934 5390 3509 5464">
    <p class='ocr_par' dir='ltr' id='par_1_106' title="bbox 1934 5390 3509 5464">
     <span class='ocr_line' id='line_1_106' title="bbox 1934 5390 3509 5464; baseline -0.003 -18"><span class='ocrx_word' id='word_1_773' title='bbox 1934 5411 1954 5446; x_wconf 74' lang='grc' dir='ltr'><strong><em>ι</em></strong></span> <span class='ocrx_word' id='word_1_774' title='bbox 2000 5395 2239 5452; x_wconf 77' lang='lat' dir='ltr'><strong>Uxorem</strong></span> <span class='ocrx_word' id='word_1_775' title='bbox 2264 5395 2405 5450; x_wconf 77' lang='lat' dir='ltr'><strong>lianc</strong></span> <span class='ocrx_word' id='word_1_776' title='bbox 2459 5393 2677 5464; x_wconf 85' lang='lat' dir='ltr'><strong>accepi,</strong></span> <span class='ocrx_word' id='word_1_777' title='bbox 2703 5402 2763 5449; x_wconf 87' lang='lat' dir='ltr'><strong>et</strong></span> <span class='ocrx_word' id='word_1_778' title='bbox 2810 5397 3090 5464; x_wconf 82' lang='lat' dir='ltr'><strong>ingressus</strong></span> <span class='ocrx_word' id='word_1_779' title='bbox 3120 5390 3187 5445; x_wconf 80' lang='lat' dir='ltr'><strong>ad</strong></span> <span class='ocrx_word' id='word_1_780' title='bbox 3224 5393 3368 5454; x_wconf 81' lang='lat' dir='ltr'><strong>eam,</strong></span> <span class='ocrx_word' id='word_1_781' title='bbox 3401 5401 3509 5442; x_wconf 81' lang='lat' dir='ltr'><strong>non</strong></span> 
     </span>
    </p>
   </div>
   <div class='ocr_carea' id='block_1_107' title="bbox 1935 5481 3506 5558">
    <p class='ocr_par' dir='ltr' id='par_1_107' title="bbox 1935 5481 3506 5558">
     <span class='ocr_line' id='line_1_107' title="bbox 1935 5481 3506 5558; baseline -0.004 -16"><span class='ocrx_word' id='word_1_782' title='bbox 1935 5507 1956 5542; x_wconf 84' lang='grc'><strong><em>‹</em></strong></span> <span class='ocrx_word' id='word_1_783' title='bbox 1995 5488 2182 5545; x_wconf 84' lang='lat' dir='ltr'><strong>inveni</strong></span> <span class='ocrx_word' id='word_1_784' title='bbox 2207 5487 2472 5558; x_wconf 77' lang='lat' dir='ltr'><strong>virginem</strong></span> <span class='ocrx_word' id='word_1_785' title='bbox 2498 5504 2514 5556; x_wconf 89' lang='lat'><strong>;</strong></span> <span class='ocrx_word' id='word_1_786' title='bbox 2537 5487 2733 5543; x_wconf 85' lang='lat' dir='ltr'><strong>tollent</strong></span> <span class='ocrx_word' id='word_1_787' title='bbox 2750 5501 2871 5542; x_wconf 87' lang='lat' dir='ltr'><strong>eam</strong></span> <span class='ocrx_word' id='word_1_788' title='bbox 2901 5493 3059 5556; x_wconf 89' lang='lat' dir='ltr'><strong>pater</strong></span> <span class='ocrx_word' id='word_1_789' title='bbox 3086 5493 3144 5540; x_wconf 91' lang='lat' dir='ltr'><strong>et</strong></span> <span class='ocrx_word' id='word_1_790' title='bbox 3173 5491 3347 5538; x_wconf 89' lang='lat' dir='ltr'><strong>mater</strong></span> <span class='ocrx_word' id='word_1_791' title='bbox 3372 5481 3506 5552; x_wconf 65' lang='lat' dir='ltr'><strong>eius,</strong></span> 
     </span>
    </p>
   </div>
   <div class='ocr_carea' id='block_1_108' title="bbox 1935 5575 3509 5651">
    <p class='ocr_par' dir='ltr' id='par_1_108' title="bbox 1935 5575 3509 5651">
     <span class='ocr_line' id='line_1_108' title="bbox 1935 5575 3509 5651; baseline -0.001 -19"><span class='ocrx_word' id='word_1_792' title='bbox 1935 5598 1955 5632; x_wconf 75' lang='grc' dir='ltr'>ι</span> <span class='ocrx_word' id='word_1_793' title='bbox 2000 5589 2056 5636; x_wconf 89' lang='lat' dir='ltr'><strong>et</strong></span> <span class='ocrx_word' id='word_1_794' title='bbox 2083 5581 2262 5637; x_wconf 80' lang='lat' dir='ltr'><strong>ferent</strong></span> <span class='ocrx_word' id='word_1_795' title='bbox 2287 5597 2471 5638; x_wconf 82' lang='lat' dir='ltr'><strong>secum</strong></span> <span class='ocrx_word' id='word_1_796' title='bbox 2495 5581 2648 5651; x_wconf 86' lang='lat' dir='ltr'><strong>signa</strong></span> <span class='ocrx_word' id='word_1_797' title='bbox 2665 5577 3000 5648; x_wconf 78' lang='lat' dir='ltr'><strong>virginitatis</strong></span> <span class='ocrx_word' id='word_1_798' title='bbox 3025 5578 3145 5647; x_wconf 80' lang='lat' dir='ltr'><strong>ejus</strong></span> <span class='ocrx_word' id='word_1_799' title='bbox 3172 5577 3239 5631; x_wconf 85' lang='lat' dir='ltr'><strong>ad</strong></span> <span class='ocrx_word' id='word_1_800' title='bbox 3262 5575 3509 5631; x_wconf 87' lang='lat' dir='ltr'><strong>seniores</strong></span> 
     </span>
    </p>
   </div>
   <div class='ocr_carea' id='block_1_109' title="bbox 1934 5665 3512 5741">
    <p class='ocr_par' dir='ltr' id='par_1_109' title="bbox 1934 5665 3512 5741">
     <span class='ocr_line' id='line_1_109' title="bbox 1934 5665 3512 5741; baseline -0.001 -17"><span class='ocrx_word' id='word_1_801' title='bbox 1934 5690 1956 5724; x_wconf 73' lang='grc' dir='ltr'><strong><em>ι</em></strong></span> <span class='ocrx_word' id='word_1_802' title='bbox 1999 5672 2152 5727; x_wconf 89' lang='lat' dir='ltr'><strong>urbis</strong></span> <span class='ocrx_word' id='word_1_803' title='bbox 2176 5672 2266 5741; x_wconf 92' lang='lat' dir='ltr'><strong>qui</strong></span> <span class='ocrx_word' id='word_1_804' title='bbox 2309 5671 2364 5726; x_wconf 92' lang='lat' dir='ltr'><strong>in</strong></span> <span class='ocrx_word' id='word_1_805' title='bbox 2415 5679 2570 5741; x_wconf 87' lang='lat' dir='ltr'><strong>porta</strong></span> <span class='ocrx_word' id='word_1_806' title='bbox 2600 5675 2760 5734; x_wconf 91' lang='lat' dir='ltr'><strong>sunt,</strong></span> <span class='ocrx_word' id='word_1_807' title='bbox 2808 5674 2864 5722; x_wconf 91' lang='lat' dir='ltr'><strong>et</strong></span> <span class='ocrx_word' id='word_1_808' title='bbox 2893 5667 3036 5723; x_wconf 90' lang='lat' dir='ltr'><strong>dicet</strong></span> <span class='ocrx_word' id='word_1_809' title='bbox 3086 5676 3244 5737; x_wconf 87' lang='lat' dir='ltr'><strong>pater</strong></span> <span class='ocrx_word' id='word_1_810' title='bbox 3273 5685 3285 5722; x_wconf 91' lang='lat'>:</span> <span class='ocrx_word' id='word_1_811' title='bbox 3316 5665 3512 5722; x_wconf 84' lang='lat' dir='ltr'><strong>Filiam</strong></span> 
     </span>
    </p>
   </div>
   <div class='ocr_carea' id='block_1_110' title="bbox 1935 5759 3513 5836">
    <p class='ocr_par' dir='ltr' id='par_1_110' title="bbox 1935 5759 3513 5836">
     <span class='ocr_line' id='line_1_110' title="bbox 1935 5759 3513 5836; baseline -0.004 -14"><span class='ocrx_word' id='word_1_812' title='bbox 1935 5785 1957 5822; x_wconf 73' lang='grc' dir='ltr'>ι</span> <span class='ocrx_word' id='word_1_813' title='bbox 1998 5779 2177 5824; x_wconf 87' lang='lat' dir='ltr'><strong>meam</strong></span> <span class='ocrx_word' id='word_1_814' title='bbox 2207 5766 2328 5823; x_wconf 88' lang='lat' dir='ltr'><strong>dedi</strong></span> <span class='ocrx_word' id='word_1_815' title='bbox 2358 5765 2488 5822; x_wconf 91' lang='lat' dir='ltr'><strong>huic</strong></span> <span class='ocrx_word' id='word_1_816' title='bbox 2522 5775 2770 5821; x_wconf 87' lang='lat' dir='ltr'><strong>uxorem.</strong></span> <span class='ocrx_word' id='word_1_817' title='bbox 2809 5759 2982 5830; x_wconf 87' lang='lat' dir='ltr'><strong>Quam</strong></span> <span class='ocrx_word' id='word_1_818' title='bbox 3009 5761 3138 5836; x_wconf 88' lang='lat' dir='ltr'><strong>quia</strong></span> <span class='ocrx_word' id='word_1_819' title='bbox 3167 5761 3305 5831; x_wconf 88' lang='lat' dir='ltr'><strong>odit,</strong></span> <span class='ocrx_word' id='word_1_820' title='bbox 3339 5760 3513 5834; x_wconf 83' lang='lat' dir='ltr'><strong>impo-</strong></span> 
     </span>
    </p>
   </div>
  </div>
