3930 6344
237 343 338 403 929

1009 332 1410 392 ENARRATIO
1449 333 1676 392 SUPER
1713 332 2331 392 DEUTEBONOMIUM.
2370 355 2441 374 -ο
2478 332 2602 388 LIB.
2643 334 2730 389 lli.

3389 341 3500 397 930

238 455 508 513 dimittere
534 465 633 523 per
661 461 822 507 omne
845 454 1082 519 tempus,
1124 463 1289 518 quam
1325 448 1628 503 inordinate
1659 431 1900 518 atque'A
1930 466 1948 498 ι
1999 449 2116 512 tibi,
2146 457 2201 502 et
2219 449 2392 503 noluit
2427 448 2688 504 Dominus
2719 450 2862 504 Deus
2895 459 3020 506 tuus
3048 453 3237 510 audire
3257 455 3497 530 Balaam,

163 615 170 619 _
237 548 418 605 illicite
442 544 685 602 violavit.
730 541 786 597 Si
817 542 962 596 enim
991 541 1061 596 ob
1090 539 1195 594 hoc
1232 539 1533 607 intelligere
1577 539 1813 596 volueri-

235 656 352 695 mus
380 654 502 693 eam
543 652 649 692 non
685 649 867 706 posse,
893 632 948 687 id
968 640 1072 697 est,
1112 646 1218 686 non
1246 631 1442 687 debere
1472 632 1668 686 dimitti
1716 646 1814 701 per

1923 558 1942 591 ι
1990 541 2265 610 vertitque
2321 541 2755 598 maledictionem
2782 541 2899 610 ejus
2951 543 3005 598 in
3069 545 3502 612 benedictionem

1922 645 1942 681 ι
1989 642 2158 694 tuam,
2187 647 2251 686 eo
2286 634 2428 702 quod
2457 633 2708 706 diligeret
2734 642 2807 689 te.
2855 633 2933 689 Ne
2958 635 3128 693 facias
3148 655 3271 694 cum
3299 643 3379 700 eis
3403 661 3502 716 pa:-

232 745 390 788 omne
417 736 663 798 tempus,
696 725 825 794 quia
863 736 1001 778 uxor
1028 720 1219 776 effecta
1246 727 1367 787 est,
1401 729 1653 778 occurret
1680 719 1813 776 illud
1918 739 1939 774 ι
1982 736 2138 788 cem,
2178 737 2278 778 nec
2333 738 2546 792 quaeras
2577 725 2656 780 eis
2683 724 2847 790 bona,
2879 727 3090 782 cunctis
3133 729 3326 788 diebus
3372 735 3500 792 vita

232 820 372 894 quod
420 818 669 890 permisit
726 815 977 886 Moyses,
1029 814 1158 868 dare
1205 812 1443 868 libellum
1499 814 1708 885 repudii
1759 821 1814 871 et
1919 828 1939 863 ι
1985 819 2090 866 tuae
2111 811 2165 866 in
2189 813 2598 881 sempiternum.
2633 814 2795 868 iAlia
2814 816 2980 872 editio
2999 818 3080 874 sic
3101 819 3304 877 habet:
3333 823 3498 882 «Non

231 914 502 970 dimittere
526 911 706 984 (Deut.
735 907 906 978 xxiv).
938 907 996 962 In
1024 906 1112 961 his
1152 914 1334 962 autem
1359 922 1479 976 quae
1527 907 1713 963 illicite
1733 908 1813 963 vi.
1917 919 1938 955 ι
1981 902 2207 958 intrabit
2236 904 2574 961 Ammonites
2595 915 2652 962 et
2687 908 2948 966 Moabites
2985 911 3041 966 in
3072 914 3360 972 ecclesiam
3387 918 3496 975 Dos

230 1006 390 1070 tiant,
428 1001 600 1058 uoluit
619 1000 806 1066 licere,
833 1015 904 1055 ne
923 999 991 1054 ad
1018 998 1312 1054 ludibrium
1333 997 1527 1056 fecisse
1541 998 1808 1066 videatur,

225 1103 284 1154 ut
306 1093 493 1165 potius
518 1091 766 1148 ﬁnxisset
803 1090 947 1161 quod
969 1105 1092 1146 eam
1118 1105 1346 1148 uxorem
1375 1090 1608 1159 duxerit,
1645 1107 1810 1161 quam

223 1199 356 1240 vere
379 1183 691 1255 placitoque
721 1183 958 1238 duxisse.
987 1179 1102 1237 Hoc
1143 1187 1199 1236 et
1223 1180 1289 1236 de
1330 1180 1422 1236 illa
1439 1179 1653 1250 jussum
1700 1190 1805 1247 est,

225 1277 306 1334 cui
349 1276 515 1332 fuerit
538 1275 624 1331 vir
656 1274 1035 1340 calumniatus,
1087 1273 1156 1329 de
1185 1272 1542 1343 virginalibus
1571 1289 1681 1330 non
1725 1274 1809 1328 in-

223 1366 418 1422 ventis.
453 1383 473 1418 ι
502 1364 622 1422 Non
648 1365 876 1434 accipiet
907 1364 1072 1419 homo
1094 1376 1323 1417 uxorem
1370 1363 1541 1432 patris
1571 1363 1677 1427 sui,
1705 1377 1810 1418 nec

224 1454 486 1510 revelabit
542 1453 936 1526 operimentum
999 1451 1139 1522 ejus.
1183 1468 1204 1502 ›
1258 1449 1421 1505 Pater
1473 1458 1660 1505 noster
1707 1466 1800 1506 se-

223 1548 456 1604 cundum
493 1546 858 1603 conditionem
885 1559 991 1615 qua
1012 1559 1112 1599 nos
1141 1543 1350 1599 creavit
1400 1541 1652 1599 Christus
1673 1551 1799 1612 est;

219 1653 359 1694 uxor
385 1647 470 1695 est
488 1638 607 1709 ejus
631 1636 892 1694 Ecclesia.
924 1634 1042 1690 Non
1071 1634 1200 1690 licet
1243 1633 1450 1690 homini
1480 1633 1796 1704 dignitatem

1917 1010 1938 1045 ι
1980 993 2134 1059 mini,
2157 1009 2328 1065 usque
2372 996 2427 1050 in
2456 999 2868 1069 sempiternum.
2903 1022 2922 1055 ι
2961 1003 3199 1071 Qumstio
3247 1017 3332 1064 est
3361 1026 3497 1082 quoa

1908 1084 2072 1139 modo
2101 1084 2390 1142 intraverit
2437 1087 2608 1154 Ruth,
2645 1105 2766 1159 quae
2805 1091 3055 1150 Moabitis
3097 1095 3240 1165 fuit,
3285 1101 3351 1156 de
3385 1116 3494 1173 qua

1907 1174 2075 1230 etiam
2102 1191 2232 1232 caro
2277 1177 2492 1234 Domini
2532 1180 3160 1255 originem-accepitjvel
3185 1189 3356 1258 duxit,
3388 1193 3494 1250 nisi

1907 1265 2049 1324 forte
2082 1268 2242 1324 istam
2291 1271 2519 1342 mystice
2543 1273 2953 1343 prophetaverit
2991 1276 3318 1336 intraturam
3366 1297 3493 1340 eum

1906 1357 2004 1424 ait,
2046 1377 2067 1411 ‹
2117 1375 2288 1431 usque
2325 1361 2395 1416 ad
2435 1364 2701 1419 decimam
2731 1367 3157 1436 generationem.
3198 1391 3216 1424 ι
3255 1372 3494 1446 Compu-

1907 1456 2094 1505 tantur
2119 1453 2266 1508 enim
2308 1454 2690 1524 generationes
2718 1472 2785 1512 ex
2817 1457 3095 1514 Abraham
3135 1470 3192 1514 et
3215 1460 3378 1531 Loth,
3404 1466 3498 1534 qui

1907 1542 2096 1613 genuit
2114 1542 2378 1601 Moabitas
2396 1562 2461 1602 ex
2485 1547 2701 1605 ﬁliabus
2725 1568 2738 1604 ε
2773 1558 2828 1606 et
2855 1551 3201 1610 inveniuntur
3225 1570 3358 1611 cum
3374 1571 3493 1628 ipso

1905 1632 2182 1692 Abraham
2229 1639 2488 1710 compleri
2542 1639 2730 1698 decem
2775 1646 3178 1715 generationes,
3228 1663 3402 1719 usque
3427 1651 3495 1706 ad

219 1730 403 1802 sponsi
437 1731 597 1786 istius
646 1726 947 1784 transferre
992 1729 1049 1780 in
1077 1741 1156 1790 se,
1185 1739 1289 1780 nec
1323 1722 1526 1780 violare
1552 1738 1842 1805 sponsam,
1909 1725 2152 1795 Salmon,
2197 1732 2291 1802 qui
2343 1732 2530 1805 genuit
2575 1733 2719 1790 Booz
2747 1776 2762 1802 ,
2802 1736 2896 1805 qui
2944 1739 3176 1795 maritus
3226 1742 3498 1800 secundus

217 1821 357 1892 ejus.
410 1820 592 1878 Violat
631 1820 810 1885 enim,
858 1817 904 1873 si
939 1832 1184 1872 amorem
1233 1830 1396 1887 quem
1447 1815 1563 1886 ipse
1601 1829 1804 1885 sponso
1829 1804 1878 1866 Β
1907 1815 2011 1872 fuit
2032 1817 2202 1875 Ruth.
2241 1804 2380 1878 Sunt
2401 1824 2546 1879 enim
2572 1825 2688 1880 istic
2715 1846 2728 1880 :
2759 1804 3056 1894 Abraham,
3102 1829 3276 1898 lsaac,
3305 1831 3500 1902 Jacob,

216 1929 440 1972 servare
466 1913 676 1981 debuit,
713 1918 1014 1968 commutat
1047 1910 1101 1965 in
1134 1925 1213 1976 se,
1264 1909 1482 1970 quando
1531 1922 1600 1964 ex
1661 1907 1805 1964 dono
1906 1906 2100 1977 Judas,
2139 1909 2364 1981 Phares,
2407 1914 2623 1984 Esrom,
2670 1917 2858 1985 Aram,
2898 1919 3226 1990 Aminadab,
3254 1924 3501 1995 Nuason,‘

166 1995 178 2005 ’
213 2013 476 2076 percepto
498 2004 718 2059 virtutis
737 2004 851 2060 sive
870 2001 1273 2075 praedicationis
1296 2000 1804 2072 propriamlaudem
1907 1999 2151 2058 Salmon.
2201 2001 2423 2062 Salmon
2471 2009 2670 2080 quippe
2719 2011 2907 2080 genuit
2936 2012 3100 2080 Booz,
3151 2016 3242 2086 qui
3273 2019 3497 2074 viduam“

213 2097 570 2168 qumrit,'nou
599 2095 714 2150 Dei.
743 2094 859 2149 Hoc
899 2094 1044 2149 enim
1076 2093 1294 2150 studere
1319 2093 1481 2148 debet
1499 2091 1802 2161 unusquis-

212 2187 544 2259 quedoctor
570 2195 631 2242 ut
661 2195 833 2242 totum
862 2201 1104 2241 amorem
1146 2185 1319 2256 plebis
1357 2185 1460 2240 sibi
1499 2183 1804 2240 commissa

208 2285 500 2333 convertat
540 2278 596 2334 in
644 2278 834 2342 Deum,
883 2275 1106 2345 ejusque
1154 2274 1379 2346 gloriam
1436 2282 1493 2329 et
1536 2275 1806 2332 honorem

205 2374 450 2438 quierat,
483 2366 638 2437 cujus
683 2368 823 2422 dono
851 2365 1096 2436 percepit
1139 2366 1194 2421 id
1241 2365 1385 2436 quod
1408 2365 1531 2422 aliis
1572 2365 1804 2438 largitur

206 2457 397 2513 dicens
414 2457 641 2515 Domino
665 2473 792 2513 cum
817 2457 1081 2528 propheta
1112 2475 1125 2512 :
1150 2476 1168 2508 ι
1203 2456 1322 2512 Non
1350 2457 1528 2524 nobis,
1548 2457 1804 2526 Domine,

203 2563 312 2604 non
349 2549 532 2615 nobis,
562 2549 657 2606 sed
684 2549 892 2605 nomini
932 2531 1024 2604 tuo
1050 2549 1120 2605 da
1158 2549 1413 2621 gloriam,
1445 2565 1611 2620 super
1640 2549 1806 2607 mise-

201 2637 504 2695 ricordiam
529 2648 676 2695 tuam
709 2647 765 2696 et
789 2639 1075 2695 veritatem
1100 2648 1252 2695 tuam
1275 2637 1448 2713 (Psal.
1479 2639 1657 2713 cxut).
1702 2657 1725 2694 ι

813 2751 1041 2810 CAPUT
1080 2751 1192 2808 VII.

195 2864 593 2926 De_.eunuchis
642 2877 796 2939 atque
847 2867 1200 2933 mazeribus;
1257 2877 1332 2939 et_
1367 2867 1432 2922 de
1486 2864 1804 2923 Ammonitis

546 2936 1000 3008 atque’Moabt'tis,
1031 2939 1294 2992 decretum
1315 2936 1468 3008 legis.

270 3047 292 3080 ι
337 3028 502 3102 (Car.
525 3028 711 3099 xxm.)
743 3027 860 3082 Non
890 3027 1116 3082 intrabit
1152 3027 1434 3083 eunuchus
1480 3026 1686 3082 attritis
1711 3026 1800 3082 vel

199 3139 220 3176 ι
263 3121 576 3192 amputatis
607 3120 873 3176 testiculis
916 3128 972 3176 et
1002 3120 1216 3176 absciso
1251 3127 1470 3176 veretro
1507 3119 1796 3175 ecclesiam

201 3233 220 3268 ι
263 3215 514 3272 Domini.
546 3233 566 3266 ι
597 3213 747 3280 Quod
773 3219 954 3268 autem
980 3213 1196 3277 dicitur,
1231 3228 1339 3268 non
1369 3210 1597 3266 intrabit
1621 3225 1796 3266 emu-

194 3307 336 3362 chus
365 3305 576 3360 attritis
609 3313 663 3360 et
692 3304 985 3376 amputatis
1012 3302 1277 3359 testiculis
1306 3311 1363 3358 et
1402 3301 1618 3358 absciso
1644 3315 1797 3358 vere-

197 3403 285 3453 tro
307 3398 606 3453 ecclesiam
636 3395 870 3461 Domini,
887 3397 1124 3452 ostendit
1151 3396 1294 3466 quod
1319 3410 1512 3451 omnes
1539 3394 1634 3464 qui
1654 3391 1796 3449 mol-

193 3487 324 3545 liter
345 3490 566 3555 vivunt,
611 3501 715 3542 nec
759 3495 1015 3543 exercent
1039 3502 1175 3557 opus
1203 3487 1382 3553 virile,
1415 3502 1524 3542 non
1549 3491 1796 3555 gpossunt

191 3596 525 3652 permanere
568 3581 624 3634 in
666 3580 1084 3651 congregatione
1131 3588 1469 3645 sanctorum,
1523 3578 1796 3649 necdigti

191 3671 481 3728 habentur
507 3671 562 3726 in
594 3670 818 3725 introitu
850 3670 1004 3740 regni
1045 3669 1312 3726 caelorum
1342 3687 1355 3722 :
1387 3669 1622 3723 maxime
1669 3681 1796 3723 cum

189 3762 310 3833 ipsa
361 3763 582 3819 Veritas
612 3761 666 3816 in
703 3760 995 3833 Evangelio
1041 3762 1118 3816 ait
1149 3778 1163 3816 :
1196 3779 1215 3812 ι
1252 3760 1502 3831 Regnum
1531 3758 1797 3816 caelorum

186 3853 302 3909 vim
331 3853 566 3923 patitur,
595 3861 653 3907 et
677 3852 896 3908 violenti
923 3853 1193 3924 diripiunt
1218 3852 1350 3908 illud
1375 3850 1601 3924 (Matth.
1638 3847 1744 3922 ιι).
1767 3867 1818 3904 »-

191 3963 212 3996 ι
259 3943 389 3997 Νοιι
420 3941 761 4012 ingredietur
793 3956 998 4007 mazer,
1038 3943 1142 3998 hoc
1166 3951 1273 4008 est,
1309 3943 1378 3997 de
1408 3949 1590 3997 scorto
1610 3948 1816 4007 natus,-

186 4031 248 4086 in
277 4030 586 4086 ecclesiam
614 4030 826 4086 Domini
871 4046 1043 4100 usque
1085 4032 1152 4087 ad
1189 4031 1454 4086 decimam
1484 4029 1797 4103 generatim-

186 4139 344 4179 nem.
383 4142 406 4174 ι
440 4120 576 4188 Quis
607 4131 693 4178 est
722 4123 815 4192 qui
870 4123 937 4176 de
985 4130 1168 4178 scorto
1190 4122 1372 4192 :natus
1395 4129 1497 4187 est,
1551 4120 1656 4176 nisi
1702 4119 1796 4189 qui

188 4217 446 4290 degener
486 4230 650 4272 sensu
687 4226 744 4272 et
787 4217 1032 4272 moribus
1079 4223 1184 4282 est,
1221 4215 1307 4272 vel
1360 4229 1522 4284 quem
1573 4211 1804 4270 haereti-.

189 4324 390 4366 eorum
422 4309 670 4379 pravitas
710 4307 767 4364 in
819 4307 1164 4377 susceptione
1193 4312 1656 4362 sacramentorum
1702 4303 1798 4359 de-

191 4415 467 4473 generem
514 4398 646 4456 fecit
676 4439 693 4465 ,
745 4399 862 4456 sive
912 4399 1008 4468 qui
1049 4397 1340 4469 gentilitati
1390 4412 1486 4452 seu
1534 4394 1795 4467 judaismi

191 4495 304 4550 ritu
357 4491 798 4548 commaculatus
844 4491 964 4548 est?
1001 4490 1055 4547 Is
1113 4490 1260 4546 enim
1288 4497 1419 4546 tunc
1452 4488 1794 4558 recipiendus

192 4594 277 4642 est
341 4583 498 4640 intra
544 4581 844 4638 Eeclesiam
867 4618 886 4648 ,
924 4595 1050 4636 cum
1106 4594 1208 4652 per
1248 4577 1374 4634 ﬁdei
1424 4577 1794 4650 integritatem

191 4675 531 4750 decalogum
583 4671 718 4741 legis
755 4669 1058 4736 secundum
1107 4668 1279 4725 sancti
1328 4667 1605 4740 Evangelii
1640 4667 1795 4722 insti-

191 4768 469 4826 tutionem
547 4763 864 4834 spiritaliter
913 4759 1284 4816 observaverit
1315 4798 1330 4825 ,
1410 4767 1465 4814 et
1523 4760 1796 4815 carnalem

192 4857 680 4916 conversationem
704 4853 909 4925 Spiritu
933 4860 1121 4908 sancto
1145 4852 1248 4907 rite
1269 4851 1620 4906 abdicaverit.
1650 4850 1810 4928 Unde~

196 4949 454 5008 Salvator
501 4950 572 5003 de
609 4962 706 5003 sua
752 4945 926 5001 salute
955 4945 1217 5015 quaerenti
1258 4944 1537 5018 respondit
1566 4943 1751 5022 dicens
1782 4960 1796 4995 :

201 5060 221 5092 ‹
268 5041 329 5098 Si
356 5042 446 5099 vis
479 5039 555 5096 ad
587 5039 753 5092 vitam
809 5036 1022 5106 ingredi
1053 5076 1069 5102 ,
1106 5049 1263 5090 serva
1300 5033 1558 5090 mandata
1580 5033 1798 5106 (Matth.

202 5152 222 5186 ι
266 5134 412 5207 xix).
452 5153 472 5187 ι
513 5132 584 5187 Et
609 5130 774 5186 item:
814 5146 834 5180 ι
867 5129 982 5198 Ego
1020 5142 1162 5192 sum,
1212 5125 1408 5196 inquit,
1441 5125 1660 5182 ostium.
1700 5123 1806 5179 Per

198 5243 288 5283 me
311 5227 363 5286 si
392 5225 523 5296 quis
554 5221 848 5286 introierit,
899 5218 1215 5283 salvabitur,
1243 5227 1298 5274 et
1321 5231 1518 5287 pascua
1567 5216 1805 5272 inveniet

201 5314 389 5386 (Joan.
435 5315 522 5389 ι).
560 5333 580 5366 ι
631 5330 650 5363 ι
695 5309 1035 5366 Ammonites
1087 5316 1146 5362 et
1181 5307 1464 5374 Moabites,
1518 5309 1681 5360 etiam
1709 5321 1805 5377 per

206 5425 226 5461 ‹
271 5409 552 5468 decimam
590 5402 994 5478 generationem
1048 5417 1158 5458 non
1211 5400 1495 5456 intrabunt
1515 5399 1802 5456 ecclesiam

208 5515 230 5550 ι
267 5499 492 5556 Domini
512 5499 568 5552 in
588 5503 870 5561 :eternum,
899 5493 1026 5565 quia
1040 5483 1494 5550 noluerantvobis
1519 5506 1809 5547 occurrere

210 5609 230 5642 ι
275 5607 403 5648 cum
430 5604 580 5662 pane
626 5595 681 5643 et
709 5600 846 5656 aqua
879 5586 932 5640 in
958 5585 1068 5650 via,
1100 5585 1318 5656 quando
1359 5583 1558 5655 egressi
1585 5583 1718 5637 estis
1740 5581 1807 5638 de

211 5697 233 5732 ι
276 5679 528 5752 Egypto
553 5719 570 5746 ,
622 5685 678 5732 et
727 5677 853 5747 quia
881 5677 1258 5732 conduxerunt
1285 5685 1475 5732 contra
1506 5684 1558 5730 te
1589 5674 1806 5728 Balaam

1905 2092 2060 2149 duxit
2089 2093 2240 2151 Ruth
2271 2115 2285 2152 :
2318 2113 2384 2153 ac
2403 2113 2502 2170 per
2531 2102 2633 2157 hoc
2663 2103 2874 2158 videtur
2898 2115 3022 2174 post
3041 2107 3306 2164 decimam
3328 2119 3500 2182 gene'-'

1903 2185 2172 2242 rationem
2193 2204 2368 2259 genus
2404 2190 2600 2248 fecisse
2640 2194 2696 2248 in
2717 2195 2948 2251 ecclesia
2975 2197 3208 2267 Domini,
3233 2203 3502 2272 pariendo

1901 2275 2066 2345 ﬁlios,
2104 2279 2222 2351 ipse
2267 2281 2433 2338 Booz.
2479 2282 2584 2341 Sed
2613 2301 2714 2341 cur
2748 2287 2988 2342 additum
3037 2291 3126 2357 sit,
3155 2301 3210 2346 et
3231 2307 3403 2364 usque
3438 2295 3494 2350 i'n

1900 2375 2187 2436 aeternum,
2218 2390 2238 2424 ι
2265 2373 2462 2432 merito
2478 2375 2657 2431 adhuc
2673 2377 2960 2446 quaeritur.
2981 2379 3065 2434 An
3087 2381 3212 2450 quia
3240 2384 3502 2455 deinceps

1901 2459 2050 2516 nulla
2079 2461 2260 2519 anima
2283 2463 2353 2520 de
2383 2463 2712 2522 Ammonitis
2757 2475 2814 2522 et
2862 2468 3116 2526 Moabitis
3163 2472 3390 2530 intrabit
3436 2477 3505 2532 in'

1902 2550 2054 2607 illam
2097 2553 2386 2611 ecclesiam
2427 2557 2609 2627 populi
2640 2557 3030 2628 Hebraeorum,
3079 2573 3271 2634 postea
3319 2565 3496 2636 quam"

1803 2699 1806 2704 _
1900 2641 2009 2698 ista
2031 2646 2384 2714 generatione
2432 2647 2643 2704 decima
2669 2652 2957 2722 prophetia
2985 2653 3252 2724 completa
3277 2657 3392 2712 est?
3408 2657 3498 2715 An-

1803 2781 1806 2786 .
1898 2733 2082 2802 potius
2107 2735 2183 2790 ita
2204 2736 2408 2792 dictum
2437 2746 2542 2806 est,
2579 2757 2599 2791 ι
2649 2749 2709 2797 et
2731 2756 2905 2811 usque
2935 2743 3003 2796 ad
3032 2744 3296 2800 decimam
3330 2761 3498 2817 gene‘b

1899 2825 2190 2893 rationem,
2225 2846 2246 2882 ι
2283 2837 2348 2884 ιιι
2369 2831 2591 2886 omnino
2630 2846 2846 2900 semper
2878 2833 3106 2904 intelligi
3131 2835 3363 2892 voluerit
3390 2851 3502 2908 per

1899 2913 2188 2970 denarium
2215 2932 2503 2976 numerum
2534 2921 2827 2989 quamdam
2849 2922 3280 2992 universitatem,
3302 2935 3364 2982 ut
3387 2927 3505 2986 hoc»

1897 3005 2214 3076 exposuerit
2259 3007 2658 3077 quodammodo
2711 3009 2963 3070 addendo
2992 3019 3052 3067 et
3084 3011 3318 3071 dicendo
3341 3055 3357 3080 ,
3384 3033 3406 3068 ι
3435 3023 3502 3073 σας

1899 3111 2071 3166 usque
2100 3098 2154 3154 in
2181 3106 2446 3156 aeternum
2495 3100 2518 3158 ?
2553 3119 2572 3154 ι
2614 3099 2768 3168 Quod
2797 3101 2844 3156 si
2889 3101 2966 3156 ita
2995 3110 3107 3169 est,
3131 3103 3278 3159 Ruth
3302 3111 3501 3162 contra:

1897 3197 2227 3258 praeceptum
2255 3190 2483 3247 vetitum
2524 3191 2740 3248 videtur
2773 3190 3054 3248 admissa?
3091 3193 3176 3250 An
3209 3196 3496 3252 Ammoni-

1897 3283 1981 3332 tas
2002 3277 2284 3348 prohibuit
2306 3281 2543 3347 admitti,
2567 3297 2676 3336 non
2696 3280 3115 3350 Ammouitidas,
3138 3284 3194 3340 id
3215 3293 3318 3351 est,
3341 3286 3492 3344 virus

1895 3365 2040 3433 inde,
2093 3383 2203 3424 non
2231 3368 2485 3437 feminas,
2533 3371 2769 3428 maxime
2806 3373 2934 3442 quia
2987 3390 3114 3432 cum
3161 3378 3502 3434 evertissent:

1895 3453 2154 3512 lsraelitae
2180 3458 2282 3528 ipsi
2297 3468 2506 3532 gentes,
2536 3475 2726 3518 omnes
2747 3462 2896 3520 viros
2914 3463 3164 3522 occidere
3181 3463 3320 3533 jussi
3339 3475 3488 3536 sunt,

1895 3544 2129 3600 feminas
2148 3557 2329 3603 autem
2355 3567 2464 3606 non
2484 3551 2590 3605 nisi
2610 3566 2708 3606 eas
2721 3567 2841 3620 quae
2860 3562 3124 3610 noverant
3139 3557 3502 3614 concubitum,

1895 3635 2022 3702 viri,
2047 3638 2304 3706 quoniam
2329 3641 2459 3710 ipsa:
2484 3641 2539 3696 in
2565 3640 2983 3699 fornicationem
3039 3645 3370 3702 seduxeth
3393 3663 3494 3717 pen

1895 3729 2121 3799 pulum;
2162 3730 2403 3802 virgines
2426 3740 2608 3792 autem
2659 3734 2841 3792 salvas
2881 3751 3006 3792 esse
3038 3737 3346 3803 voluerunt,
3380 3754 3499 3796 non:

1895 3820 1978 3875 eis
1997 3820 2328 3890 imputantes
2361 3821 2600 3892 culpam,
2640 3839 2748 3896 qua
2778 3825 2949 3884 everti
2979 3825 3069 3882 illa
3093 3841 3226 3896 gens
3250 3828 3500 3886 meruit!

1897 3927 2060 3983 quam
2101 3911 2267 3968 etiam
2307 3913 2399 3969 hic
2443 3916 2924 3982 commemoravit,
2964 3916 3110 3974 velut
3154 3926 3502 3986 quereretur»

1897 4020 1996 4058 cur
2030 4004 2295 4062 Moabitas
2314 4015 2370 4062 et
2390 4006 2729 4066 Ammonitas
2755 4007 2968 4064 admitti
3003 4007 3277 4066 noluerint
3301 4009 3355 4064 in
3385 4009 3504 4078 Ιῦιιη⁸

1897 4095 2120 4150 clesiam
2144 4097 2391 4164 Domini,
2423 4097 2735 4170 subjunxit:
2768 4116 2786 4150 ι
2820 4098 2899 4156 Eo
2931 4099 3075 4170 quod
3103 4115 3209 4154 non
3238 4101 3491 4158 obviave-

1898 4188 2014 4244 rint
2037 4189 2194 4246 vobis
2218 4190 2584 4262 cumpauibus
2605 4198 2662 4247 et
2691 4206 2832 4262 aqua
2849 4191 2905 4247 in
2921 4193 3007 4248 via
3028 4207 3151 4250 cum
3173 4192 3398 4248 exiretis
3421 4192 3502 4249 de-

1895 4281 2154 4355 AEgypto,
2178 4291 2232 4338 et
2259 4283 2388 4353 quia
2423 4284 2801 4342 conduxerunt
2843 4284 3131 4342 adversum
3180 4293 3234 4341 te
3271 4283 3508 4344 Balaam

1898 4375 2067 4441 ﬁlium
2087 4375 2230 4431 Beor
2254 4377 2320 4432 de
2335 4376 2746 4446 Mesopotamia,
2770 4385 2830 4433 ut
2852 4377 3202 4434 malediceret
3224 4384 3296 4430 te.
3331 4396 3349 4428 ›
3377 4376 3488 4432 Has

1897 4467 2083 4540 culpas
2107 4483 2179 4524 ne
2202 4475 2334 4524 tunc
2360 4469 2576 4540 quando
2602 4468 2692 4526 illa
2705 4484 2838 4540 gens
2853 4465 3120 4524 debellata
3140 4474 3244 4531 est,
3269 4463 3502 4524 feminis.

1899 4556 2304 4628 imputaverunt
2327 4597 2344 4624 ,
2385 4573 2524 4628 quas
2573 4557 2750 4614 salvas
2795 4570 3124 4612 conservare
3172 4552 3485 4612 voluerunt.

1901 4647 2054 4714 Quod
2083 4661 2212 4702 vero
2234 4646 2574 4704 Ammonites
2607 4655 2665 4702 et
2709 4644 2974 4702 Moabites
3017 4659 3126 4722 non
3153 4643 3489 4715 permittun—

1901 4744 1992 4791 tur
2016 4735 2071 4790 in
2101 4743 2365 4792 :eternum
2405 4736 2612 4791 intrare
2638 4735 2695 4790 in
2726 4733 3054 4802 Ecelesiam,
3085 4734 3354 4808 significat
3378 4736 3490 4800 hae-

1904 4828 2103 4884 reticos
2133 4828 2201 4884 ab
2237 4827 2477 4884 Ecclesia
2515 4843 2728 4900 semper
2764 4843 2885 4884 esse
2935 4828 3292 4899 repellendos.
3317 4847 3338 4881 ‹
3368 4827 3491 4888 Βω-

1907 4920 2134 4975 reticum
2147 4920 2313 4985 enim,
2329 4921 2524 4991 inquit,
2541 4920 2834 4987 hominem,
2857 4927 2982 4992 post
2996 4937 3161 4980 unam
3180 4929 3236 4978 et
3258 4921 3488 4979 alteram

1904 5011 2319 5082 correptionem,
2351 5012 2529 5068 devita
2552 5009 2680 5083 (Tit.
2710 5011 2818 5085 ιιι).
2846 5031 2868 5067 ι

2497 5127 2728 5185 CAPUT
2751 5127 2886 5184 Vill.

2025 5221 2102 5276 De
2129 5237 2235 5275 non
2257 5218 2609 5274 abominanda
2635 5219 2882 5276 Idumen
2904 5235 3066 5291 neque
3087 5217 3362 5290 zEgyptio.

1984 5331 2004 5366 ι
2038 5311 2217 5383 (Imm)
2241 5309 2358 5366 Non
2394 5309 2793 5368 ahominaberis
2821 5311 3134 5374 ldumamm,
3165 5308 3292 5379 quia
3319 5307 3492 5364 frater

1912 5418 1932 5454 ι
1979 5409 2104 5457 tuus
2121 5408 2372 5466 est,nee
2420 5398 2758 5472 Egyptium,
2807 5400 2933 5470 quia
2981 5397 3380 5454 advena'fuisti
3415 5397 3492 5454 .iu

1915 5512 1933 5544 ‹
1973 5501 2125 5550 terra
2157 5491 2291 5562 ejus.
2323 5492 2424 5560 Qui
2473 5494 2585 5549 nati
2634 5493 2834 5548 fuerint
2863 5507 2930 5546 ex
2959 5492 3060 5554 eis,
3113 5488 3276 5545 tertia
3327 5503 3502 5560 genea-

1917 5603 1935 5635 ι
1981 5584 2190 5640 ratione
2230 5585 2510 5639 intrabunt
2537 5583 2838 5638 Ecclesiam
2886 5580 3123 5636 Domini.
3170 5599 3191 5631 ι
3235 5579 3342 5635 Per
3392 5576 3493 5635 E-

1911 5677 2152 5748 gyptium
2196 5686 2252 5732 et
2307 5677 2598 5732 Idunueum
2641 5674 2976 5745 significatur
3021 5687 3262 5744 praesens
3325 5672 3440 5728 vita
3472 5711 3490 5742 ,

171 5776 174 5778 ⁷
213 5789 235 5827 ι
267 5765 445 5830 filium
475 5773 622 5829 Beor
649 5770 715 5827 de
739 5769 1132 5839 Mesopotamia
1153 5768 1348 5842 Syriae,
1378 5778 1436 5827 ut
1461 5769 1812 5826 malediceret
1909 5768 2001 5824 cui
2026 5769 2276 5837 quamvis
2305 5768 2679 5827 renuntiantes
2708 5763 3021 5838 Egyptiam
3049 5774 3274 5834 terram,
3302 5764 3358 5822 id
3385 5771 3490 5834 est,
