3930 6344
428 294 532 358 051

1106 282 1163 337 Β.
1206 284 1461 345 RABANI
1497 286 1720 347 MAURI
1755 285 2009 343 ARCHIE

2113 282 2425 343 MOGUNT.
2464 285 2757 345 OPERUM‘
2784 284 2967 343 PARS
3000 283 3043 341 l.

429 401 716 482 pristinam
739 396 1227 467 conversationem,
1243 404 1299 452 et
1312 396 1501 453 mundi
1522 395 2013 467 concupiscentiam
2037 394 2092 458 Α
2114 395 2439 465 cogitatione
2461 395 2740 467 polluitur,
2794 395 3075 467 indignum
3102 412 3162 455 se
3219 408 3549 459 cunctorum
3572 403 3707 463 ﬁde-

429 497 781 563 declinemus,
814 498 996 545 tamen
1019 489 1144 545 dum
1183 485 1344 559 huius
1381 487 1569 543 mundi
1592 485 2010 543 necessitatibus

429 588 737 652 subdimur,
780 582 937 655 quasi
983 579 1294 652 Egyptiam
1341 580 1619 639 nationem
1663 592 2011 650 nequaquam

430 664 843 755 exstinguimus,
870 675 997 733 licet
1027 674 1228 746 abipsa
1256 674 1487 743 quadam
1513 671 1835 737 discretione
1855 684 2011 743 sepa-

428 788 618 831 remur
642 789 663 826 ι
684 786 795 827 non
822 770 888 835 de
913 764 1199 839 superﬂuis
1224 764 1552 836 cogitantes,
1576 762 1673 819 sed
1696 777 1907 826 sumus,
1928 776 2016 817 se-

432 842 670 924 unum
705 860 1049 937 Apostolum,
1071 858 1221 915 victu
1248 858 1561 933 quotidiana
1589 850 2016 929 mdumeanue

432 955 675 1029 contenti
706 953 754 1027 (λ
791 953 926 1023 Tim.
959 950 1057 1025 γι).
1090 948 1245 1021 Quod
1268 957 1453 1005 autem
1476 947 1698 1015 dicitur,
1734 967 1753 999 ι
1789 946 1895 1015 Qui
1917 962 2014 1009 au-

434 1057 545 1108 tem
566 1048 682 1113 neti
710 1044 910 1103 fuerint
933 1059 1001 1099 ex
1023 1041 1149 1109 illis,
1176 1040 1336 1097 tertia
1357 1040 1708 1113 generatione
1737 1039 2019 1127 intrabunt

433 1138 492 1195 in
524 1135 827 1193 Ecclesiam
852 1132 1092 1199 Domini,
1124 1151 1143 1187 ι
1180 1130 1479 1204 signiﬁcat,
1508 1130 1651 1206 quod
1699 1137 1829 1185 tunc
1848 1143 2019 1185 saecu-

433 1228 566 1284 laris
594 1226 819 1299 quisque
844 1231 1024 1295 p0test
1069 1222 1272 1277 sanctis
1296 1220 1391 1276 Dei
1418 1218 1693 1291 conjungi,
1738 1234 1875 1275 cum.
1890 1233 2017 1291 per-

435 1319 577 1377 fecte
606 1316 898 1374 crediderit
918 1314 975 1369 in
992 1315 1211 1370 Patrem
1232 1320 1288 1367 et
1314 1310 1511 1367 Filium
1537 1320 1594 1368 et
1609 1311 1872 1384 Spiritum
1898 1325 2021 1366 san-

447 1418 617 1474 ctum,
638 1406 725 1465 vel
745 1422 874 1463 eum
898 1420 995 1477 spe
1013 1412 1071 1462 et
1088 1403 1354 1460 charitate
1382 1404 1455 1459 sit
1471 1411 1717 1459 ornatus.
1747 1420 1765 1454 ι
1792 1400 2020 1469 Quando

443 1517 462 1552 ι
503 1512 754 1570 egressus
782 1495 951 1552 fueris
991 1495 1250 1551 adversus
1292 1494 1478 1550 hostes
1508 1501 1631 1550 tuos
1671 1494 1729 1548 in
1759 1508 2017 1566 pugnam,

439 1610 459 1643 ι
505 1590 780 1649 custodies
810 1598 863 1644 te
893 1587 961 1644 ab
988 1587 1136 1643 omni
1167 1601 1225 1642 re
1246 1587 1409 1642 mala.
1449 1606 1469 1640 ι
1496 1585 1610 1643 Hac
1653 1586 1923 1643 sententia
1945 1585 2023 1663 le:-

430 1682 658 1763 gislator
685 1679 907 1761 instruit
941 1679 1176 1763 maxime
1228 1676 1499 1750 spiritales
1550 1678 1751 1735 milites
1791 1676 2018 1745 Christi,

2113 484 2245 540 lium
2294 486 2649 542 societatibus
2706 485 3024 553 arbitretur,
3054 486 3225 560 culpae
3278 505 3394 546 suae
3440 494 3701 553 meritum

2114 586 2241 633 ante
2269 577 2455 634 oculos
2478 585 2663 649 ponat,
2683 592 2749 634 ex
2771 578 3037 633 bonorum
3066 593 3124 635 se
3144 582 3512 641 aestimatione
3532 587 3707 659 despi-

2112 669 2243 727 ciat.
2264 669 2534 727 Pollutum
2551 686 2680 743 ergo
2700 678 2854 727 extra
2874 678 3055 727 castra
3072 673 3224 728 exire
3243 683 3330 729 est
3353 677 3504 747 turpi
3529 678 3706 749 impu-

2114 759 2369 830 gnatione
2393 761 2751 828 laborantem,
2766 774 2887 818 sese
2912 777 2979 816 ex
3003 762 3403 821 continentium
3424 782 3707 840 compara-

2117 852 2261 908 tione
2286 853 2582 924 despicere,
2607 853 2735 926 quia
2776 853 2849 910 ad
2866 868 3156 929 vesperam
3200 855 3351 914 lotus
3377 873 3549 931 aqua,
3577 877 3699 920 cum

2117 940 2385 999 defectum
2426 959 2584 1000 suum
2624 942 2953 1015 despiciens,
2983 943 3052 1000 ad
3096 934 3336 1004 lamenta
3368 950 3703 1020 poenitentia:

2118 1036 2452 1090 convertitur
2489 1037 2568 1092 uti
2592 1022 2806 1093 fletibus
2830 1036 3008 1092 deleat
3037 1052 3199 1095 omne
3234 1051 3528 1112 peceatum
3571 1043 3706 1116 quod

2119 1132 2303 1187 animo
2325 1133 2539 1189 occulta
2570 1133 2872 1205 inquinatio
2897 1142 3142 1192 accusat.
3172 1134 3282 1192 Sed
3300 1143 3428 1206 post
3455 1152 3705 1197 occasum

2118 1220 2248 1281 solis
2267 1225 2338 1281 ad
2362 1234 2538 1285 castra
2559 1226 2771 1293 redeat,
2791 1227 3371 1299 quia,defervescente
3394 1234 3703 1293 tentation'u

2119 1312 2337 1381 ardore,
2363 1330 2585 1371 necesse
2613 1325 2699 1372 est
2718 1325 2783 1372 ut
2811 1316 3009 1374 iterum
3033 1317 3291 1375 ﬁduciam
3321 1336 3459 1392 erga
3483 1323 3703 1379 societ»

2120 1412 2229 1465 tem
2259 1416 2439 1462 sumat
2462 1408 2751 1478 bonorum.
2780 1407 2977 1466 Postea
2999 1409 3199 1482 quippe
3214 1414 3574 1471 occumbente
3595 1415 3702 1472 sole

2121 1496 2192 1576 ad
2225 1505 2404 1552 castra
2456 1500 2773 1567 revertitur,
2802 1500 2898 1571 qui
2926 1509 3050 1574 post
3086 1501 3327 1561 lamenta
3357 1506 3698 1576 paenitentia,

2120 1568 2505 1661 frigescentem
2526 1589 2803 1648 ﬂammam
2818 1568 3189 1666 cogitationis
3230 1568 3454 1663 illicitae,
3484 1600 3547 1655 ad
3567 1568 3698 1655 ﬁde;

2120 1678 2259 1751 lium
2292 1681 2486 1737 merita
2535 1680 2912 1755 praesumenda
2955 1694 3279 1757 reparatur:
3309 1696 3372 1744 ut
3399 1690 3562 1746 etiam
3587 1707 3647 1748 se
3668 1707 3699 1747 a

433 1748 700 1846 {patentis
719 1787 778 1827 se
799 1756 1092 1829 observent
1112 1756 1180 1825 ab
1203 1748 1352 1825 omni
1392 1776 1616 1839 peccato
1636 1778 1689 1826 et
1715 1769 1875 1836 vitio,
1896 1769 2016 1841 qui-
2043 1752 2093 1814 Β
2118 1748 2334 1828 caeteris
2356 1772 2511 1845 longe
2535 1748 2675 1831 esse
2689 1789 2799 1831 non
2824 1748 3076 1844 aestimet,
3108 1778 3203 1848 qui
3236 1779 3505 1835 mundum
3530 1796 3586 1836 se
3610 1795 3702 1853 per

428 1852 745 1921 huscontra
767 1859 1037 1931 spiritales
1058 1874 1270 1931 semper
1300 1859 1491 1916 hostes
1511 1868 1597 1914 est
1627 1860 2013 1945 dimicandum.

433 1952 590 2012 Unde
610 1961 667 2010 et
693 1946 894 2008 Paulus
917 1951 1191 2021 apostolus
1230 1948 1602 2021 hujuscemodi
1627 1952 1792 2006 verba
1833 1951 1903 2006 ad
1921 1966 2018 2006 au-

436 2038 642 2100 ditores
683 2056 811 2098 suos
852 2036 1075 2113 protulit
1102 2041 1316 2096 dicens:
1356 2060 1374 2092 ‹
1420 2039 1608 2097 Omnis
1641 2041 1734 2111 qui
1765 2041 1823 2096 in
1846 2056 2018 2113 agone

430 2134 728 2201 contendit,
752 2133 821 2190 ab
846 2132 1098 2190 omnibus
1123 2149 1181 2190 se
1206 2134 1460 2191 abstinet.
1496 2130 1565 2190 Et
1594 2134 1670 2190 illi
1708 2135 1925 2205 quidem
1955 2143 2018 2191 ut

432 2224 843 2300 corruptibilem
879 2241 1136 2285 coronam
1161 2227 1460 2302 accipiant,
1499 2242 1599 2284 nos
1627 2232 1808 2284 autem
1837 2227 2017 2282 incer-

428 2328 667 2393 ruptam,
693 2306 798 2376 ὸιε.
837 2339 858 2373 ι
1074 2398 1081 2403 Δ
1148 2398 1157 2403 _

1029 2404 1262 2464 CAPUT
1297 2404 1393 2463 IX.

427 2492 509 2556 De
527 2514 588 2555 eo
609 2497 700 2570 qui
721 2503 973 2552 nocturno
993 2494 1418 2570 pollutushfuerit
1443 2498 1668 2566 somnio,
1708 2505 1759 2553 et
1781 2497 1845 2552 de
1864 2497 2011 2570 dige-

993 2565 1161 2622 stione
1188 2565 1443 2623 ciborum.

503 2698 525 2733 ι
561 2672 739 2755 Clam.)
770 2674 829 2735 Si
850 2676 1016 2735 fuerit
1067 2679 1211 2736 inter
1245 2695 1344 2741 vos
1387 2679 1551 2736 homo
1598 2680 1691 2752 qui
1745 2686 2013 2739 nocturno

429 2789 454 2826 ι
494 2766 735 2843 pollutus
757 2768 830 2829 sit
853 2769 1086 2837 somnio,
1102 2771 1412 2842 egredietur
1432 2780 1588 2826 extra
1610 2779 1811 2838 castra,
1832 2779 1888 2828 et
1903 2776 2014 2830 non

428 2881 450 2927 ᾳ
496 2852 823 2928 revertetur,
850 2860 1167 2932 priusquam
1205 2862 1273 2919 ad
1296 2877 1580 2933 veSperam
1614 2861 1826 2919 lavetur
1845 2880 2011 2935 aqua,

428 2974 448 3011 ε
494 2952 552 3014 et
589 2963 714 3029 post
749 2946 880 3013 solis
908 2970 1165 3013 occasum
1193 2996 1209 3022 ,
1256 2955 1593 3029 regredietur
1636 2957 1693 3012 in
1739 2964 1941 3014 castra.
1982 2978 2003 3013 ι

421 3032 590 3103 Multa
612 3045 703 3113 lex
725 3046 881 3117 ponit
906 3045 967 3101 in
993 3048 1351 3104 sacramentis
1373 3056 1429 3104 et
1452 3044 1661 3104 umbris
1674 3046 2007 3105 futurorum.

423 3134 687 3217 Quadam
708 3153 840 3212 ergo
865 3138 923 3194 in
956 3140 1164 3195 semine
1189 3140 1488 3196 materialis
1513 3139 1863 3217 ,informitas,
1891 3159 2015 3215 qua)

419 3210 657 3287 formata
689 3210 889 3300 corpus
926 3228 1165 3286 hominis
1208 3231 1487 3287 redditura
1513 3211 1629 3297 est,
1657 3232 1715 3287 in
1750 3210 2017 3306 signiﬁca-

417 3319 567 3379 tione
587 3319 773 3390 posita
812 3326 899 3376 est
936 3320 1061 3375 vitae
1099 3320 1355 3377 informis
1397 3330 1456 3376 et
1488 3322 1793 3380 ineruditus.
1840 3327 2015 3396 Aqua

418 3408 1043 3482 informitate,quoniam
1052 3412 1555 3483 oportethominem
1567 3415 1826 3472 doctrinae
1838 3416 2014 3474 forma

416 3511 475 3562 et
509 3498 817 3563 eruditione
840 3505 1118 3573 mundari,
1141 3506 1197 3560 in
1218 3504 1385 3576 huius
1403 3507 1484 3563 rei
1509 3509 1728 3580 signum
1746 3549 1764 3577 ,
1789 3510 1883 3565 illa
1912 3525 2014 3581 pun-

415 3594 650 3652 riticatio
672 3605 949 3671 praecepta
976 3605 1069 3654 est
1097 3606 1224 3670 post
1249 3599 1479 3656 seminis
1504 3601 1877 3660 emissionem.
1908 3601 2013 3660 Ne-

416 3686 523 3759 que
549 3688 703 3744 enim
718 3695 775 3745 et
800 3689 859 3744 in
882 3690 1089 3746 somnis
1114 3699 1407 3760 peccatum
1441 3691 1529 3759 fit,
1560 3701 1621 3748 et
1642 3701 1824 3750 tamen
1844 3696 2013 3752 etiam

415 3775 497 3833 ibi
516 3786 798 3851 praecepta.
826 3786 912 3835 est
929 3780 1265 3851 puriﬁcatio.
1294 3782 1409 3839 Aut
1436 3793 1497 3841 et
1516 3784 1563 3847 si
1594 3784 1701 3842 hoc
1726 3796 2013 3857 peccatu

413 3869 709 3940 quisquam
748 3878 936 3942 putat,
953 3886 1071 3927 non.
1095 3874 1373 3930 arbitrans
1394 3875 1649 3932 accidere
1686 3878 1797 3933 nisi
1820 3893 1889 3933 ex
1910 3878 2009 3935 ali-

414 3962 523 4031 quo
550 3959 870 4047 huiusmodi.
889 3960 1189 4031 desiderio,
1216 3963 1361 4035 quod
1382 3965 1575 4037 procul
1604 3967 1771 4025 dubio
1807 3966 2009 4027 falsum

411 4061 521 4121 eat,
550 4055 872 4125 nunqpidet
901 4055 1063 4112 solita
1090 4059 1361 4115 inermium
1381 4070 1607 4133 peccata
1633 4070 1760 4120 sum
1782 4063 2009 4122 femina-

413 4146 582 4203 rum?
608 4146 657 4199 Α
675 4147 875 4215 quibus
903 4156 1087 4203 tamen
1110 4149 1333 4209 easdem
1365 4151 1511 4224 legis
1528 4162 1775 4212 vetustas
1798 4172 2005 4227 praece-

410 4236 495 4308 pit
519 4235 753 4306 expiari,
807 4251 924 4297 non
944 4238 1051 4293 nisi
1076 4249 1300 4312 propter
1328 4242 1503 4311 ipsam
1534 4248 1871 4304 materialem
1916 4251 2002 4305 int-

410 4326 765 4394 formitatem,
796 4342 941 4401 quae,
973 4326 1115 4386 fectu
1136 4342 1429 4404 concepto,
1465 4344 1726 4407 tanquam
1754 4341 1813 4395 in
1836 4342 2004 4398 aedifi-

2119 1863 2329 1921 ohitum
2347 1856 2524 1921 intimi
2549 1867 2762 1924 ardoris
2790 1868 3009 1938 gaudet.
3042 1886 3060 1920 c
3090 1868 3330 1927 Habebis
3348 1870 3531 1928 locum
3549 1886 3699 1931 extra

2125 1970 2146 2006 ι
2192 1962 2396 2021 castra,
2409 1955 2478 2009 ad
2495 1970 2656 2026 quem
2681 1957 2981 2029 egrediaris
2994 1960 3062 2015 ad
3077 1960 3343 2031 requisita
3360 1971 3589 2032 naturae,
3608 1982 3697 2037 ge-
3719 1978 3731 1989 '

2124 2060 2145 2096 α
2188 2059 2318 2101 reus
2339 2045 2599 2116 pastillum
2632 2047 2691 2103 in
2739 2048 2942 2104 balteo.
2988 2049 3234 2122 Cumque
3280 2054 3511 2123 sederis,
3537 2055 3698 2115 fodies

2123 2154 2144 2190 ι
2186 2151 2288 2208 per
2311 2137 2622 2206 circuitum,
2674 2148 2731 2195 et
2757 2150 2944 2212 egesta
2982 2143 3150 2198 humo
3177 2145 3397 2216 operie$
3434 2163 3545 2219 quo
3562 2150 3693 2207 rele-

2121 2246 2147 2282 ι
2187 2237 2346 2284 vatus
2379 2244 2458 2286 es.
2513 2230 2773 2286 Dominus
2822 2232 2972 2287 enim
3014 2234 3159 2291 Deus
3217 2242 3344 2292 tuus
3369 2238 3601 2293 ambulat
3638 2240 3694 2295 in

2121 2338 2144 2373 ι
2186 2321 2365 2377 medio
2390 2330 2694 2379 castrorum
2730 2333 2791 2379 ut
2813 2334 2971 2382 eruat
3000 2330 3053 2382 te
3079 2333 3136 2382 et
3182 2327 3367 2384 tradat
3398 2330 3487 2385 tibi
3521 2331 3694 2386 inimi—

2123 2428 2147 2465 ι
2186 2426 2283 2468 eos
2308 2420 2461 2479 tuos,
2483 2420 2546 2469 ut
2567 2413 2677 2469 sint
2703 2423 2886 2471 castra
2913 2424 3003 2471 tua
3031 2425 3246 2483 sancta,
3286 2427 3343 2475 et
3383 2418 3517 2474 nihil
3542 2420 3594 2475 in
3620 2421 3695 2479 eis

2120 2520 2142 2554 ι
2182 2512 2442 2577 appareat
2472 2504 2758 2573 fmditatis,
2808 2522 2877 2562 ne
2929 2506 3277 2580 derelinquat
3309 2518 3385 2567 te.
3423 2530 3451 2565 ι
3492 2510 3693 2569 Natura

2114 2595 2493 2666 corruptibilis
2514 2597 2754 2666 pondere
2783 2607 3045 2671 gravatae,
3076 2615 3111 2655 a
3140 2601 3341 2657 mentis
3368 2612 3571 2659 nostra:
3590 2614 3697 2675 ute-

2113 2701 2209 2750 ro,
2260 2686 2507 2755 quaadam
2552 2687 2937 2759 cogitationum
2988 2689 3260 2761 superﬂua
3308 2695 3467 2763 quasi
3507 2697 3696 2752 ventris

2112 2778 2425 2849 gravamina
2478 2790 2786 2849 erumpunt.
2840 2770 2955 2837 Sed
2982 2790 3203 2852 portare
3254 2788 3359 2842 sub
3398 2787 3566 2845 balteo
3600 2806 3694 2861 pa—

2110 2864 2305 2923 till’um
2320 2866 2676 2942 debemusgut
2700 2870 2961 2927 videﬁcet"
2969 2872 3458 2945 apprehendendos
3476 2872 3698 2936 nosmet

2111 2962 2258 3035 ipsos
2307 2978 2523 3036 semper
2555 2964 2813 3033 accincti,
2857 2974 3078 3023 acutum
3122 2964 3271 3027 circa
3311 2988 3413 3029 nos
3436 2975 3697 3030 stimulum

2114 3050 2548 3125 compunctionis
2601 3055 2931 3126 habeamus,
2978 3059 3071 3130 qui
3115 3062 3463 3120 incessanter
3513 3075 3698 3122 terram

2122 3144 2321 3200 mentis
2346 3150 2569 3212 nostrae,
2599 3147 2937 3219 poenitentia:
2983 3150 3173 3207 dolore
3197 3155 3505 3225 confodiat,
3532 3166 3584 3212 et
3608 3157 3698 3214 hoc

2116 3250 2149 3289 a
2176 3236 2332 3292 nobis
2354 3235 2581 3294 fetidum
2604 3248 2854 3313 erumpat
2880 3248 2936 3297 et
2959 3243 3277 3302 abscondat.
3304 3248 3531 3306 Ventris
3560 3250 3702 3322 quip-

2113 3340 2182 3395 pe
2209 3327 2419 3396 egestio
2468 3324 2613 3385 fossa
2646 3330 2812 3386 humo
2846 3347 2946 3403 per
2998 3332 3263 3405 paxillum
3311 3338 3545 3410 tegitur,
3590 3354 3700 3395 cum

2114 3418 2313 3472 mentis
2353 3424 2553 3474 nostra:
2582 3420 2944 3492 superﬂuitas,
2970 3423 3155 3479 subtili
3184 3426 3580 3499 redargutione
3604 3429 3704 3487 dis-

2113 3508 2271 3564 cussa
2303 3549 2319 3576 ,
2361 3516 2485 3565 ante
2515 3510 2610 3567 Dei
2645 3513 2833 3569 oculos
2862 3529 2960 3586 per
3006 3518 3438 3589 compunctionis
3471 3536 3589 3577 suae
3618 3519 3706 3578 sti-

2113 3600 2317 3657 mulum
2347 3596 2553 3659 celatur

2738 3684 2968 3757 CAPUT
3010 3698 3075 3757 Χ.

2262 3786 2339 3842 De
2366 3804 2470 3843 non
2498 3789 2757 3845 tradendo
2781 3807 2929 3846 servo
2953 3791 3160 3865 fugitivo
3184 3792 3394 3848 domino
3422 3812 3552 3851 suo.

2183 3873 2364 3953 (ῐιιιυ.)
2402 3899 2421 3932 ε
2465 3876 2583 3939 Non
2609 3880 2792 3941 tradas
2826 3900 3047 3944 servum
3069 3887 3279 3945 domino
3306 3905 3409 3948 suo
3437 3895 3541 3966 qui
3561 3894 3633 3952 ad
3654 3905 3705 3955 te

2115 3991 2134 4026 ι
2180 3972 2507 4046 confugerit.
2533 3966 2816 4034 Habitabit
2845 3988 3027 4037 tecum
3054 3982 3113 4038 in
3137 3982 3259 4040 loco
3287 3985 3383 4056 qui
3406 3986 3462 4042 ei
3488 3986 3699 4060 placue-

2113 4082 2134 4118 c
2180 4065 2274 4133 rit,
2301 4074 2355 4121 et
2398 4067 2456 4123 in
2484 4084 2592 4124 una
2620 4070 2839 4129 urbium
2869 4080 3091 4131 tuarum
3118 4080 3459 4149 requiescet,
3482 4097 3547 4137 ne
3571 4097 3692 4139 con-

2115 4174 2134 4207 c
2180 4158 2362 4214 tristes
2405 4175 2551 4216 eum.
2597 4180 2617 4216 ι
2661 4156 2782 4220 Non
2815 4166 3003 4224 tradas
3045 4184 3277 4240 puerum
3329 4172 3551 4231 domino
3583 4183 3696 4245 tuo,

2107 4249 2197 4323 qui
2232 4250 2513 4320 appositus
2542 4260 2627 4309 est
2654 4254 2808 4310 tibia
2830 4256 3050 4314 domino
3071 4276 3194 4316 suo.
3219 4254 3341 4318 Neu
3364 4265 3512 4333 quod
3540 4266 3699 4325 domi-

2106 4340 2192 4397 nis
2220 4339 2338 4412 ejus
2358 4359 2483 4399 eum
2512 4349 2847 4417 apposuerit,
2871 4350 2927 4406 id
2953 4360 3063 4420 est,
3090 4359 3582 4416 commendaverit.
3605 4360 3695 4417 Po-

410 4419 976 4494 eationemcorpoois-
998 4423 1240 4492 additur,
1269 4440 1341 4481 ac
1361 4442 1463 4499 per
1500 4429 1605 4486 hoc
1631 4447 1757 4489 eum
1780 4431 1901 4489 ﬂuit
1920 4435 2003 4491 in-
2024 4468 2081 4532 Β
2108 4433 2216 4489 tius
2241 4436 2386 4491 enim
2409 4437 2715 4527 depositum
2749 4442 2995 4513 diceret;
3030 4447 3131 4503 sed
3159 4451 3474 4520 appositum
3502 4454 3640 4509 dixit
3662 4470 3694 4510 a

405 4512 693 4615 formiter,
735 4515 1035 4589 significari
1072 4534 1173 4589 per
1217 4518 1365 4576 illam
1416 4522 1513 4579 lex
1551 4524 1725 4583 voluit
1755 4529 2005 4589 animum
2024 4512 2079 4532 ³
2104 4526 2322 4583 domino
2345 4545 2473 4615 suo,
2491 4524 2549 4587 id
2575 4540 2679 4599 est,
2708 4533 2835 4593 huic
2861 4512 3178 4607 adjunctum
3350 4543 3423 4599 ab
3452 4544 3551 4601 illo
3572 4545 3689 4602 abs-

408 4602 539 4662 sine.
559 4606 859 4678 ﬁseiplinte
885 4608 1067 4668 forma
1084 4613 1400 4673 interinter
1426 4615 1659 4675 liquidum
1680 4635 1747 4676 ac
1773 4621 2002 4679 dissolu-

404 4705 542 4764 tum,
564 4698 1001 4767 quenaformeri
1018 4713 1272 4776 oportere
1316 4707 1609 4780 signiﬁcat,
1662 4726 1797 4768 cum
1832 4713 1999 4771 talem

411 4785 623 4842 tinuum
646 4791 897 4858 aovporis
906 4791 1072 4861 jubet
1095 4797 1410 4865 purificare.
1432 4798 1739 4868 Postremo,
1758 4804 2001 4874 nunquid

410 4884 468 4934 et
496 4876 639 4933 mori
680 4888 966 4949 peccatum
987 4884 1104 4941 est?
1128 4885 1239 4942 Aut
1270 4899 1549 4947 mortuum
1587 4894 1816 4964 sepelire
1834 4936 1852 4961 ,
1885 4911 1996 4955 non

406 4971 574 5028 etiam
618 4974 821 5029 bonum
846 4988 983 5046 opus
1004 4977 1362 5041 humanitatis
1391 4987 1511 5042 est?
1534 4986 1605 5042 Et
1633 4996 1815 5044 tamen
1844 4991 1996 5061 puri-

402 5061 588 5120 ﬁcatio
612 5065 810 5121 exinde
838 5069 1097 5125 mandata
1127 5082 1231 5140 est,
1258 5077 1386 5146 quia
1416 5086 1471 5133 et
1495 5086 1769 5134 mortuum
1796 5097 1994 5153 corpus

402 5154 513 5210 vita
538 5156 824 5245 deserente
854 5176 963 5217 non
992 5174 1273 5234 peccatum
1311 5179 1413 5236 est,
1467 5173 1564 5229 sed
1609 5184 1892 5245 peccatum
1923 5179 1993 5234 si-

403 5236 629 5321 gniﬁcat
688 5255 887 5311 animae
937 5256 1166 5314 deserta:
1194 5276 1225 5314 a
1246 5260 1478 5330 iustitia;
1532 5236 1672 5336 Quid
1723 5270 1829 5327 hoc
1870 5270 1992 5328 loco

401 5357 505 5427 per
526 5354 856 5429 nocturnum
871 5352 1177 5421 somnium,
1192 5354 1299 5410 nisi
1331 5360 1557 5415 tentatio
1573 5362 1787 5419 occulta
1809 5364 1993 5436 signa-

405 5434 529 5495 tur?
561 5436 667 5491 Per
708 5454 875 5510 quam
901 5444 1190 5501 tenebrosa
1232 5446 1560 5517 cogitatione
1588 5461 1743 5524 turpe
1784 5434 1991 5527 aliquid

404 5527 569 5583 corde
612 5533 917 5605 concipitur
942 5576 958 5602 ,
985 5539 1128 5608 quod
1161 5546 1343 5597 tamen
1395 5544 1639 5611 corporis
1680 5560 1845 5616 opere
1882 5564 1989 5604 non

405 5619 674 5710 expletur.
708 5624 825 5682 Sed.
840 5631 1053 5686 somnio
1077 5640 1349 5689 nocturno
1370 5633 1624 5704 pollutus,
1647 5639 1829 5708 egredi
1855 5656 1990 5710 pras-

2102 4621 2374 4677 cessisset.
2405 4621 2695 4705 Non-ergo
2758 4628 2991 4700 suscipi,
3007 4628 3104 4687 sed
3125 4633 3278 4690 reddi
3305 4636 3492 4706 potius
3521 4638 3691 4708 prohi-

2100 4712 2192 4769 bet
2220 4713 2495 4785 fugitivos.
2522 4714 2651 4774 Hoc
2673 4720 2804 4790 quid
2830 4720 2905 4776 sit
2942 4722 3180 4780 dubitari
3226 4734 3437 4796 potest,
3463 4727 3571 4784 nisi
3614 4730 3689 4786 in-

2100 4809 2407 4888 telligamus
2431 4815 2579 4884 genti
2605 4823 2662 4871 et
2680 4816 2879 4888 populo
2905 4819 3011 4876 ista
3037 4820 3179 4890 diei;
3213 4837 3323 4879 non
3347 4826 3443 4881 uni
3464 4825 3683 4884 homini.

2102 4901 2184 4958 Ex
2213 4903 2318 4958 alia
2342 4904 2527 4976 itaque
2553 4918 2714 4977 gente
2743 4908 3104 4984 refugientem
3132 4917 3203 4972 ad
3246 4916 3411 4973 istam
3443 4930 3685 4991 gentem,

2102 4997 2191 5053 cui
2234 4998 2574 5067 loquebatur,
2604 5002 2882 5060 hominem
2930 5022 2975 5062 a.
3010 5008 3234 5067 domino
3271 5027 3398 5081 suo,
3428 5014 3484 5071 id
3525 5024 3620 5081 est,
3652 5031 3685 5072 ι

2099 5105 2229 5163 rege
2270 5108 2387 5157 suo,
2420 5095 2573 5151 reddi
2620 5099 2919 5168 prohibuit.
2965 5102 3137 5171 Quod
3170 5106 3337 5163 etiam
3389 5108 3685 5181 alienigena

2100 5187 2339 5242 scrvavit
2368 5184 2562 5244 Amani
2589 5205 2684 5243 rex
2735 5190 2917 5259 Gelli,
2936 5197 3159 5265 quando
3202 5199 3272 5254 ad
3315 5215 3445 5256 eum
3496 5201 3687 5271 refugit

2100 5277 2273 5333 David
2298 5293 2327 5332 a
2349 5278 2493 5334 facie
2527 5280 2733 5337 domini
2761 5285 3001 5350 sui,.hoe
3028 5298 3136 5355 est,
3163 5291 3307 5362 regis
3335 5290 3487 5347 Saul.
3520 5293 3685 5364 Aper-

2094 5368 2305 5427 tissime
2355 5380 2539 5428 autem
2593 5374 2696 5430 hoc
2748 5376 3010 5446 explanat
3062 5394 3186 5436 cum
3233 5382 3373 5438 dicit
3420 5386 3488 5440 de
3522 5385 3685 5455 ipso:

2099 5479 2120 5513 ι
2168 5461 2379 5535 Refuga
2402 5464 2458 5518 in
2480 5464 2636 5520 vobis
2674 5465 2963 5537 habitabit,
2996 5470 3054 5526 in
3084 5472 3235 5528 omni
3265 5473 3389 5529 loco
3430 5475 3524 5531 ubi
3567 5474 3686 5545 ph-

2092 5556 2267 5611 cuerit
2287 5557 2358 5611 ei.
2406 5577 2425 5609 ι
2465 5556 2691 5629 Mystice
2717 5568 2899 5617 autem
2926 5563 3031 5620 hoc
3056 5567 3277 5622 mandat
3303 5569 3468 5624 coetui
3494 5567 3688 5639 praedi—

2092 5656 2266 5712 cator,
2290 5656 2496 5704 uteum
2539 5652 2631 5720 qui
2663 5668 2693 5706 a
2725 5657 2991 5713 servitute
3016 5658 3303 5725 diabolica,
3340 5661 3445 5717 hoc
3481 5670 3585 5728 est,
3618 5661 3686 5717 ab

405 5708 628 5787 c‘i‘itur,
676 5719 1091 5789 quiavidelicet
1107 5726 1337 5819 dignum
1368 5738 1457 5785 est
1486 5736 1547 5785 ut
1584 5731 1677 5800 qui
1707 5708 1987 5793 immunda
2088 5708 2409 5801 infidelitate
2449 5708 2629 5797 seu-a'
2657 5708 3685 5823 mmiewﬁcéﬁﬁ'aﬁ'ﬂg;
