3930 6344
985 201 1394 262 ENARRATIO
1429 202 1655 260 SUPER
1689 203 2320 270 DEUTERONOMIUM.
2358 234 2429 254 --
2463 211 2595 270 ω.
2629 213 2716 272 Β.

204 329 338 384 tiam
360 336 426 379 ac
463 319 628 376 ﬁdem
665 317 868 375 Christi
905 315 1230 388 conﬂigerit,
1251 331 1528 386 nunquam
1558 316 1784 373 Domino
1810 323 1862 388 Α
2009 328 2310 414 peccatum,
2336 322 2383 378 si
2404 323 2607 394 aliquid
2628 326 2754 383 inde
2781 327 3076 392 εαξη-βων
3097 340 3162 391 ιι
3185 341 3470 414 templum,

201 416 371 491 priori
422 413 518 484 qui
563 426 688 466 eum
731 408 1006 464 inhianter
1053 417 1299 478 repetere
1325 408 1577 475 voluerit,
1607 409 1786 468 tradat

202 504 513 577 respuendo
539 501 752 558 scilicet
776 501 1013 571 atquein
1036 500 1466 569 desperationem
1488 501 1641 556 illum
1661 503 1786 558 mit-

202 601 393 664 tendo,
424 597 522 653 sed
552 595 726 668 magis
749 610 876 652 eum
921 594 1150 651 collucet
1183 596 1284 651 sub
1312 597 1611 654 munimine
1659 597 1785 654 ﬁdei

200 687 506 751 catholicae,
532 701 598 741 ac
636 687 739 742 sub
775 686 944 741 tutela
977 693 1178 742 salicta;
1203 685 1488 754 Ecclesia,
1505 695 1567 742 ut
1591 687 1666 742 ibi
1693 703 1786 744 ve-

197 781 404 837 mciter
427 780 767 851 requiescat,
796 794 900 836 nec
923 779 1070 835 ultra
1093 780 1466 838 adservitium
1491 782 1783 852 pristinum

194 871 407 928 redeat.

807 963 1036 1022 CAPUT
1083 964 1176 1022 XI.

195 1077 350 1146 Quod
379 1095 483 1134 non
509 1080 756 1132 meretrix
773 1089 937 1149 neque
957 1085 1216 1149 scortator
1241 1077 1306 1132 de
1325 1075 1449 1146 ﬁliis
1479 1076 1650 1132 Israel
1670 1093 1779 1132 esse

258 1149 440 1215 debet,
465 1166 557 1203 nec
591 1147 880 1204 mercedem
908 1147 1205 1219 prostibuli,
1233 1165 1326 1204 nec
1369 1153 1596 1218 pretium
1631 1150 1777 1205 canis

256 1229 468 1289 oportet
495 1220 548 1274 in
580 1220 795 1274 domum
823 1219 1030 1274 Domini
1059 1219 1260 1290 offerri.

260 1333 454 1404 (iam)
500 1351 520 1385 ι
561 1332 678 1388 Non
708 1333 815 1388 erit
843 1333 1098 1388 meretrix
1127 1348 1193 1388 ex
1218 1333 1400 1397 lsrael,
1435 1342 1492 1388 et
1522 1349 1631 1388 non
1674 1335 1781 1390 erit

191 1424 473 1483 tornicaus
506 1441 539 1480 a
581 1425 708 1480 ﬁliis
746 1423 934 1479 Israel.
977 1445 998 1477 ι
1042 1424 1182 1479 Εεεε
1221 1423 1312 1479 ubi
1342 1425 1626 1480 manifeste
1652 1440 1780 1494 ρι’οφ

191 1517 371 1572 bibuit
392 1517 674 1584 fornicari,
698 1525 755 1573 et
780 1517 927 1572 viros
955 1523 1008 1572 et
1034 1516 1266 1572 feminas
1294 1517 1458 1573 etiam
1485 1533 1610 1572 cum
1647 1517 1776 1574 alie-

186 1609 274 1664 nis
304 1608 631 1680 coniugibus
654 1619 936 1680 peccatum
970 1625 1092 1666 esse
1127 1609 1530 1676 demonstrans,
1560 1609 1776 1666 misceri

183 1702 513 1775 coniugibus
539 1718 648 1759 non
674 1704 806 1769 suis,
839 1703 1056 1772 quando
1082 1709 1139 1757 et
1184 1702 1502 1758 meretrices
1532 1717 1684 1769 esse,
1720 1711 1777 1758 et
1803 1707 1852 1774 Β

181 1795 252 1850 ad
274 1797 606 1850 meretrices
635 1795 894 1850 accedere
919 1794 1192 1864 prohibet,
1209 1807 1438 1863 quarum
1457 1794 1674 1863 publice
1690 1804 1776 1850 est

179 1887 400 1941 venalis
452 1887 751 1956 turpitudo.
793 1885 851 1939 in
881 1885 1142 1958 decalogo
1166 1885 1364 1939 melii
1418 1884 1640 1940 nomintt
1665 1899 1772 1939 non

175 1977 407 2033 videtur
454 1978 560 2032 hoc
603 1985 787 2047 aperte
835 1977 1208 2047 prohibuisse,
1249 1977 1506 2047 quoniam
1539 1977 1772 2033 moechis

174 2085 291 2125 non
324 2071 434 2125 nisi
472 2069 798 2125 adulterium
837 2069 1060 2141 intelligi
1093 2067 1260 2126 solet.
1282 2069 1587 2140 Unde'quid
1615 2071 1772 2127 nobis

169 2160 484 2226 videretur,
500 2162 575 2216 ibi
599 2163 980 2216 tractabamus.
1014 2162 1343 2230 Spiritaliter
1365 2170 1558 2221 autem
1570 2162 1768 2228 innuit,

171 2253 323 2320 quod
349 2251 503 2306 nullo
526 2254 688 2308 modo
716 2254 880 2308 liceat
911 2253 1106 2309 animm
1133 2254 1454 2310 Christianae
1489 2255 1771 2311 erroribus

173 2343 565 2400 bar-etinctum
596 2359 655 2399 se
676 2345 1061 2411 mmmiscere;
1098 2361 1200 2401 nec
1221 2360 1352 2401 eum
1375 2348 1464 2416 qui
1507 2347 1650 2403 ﬁlius
1682 2349 1771 2404 ad-

176 2434 396 2504 optivus
425 2443 510 2490 est
541 2433 636 2491 Dei
662 2435 863 2502 Patris,
891 2439 1238 2507 impudicitiae
1265 2446 1429 2509 atque
1471 2439 1681 2495 libidini
1710 2457 1769 2497 se

177 2524 422 2590 tradere,
443 2540 623 2596 neque
650 2541 774 2581 cum
803 2528 1016 2582 diabolo
1040 2528 1219 2583 l‘mdus
1262 2528 1552 2585 nefandum
1596 2531 1764 2597 inire;

176 2617 320 2672 Inde
342 2623 399 2672 et
429 2617 622 2673 doctor
642 2620 879 2687 gentium
906 2621 1019 2674 ait:
1051 2639 1070 2672 ι
1099 2621 1290 2693 Fugite
1311 2622 1763 2682 fornicationem:

174 2723 278 2765 non
322 2711 480 2766 enim
530 2713 748 2767 vocavit
789 2727 890 2766 nos
921 2714 1064 2769 Deus
1101 2715 1156 2768 in
1191 2715 1552 2780 immunditia,
1588 2717 1682 2771 sed
1711 2716 1767 2770 in

176 2800 636 2857 sanctiﬁcatione.
662 2802 838 2858 Nolite
852 2802 1042 2874 jugum
1069 2808 1266 2861 ducere
1290 2818 1413 2860 cum
1433 2805 1762 2862 inﬁdelibus.

169 2890 294 2959 Qum
323 2893 487 2949 enim
516 2895 864 2965 participatio
890 2894 1118 2963 justitite
1147 2911 1271 2952 cum
1303 2896 1624 2965 iniquitate?
1661 2895 1765 2963 Qui

166 2990 344 3039 autem
373 2998 692 3041 consensus
717 2985 916 3056 templo
943 2987 1038 3041 Dei
1089 3002 1213 3041 eum
1247 2987 1439 3042 idolis?
1489 2987 1598 3042 Aut
1645 3001 1767 3057 quae

1889 407 2172 466 dicendum
2191 411 2292 468 fuit
2311 416 2454 486 quod
2475 417 2548 472 sit
2564 417 2898 477 abominatio
2919 421 3172 482 Domino.
3197 407 3474 496 nomine}

1887 508 2070 554 autem
2105 503 2413 559 ostenditur
2451 507 2594 576 quod
2623 508 2766 564 sicut
2790 527 3004 570 merces
3048 520 3338 586 prostibuli
3385 528 3475 584 ab»

1886 590 2148 648 enimatio
2167 601 2254 648 est
2274 595 2524 663 Domino,
2539 599 2619 654 sic
2640 607 2696 656 et
2718 600 2919 658 donum
2940 607 3279 678 rapacitatis.
3299 612 3474 676 Canes

1882 681 2029 736 enim
2066 697 2288 775 rapaces
2320 685 2647 757 signiﬁcant.
2677 690 2798 748 Non
2819 693 2963 750 enim
2991 695 3212 765 placere
3239 700 3351 758 Deo
3377 721 3472 775 po-

1883 771 2214 838 testoblatio
2239 790 2360 845 quze
2379 776 2608 838 oﬁertur
2641 795 2710 836 ex
2753 784 2974 854 rapina;
3031 789 3176 846 unde
3224 807 3326 862 per
3371 771 3472 852 Sa-

1881 862 2144 956 pientiam
2201 864 2401 921 dicitur
2441 886 2454 921 :
2497 887 2520 920 ‹
2568 869 2720 930 Dona
2765 873 3074 945 iniquomst
3117 895 3228 938 non
3274 889 3472 956 probat

1881 951 2219 1021 Altissimus,
2241 970 2343 1012 nec
2376 958 2599 1028 respicit
2635 960 2692 1016 in
2725 963 3090 1026 oblationibus
3131 951 3470 1046 iniquorum,

1881 1060 1984 1100 nec
2004 1047 2061 1102 in
2083 1049 2430 1108 multitudine
2451 1053 2845 1114 sacriﬁciorum
2869 1074 3060 1118 eorum
3085 1069 3470 1137 propitiabitur

1878 1137 2140 1205 peccatis.
2171 1138 2275 1207 Qui
2303 1139 2466 1198 oﬁert
2488 1145 2825 1202 sacriﬁcium
2846 1163 2916 1206 ex
2941 1151 3245 1212 substantia
3265 1175 3469 1231 paupe-

1882 1233 2206 1327 nim,"quasi
2232 1235 2325 1305 qui
2353 1237 2602 1296 victimant
2864 1244 2932 1300 in
2968 1259 3262 1322 conspecta
3293 1258 3468 1327 patris

1879 1320 1966 1375 sui
2001 1319 2170 1392 (Eccl.
2201 1326 2410 1398 xxxiv).
2450 1348 2472 1383 ι

2479 1442 2709 1503 CAPUT
2746 1445 2858 1504 ΧΠ.

1881 1519 2514 1622 Usurﬁuivetart-et‘uues
2623 1537 2787 1592 vineis
2798 1541 3034 1622 proximi
3056 1544 3270 1622 emt-ri;
3319 1550 3469 1606 simi-

2022 1594 2145 1686 liter
2171 1609 2220 1652 et
2243 1599 2382 1669 falce
2406 1616 2625 1674 segetem
2655 1594 2886 1677 proximi
2906 1594 3044 1668 inisti

1954 1683 2133 1782 (lein)
2177 1704 2197 1742 ε
2241 1688 2362 1745 Non
2394 1691 2670 1751 fenerabis
2710 1696 2870 1754 fratri
2899 1709 3002 1758 tuo
3026 1683 3100 1760 ad
3121 1721 3340 1764 usuram
3368 1726 3466 1782 pe:-

1887 1791 1908 1825 ‹
1950 1777 2190 1844 cuniam,
2214 1795 2315 1837 nec
2341 1782 2545 1855 fruges,
2569 1802 2671 1843 nec
2695 1791 2996 1866 quamlibet
3025 1795 3185 1852 aliam
3210 1815 3345 1870 rem,
3369 1777 3467 1858 sed

1884 1885 1903 1920 ‹
1948 1869 2145 1927 alieno.
2168 1872 2350 1930 Fratri
2373 1886 2556 1932 autem
2582 1889 2675 1935 tuo
2698 1883 2903 1956 absque
2923 1903 3088 1944 usura
3119 1890 3173 1945 id
3204 1893 3349 1964 quod
3376 1894 3463 1950 in-

1882 1975 1902 2010 (
1946 1961 2109 2033 diget,
2127 1968 2516 2037 commodabis,
2532 1979 2591 2025 ut
2609 1973 2898 2032 benedieat
2916 1978 3012 2035 tibi
3037 1961 3300 2041 Dominus
3324 1985 3468 2043 Deus

1881 2067 1900 2100 ι
1950 2058 2076 2108 tuus
2112 2054 2168 2108 in
2195 2057 2345 2112 omni
2376 2068 2640 2130 tempore,
2666 2064 2724 2119 in
2755 2073 2907 2122 terra
2931 2071 3000 2134 ad
3021 2086 3182 2141 quam
3203 2075 3467 2146 ingredie-

1880 2163 1899 2238 ς
1945 2147 2022 2200 ris
2058 2149 2460 2217 possidendam.
2509 2175 2528 2208 ι
2570 2155 2972 2228 Benignitatem
2998 2172 3161 2236 atque
3195 2168 3469 2238 justitiam

1871 2237 1978 2292 hac
2001 2245 2268 2297 sententia
2291 2245 2571 2316 iegislator
2592 2250 2772 2319 docet,
2802 2255 2928 2324 quia
2969 2274 3162 2315 usuras
3190 2237 3287 2332 per
3312 2265 3464 2322 frau-

1872 2327 1993 2384 dem
2033 2341 2198 2404 atque
2230 2339 2519 2395 avaritiam
2560 2357 2660 2398 nos
2690 2346 2950 2418 colligere
2972 2327 3272 2422 prohibuit,
3301 2367 3357 2412 et
3383 2361 3468 2414 in-

1873 2423 2078 2493 digenti
2119 2429 2443 2486 charitatem
2473 2433 2787 2505 impendere
2815 2438 2990 2508 jubet.
3046 2443 3241 2502 Frater
3282 2459 3466 2510 autem

1869 2523 2059 2570 noster
2105 2521 2477 2591 unusquisque
2534 2528 2832 2585 catholicus
2876 2541 2993 2600 est,
3030 2537 3120 2591 cui
3163 2543 3464 2598 secundum

1869 2607 2175 2676 spiritalem
2206 2625 2448 2680 sensum,
2489 2614 2701 2688 frugem
2736 2623 2908 2690 verbi,
2939 2627 3113 2697 gratis
3142 2629 3460 2700 impendere

1869 2697 2144 2765 debemus,
2174 2710 2444 2770 quatenus
2489 2708 2772 2765 nobiscum
2817 2722 3003 2770 utatur
3051 2718 3172 2778 cibo
3221 2697 3461 2780 caelesti.

1866 2789 2096 2847 Alienus
2130 2792 2367 2850 inﬁdelis
2394 2797 2621 2865 quilibet
2657 2799 2756 2855 est'
2774 2811 2939 2874 atque
2965 2807 3250 2876 scelestus,
3273 2812 3466 2869 cui-ad

1869 2895 2090 2938 usuram
2120 2886 2412 2954 pecuniam
2433 2889 2645 2956 damus,
2677 2894 2893 2960 quando
2921 2911 3021 2964 pro
3057 2913 3296 2968 expenso
3324 2919 3465 2974 prm—

1871 2973 2159 3031 dicationis
2183 2977 2372 3046 verbo,
2391 2981 2776 3048 paenitentiam
2814 2995 3192 3057 peccatorum,
3219 3001 3275 3047 et
3315 2973 3466 3052 insus-

169 3078 398 3134 societas
444 3078 566 3133 luci
622 3080 690 3135 ad
753 3080 1037 3137 tenebras?
1075 3082 1206 3149 Quae
1254 3091 1435 3138 autem
1479 3081 1765 3137 conventio
1792 3075 1838 3140 C
1869 3079 1966 3135 Per
1990 3066 2153 3123 ﬁdem
2177 3083 2302 3124 cum
2351 3073 2608 3142 operibus
2653 3074 2814 3131 bonis
2859 3079 2932 3134 ab
2985 3095 3052 3138 eo
3101 3083 3461 3152 postulamus.

175 3166 372 3225 Christi
397 3171 468 3226 ad
496 3170 708 3226 Belial?
738 3172 848 3227 Aut
872 3189 991 3243 qum
1017 3190 1146 3245 pars
1189 3175 1332 3232 ﬁdeli
1379 3190 1501 3231 cum
1529 3175 1766 3232 inﬁdeli?

176 3257 280 3326 Qui
304 3269 492 3316 autem
519 3277 820 3319 consensus
842 3266 1044 3337 templo
1094 3267 1191 3322 Dei
1239 3283 1364 3323 cum
1420 3269 1617 3324 idolis?
1654 3268 1766 3324 Vos

176 3353 318 3408 enim
339 3355 482 3410 estis
507 3358 770 3427 templum
801 3359 895 3413 Dei
919 3361 1046 3424 vivi,
1075 3361 1220 3415 sicut
1239 3362 1374 3418 dicit
1401 3364 1544 3419 Deus
1571 3381 1583 3416 :
1612 3362 1767 3430 Quod

180 3443 493 3501 inbabitabo
527 3461 649 3501 cum
674 3447 799 3513 illis,
827 3457 888 3502 et
921 3450 1208 3505 ambulubo
1257 3452 1399 3507 inter
1441 3467 1556 3517 eos,
1585 3461 1642 3507 et
1670 3467 1765 3508 ero

176 3533 392 3591 illorum
420 3536 592 3604 Deus,
622 3546 678 3594 et
713 3539 814 3608 ipsi
845 3548 1004 3593 erunt
1054 3541 1184 3594 mihi
1236 3543 1482 3610 populus.
1535 3543 1766 3613 Propter

172 3627 310 3693 quod
329 3628 482 3682 exite
507 3629 778 3684 demedio
806 3645 1017 3695 eorum,
1044 3639 1098 3686 et
1125 3635 1476 3703 separamini,
1501 3633 1636 3689 dicit
1661 3636 1765 3690 Do-

169 3719 346 3775 minus
379 3737 392 3774 :
423 3729 481 3776 et
504 3723 844 3778 immundum
867 3739 936 3779 ne
959 3725 1267 3794 tetigeritis,
1293 3734 1348 3781 et
1379 3741 1480 3797 ego
1505 3729 1764 3798 recipiam

166 3821 276 3875 vos,
314 3820 370 3864 et
392 3826 492 3865 ero
512 3814 668 3868 vobis
690 3814 743 3867 in
766 3823 995 3882 patrem,
1010 3827 1066 3871 et
1083 3831 1181 3871 vos
1203 3818 1356 3872 eritis
1378 3818 1512 3872 mihi
1537 3819 1593 3872 in
1623 3819 1762 3875 ﬁlios

159 3909 214 3954 et
259 3896 422 3966 ﬁlias,
461 3901 602 3958 dicit
656 3903 919 3960 Dominus
939 3909 1282 3976 omnipotens
1317 3908 1403 3980 (ΙΙ
1434 3909 1556 3964 Cor.
1590 3911 1688 3984 v1).
1736 3931 1754 3965 ι

235 4007 255 4040 ι
300 3990 423 4047 Non
454 3992 659 4049 offeres
686 3995 997 4050 mercedem
1033 3998 1314 4066 prostibuli
1333 4041 1348 4065 ,
1377 4015 1480 4055 nec
1525 4003 1760 4070 pretium

170 4096 188 4130 ‹
227 4080 384 4136 canis
404 4081 474 4136 in"
486 4084 714 4140 domum
745 4083 959 4140 Domini
989 4087 1090 4142 Dei
1117 4089 1218 4155 tui,
1233 4091 1494 4161 quidquid
1523 4093 1654 4149 illud
1676 4103 1760 4151 est

174 4187 198 4223 ι
233 4173 384 4243 quod
427 4177 730 4231 voverint:
771 4179 897 4247 quia
949 4179 1282 4238 abominatio
1333 4195 1426 4240 est
1468 4193 1758 4258 utrumque
1779 4220 1792 4229 -

179 4280 202 4314 σ
238 4267 378 4335 apud
407 4267 700 4323 Dominum
725 4269 895 4325 Deum
927 4279 1096 4327 tuum.
1145 4293 1167 4327 ι
1211 4275 1328 4332 Non
1367 4277 1566 4335 oﬁ’eres
1614 4296 1758 4336 nier-

178 4355 351 4410 cedem
391 4359 718 4424 meretricis,
750 4377 927 4432 neque
952 4367 1498 4424 communicationem
1523 4373 1676 4429 canis
1699 4375 1753 4429 in

1870 3159 2090 3217 Duobus
2120 3164 2298 3220 modis
2319 3166 2374 3219 in
2403 3165 2703 3237 Seripturis
2722 3172 2893 3228 sacris
2931 3175 3164 3243 pecunia
3199 3178 3465 3246 probatur

1869 3255 2116 3328 intelligi.
2142 3257 2260 3314 Una
2287 3267 2372 3316 est
2399 3260 2506 3315 ista
2531 3263 2822 3331 metalliea,
2851 3280 2973 3336 quae
3001 3268 3069 3323 ad
3093 3284 3316 3326 usuram
3339 3271 3459 3328 dari

1866 3353 2088 3408 omnino
2113 3355 2454 3424 prohibetur,
2479 3359 2745 3427 quoniam
2775 3360 2973 3417 vitium
3015 3364 3328 3435 cupiditatis
3378 3373 3464 3423 est

1865 3443 2085 3511 exigere
2125 3443 2264 3498 velle
2305 3445 2449 3513 quod
2495 3455 2550 3501 te
2595 3449 2814 3504 nescies
2865 3452 3261 3508 commodasse.
3309 3454 3464 3509 lianc

1865 3533 2152 3600 pecuniam
2192 3533 2411 3602 quidem
2460 3535 2653 3590 habuit
2683 3535 2946 3594 Dominus
2976 3537 3136 3595 Iesus
3183 3541 3454 3611 Christus,

1867 3635 2031 3688 quam
2062 3618 2214 3676 ludas
2248 3623 2472 3677 tradidit
2519 3625 2852 3694 pauperibus
2893 3629 3228 3698 erogandam
3252 3669 3268 3696 ,
3293 3645 3457 3702 quam

1863 3725 1973 3766 non
2001 3711 2153 3765 dedit
2175 3712 2244 3767 ad
2270 3727 2522 3778 usuram,
2545 3715 2763 3784 quando
2800 3715 2950 3776 illam
2996 3720 3366 3790 indigentibus
3392 3727 3460 3784 ad

1863 3800 2236 3857 informandus
2261 3819 2362 3859 nos
2390 3805 2480 3875 pia
2509 3805 2762 3877 largitate
2793 3811 3090 3868 concessit.
3107 3813 3295 3872 Altera
3330 3833 3460 3876 vero

1862 3899 1948 3948 est
1975 3907 2142 3962 quam
2169 3894 2236 3950 ad
2271 3910 2490 3951 usuram
2514 3899 2654 3965 dari,
2678 3899 2973 3971 Evangelia
2995 3901 3230 3972 dicente,
3261 3910 3459 3964 suade-

1861 3999 2010 4048 mur,
2037 3983 2091 4038 id
2119 3993 2222 4052 est,
2247 3986 2669 4055 praedicationes
2698 3992 3082 4050 sanctissimas
3120 4004 3184 4052 et.
3208 3997 3459 4057 instituta

1862 4077 2066 4133 divina.
2091 4077 2184 4133 Ait
2207 4080 2356 4136 enim
2385 4100 2396 4135 :
2437 4102 2456 4134 ε
2493 4083 2716 4142 Sciebas
2746 4102 2836 4143 me
2857 4089 3361 4150 hominem-durum
3395 4106 3450 4154 et

1859 4173 2162 4223 austerum.
2176 4167 2367 4226 Nonne
2379 4179 2694 4242 oportuerat
2710 4183 2766 4230 te
2801 4179 3152 4237 committere
3170 4185 3458 4254 pecuniam

1859 4272 2044 4314 meam.
2059 4261 2460 4328 nummulariis,
2484 4272 2541 4319 et
2569 4280 2670 4336 ego
2689 4267 2914 4324 veniens
2939 4272 3244 4343 exegissem
3267 4275 3456 4345 utique

1857 4365 1986 4405 cum
2011 4355 2192 4409 usuris
2223 4355 2372 4425 quod
2389 4371 2572 4412 meum
2602 4359 2722 4414 est?
2759 4379 2780 4413 ι
2811 4359 2905 4417 Sic
2935 4364 3082 4418 enim
3116 4367 3261 4423 istud
3291 4371 3456 4437 aequi-

179 4443 385 4503 dumum
414 4450 631 4506 Domini
677 4419 773 4508 Dei
817 4419 894 4509 tui
939 4458 1006 4512 ad
1051 4473 1212 4514 omne
1244 4469 1430 4517 votum
1458 4481 1470 4516 :
1495 4467 1752 4534 quoniam
1778 4419 1834 4481 Β
1857 4457 2051 4498 vocum
2101 4445 2329 4502 Verbum
2375 4461 2477 4516 P’o
2516 4447 2762 4505 [omnm
2821 4451 3089 4521 quam“
3137 4457 3449 4527 ποίνίωΐο

181 4537 500 4600 abomina‘tio
551 4544 782 4601 Domino
826 4549 937 4604 Deo
963 4558 1060 4605 tuo
1083 4559 1166 4608 est
1187 4593 1202 4618 ,
1230 4562 1289 4608 et
1315 4554 1420 4611 hoc
1448 4571 1557 4612 non
1584 4574 1751 4614 unum

180 4625 380 4700 horum,
411 4636 506 4689 scd
539 4644 854 4706 utrumque.
896 4639 974 4694 De
1020 4655 1154 4694 cane
1201 4643 1399 4712 quippe
1443 4654 1593 4700 vetat
1633 4647 1752 4701 ﬁeri

182 4729 652 4783 commutationem
697 4729 1204 4801 primogenitorum,
1233 4748 1398 4803 quam
1437 4733 1592 4804 jubet
1633 4736 1750 4792 ﬁeri

183 4811 240 4865 de
266 4815 382 4872 aliis
408 4819 704 4876 immundis
729 4821 1075 4890 animalibus,
1093 4823 1147 4878 id
1169 4832 1270 4890 est,
1289 4827 1446 4896 equis
1465 4834 1520 4881 et
1544 4826 1746 4894 asinis;

183 4913 229 4956 et
255 4908 296 4961 si
331 4913 458 4980 quid
499 4928 694 4971 eorum
743 4927 828 4970 est
870 4932 990 4986 quae
1040 4918 1296 4989 adjuvant
1343 4920 1616 4976 hominem
1652 4939 1664 4974 :
1695 4929 1751 4977 et

182 4991 354 5056 Latine
381 5018 410 5056 a
433 5002 682 5073 iuvando
699 5005 944 5075 iumenta
974 5009 1248 5065 dicuntur.
1297 5011 1376 5067 De
1401 5027 1538 5068 cane
1566 5021 1748 5069 autem

185 5087 355 5157 noluit,
385 5105 570 5152 utrum
609 5106 664 5153 et
706 5097 776 5153 de
807 5100 1012 5168 porco?
1058 5100 1128 5154 Et
1173 5116 1344 5170 quare
1387 5103 1619 5157 noluerit
1666 5119 1750 5158 re-

185 5178 482 5242 qniiendum
505 5197 614 5253 est,
640 5196 694 5244 et
714 5191 760 5244 si
783 5191 852 5246 de
875 5191 1128 5246 omnibus
1155 5192 1352 5248 talibus
1372 5194 1749 5265 noluit,quare

184 5269 338 5328 solum
364 5294 549 5338 canem
581 5284 689 5338 isto
715 5284 835 5339 loco
871 5293 1160 5356 exceptum
1204 5284 1427 5340 fecerit?
1476 5287 1554 5341 De
1598 5302 1744 5342 mer-

187 5362 300 5419 cede
343 5379 520 5428 autem
566 5376 876 5432 meretricis
923 5384 983 5430 ut
1029 5377 1258 5443 diceret,
1289 5379 1504 5433 videtur
1533 5395 1598 5433 ea
1627 5395 1748 5435 esse

189 5463 351 5522 causa.
381 5463 505 5530 quia
532 5467 786 5535 superius
824 5467 1104 5535 prohibuit
1145 5483 1265 5523 esse
1308 5470 1651 5524 meretricem
1681 5472 1746 5525 de

190 5541 380 5608 ﬁliabus
406 5554 603 5625 Israel,
640 5567 734 5614 aut
767 5576 1110 5631 nequaquam
1166 5562 1398 5618 ﬁliorum
1453 5563 1622 5619 lsrael
1669 5566 1744 5620 uti

192 5645 488 5718 meretrice;
523 5663 671 5711 etne
710 5656 966 5728 subrepat
990 5657 1306 5728 cogitationi
1350 5659 1558 5732 expiari
1585 5675 1745 5731 posse

1862 4555 1881 4587 ‹
1922 4537 2206 4608 ingressus
2231 4538 2446 4593 vineam
2472 4539 2710 4608 proximi
2736 4541 2812 4596 tui
2829 4577 2854 4607 ,~
2876 4545 3106 4601 comede
3123 4561 3257 4603 uvas
3279 4563 3451 4619 quan-

1863 4652 1882 4684 c
1931 4631 2162 4686 tumtibi
2181 4630 2481 4701 placuerit;
2503 4630 2656 4687 foras
2673 4641 2858 4690 autem
2877 4649 2947 4690 ne
2975 4635 3178 4694 efferas
3192 4647 3390 4696 tecum.
3422 4663 3444 4698 ι

1857 4721 2086 4776 Vineam
2130 4722 2235 4777 hoc
2276 4721 2398 4778 loco
2436 4722 2526 4777 vel
2571 4721 2886 4793 Scripturas
2920 4741 3128 4797 sacras,
3152 4731 3243 4787 ubi
3273 4735 3448 4805 gratia

1854 4811 2436 4882 spiritalisreperiuir,
2463 4813 2549 4870 vel
2575 4811 2878 4872 Ecclesium
2904 4819 3250 4887 catholicam,
3281 4835 3446 4893 quam

1851 4905 1909 4960 in
1937 4905 2198 4974 parabole
2221 4906 2500 4980 Evangelii
2524 4925 2844 4983 expressam
2870 4911 3043 4968 vincte
3074 4913 3296 4968 nomine
3315 4913 3447 4984 legi—

1852 5009 2010 5064 mus,
2035 4998 2286 5068 accipere
2334 5017 2644 5071 possumus.
2694 5005 2984 5061 Proximus
3030 5014 3213 5061 autem
3259 5015 3446 5063 noster

1852 5089 2006 5159 cujus
2035 5092 2160 5161 ipsa
2181 5092 2340 5148 vinea
2368 5103 2474 5160 est,
2500 5094 2829 5167 Redemptor
2846 5097 3074 5152 immani
3099 5098 3312 5168 generis
3335 5106 3440 5155 est.
3521 5113 3526 5119 '

1855 5184 2115 5253 Quisquis
2142 5186 2284 5241 hanc
2316 5187 2531 5244 vineam
2554 5190 2876 5262 ingreditur,
2901 5203 3036 5245 uvas
3055 5189 3107 5245 ei
3132 5189 3439 5259 comedere,

1853 5278 1959 5333 hoc
1982 5276 2510 5336 estincarnationem
2521 5280 2731 5338 Christi
2747 5283 2990 5348 credere,
3006 5288 3063 5336 et
3083 5283 3438 5338 sacramentis

1851 5367 1970 5438 ejus
1999 5370 2054 5423 in
2103 5385 2166 5424 ea
2204 5373 2536 5441 participare
2576 5374 2721 5430 licet.
2763 5374 2938 5429 Foras
2979 5382 3181 5440 autem,
3209 5375 3316 5430 hoc
3355 5383 3440 5430 est

1851 5472 2008 5518 extra
2041 5462 2362 5530 Ecclesiam,
2409 5467 2553 5522 hanc
2585 5469 2815 5538 gratiam
2851 5466 3000 5521 nullo
3047 5468 3210 5522 modo
3256 5468 3436 5523 εὔεπί

1849 5554 2056 5620 licebit,
2087 5555 2211 5626 quia
2244 5557 2298 5611 in
2325 5573 2431 5612 una
2468 5559 2635 5614 domo
2663 5572 2858 5612 carnes
2885 5559 3012 5628 agni
3046 5559 3129 5613 edi
3154 5557 3432 5626 iubentur.

1856 5661 1875 5694 ι
1924 5643 1981 5700 Si
2009 5646 2297 5704 intraveris
2331 5658 2570 5718 segetem
2611 5649 2778 5704 amici-
2807 5651 2906 5717 tui,
2939 5649 3158 5721 franges
3181 5651 3358 5721 spicas
3383 5659 3436 5708 et
