3930 6344
516 236 634 309 936

1205 242 1266 302 B.
1299 242 1556 302 BABANI
1592 242 1816 303 MAURI
1852 245 2176 305 ARCHIEP.
2213 247 2522 308 MOGUNT.
2555 248 2838 308 OPERUM
2875 252 3057 332 PARS
3088 254 3133 313 Ι.

3653 265 3750 325 .956

515 385 544 422 ‹
580 379 747 422 manu
772 367 1044 426 conteres,
1066 359 1206 416 falce
1231 353 1545 416 autemnon
1570 365 1762 416 metes.
1797 379 1814 414 ι
1849 361 1990 429 Quid
2011 355 2096 417 est
2121 371 2172 433 Α
2198 372 2530 436 contempta,
2580 367 2964 424 continentiam
3027 369 3181 448 inter.
3225 384 3286 427 se
3337 374 3461 450 pari
3515 391 3753 442 consensu

513 456 660 520 enim
699 466 934 529 segetem
969 455 1136 510 amici
1159 455 1386 522 intrare,
1415 453 1521 509 nisi
1553 455 1726 524 legem
1757 453 1983 520 Christi,
2006 453 2110 523 qui.

508 565 672 608 verus
698 546 907 602 amicus
938 551 1124 600 noster
1147 552 1254 608 est,
1289 543 1378 613 pie
1404 543 1690 599 meditari?
1723 543 1824 598 Ubi
1847 542 2100 614 frangere

511 641 694 712 spicas
711 645 770 694 et
795 651 960 690 manu
982 641 1290 698 conterere,
1319 634 1424 689 hoc
1464 641 1550 688 est
1588 633 1827 689 litteram
1855 633 1994 704 legis
2040 634 2098 689 in

509 725 832 799 opportunis
860 724 994 782 locis
1018 723 1086 780 ad
1112 723 1412 793 spiritalem
1455 738 1675 778 sensum
1712 724 1976 795 redigere,
2002 739 2100 780 no-

511 821 598 876 bis
628 819 983 885 conceditur;
1015 816 1154 874 falce
1199 824 1381 870 autem
1407 823 1612 872 metere
1631 856 1646 882 ,
1675 816 1780 871 hoc
1803 823 1888 871 est
1910 829 2100 873 omnes

511 911 831 984 Scripturas
854 911 908 968 iu
933 909 1140 965 malum
1165 923 1387 965 sensum
1414 915 1651 976 vertere,
1675 909 1893 980 penitus
1917 910 2092 966 inter-

511 1005 730 1061 dicitur.
769 1001 908 1057 Sunt
928 1016 1060 1072 ergo
1085 1000 1332 1070 quaedam
1357 1000 1478 1055 loca
1510 1000 1567 1054 in
1599 1000 1964 1057 Testamentis
2011 1001 2097 1056 di-

505 1095 670 1161 vinis,
684 1109 807 1163 quae
828 1092 1182 1150 bistorialiter
1202 1091 1364 1146 ﬁdem
1389 1091 1674 1158 imbuunt;
1701 1093 1950 1163 quasdam
1969 1107 2099 1148 vero

510 1200 635 1255 quae
678 1182 963 1240 moraliter
1011 1179 1080 1234 ad
1121 1188 1368 1236 sanctam
1422 1181 1891 1237 conversationem
1943 1181 2099 1238 insti-

507 1281 699 1339 tuunt;
723 1272 971 1342 quaedam
995 1271 1162 1326 etiam
1185 1285 1306 1340 qua
1331 1285 1444 1326 non
1471 1271 1767 1327 secundum
1791 1272 2096 1340 historiam,

509 1365 607 1422 sed
634 1364 929 1420 secundum
957 1361 1272 1432 allegoriam
1303 1363 1614 1418 veneranda
1641 1363 1897 1434 mysteria
1921 1371 2100 1418 osten-

506 1453 643 1510 dunt
681 1471 695 1509 :
727 1461 786 1507 at
831 1451 956 1507 ideo
1002 1452 1206 1522 ubique
1245 1451 1490 1524 diligenti
1534 1451 1726 1508 lectori
1751 1469 1962 1508 summa
1988 1453 2100 1510 dis-

503 1544 747 1600 cretione
780 1558 919 1614 opus
939 1551 1054 1608 est,
1087 1551 1150 1598 ut
1178 1543 1236 1598 in
1258 1543 1514 1614 praedicta
1535 1550 1718 1612 segete
1743 1543 1976 1607 Domini,
2001 1557 2100 1615 per

502 1634 772 1691 cautelam
799 1641 1018 1705 pastum
1068 1633 1172 1690 sibi
1221 1634 1500 1690 salubrem
1549 1641 1778 1704 quaerat,
1803 1649 1874 1689 ne
1914 1642 2098 1690 tamen

2205 467 2423 509 servare
2451 456 2743 525 potuerunt
2771 472 2786 510 :
2817 459 2944 527 quia
2975 473 3149 530 neque
3190 471 3382 517 contra
3421 464 3550 520 illud
3577 486 3752 540 prima.

2201 553 2354 616 ptum
2373 547 2438 602 ﬁt
2455 586 2470 612 ,
2495 563 2602 617 quo
2630 548 2890 604 Dominus
2914 549 3115 606 dimitti
3163 553 3449 627 conjugem
3477 569 3636 615 vetat.
3660 562 3752 628 Dion

2201 637 2348 692 enim
2371 638 2597 694 dimittit
2623 640 2714 710 qui
2742 655 2865 696 cum
2891 655 2955 696 ea
2979 659 3089 698 non
3115 646 3424 712 carnaliter,
3448 651 3546 703 sed
3571 653 3752 721 spirita-

2203 727 2327 782 liter
2350 730 2506 796 vivit,
2546 737 2602 784 et
2635 731 2764 786 illud
2809 741 3081 800 servatur,
3123 739 3268 805 quod
3319 753 3419 808 per
3468 739 3750 812 Apostolus:

2201 819 2444 878 dicitur:
2485 841 2504 874 ι
2548 821 2835 894 Reliquum
2886 835 2990 893 est,
3040 835 3098 882 ut
3161 830 3254 899 qui
3309 831 3515 887 habent
3567 851 3749 907 uxores,

2204 917 2360 985 quasi
2404 932 2513 973 non
2570 918 2830 976 habentes
2876 921 2985 976 sint
3038 919 3226 998 (lbid.)
3273 945 3293 977 ι
3331 924 3560 997 Mystice
3603 942 3748 990 autem

2204 1009 2366 1064 homo
2389 1009 2478 1064 hic
2499 1008 2776 1066 Christum
2804 1013 3160 1084 demonstrat,
3175 1018 3268 1088 qui
3303 1021 3522 1092 accepit
3541 1040 3746 1092 uxorem,

2205 1114 2327 1156 cum
2376 1101 2650 1156 associare
2692 1101 2795 1158 sibi
2832 1101 3003 1160 voluit
3027 1112 3374 1181 synagogam,
3403 1127 3568 1181 quam
3617 1116 3745 1170 etiam

2205 1191 2406 1246 dudum
2435 1192 2819 1262 desponsabat,
2849 1199 3063 1265 quando
3088 1199 3138 1254 ei
3172 1201 3342 1272 legem
3374 1203 3526 1258 dedit
3549 1205 3596 1260 in
3616 1206 3742 1275 justi-

2204 1282 2300 1350 tia,
2332 1290 2386 1338 et
2403 1282 2625 1353 judicio,
2655 1293 2710 1341 et
2744 1288 3142 1358 misericordia,
3171 1293 3314 1349 sicut
3343 1295 3400 1350 in
3445 1296 3617 1369 Moyse
3642 1301 3745 1356 scri-

2203 1387 2356 1449 ptum
2397 1385 2498 1432 est.
2538 1375 2645 1433 Sed
2676 1377 2766 1432 illa
2791 1394 2900 1435 non
2934 1382 3140 1437 invenit
3178 1385 3413 1458 gratiam
3452 1397 3573 1444 ante
3596 1391 3746 1446 oculos

2205 1466 2323 1537 ejus
2349 1476 2573 1538 propter
2602 1470 3035 1528 incredulitatem
3063 1490 3215 1529 suam
3257 1485 3314 1531 et
3344 1476 3626 1536 foeditatem
3649 1483 3748 1538 ido-

2206 1555 2451 1612 lolatriae.
2481 1557 2633 1614 Unde
2656 1560 2705 1615 ei
2733 1561 2952 1632 scripsit
2972 1563 3212 1620 libellum
3241 1567 3484 1638 repudii,
3508 1571 3747 1627 condendo

2204 1646 2459 1703 videlicet
2485 1646 2855 1719 Evangelium,
2872 1652 2962 1707 ubi
2987 1655 3433 1712 manifestissime
3461 1659 3744 1728 declaratur,

497 1738 605 1796 per
631 1725 1000 1782 temeritatem
1026 1725 1084 1782 in
1097 1724 1366 1795 judia‘um
1393 1724 1538 1781 las:
1563 1725 1760 1781 messis
1781 1725 2004 1784 incidat.
2101 1731 2176 1828 ‘B
2203 1738 2348 1808 quod
2365 1739 2482 1807 ipsa
2511 1739 2732 1811 indigna
2755 1740 2859 1797 fuit
2885 1744 3146 1814 spiritalis
3177 1746 3338 1816 hujus
3367 1751 3632 1816 consortii,
3648 1724 3743 1808 cum

1103 1837 1333 1896 CAPUT
1385 1835 1518 1895 XIII.

576 1931 658 1985 De
683 1929 999 1984 dimittenda
1024 1945 1188 1984 uxore
1217 1930 1401 1985 odiosa
1437 1947 1554 1986 cum
1594 1930 1769 1987 libello
1799 1933 2024 2003 repudii.

500 2037 506 2050 ·
575 2018 729 2091 (αλιι.
757 2019 934 2090 xxiv.)
968 2035 1009 2091 «δ
1034 2019 1092 2075 Si
1121 2021 1394 2090 acceperit
1422 2023 1587 2079 homo
1620 2037 1850 2079 uxorem
1902 2034 1957 2080 et
2004 2025 2101 2080 ha-

508 2127 534 2162 c
577 2111 757 2165 huerit
786 2126 929 2177 eam,
961 2118 1016 2166 et
1053 2125 1159 2166 non
1193 2112 1465 2167 invenerit
1493 2114 1724 2184 gratiam
1755 2124 1883 2170 ante
1911 2106 2102 2173 oculos

507 2219 530 2255 ε
575 2201 695 2273 ejus
730 2211 955 2274 propter
982 2203 1219 2275 aliquam
1258 2203 1584 2273 foeditatem,
1613 2209 1814 2263 scribet
1850 2207 2099 2264 libellum

508 2311 530 2346 ι
573 2295 804 2365 repudii,
836 2302 892 2350 et
923 2295 1072 2351 dabit
1102 2297 1155 2349 in
1181 2309 1348 2350 manu
1374 2295 1513 2365 ejus,
1535 2287 1590 2351 et
1615 2295 1851 2352 dimittet
1879 2313 1998 2353 eam
2033 2301 2101 2355 de

507 2401 532 2439 ι
576 2388 738 2441 domo
763 2399 882 2441 sua.
919 2385 1165 2456 Cumque
1191 2399 1410 2457 egressa
1443 2386 1673 2442 alterum
1704 2389 1960 2444 maritum
1995 2391 2098 2446 du-

503 2489 532 2528 ‹
573 2476 754 2543 xerit,
779 2483 836 2531 et
868 2477 962 2531 ille
996 2491 1211 2548 quoque
1254 2478 1432 2533 oderit
1475 2493 1618 2545 eam,
1667 2480 1982 2551 dederitque
2046 2484 2098 2539 ei

503 2582 530 2621 ι
569 2566 812 2624 libellum
838 2568 1050 2639 repudii
1071 2578 1127 2624 et
1149 2569 1421 2625 dimiserit
1442 2571 1507 2626 de
1527 2572 1688 2627 domo
1709 2588 1826 2639 sua,
1845 2573 1928 2628 vel
1948 2583 2098 2632 certe

501 2673 531 2714 ς
574 2669 824 2718 mortuus
855 2660 1041 2729 fuerit,
1056 2678 1164 2718 non
1191 2664 1390 2733 poterit
1417 2665 1569 2735 prior
1591 2667 1823 2722 maritus
1853 2668 2099 2738 recipere

501 2762 528 2801 ι
568 2762 692 2804 eam
721 2749 779 2804 in
809 2765 1039 2806 uxorem
1058 2792 1072 2818 ,
1105 2753 1232 2822 quia
1258 2753 1463 2824 polluta
1493 2756 1588 2818 esti
1610 2765 1666 2811 et
1719 2757 2097 2816 abominabilis

506 2855 529 2892 ε
572 2839 716 2896 facta
736 2849 822 2897 est
847 2856 1034 2898 coram
1064 2843 1315 2911 Domino,
1349 2853 1456 2901 etc.
1499 2865 1520 2899 ι
1553 2846 1734 2914 Istum,
1751 2849 1930 2905 locum
1976 2851 2095 2922 ple-

497 2929 624 2988 nius
653 2931 906 2989 Salvator
924 2935 1167 3004 exponit,
1192 2937 1337 3006 quod
1367 2933 1579 3008 Moyses
1610 2937 2095 3014 libellum'repudii

499 3020 619 3076 dari
637 3021 884 3093 jusserit,
915 3032 1139 3094 propter
1163 3026 1419 3081 duritiam
1458 3031 1639 3085 cordis
1690 3032 2013 3089 meritorum
2040 3048 2091 3103 α,

497 3125 610 3168 non
645 3113 931 3169 discidium
958 3116 1284 3182 concedens,
1319 3119 1671 3177 homicidium
1711 3121 1927 3193 (Matth.
1951 3125 2092 3198 xxx).

499 3199 670 3256 Multo
725 3203 876 3258 enim
927 3204 1122 3260 melius
1168 3206 1296 3261 licet
1326 3209 1608 3280 lugubrem
1643 3215 1861 3269 evenire
1892 3216 2097 3272 discor-

503 3291 651 3347 diam
678 3307 843 3361 quam
865 3309 962 3363 per
979 3295 1164 3349 odium
1192 3298 1510 3368 sanguinem
1530 3300 1703 3356 fundi.
1736 3302 1914 3359 Multae
1937 3317 2096 3364 erant

497 3378 554 3436 in
582 3380 753 3435 veteri
780 3381 898 3453 lege
920 3398 1099 3438 causae
1121 3399 1322 3442 uxores
1351 3387 1681 3445 dimittendi.
1711 3391 1978 3452 Dominus
2001 3413 2096 3453 au-

505 3476 617 3524 tem
648 3471 704 3526 in
741 3471 1038 3541 Evangelio
1061 3474 1233 3529 solam
1268 3491 1489 3533 causam
1526 3479 1905 3540 fornicationis
1927 3501 2092 3544 exce-

500 3560 586 3633 pit
626 3578 640 3615 :
669 3571 898 3619 caeteras
923 3578 1054 3619 vero
1081 3566 1701 3640 molestias-universas,
1727 3575 1774 3629 si
1804 3589 1924 3645 quae
1956 3577 2096 3635 forte

501 3658 836 3724 exstiterint,
857 3659 1014 3730 jubet
1041 3674 1143 3730 pro
1163 3661 1270 3718 ﬁde
1291 3663 1584 3737 conjugali,
1608 3677 1664 3724 et
1689 3685 1789 3740 pro
1819 3673 2088 3739 castitate,

495 3747 718 3804 fortiter
745 3750 1036 3805 sustinere.
1087 3751 1157 3806 Et
1199 3756 1474 3810 moechum
1520 3757 1654 3814 dicit
1704 3761 1869 3816 etiam
1914 3763 2091 3820 virum

499 3840 594 3910 qui
617 3854 738 3894 eam
767 3841 997 3896 duxerat
1022 3859 1143 3913 quae
1176 3845 1354 3901 soluta
1399 3857 1483 3903 est
1524 3850 1645 3905 viro
1674 3867 1692 3908 :
1724 3853 1809 3908 cui
1846 3853 1923 3909 rei
1968 3869 2094 3927 apo-

2103 1859 2106 1862 -
2199 1829 2478 1886 Christum
2507 1834 2903 1902 persequendo,
2932 1836 3155 1892 tradidit
3185 1841 3253 1894 ad
3281 1851 3586 1905 crucem,et
3608 1847 3743 1917 magis

2201 1920 2364 1992 elegit
2386 1921 2488 1977 sibi
2515 1921 2632 1978 dari
2663 1924 2947 1981 Barabban
2975 1926 3267 1997 latronem,
3300 1947 3472 2003 quam
3502 1933 3738 1991 Dominum

2202 2007 2562 2068 Salvatorem.
2599 2013 2768 2071 Datus
2793 2025 2879 2072 est
2912 2017 3125 2076 libellus
3149 2023 3364 2096 repudii
3407 2024 3464 2078 in
3509 2041 3672 2081 manus
3693 2026 3739 2082 il-

2200 2104 2326 2171 lius,
2356 2121 2480 2161 cum
2505 2115 2750 2178 potestas
2776 2109 2854 2165 illi
2889 2111 3016 2166 data
3043 2123 3128 2170 est
3161 2114 3581 2186 Redemptorem
3605 2119 3738 2175 cruci-

2201 2197 2295 2270 figi
2320 2217 2333 2254 :
2364 2201 2508 2256 unde
2522 2202 2670 2272 juste
2693 2204 2894 2260 meruit
2920 2207 3101 2277 abjici,
3126 2217 3182 2264 et
3208 2211 3442 2268 dimissa
3468 2223 3544 2268 est
3568 2229 3596 2267 a
3616 2214 3739 2286 domo

2200 2305 2321 2357 sua,
2359 2306 2483 2347 cum
2521 2309 2552 2348 a
2601 2303 2793 2350 sancta
2827 2295 3002 2365 ejecta
3043 2307 3127 2355 est
3156 2299 3432 2357 Ecclesia.
3471 2301 3584 2358 Hinc
3629 2318 3739 2375 quo-

2200 2396 2306 2451 que
2334 2383 2390 2438 in
2416 2384 2708 2455 Evangelia
2734 2387 2849 2457 ipse
2873 2389 3131 2446 Dominus
3167 2392 3473 2460 praeferens
3497 2395 3588 2450 illis
3611 2394 3740 2450 fidem

2201 2475 2554 2541 centurionis,
2589 2477 2666 2531 ait
2695 2492 2710 2531 :
2742 2495 2761 2528 ι
2807 2477 2958 2534 Multi
2985 2482 3205 2538 venient
3229 2483 3299 2538 ab
3331 2485 3542 2541 oriente
3563 2495 3608 2541 ct
3628 2486 3740 2564 occi-

2201 2567 2381 2635 dente,
2411 2576 2465 2623 et
2495 2569 2814 2626 recumbent
2839 2587 2963 2628 cum
2990 2574 3289 2643 Abraham,
3321 2585 3380 2632 et
3407 2578 3550 2635 Isaac
3591 2589 3639 2634 et
3670 2577 3740 2648 Ja-

2200 2661 2302 2718 cob
2325 2662 2382 2715 in
2403 2675 2572 2732 regno
2601 2664 2866 2720 caelorum
2900 2685 2912 2720 :
2948 2665 3043 2722 filii
3076 2683 3259 2724 autem
3287 2671 3452 2743 regni
3491 2669 3629 2741 hujus
3669 2667 3742 2740 eji-

2200 2753 2415 2808 cientur
2442 2753 2498 2808 in
2529 2753 2782 2810 tenebras
2810 2758 3133 2825 exteriores,
3152 2758 3244 2816 ubi
3275 2762 3385 2816 erit
3406 2761 3547 2817 ﬂetus
3569 2771 3616 2816 et
3636 2761 3742 2820 stri-

2199 2844 2298 2899 dor
2323 2845 2564 2900 dentium
2597 2845 2811 2918 (Matth.
2841 2848 2984 2920 vui).
3017 2869 3037 2902 ι
3065 2849 3220 2917 Quod
3254 2863 3441 2908 autem
3477 2855 3684 2925 sequitur
3728 2869 3740 2906 :

2204 2954 2223 2985 ‹
2253 2933 2496 3007 Cumque
2522 2952 2766 3008 egressa,
2797 2939 3028 2996 alterum
3066 2944 3330 3000 maritum
3354 2945 3579 3012 duxerit,
3608 2954 3656 3001 et
3675 2943 3743 2998 ille

2196 3037 2420 3099 propter
2464 3030 2764 3087 foeditatem
2813 3047 2970 3088 suam
3010 3035 3190 3092 oderit
3215 3053 3359 3105 eam,
3398 3038 3742 3109 dederitqueei

2199 3112 2440 3176 libellum
2492 3124 2727 3193 repudii,
2774 3124 2904 3194 quia
2944 3125 3217 3182 dimiserit
3242 3129 3310 3184 de
3345 3129 3504 3186 domo
3529 3145 3630 3196 sua,
3658 3145 3744 3186 non

2197 3213 2398 3284 poterit
2423 3215 2577 3284 prior
2602 3218 2835 3274 maritus
2866 3209 3108 3289 recipere
3133 3235 3280 3289 eam,
3311 3224 3436 3294 quia
3471 3223 3657 3295 polluta
3680 3232 3748 3276 εει

2197 3313 2253 3359 et
2282 3306 2667 3363 abominabilis
2695 3307 2862 3374 facta,
2903 3329 2922 3362 ι
2968 3311 3245 3382 significat
3284 3316 3449 3386 quod,
3483 3315 3605 3370 licet
3645 3327 3749 3383 apo-
3788 3337 3795 3349 -

2197 3397 2322 3453 stoli
2347 3407 2470 3466 post
2499 3400 2806 3470 passionem
2846 3411 2898 3458 et
2937 3408 3399 3463 resurrectionem
3423 3408 3620 3465 Christi
3645 3423 3751 3479 syn-

2196 3501 2421 3558 agogam
2466 3489 2534 3543 ad
2583 3491 2963 3559 paenitentiam
3017 3503 3073 3549 et
3125 3496 3192 3551 ad
3240 3496 3397 3552 ﬁdem
3449 3499 3752 3554 catholicam

2197 3579 2310 3634 suis
2333 3579 2809 3648 praedicationibus
2837 3587 3272 3654 provocaverint,
3304 3603 3524 3657 eamque
3569 3589 3758 3644 vellent

2197 3669 2532 3738 spiritalibus
2584 3673 2789 3743 nuptiis
2843 3675 3124 3744 copulari,
3173 3686 3338 3732 tamen
3388 3678 3607 3750 indigna
3653 3680 3762 3735 fuit

2193 3762 2396 3831 prioris
2420 3763 2602 3819 mariti
2634 3768 2929 3834 consortio,
2957 3769 3079 3838 quia
3110 3767 3301 3838 polluta
3346 3784 3533 3825 errore
3555 3810 3570 3834 ,
3599 3780 3658 3825 et
3707 3770 3759 3825 in

2193 3857 2564 3927 voluptatibus
2608 3859 2723 3916 suis
2773 3861 3149 3918 abominabilis
3194 3861 3367 3930 facta,
3408 3863 3469 3918 in
3526 3862 3757 3920 ireditate

495 3927 669 3983 stolus
704 3927 906 3984 Paulus
946 3933 1239 3988 terminum
1284 3938 1545 4004 ostendit,
1577 3940 1703 4010 quia
1749 3945 1938 3999 tandiu
1996 3945 2092 4001 ob-
2193 3948 2426 4019 pristina
2451 3953 2770 4020 permansit.
2791 3953 2946 4010 Unde
2965 3955 3164 4026 legitur
3181 3955 3307 4027 quia
3327 3927 3553 4026 apostoli
3575 3954 3754 4010 Christi

493 4019 820 4073 servandum
869 4021 1032 4088 dicit,
1079 4023 1318 4093 quandiu
1361 4027 1448 4080 vir
1489 4027 1606 4097 ejus
1651 4031 1821 4102 vivit,
1865 4034 1955 4090 illo
1989 4051 2088 4090 au-

493 4119 607 4164 tem
650 4117 897 4199 mortuo,
945 4113 1038 4167 dat
1069 4115 1305 4171 nubendi
1356 4117 1630 4175 licentiam
1683 4120 1751 4196 (Ι
1791 4123 1916 4180 Car.
1955 4127 2086 4199 vn).

2195 4041 2392 4097 Paulus
2433 4052 2487 4098 et
2511 4042 2790 4102 Barnabas
2835 4045 2891 4100 in
2940 4044 3250 4113 Antiochia,
3289 4061 3516 4102 excusso
3551 4045 3753 4117 pulvere

2192 4130 2389 4201 pedum
2421 4131 2474 4186 in
2501 4132 2746 4201 Judreos,
2779 4135 3032 4191 dixerunt
3065 4155 3077 4190 :
3115 4155 3132 4188 ι
3171 4136 3339 4194 Vobis
3365 4137 3633 4210 oportebat
3659 4134 3754 4206 pri-

496 4196 650 4303 }lanc
703 4198 896 4303 etiam“
929 4203 1173 4269 regulam
1215 4205 1331 4275 ipse
1366 4209 1559 4274 tenuit,
1623 4219 1679 4268 et
1741 4214 1794 4268 in
1852 4230 1914 4270 ea
1979 4196 2090 4273 non
2195 4196 2343 4277 mum
2370 4222 2518 4294 loqui
2547 4196 2770 4282 verbum
2798 4227 3028 4294 Dei,sed
3059 4232 3317 4300 quoniam
3344 4196 3599 4303 repellitis
3623 4229 3750 4293 illud,

497 4287 674 4344 solum
702 4288 1016 4358 consilium,
1055 4293 1198 4348 sicut
1224 4305 1280 4349 et
1323 4297 1379 4351 in
1407 4301 1684 4358 nonnullis
1708 4307 1958 4375 monitis,
1995 4310 2089 4366 sed
2194 4323 2250 4369 et
2289 4317 2543 4387 indignos
2567 4333 2663 4373 vos
2684 4318 2946 4389 judicatis
2984 4321 3106 4376 vita:
3135 4331 3378 4391 aeternae,
3410 4336 3539 4379 ecce
3561 4336 3751 4378 conver-

499 4389 836 4498 prﬁceptum
887 4381 1104 4440 Domini
1139 4382 1384 4453 jubentis
1432 4393 1669 4496 ostendit
1719 4411 1842 4450 cum
1884 4399 2012 4455 dicit
2068 4421 2168 4498 :D
2195 4410 2364 4464 timur
2409 4381 2478 4464 ad
2522 4381 2710 4480 gentes
2762 4412 2899 4483 (Act.
2936 4409 3079 4485 xui).
3130 4434 3149 4466 ι
3193 4381 3556 4486 Tropologice
3601 4423 3750 4469 autem

501 4492 539 4575 ξ
556 4474 656 4575 Είῆ
683 4483 867 4531 amem
893 4492 1016 4575 (illa!
1041 4485 1212 4548 nulna
1233 4488 1366 4575 ξωιι
1391 4483 1684 4553 Ρτωοίρίο,
1708 4501 1818 4542 non
1847 4503 1949 4561 ego
1989 4495 2089 4552 sed
2112 4474 2167 4498 ν
2193 4502 2358 4558 homo
2387 4474 2612 4558 uxorem
2642 4474 2857 4575 accipit,
2893 4523 3016 4561 cum
3039 4474 3295 4563 lactionis
3345 4519 3583 4567 terrente
3607 4508 3748 4565 susci-

500 4564 796 4656 Dominus,
811 4567 1097 4656 mulierem
1138 4586 1169 4624 a
1194 4570 1316 4628 viro
1345 4588 1455 4628 non
1489 4575 1769 4636 discedere
1803 4581 2015 4656 (Ibid.).
2062 4605 2082 4639 ι

577 4669 598 4702 ι
642 4652 801 4719 Quod
825 4654 872 4710 si
900 4655 1238 4728 discesserit,
1264 4676 1487 4719 manere
1524 4665 1826 4739 innuptam,
1852 4685 1948 4732 aut
1967 4652 2086 4735 viro

501 4767 524 4799 ι
567 4763 666 4803 suo
718 4752 1080 4809 reconciliari.
1137 4756 1206 4811 Et
1256 4759 1344 4814 vir
1391 4775 1620 4818 uxorem
1651 4781 1721 4822 ne
1749 4767 2010 4826 dimittat.
2055 4792 2078 4827 ι

495 4839 674 4896 Credo
694 4839 860 4894 simili
884 4841 1080 4909 forma,
1096 4854 1158 4900 ut
1179 4848 1226 4902 si
1253 4849 1540 4919 dimiserit,
1565 4869 1673 4910 non
1706 4857 1868 4914 ducat
1896 4861 2080 4929 aliam,

477 4941 596 4988 aut
616 4931 996 4988 reconcilietur
1023 4940 1200 4994 uxori.
1239 4941 1389 4999 Fieri
1425 4946 1570 5000 enim
1603 4958 1785 5018 potest
1808 4961 1869 5007 ut
1901 4953 2084 5010 dimit-

495 5030 639 5080 teret
660 5037 888 5080 uxorem
915 5037 1080 5080 causa
1105 5028 1502 5103 fornicationis,
1517 5052 1680 5108 quam
1701 5040 1965 5099 Dominus
1987 5061 2082 5101 ex-

495 5123 710 5187 ceptam
735 5130 856 5173 esse
879 5115 1068 5171 voluit.
1097 5117 1218 5176 Jam
1243 5137 1375 5180 vero
1405 5128 1451 5182 si
1478 5144 1579 5185 nec
1603 5130 1684 5186 illi
1723 5129 1920 5202 jubere
1948 5151 2081 5192 con-

497 5208 804 5274 cederetur,
839 5207 964 5264 vivo
991 5209 1112 5265 viro
1150 5225 1182 5264 a
1229 5229 1336 5283 quo
1383 5222 1692 5290 recesserit,
1737 5239 1914 5294 neque
1951 5227 2078 5286 huic

495 5300 725 5358 alteram
753 5304 953 5358 ducere
975 5301 1096 5358 viva
1122 5317 1293 5360 uxore
1324 5323 1485 5377 quam
1516 5315 1748 5384 dimisit,
1773 5319 1944 5375 multo
1968 5321 2073 5377 mi-

495 5405 599 5447 nus
634 5390 720 5447 fas
747 5400 829 5448 est
855 5392 1039 5449 illicita
1071 5409 1196 5450 cum
1237 5397 1565 5466 quibuslibet
1603 5413 1790 5478 stupra
1827 5413 2074 5467 commit-

494 5492 632 5541 tere.
677 5484 929 5543 Beatiora
973 5504 1106 5545 sane
1150 5492 1400 5564 conjugia
1450 5494 1738 5564 iudicanda
1781 5515 1928 5575 sunt,
1957 5524 2076 5579 quae

486 5575 609 5632 sive
637 5574 764 5634 ﬁliis
788 5583 1166 5650 procreandis,
1187 5584 1301 5642 sive
1340 5587 1502 5644 etiam
1541 5591 1647 5647 ista
1674 5602 1891 5653 terrena
1922 5574 2078 5671 prole

565 5678 594 5708 ⁸
630 5666 808 5732 Locus
833 5683 1139 5745 corruptus.

2193 4593 2273 4664 pit
2301 4609 2510 4661 curam,
2535 4594 2685 4664 cujus
2710 4612 2832 4666 cum
2859 4597 3162 4655 fteditatem
3211 4604 3561 4672 cognoverit,
3588 4602 3668 4657 dat
3702 4599 3754 4653 li-

2191 4684 2393 4740 bellum
2425 4687 2654 4757 repudii,
2684 4697 2737 4742 et
2767 4689 2996 4766 dimittit
3022 4707 3140 4746 eam
3177 4687 3245 4748 de
3295 4694 3469 4752 domo
3520 4711 3628 4761 sua,
3653 4692 3751 4764 quia

2191 4789 2336 4846 smpe
2362 4776 2480 4846 ipsa
2509 4788 2724 4832 terrena
2751 4781 2912 4846 actio,
2941 4799 3063 4853 qua:
3089 4784 3240 4853 prius
3273 4803 3456 4856 quam
3506 4791 3753 4844 haberetur

2190 4866 2407 4925 fortiter
2424 4871 2726 4938 amabatur,
2741 4889 2864 4928 cum
2890 4876 3076 4930 habita
3103 4875 3290 4945 fuerit,
3312 4881 3484 4952 cujus
3499 4882 3754 4938 sitfoadita-

2184 4964 2257 5020 tis
2283 4965 2611 5036 agnoscitur,
2631 4979 2752 5021 cum
2785 4983 2904 5024 esse
2929 4970 3135 5040 polluta
3161 4987 3262 5042 per
3280 4985 3531 5045 peccata
3560 4975 3755 5030 videtur.

2183 5054 2432 5113 Dimittat
2457 5073 2586 5129 ergo
2614 5059 2697 5113 vir
2725 5076 2845 5115 eam
2873 5062 2941 5118 de
2969 5064 3130 5118 domo
3158 5080 3276 5132 sua,
3314 5077 3384 5124 ut
3411 5084 3640 5128 amorem
3663 5065 3759 5137 ejus

2182 5149 2403 5219 abjiciat
2444 5165 2476 5204 a
2505 5159 2687 5207 mente
2717 5168 2835 5207 sua.
2884 5153 3013 5222 Quae
3062 5171 3282 5230 egressa
3344 5162 3588 5219 alterum
3613 5161 3760 5217 virum

2180 5244 2432 5314 accipiat,
2459 5245 2584 5316 quia
2631 5251 2904 5303 terrenam
2941 5249 3211 5306 actionem
3257 5268 3445 5323 quam
3485 5266 3542 5311 tu
3571 5255 3761 5315 deseris,

2185 5334 2322 5390 alius
2335 5337 2689 5406 concupiscit.
2717 5336 2824 5393 Sed
2849 5338 3080 5395 fortasse
3103 5351 3159 5397 et
3185 5343 3286 5415 ipsi
3313 5346 3380 5402 in
3410 5347 3604 5403 odium
3628 5361 3766 5418 qual-

2185 5427 2359 5500 doque
2390 5439 2614 5485 ventura
2648 5441 2749 5499 est,
2781 5442 2840 5488 ut
2887 5449 3006 5490 eam
3056 5437 3263 5494 utiliter
3319 5441 3601 5500 dimittat.
3649 5441 3766 5496 Bene

2185 5531 2365 5578 autem
2391 5524 2613 5593 dicitur,
2649 5544 2667 5575 ι
2716 5527 3159 5597 Dimiseriteam,
3202 5532 3290 5587 vel
3334 5544 3503 5593 certe
3549 5545 3768 5592 mortuus

2181 5610 2364 5679 fuerit,
2391 5633 2410 5666 ι
2432 5615 2558 5684 quia
2581 5617 2953 5689 unusquisque
2970 5629 3246 5679 terrenam
3267 5639 3481 5684 curam
3506 5638 3605 5684 aut
3618 5625 3769 5684 dimit-
