3930 6344
429 367 537 428 939

1070 361 1134 418 B.
1175 350 1431 417 nsum
1468 346 1690 415 mutu
1723 350 2044 414 ARCHIEP.
2083 332 2394 411 uocum.
2435 328 2723 409 ornavit
2756 320 2939 405 rans
2972 347 3018 403 ι.

3593 340 3778 403 θω-

434 480 635 544 merito
663 488 847 538 movet
874 486 935 535 ut
977 479 1306 549 requiratur,
1354 486 1452 532 cur
1481 490 1591 531 non
1635 473 1818 547 potius
1844 468 2020 527 credi-
2042 470 2098 539 Α
2120 468 2322 527 fuerint
2341 466 2559 526 imitati.
2592 462 2728 522 Nam
2753 474 2808 526 et
2828 460 2959 522 illud
3006 462 3291 521 ex'Adam
3326 463 3707 537 temporaliter

438 576 543 635 tori
587 572 909 646 praeceperit
932 579 992 626 ut
1034 585 1143 626 non
1184 570 1396 625 auferat
1425 568 1618 640 pignus
1648 567 1791 637 quod
1830 560 2021 622 eodeni
2121 556 2385 633 redditur,
2417 563 2543 636 quia
2588 577 2778 620 omnes
2827 566 3052 636 propter
3095 559 3201 617 hoc
3231 560 3565 629 moriuntur,
3600 575 3707 619 non

437 670 525 726 die
547 671 765 739 oportet
786 663 1019 722 reatitui.
1045 661 1199 730 Quod
1222 661 1268 719 si
1315 661 1382 716 ad
1412 657 1840 737 compellendum
1872 653 2023 711 debi-

434 771 610 817 torem
643 757 762 813 ﬁeri
786 756 1045 821 voluerit,
1072 753 1343 824 quomodo
1385 767 1446 807 se
1483 757 1676 819 urgeat
1704 747 1770 804 ad
1795 746 2024 803 redden-

433 852 587 917 dum,
618 864 742 905 cum
791 848 927 903 sciat
952 847 1147 918 pignus
1195 843 1386 901 eodem
1415 843 1505 899 die
1557 858 1616 898 se
1646 837 2026 911 recepturum?

435 944 518 1001 An
570 941 711 1000 forte
739 942 844 997 hoc
873 936 992 996 ﬁeri
1042 936 1276 993 voluerit
1318 942 1545 1005 propter
1580 930 1925 996 memoriam,
1947 942 2027 991 ne

438 1032 791 1091 obliviscatur
817 1029 1064 1094 reddere,
1092 1033 1151 1081 et
1176 1034 1305 1081 tunc
1326 1039 1433 1080 non
1456 1024 1670 1090 reddat,
1695 1023 1740 1079 si
1772 1037 1899 1078 vere
1918 1036 2027 1076 non

436 1125 725 1184 habuerit?
753 1123 989 1179 maxime
1024 1120 1151 1191 quia
1196 1116 1479 1175 creditoris
1527 1118 1611 1172 sui
1657 1113 2029 1172 misericordia

435 1219 699 1283 vincitur,
732 1214 819 1272 cui
842 1220 962 1269 esse
988 1226 1094 1267 non
1135 1210 1293 1266 debet
1320 1210 1569 1283 ingratus
1591 1208 1636 1264 si
1659 1207 1854 1281 pignus
1880 1220 2030 1263 rece-

435 1310 517 1384 pit
554 1312 608 1366 in
645 1323 753 1381 quo
779 1304 1046 1373 dormiat;
1077 1300 1241 1360 simul
1264 1311 1319 1359 et
1341 1296 1602 1368 creditor,
1635 1317 1756 1357 cum
1804 1298 1893 1355 ille
1922 1308 2030 1354 non

440 1399 757 1465 reddiderit,
785 1398 943 1455 debet
988 1411 1112 1452 eum
1137 1393 1361 1450 credere
1386 1408 1492 1449 non
1529 1392 1747 1457 habere,
1790 1391 1883 1461 qui
1927 1384 2032 1444 hac

439 1496 563 1564 eget
584 1488 977 1551 misericordia,
1006 1486 1284 1558 ut‘pignus
1307 1486 1356 1541 ei
1379 1492 1668 1557 preptcrea
1688 1483 2031 1549 restituatur,

438 1583 586 1654 quod
610 1580 759 1637 aliud
788 1594 897 1635 non
922 1576 1085 1634 habet
1111 1577 1202 1632 ubi
1222 1577 1478 1632 dormiat.

521 1691 540 1725 ι
575 1672 692 1730 Non
724 1671 952 1744 negabis
995 1667 1306 1725 mercedem
1352 1664 1670 1740 indigentis,
1699 1670 1755 1723 et
1782 1662 2035 1739 pauperis

442 1780 462 1817 ι
502 1762 691 1819 fratris
742 1762 843 1827 tui,
878 1760 992 1817 sive
1046 1756 1274 1824 advena,
1331 1758 1427 1830 qui
1475 1767 1655 1814 tecum
1704 1766 1953 1814 moratur
1976 1756 2035 1813 in

2124 664 2305 716 autem
2334 657 2389 714 in
2416 664 2676 713 tetemum
2700 656 2780 713 eis
2808 652 2901 728 qui
2933 652 3138 711 fuerint
3159 669 3261 733 per
3278 653 3517 729 gratiam
3544 654 3707 729 spiri-

2124 752 2285 808 talem
2333 748 2655 825 regenerati,
2688 750 2743 807 in
2791 765 2964 821 eaque
3004 748 3409 827 permanserint
3454 765 3633 825 usque
3658 749 3708 811 in

2124 840 2305 901 ﬁnem.
2342 843 2600 913 Quamvis
2630 852 2686 902 et
2710 840 2841 900 illud
2863 841 3064 899 merito
3082 840 3252 919 quaeri
3280 844 3478 915 possit,
3510 842 3557 919 si
3592 843 3710 901 red-

2126 936 2328 993 duntur
2370 944 2591 1010 peccata
2639 945 2857 1009 patrum
2908 932 2964 991 in
3012 933 3152 993 ﬁlios
3200 935 3289 993 his
3334 936 3431 1013 qui
3482 935 3710 992 oderunt

2128 1016 2317 1095 Deum,
2350 1046 2447 1085 cur
2488 1030 2543 1084 in
2570 1028 2785 1086 tertiam
2826 1036 2881 1087 et
2915 1037 3167 1103 quartam
3195 1028 3612 1107 generationem
3632 1027 3709 1095 vel

2126 1122 2492 1201 praetermissa
2517 1123 2691 1194 prima
2721 1130 2776 1178 et
2800 1122 3056 1195 secunda,
3076 1121 3164 1183 vel
3188 1139 3297 1179 non
3325 1123 3499 1197 etiam
3538 1123 3595 1183 in
3615 1138 3710 1180 caa-

2130 1222 2274 1275 teras
2318 1223 2670 1297 permanente
2696 1215 2976 1286 impietate
3004 1224 3059 1273 et
3097 1215 3406 1277 imitatione
3452 1215 3709 1289 malorum

2130 1309 2453 1384 parentum?
2478 1308 2561 1367 An
2586 1325 2685 1385 per
2708 1308 2855 1367 hunc
2886 1324 3194 1385 numerum,
3225 1309 3490 1389 quoniam
3536 1320 3709 1387 septe-

2131 1402 2317 1458 narius
2367 1414 2626 1481 numerus
2673 1401 3013 1484 intelligitur,
3058 1403 3471 1465 universitatem
3514 1404 3712 1477 signiti-

2133 1509 2260 1569 care
2284 1491 2490 1551 voluit?
2518 1490 2587 1567 Et
2610 1493 2733 1553 ideo
2774 1510 2884 1559 non
2920 1495 3094 1575 ipsum
3121 1494 3307 1573 potius
3351 1497 3712 1571 septenarium

2133 1585 2335 1669 posuit,
2366 1593 2429 1665 ut
2475 1586 2700 1653 diceret,
2736 1604 2754 1642 t
2791 1587 2847 1665 in
2890 1586 3180 1665 septimam
3225 1588 3645 1664 generationem.
3677 1609 3705 1659 φ

2134 1676 2215 1735 Ac
2243 1678 2324 1736 sic
2371 1679 2547 1741 omnis
2595 1679 3007 1759 intelligeretur,
3036 1680 3166 1759 quia
3191 1696 3414 1743 causam
3440 1680 3715 1753 perfectio

2138 1771 2224 1828 nis
2249 1770 2410 1851 hujus
2461 1772 2674 1831 numeri
2718 1772 2822 1831 hoc
2874 1771 3037 1851 modo
3070 1774 3253 1849 potius
3280 1772 3570 1845 intimavit.
3601 1772 3715 1833 ldo.

444 1866 467 1910 ι
503 1864 669 1921 terra,
699 1862 756 1911 et
783 1853 927 1909 intra
953 1860 1141 1924 portas
1166 1858 1289 1908 tuas
1315 1842 1419 1919 est,
1449 1852 1545 1908 sed
1569 1852 1761 1908 eadem
1798 1848 1884 1908 die
1910 1852 2034 1909 red-
2060 1836 2112 1908 Ἦ
2140 1836 2375 1939 ηειωαιξθ
2420 1866 2735 1943 ρετδίυρωιι
2776 1836 3092 1939 ρενὲξξῳέξ
3118 1836 3248 1941 “ui;
3284 1836 3352 1923 ει
3402 1840 3491 1935 ιηῆ
3518 1867 3715 1931 dum,“

448 1966 469 2001 ι
505 1947 601 2003 des
652 1952 709 2002 et
754 1942 991 2017 pretium
1030 1943 1239 2001 laboris
1288 1945 1371 2000 sui
1418 1955 1545 2000 ante
1591 1944 1721 2001 solis
1756 1959 2033 2017 occasum,

442 2054 466 2090 ι
503 2037 632 2108 quia
664 2048 876 2109 pauper
898 2041 1001 2101 est,
1033 2044 1089 2091 et
1116 2050 1182 2091 ex
1208 2047 1274 2091 eo
1296 2043 1569 2092 sustentat
1595 2037 1834 2091 animam
1857 2050 2032 2104 suam,

439 2133 466 2187 ἰ
504 2147 573 2189 ne
603 2132 802 2188 clamet
828 2139 1021 2187 contra
1042 2139 1096 2186 te
1123 2128 1191 2187 ad
1218 2131 1530 2197 Dominum,
1556 2138 1611 2186 et
1632 2138 1911 2202 reputetur
1936 2126 2037 2186 tibi

438 2222 461 2277 ἰ
499 2223 554 2278 in
574 2230 883 2293 peccatum.
922 2240 942 2275 ι
980 2220 1291 2277 Secundum
1322 2222 1608 2277 historiam
1637 2220 1724 2275 lex
1754 2226 2035 2276 commen-

437 2315 532 2370 dat
551 2312 711 2369 nobis
735 2313 1123 2368 misericordia:
1165 2310 1439 2379 affectum,
1465 2322 1518 2367 et
1563 2312 1837 2382 mquitatis
1857 2310 2041 2382 operis

440 2408 573 2477 erga
598 2405 903 2477 indigentes
937 2410 992 2459 et
1033 2416 1326 2474 pauperes.
1356 2400 1518 2457 Juxta
1559 2402 1871 2475 allegoriam
1906 2416 2040 2457 vero

438 2495 663 2550 instruit
688 2495 926 2564 plebem,
946 2490 1183 2564 qualiter
1226 2509 1355 2567 erga
1382 2494 1768 2564 praedicatores
1790 2509 1917 2548 suos
1944 2493 2042 2549 de-

441 2586 611 2641 beant
632 2598 755 2639 esse
778 2582 1017 2640 solliciti.
1056 2581 1162 2655 lpsi
1195 2583 1339 2638 enim
1372 2592 1497 2638 sunt
1528 2597 1794 2654 pauperes
1820 2582 2038 2657 Spiritu,

441 2672 638 2744 quibus
662 2674 927 2729 Dominus
969 2674 1023 2727 in
1055 2668 1347 2745 Evangelia
1391 2673 1669 2743 przecepit,
1707 2690 1727 2724 ‹
1757 2679 1818 2728 ut
1862 2684 2041 2743 neque

439 2771 738 2838 Saeculum,
766 2787 943 2844 neque
972 2786 1180 2843 peram,
1229 2786 1405 2841 neque
1451 2770 1819 2825 calceamenta
1848 2777 2037 2840 porta-

442 2871 569 2917 rent
594 2861 647 2916 in
676 2860 786 2928 via,
818 2877 997 2932 neque
1020 2860 1157 2915 duas
1176 2862 1388 2915 tunicas
1416 2860 1701 2926 haberent,
1744 2860 1835 2915 sed
1863 2872 2043 2929 neque

436 2950 495 3008 in
517 2950 671 3007 zonis
690 2968 765 3007 ars
798 2972 817 3005 ι
854 2950 1004 3024 (Luc.
1032 2953 1112 3022 x).
1136 2944 1293 3006 Unde
1320 2961 1502 3007 autem
1528 2966 1750 3022 sperare
1779 2950 2046 3007 deberent

439 3040 770 3107 necessaria,
827 3042 1107 3111 subjunxit
1158 3038 1345 3098 dicens
1381 3062 1395 3097 :
1426 3062 1445 3094 ι
1477 3043 1680 3117 Dignus
1721 3051 1806 3099 est
1849 3056 2043 3114 opera-

438 3135 555 3191 rius
579 3134 832 3190 mercede
856 3149 973 3191 sua.
1014 3155 1031 3188 ι
1061 3132 1201 3191 Hine
1231 3144 1286 3190 et
1314 3134 1515 3191 Paulus
1561 3136 1638 3191 ait
1665 3151 1679 3191 :
1712 3154 1730 3187 ι
1759 3134 2040 3191 Laboran-

445 3315 582 3370 Tim.
631 3314 727 3387 ιι).
776 3314 934 3370 Unde
988 3322 1044 3369 et
1094 3315 1355 3371 Dominus
1398 3318 1689 3385 ordinavit,
1752 3336 1770 3368 ι
1808 3318 1894 3375 his
1948 3317 2043 3388 qui

446 3405 803 3478 Evangelium
854 3406 1201 3474 annuntiant,
1239 3406 1305 3462 de
1334 3407 1628 3481 Evangeiio
1673 3411 1878 3466 vivere.
1918 3431 1937 3463 ι
1978 3410 2059 3469 Et.

449 3498 625 3555 item:
659 3517 678 3549 ι
716 3486 774 3554 Si
831 3499 1221 3555 seminavimus
1273 3500 1441 3568 vobis,
1500 3502 1696 3573 inquit,
1756 3502 2042 3575 spiritalia,

444 3598 704 3661 magnum
756 3592 842 3644 est
873 3588 918 3644 si
951 3594 1135 3644 vestra
1167 3598 1438 3646 metamus
1469 3593 1751 3649 carnalia?
1781 3614 1799 3646 ›
1837 3592 1889 3666 (Ι
1918 3594 2043 3649 Cor.

449 3682 563 3751 ιι.)
604 3682 744 3736 Ante
794 3680 924 3737 solis
978 3698 1109 3756 ergo
1142 3700 1401 3741 occasum
1449 3686 1684 3758 pretium
1718 3687 1919 3743 laboris
1961 3690 2047 3743 sui

449 3789 483 3829 a
511 3772 790 3843 subjectis,
824 3774 956 3846 ipsis
990 3775 1304 3833 doctoribus
1332 3778 1666 3834 reddendum
1693 3788 1796 3849 est,
1835 3782 1960 3852 quia
1990 3780 2048 3839 in

448 3867 708 3938 praesenti
732 3866 843 3921 vita
874 3866 955 3923 eis
1002 3870 1313 3924 necessaria
1342 3871 1571 3942 praeberi
1612 3880 1847 3947 oportet,
1899 3874 2047 3930 salva

448 3962 700 4016 mercede
726 3959 930 4029 futura,
964 3978 1124 4035 quam
1150 3965 1205 4019 in
1228 3975 1431 4023 mterna
1461 3969 1573 4025 vita
1598 3984 1631 4025 a
1654 3966 1911 4041 largitore
1935 3988 2051 4029 om-

450 4053 609 4109 nium
632 4055 900 4113 bonorum
931 4058 1203 4128 accepturi
1231 4068 1375 4114 sunt.

1032 4168 1260 4228 CAPUT
1299 4174 1442 4234 XVII

452 4256 541 4345 De.
559 4273 665 4345 non
692 4258 990 4345 occidendis
1012 4263 1374 4345 patriourpro
1396 4265 1547 4345 ﬁlius,
1579 4284 1672 4345 nec
1695 4268 1821 4340 [iliis
1840 4286 1935 4341 pro
1957 4288 2053 4342 pa-

523 4330 722 4453 triams;
754 4338 805 4383 et
825 4344 932 4383 non
969 4330 1317 4401 pervertendis
1337 4330 1560 4414 ju'diciis
1603 4330 1816 4394 aduena:
1840 4330 1910 4394 ἐτ
1948 4330 2049 4413 pu-

523 4417 575 4453 m
622 4417 666 4453 ι.

523 4417 642 4472 putt
653 4439 666 4454 .

523 4516 703 4590 (1mm)
734 4534 753 4568 ι
794 4515 914 4572 Non
936 4517 1259 4573 occidentur
1302 4527 1490 4593 patres
1511 4534 1611 4595 pro
1642 4520 1789 4591 ﬁliis,
1822 4540 1921 4581 nec
1949 4524 2050 4582 ﬁlii

461 4628 479 4659 ι
518 4624 620 4678 pro
647 4609 914 4678 patribus,
940 4610 1034 4666 sed
1065 4612 1439 4687 unusquisque
1460 4613 1514 4669 in
1552 4629 1651 4671 suo
1677 4624 1899 4687 peccato
1930 4633 2050 4674 mo-

462 4717 481 4750 t
518 4699 710 4753 rietur.
744 4718 763 4751 ι
794 4699 935 4756 Ecce
962 4718 1071 4756 non
1118 4703 1289 4759 solum
1317 4707 1596 4776 prolihetae
1643 4708 1748 4764 hoc
1771 4707 2045 4776 dixerunt,

377 4809 381 4812 ’
456 4806 649 4845 verum
667 4791 836 4845 etiam
856 4792 946 4847 lex
970 4796 1100 4848 dicit
1125 4811 1221 4851 sua
1249 4797 1407 4869 culpa
1436 4815 1707 4872 quemque
1730 4802 2052 4862 interimen-

460 4883 620 4949 dum;
667 4898 775 4938 non
817 4892 999 4938 autem
1046 4888 1218 4961 patris
1248 4890 1331 4945 sui
1357 4898 1452 4946 aut
1499 4892 1595 4948 ﬁlii
1643 4895 1747 4950 sui.
1775 4895 1915 4963 Quid
1964 4905 2055 4961 est

459 4991 592 5046 ergo
618 4976 763 5048 quod
806 4974 947 5031 Deus
996 4978 1193 5036 dicitur
1220 4986 1454 5041 reddens
1494 4996 1721 5057 peccata
1751 5000 1967 5059 patrum
1997 4993 2050 5059 in

463 5066 622 5137 ﬁlios,
665 5069 721 5124 in
756 5070 972 5126 tertiam
1018 5081 1074 5127 et
1114 5086 1364 5145 quartam
1409 5082 1957 5153 generationem?An
1987 5086 2056 5143 de

464 5154 591 5213 ﬁliis
634 5158 872 5250 nondum
919 5162 1063 5217 natis
1107 5162 1462 5240 intelligitur,
1518 5182 1742 5250 propter
1792 5176 2059 5246 originale

464 5248 771 5318 peccatum,
806 5251 950 5322 quod
978 5252 1143 5309 etiam
1175 5271 1241 5313 ex
1270 5260 1445 5317 Adam
1474 5266 1638 5320 traxit
1666 5248 1836 5339 genus
1863 5268 2057 5329 buma-

467 5340 635 5394 num?
664 5340 766 5396 Hic
794 5351 975 5400 autem
998 5346 1115 5415 jam
1139 5350 1281 5405 natis
1307 5352 1449 5415 facta
1493 5358 1786 5429 distinctio,
1810 5371 1870 5419 ut
1890 5380 2061 5423 unus-

467 5444 696 5502 qutsque
720 5432 775 5489 in
802 5451 901 5495 suo
920 5449 1146 5510 peccato
1170 5444 1420 5512 proximo
1442 5451 1726 5507 moriatur.
1767 5454 1884 5511 Non
1905 5459 2053 5517 enim

470 5523 636 5579 trahit
666 5524 871 5620 aliquid
896 5546 964 5586 ex
984 5542 1159 5604 patre,
1189 5537 1281 5607 qui
1309 5534 1419 5607 jam
1463 5551 1623 5598 natus
1669 5555 1806 5614 erat,
1835 5552 2054 5620 quando

470 5625 623 5682 pater
648 5618 764 5690 ejus
789 5625 1052 5692 peccavit.
1084 5626 1191 5685 Sed
1219 5644 1343 5689 cum
1372 5631 1445 5687 ibi
1470 5634 1599 5691 dicit
1625 5653 1639 5689 :
1671 5637 1767 5694 His
1792 5618 1887 5711 qui
1923 5644 2055 5700 ode-

473 5717 601 5765 runt
647 5727 756 5781 me,
782 5718 1132 5777 manifestum
1175 5732 1260 5781 est
1282 5726 1444 5785 etiam
1494 5728 1640 5786 illam
1689 5737 2055 5796 conditionem

474 5805 671 5857 mutari
718 5823 897 5877 posse,
946 5815 992 5869 si
1028 5817 1124 5872 ﬁlii
1168 5830 1449 5890 parentum
1505 5841 1723 5882 suorum
1759 5830 1896 5886 facta
1947 5851 2054 5889 non

2140 1968 2357 2017 constat
2386 1977 2400 2015 :
2430 1960 2671 2035 ternario
2694 1959 2909 2035 scilicet
2926 1961 3104 2035 primo
3126 1959 3325 2043 impari
3344 1967 3482 2027 toto.
3501 1966 3556 2019 et
3591 1975 3714 2030 qua.

2142 2054 2382 2109 ternario
2406 2053 2584 2125 primo
2609 2054 2727 2124 pari
2768 2061 2902 2123 toto.
2925 2052 3081 2117 Unde
3102 2061 3161 2111 et
3181 2052 3313 2109 illud
3351 2068 3479 2110 esse
3496 2053 3713 2125 prophe-

2142 2147 2310 2202 ticum
2338 2146 2608 2212 existimo,
2642 2146 2787 2216 quod
2825 2145 3041 2219 assidue
3084 2146 3352 2215 repetitur
3377 2163 3392 2199 :
3421 2165 3441 2197 ί
3470 2146 3528 2200 1n
3551 2147 3714 2201 tribus

2142 2246 2198 2298 et
2218 2245 2450 2313 quatuor
2495 2236 2866 2309 impietatibus
2912 2253 3021 2293 non
3047 2239 3365 2293 aversabor.
3405 2258 3424 2290 ι
3458 2237 3555 2293 Per
3574 2238 3716 2311 quod

2142 2328 2313 2385 voluit
2348 2330 2654 2402 impietates
2684 2330 2990 2401 universas,
3038 2326 3221 2415 potius
3266 2346 3432 2401 quam
3475 2340 3576 2386 tres
3630 2329 3715 2387 vel

2142 2433 2379 2496 quatuor
2409 2422 2658 2493 intelligi.

2222 2534 2240 2568 ι
2270 2515 2389 2573 Non
2415 2524 2695 2588 pervertes
2713 2513 2977 2593 judicium
3021 2515 3244 2591 advena:
3261 2515 3350 2575 vel
3394 2516 3597 2588 pupilli,
3624 2532 3718 2572 nec

2148 2632 2171 2668 ι
2202 2610 2419 2669 auferes
2458 2611 2700 2683 pignoris
2743 2610 2863 2671 loco
2910 2611 3299 2673 vestimentum
3339 2612 3538 2669 viduae.
3564 2631 3583 2663 ι
3612 2610 3719 2669 ac.

2146 2704 2443 2761 declinabis
2465 2701 2730 2772 judicium
2779 2703 3023 2771 advena},
3050 2712 3106 2759 et
3146 2703 3407 2775 orphani,
3442 2712 3497 2759 et
3536 2703 3719 2769 vidua.

2144 2802 2202 2853 et
2249 2810 2355 2853 non
2382 2793 2695 2866 pignorabis
2726 2793 3104 2855 vestimentum
3143 2796 3378 2851 eorum?
3422 2794 3544 2863 Qua:
3578 2793 3721 2855 ωίιι

2145 2897 2311 2953 causa
2351 2891 2454 2951 est,
2487 2891 2548 2937 ut
2588 2884 2756 2943 trium
2795 2884 3027 2941 istorum
3050 2883 3323 2954 judicium
3350 2885 3613 2941 dedinare
3634 2897 3725 2940 vo-

2146 2980 2333 3053 tuerit,
2365 2980 2562 3053 pignus
2587 2988 2770 3037 autem
2819 2979 3022 3043 auferri
3047 2981 3437 3043 vestimentum
3463 2980 3624 3039 solius
3650 2979 3725 3035 vi-

2150 3072 2289 3136 duaz,
2318 3087 2426 3127 non
2457 3078 2512 3127 et
2540 3070 2776 3137 illorum,
2825 3071 2930 3127 nisi
2966 3071 3097 3143 quis
3140 3069 3348 3140 judicia
3396 3072 3633 3131 omnium
3655 3070 3727 3125 fa-

441 3160 555 3191 rtus
579 3160 832 3190 uterccuc
856 3160 973 3191 sua.
1014 3160 1031 3188 ι
1061 3160 1201 3191 nunc
1231 3160 1286 3190 et
1317 3160 1515 3191 ramus
1561 3160 1638 3191 ait
1665 3160 1679 3191 ;
1712 3160 1730 3187 ι
1759 3160 2040 3191 ιλίιυυιῖω-
2094 3202 2101 3209 ἱ
2149 3160 2343 3235 qicnda
2368 3170 2659 3233 propterea
2688 3160 3108 3228 commendavit,
3150 3162 3283 3232 quia
3320 3179 3431 3221 non
3477 3163 3663 3221 habs“
3696 3172 3727 3216 ι

441 3234 555 3281 item
607 3225 902 3296 θενίοοὶθηι
935 3236 1151 3295 oportet
1182 3229 1246 3283 de
1274 3226 1539 3283 ﬂuetibus
1583 3228 1861 3301 perCipel'e
1890 3248 1907 3280 ’
1955 3222 2006 3300 (1
2012 3225 2042 3281 Ῐ
2068 3216 2116 3283 C
2149 3255 2348 3301 auibus
2369 3252 2730 3301 defenduntur
2751 3272 2764 3301 :
2788 3254 2902 3301 sive
2917 3254 3293 3301 ndvena-nuia
3318 3255 3372 3301 in
3401 3264 3548 3301 tam
3574 3255 3727 3301 aliena

2149 3255 2348 3328 quibus
2369 3252 2730 3311 defendamur
2750 3272 2764 3309 :
2788 3254 2902 3319 sive
2917 3254 3149 3320 advena,
3164 3257 3296 3326 quia
3318 3255 3373 3313 in
3401 3264 3549 3313 tem
3574 3255 3729 3313 aliena

2149 3357 2266 3414 est;
2299 3348 2413 3403 sive
2462 3348 2759 3419 orplvanus,
2791 3347 2845 3404 id
2888 3356 2995 3415 est,
3034 3348 3292 3419 pupillus,
3339 3349 3472 3419 quia
3512 3347 3733 3420 paresne

2150 3440 2253 3494 bus
2281 3445 2464 3503 caret;
2488 3437 2602 3493 sive
2624 3439 2806 3503 vidua,
2837 3439 2961 3509 quia
3010 3441 3268 3501 maritum
3296 3456 3405 3497 non
3440 3439 3634 3501 habet?
3656 3437 3733 3493 Pi-

2150 3546 2291 3602 gnus
2312 3545 2441 3585 vero
2463 3546 2583 3595 eum
2615 3531 2867 3605 prohibet
2897 3532 3277 3598 vestimentum
3303 3530 3528 3589 auferre
3548 3532 3736 3597 vidum,

2152 3629 2284 3691 puto
2312 3622 2456 3692 quod
2504 3622 2636 3677 satis
2666 3622 2952 3694 diligenter
2981 3624 3234 3681 admouet
3258 3640 3353 3685 eas
3399 3639 3529 3681 vere
3557 3624 3744 3684 dicen-

2154 3712 2254 3767 das
2278 3728 2399 3769 esse
2427 3715 2640 3782 viduas,
2688 3731 2811 3788 quae
2852 3716 3021 3772 etiam
3050 3733 3299 3788 pauperes
3322 3724 3470 3773 sunt.
3502 3715 3563 3771 Id
3586 3715 3742 3777 enim

2154 3810 2211 3858 et
2235 3803 2525 3875 Apostolus
2570 3790 2859 3862 evidenter;
2903 3808 3154 3873 ostendit,
3182 3806 3273 3862 ubi
3313 3807 3435 3862 ait:
3473 3824 3495 3859 ε
3526 3805 3592 3862 Si
3639 3820 3745 3876 qua

2155 3904 2339 3951 autem
2378 3897 2539 3951 vidua
2585 3897 2722 3954 ﬁlios
2748 3907 2803 3955 et
2828 3909 3054 3971 nepotes
3078 3900 3259 3965 habet,
3285 3900 3467 3957 discat
3510 3899 3738 3970 primum

2157 3985 2376 4043 domum
2408 4003 2561 4049 suam
2588 3989 2676 4059 pie
2698 3998 2957 4059 tractare,
2981 4001 3037 4047 et
3078 4001 3325 4051 mutuam
3362 3993 3547 4049 vicem
3567 4006 3738 4064 parenv

2156 4079 2302 4143 tibus
2353 4082 2599 4149 reddere,
2650 4083 2753 4139 hoc
2781 4093 2865 4141 est
2910 4085 3057 4141 enim
3100 4095 3385 4155 acceptum
3437 4082 3729 4140 eor-ambo-

2158 4170 2326 4224 mino.
2361 4169 2492 4238 Quae
2517 4180 2697 4249 autem
2719 4189 2849 4231 vere
2872 4174 3033 4232 vidua
3074 4184 3160 4231 est
3188 4182 3243 4232 et
3273 4174 3540 4237 desolata.
3567 4186 3741 4245 speta-

2155 4260 2239 4316 bit
2269 4261 2326 4316 in
2351 4262 2641 4323 Dominum
2668 4280 2682 4320 :
2710 4273 2764 4322 et
2786 4267 3042 4338 persistet
3070 4268 3126 4323 in
3153 4266 3503 4323 orationibus
3528 4275 3674 4321 nocte
3690 4271 3742 4318 et

2159 4349 2250 4407 die
2285 4372 2303 4405 ι
2350 4352 2403 4425 (1
2434 4353 2569 4410 Tim.
2620 4355 2694 4430 v).
2729 4357 2880 4414 Hanc
2926 4374 3116 4417 veram
3152 4358 3378 4415 viduam
3426 4359 3587 4423 dixit,
3633 4370 3742 4427 qua

2159 4455 2267 4496 non
2311 4443 2473 4499 habet
2501 4462 2531 4501 a
2558 4447 2755 4519 quibus
2805 4458 3140 4506 sustentetur
3167 4470 3181 4506 :
3206 4452 3333 4522 quia
3363 4466 3476 4506 non
3525 4450 3685 4519 solum
3711 4463 3741 4501 a

2076 4576 2135 4647 Β
2158 4533 2302 4600 viro,
2332 4537 2425 4590 sed
2451 4539 2615 4594 etiam
2645 4556 2675 4594 a
2697 4542 2932 4613 posteris
2973 4553 3135 4615 atque
3172 4545 3323 4600 omni
3366 4559 3473 4614 ope
3501 4545 3742 4599 destituta

2160 4635 2267 4681 est.
2293 4627 2521 4685 Divitem
2543 4632 2759 4702 quippe,
2790 4648 2897 4688 non
2918 4634 3124 4690 diceret
3152 4634 3481 4691 desolatam.
3528 4632 3745 4703 Pauperi

2160 4720 2349 4795 itaque
2392 4736 2499 4776 non
2551 4730 2634 4778 est
2686 4723 3039 4781 auferendum
3092 4726 3292 4798 pignus
3343 4726 3743 4782 vestimentum.

2162 4812 2334 4869 Porro
2359 4814 2406 4870 si
2430 4816 2733 4872 occurrerit
2769 4818 2974 4885 animo,
3003 4820 3137 4889 quid
3160 4819 3207 4875 si
3233 4819 3410 4875 multa
3438 4820 3639 4874 habeat
3658 4831 3747 4872 ve-

2167 4906 2421 4963 stimenta
2445 4923 2551 4965 nou
2580 4911 2910 4977 necessaria,
2941 4913 3035 4967 sed
3056 4912 3350 4983 superﬂua,
3379 4913 3648 4985 quomodo
3672 4910 3751 4966 in-

2168 4997 2427 5072 telligitur
2454 5018 2580 5057 vere
2614 5003 2810 5061 vidua?
2840 5004 2956 5062 Hoc
2977 5015 3062 5062 est
3086 5023 3194 5064 non
3236 5008 3418 5065 solum
3448 5023 3550 5066 non
3591 5006 3756 5062 deso-

2164 5088 2295 5155 lata,
2329 5107 2517 5151 verum
2551 5095 2717 5151 etiam
2744 5098 2872 5167 quia
2923 5100 2977 5154 in
3009 5099 3220 5157 deliciis
3249 5102 3385 5172 agit,
3417 5116 3580 5174 quam
3624 5100 3758 5157 sob-

2157 5179 2290 5252 jecit
2340 5184 2528 5242 dicens
2557 5204 2569 5241 :
2606 5205 2625 5238 (
2660 5187 2792 5255 Qua:
2815 5198 2999 5248 autem
3051 5194 3107 5247 in
3142 5193 3353 5250 deliciis
3400 5196 3535 5265 agit,
3569 5193 3761 5248 vivens

2164 5285 2378 5332 mortua
2407 5284 2492 5335 est
2529 5299 2548 5337 ο
2583 5281 2795 5355 (Ibid).
2826 5284 2893 5340 Et
2920 5286 3060 5341 hanc
3087 5288 3290 5360 quippe
3329 5289 3606 5359 opposuit,
3642 5293 3763 5341 tan-

2162 5382 2330 5437 quam
2356 5384 2387 5424 e
2409 5373 2687 5431 contrario
2714 5389 2844 5431 vere
2871 5377 3067 5445 vidua),
3092 5387 3353 5451 tanquam
3382 5382 3509 5436 talis
3554 5394 3667 5437 non
3694 5378 3767 5435 sit

2164 5460 2348 5521 vidua.
2380 5464 2728 5536 Quaecunque
2772 5477 2957 5525 autem
3002 5471 3201 5527 divites
3231 5474 3369 5528 alias
3418 5473 3644 5545 nuptias
3673 5482 3768 5528 ex.

2164 5555 2333 5625 periri
2355 5557 2666 5627 noluerunt,
2693 5564 3027 5623 continentia
3052 5565 3108 5621 in
3132 5566 3213 5623 eis
3238 5566 3511 5633 laudatur,
3543 5576 3658 5623 non
3678 5567 3768 5623 ῶ-

2167 5647 2361 5705 solatio
2387 5653 2818 5711 commendatur.
2843 5655 2939 5713 Hre
2965 5658 3167 5732 quippe
3194 5666 3409 5716 tantum
3442 5658 3669 5715 maritis
3694 5654 3769 5711 tl—

2169 5743 2346 5798 tluatze
2368 5751 2515 5811 sunt,
2543 5762 2650 5803 non
2681 5749 2802 5816 aliis
2824 5753 3007 5812 mbas.
