3930 6344
199 316 293 382 Mi

760 422 990 484 CAPUT
1018 426 1205 484 XVIII.

200 529 272 587 De
288 524 562 598 manipulo
588 524 648 580 in
671 537 837 577 messe
863 521 1229 598 relinquendo,
1258 524 1311 575 et
1332 519 1397 575 de
1422 518 1658 591 reliquiis
1683 516 1782 575 oli-

638 610 822 653 varum
845 592 1326 664 atqus'arboribiu.

262 710 442 788 (Isim)
474 728 495 763 ι
526 708 756 778 Quando
778 707 1074 764 messoeris
1096 711 1334 790 segetem
1361 706 1417 761 in
1440 718 1570 778 agro
1590 713 1699 770 tuo,
1727 714 1785 761 et

202 822 221 861 ι
254 805 455 863 oblitus
501 800 838 874 manipulum
885 800 1197 872 reliqueris,
1228 816 1336 856 non
1380 800 1675 855 reverteris
1722 809 1783 856 ut

200 916 221 952 ι
253 896 410 954 tollas
451 908 597 962 eum,
621 894 716 951 sed
754 893 1019 950 advenam
1074 900 1131 949 et
1171 890 1432 964 pupillum
1464 899 1519 967 et
1562 890 1781 946 viduam

201 1010 220 1045 ι
251 990 467 1047 auferre
486 987 735 1061 patieris,
764 994 827 1041 ut
846 985 1136 1043 benedicat
1156 983 1254 1041 tibi
1276 983 1537 1040 Dominus
1557 984 1701 1040 Deus
1724 984 1782 1039 in

199 1096 219 1133 ι
248 1079 604 1150 omni'opere
647 1088 907 1133 manuum
957 1080 1198 1130 tuarum.
1251 1073 1309 1129 Si
1347 1073 1530 1145 fruges
1554 1072 1783 1144 colliges

199 1192 217 1226 ι
246 1171 537 1238 olivarum,
560 1168 823 1241 quidquid
860 1167 1189 1225 remanserit
1223 1165 1279 1221 in
1334 1166 1640 1232 arboribus,
1671 1178 1783 1221 non

197 1274 217 1315 t
248 1260 542 1318 reverteris
587 1266 649 1314 ut
687 1257 933 1331 colligas,
963 1266 1069 1315 etc.
1107 1272 1128 1312 ι
1160 1256 1315 1325 Quod
1340 1257 1595 1313 admonet
1637 1254 1783 1311 utin

191 1366 367 1413 messe
394 1352 620 1409 oblitum
647 1352 982 1425 manipulum
1009 1364 1174 1409 nemo
1216 1350 1453 1423 colligat,
1486 1352 1540 1407 et
1584 1349 1783 1406 oliVam

190 1446 271 1504 vel
296 1454 461 1502 uVam
513 1445 761 1501 relictam
788 1452 950 1500 nemo
989 1448 1219 1515 repetat,
1248 1442 1557 1515 diligentius
1600 1442 1785 1513 negle-

190 1544 273 1597 cta
304 1536 581 1611 colligere,
608 1546 664 1593 et
685 1536 818 1594 dicit
860 1536 1146 1608 egentibus
1170 1536 1514 1602 dimittenda,
1544 1535 1787 1591 occurrit

189 1624 415 1686 fbrsitan
471 1626 787 1700 cogitationi
832 1628 963 1698 quid
1007 1629 1053 1684 si
1098 1630 1215 1684 haec
1258 1640 1380 1698 qua!
1418 1626 1486 1682 ab
1532 1634 1784 1698 agrorum

189 1722 422 1777 dminis’
448 1721 819 1788 dimittuntur,
849 1722 976 1776 non'
1005 1726 1229 1791 egentes
1252 1703 1353 1777 sed
1406 1720 1638 1791 improbi
1673 1719 1785 1775 col-

973 308 1374 371 ENARBATIO
1412 308 1645 370 SUPER
1681 312 2306 376 DEUTERONOMIUM.
2344 346 2417 365 -ε-
2455 314 2585 375 LIB.
2626 314 2713 375 Ill.

3363 321 3471 379 949.

1808 428 1863 493 Α
1885 440 2075 482 earum
2105 428 2378 496 quietiam,
2405 442 2528 495 quia
2552 442 2655 495 per
2677 424 2885 495 ﬂagella
2916 423 3091 499 plagis
3115 428 3475 501 quadraginta

1885 518 2204 591 puniuntur.
2247 517 2345 574 Est
2391 516 2576 587 itaque
2607 516 2744 572 levis
2786 519 3059 589 impietas,
3092 537 3214 592 quas
3251 524 3477 580 verbere

1881 609 2049 680 digna
2072 616 2186 677 est;
2208 617 2267 673 et
2291 609 2529 682 gravior,
2557 623 2677 679 quae
2696 616 2873 664 morte
2895 608 3057 678 digna
3079 617 3183 665 est.
3202 613 3286 665 ita
3307 615 3472 673 etiam

1882 698 1973 757 illa
2003 708 2226 774 peccata
2264 715 2386 771 quas
2412 717 2522 758 non
2546 701 2600 756 in
2629 701 2821 765 Deum,
2844 699 2942 756 sed
2978 700 3035 755 in
3083 699 3359 757 hominem
3396 704 3480 759 vi-

1882 793 2081 850 dentur
2102 794 2336 860 admitti,
2360 800 2491 851 sunt
2515 800 2694 848 morte
2730 791 2891 861 digna
2920 793 3192 862 quaedam,
3222 803 3351 849 sunt
3371 795 3478 853 alia

1883 888 2224 960 correptione
2248 902 2345 943 seu
2378 886 2627 952 verbere,
2657 899 2753 941 seu
2783 886 2941 943 venia
2979 884 3186 960 [pains]
3213 885 3476 945 faciliore.

1882 979 1962 1035 Ita
1988 981 2133 1035 enim
2173 979 2384 1035 locutos
2416 993 2538 1034 esse
2587 976 2943 1049 Septuaginta
2976 979 3304 1051 interpretes
3348 996 3479 1038 con-

1881 1078 2051 1139 stant,
2076 1082 2138 1127 ut
2163 1073 2327 1127 etiam
2358 1070 2502 1126 illius
2530 1069 2623 1142 qui
2656 1069 2829 1141 plagis
2852 1070 3045 1141 dignus
3088 1080 3196 1139 est,
3229 1072 3483 1145 impieta-

1881 1170 1995 1223 tem
2041 1166 2379 1222 vocaverint.
2409 1163 2565 1233 Quod
2607 1172 2786 1219 autem
2817 1176 2919 1234 pro
2954 1178 3207 1223 mensura
3246 1168 3477 1238 peccati,

1883 1258 2244 1333 quadraginta
2288 1257 2515 1330 ﬂagellis
2552 1256 2928 1328 delinquentes
2966 1260 3119 1330 argui
3144 1260 3328 1330 jussit,
3365 1260 3481 1329 jam

1880 1351 2198 1423 praedictum
2234 1349 2377 1421 quod
2407 1365 2506 1421 per
2551 1350 3043 1421 quadragenarium
3082 1366 3372 1411 numerum
3420 1352 3483 1408 fi-

1885 1458 2016 1515 gura
2050 1443 2390 1515 significetur
2440 1442 2602 1515 hujus
2653 1442 2939 1512 temporis,
2976 1443 3032 1497 in
3080 1458 3189 1514 quo
3236 1441 3487 1499 Ecclesia

1883 1540 1986 1608 per
2009 1552 2244 1608 quatuor
2270 1535 2454 1591 mundi
2480 1540 2667 1607 partes
2686 1533 2900 1601 diﬂ‘usa,
2926 1536 3027 1591 sub
3053 1536 3311 1609 decalogo
3347 1534 3449 1609 legi
3461 1550 3491 1593 3

1884 1629 2037 1685 vivit.
2076 1628 2520 1702 Quadragenario
2557 1645 2689 1703 ergo
2714 1645 2948 1686 numero
2974 1631 3353 1703 delinquentes
3379 1642 3483 1686 ca-

1885 1720 2084 1786 dimnr,
2111 1722 2157 1776 si
2184 1721 2238 1776 in
2261 1721 2366 1777 hoc
2392 1730 2634 1793 tempore
2680 1722 3018 1793 poenitentiae
3053 1722 3370 1781 verberibus
3390 1723 3488 1779 ﬂa-

185 1812 397 1884 ligunti
423 1811 532 1869 Sed
578 1808 1037 1870 considerandum
1062 1812 1241 1883 primo
1290 1810 1439 1868 illum
1475 1812 1787 1870 misericor-
1810 1826 1860 1889 Β
1888 1810 2172 1881 gellamur.
2207 1810 2378 1866 Debet
2401 1825 2534 1882 ergo
2562 1811 2792 1884 quisque
2815 1820 3070 1883 peccator
3097 1813 3485 1884 temporalibus

185 1904 335 1960 diam
355 1902 557 1971 facem,
587 1904 682 1975 qui
712 1904 818 1960 hoc
869 1903 1054 1960 animo
1076 1903 1321 1971 dimittit,
1350 1911 1413 1959 ut
1434 1910 1659 1977 egentes
1684 1903 1783 1961 ita—

182 1996 356 2055 boant
378 1997 527 2067 quod
554 1995 864 2052 dimittitur.
893 1995 1101 2053 Deinde
1146 2012 1271 2054 cum
1312 1997 1429 2054 inec
1472 1998 1673 2070 populo
1701 1998 1782 2055 di-

181 2091 498 2157 mittuntur,
532 2089 693 2147 simul
739 2091 1100 2148 admonentur
1142 2091 1202 2147 hi
1256 2092 1349 2163 qui
1396 2107 1507 2148 non
1538 2092 1783 2163 indigent

183 2178 292 2235 ista
327 2190 436 2239 non
486 2192 751 2252 quasrere.
802 2181 957 2250 Quod
994 2182 1040 2238 si
1082 2183 1424 2254 quasierint,
1474 2183 1604 2255 quid
1635 2175 1782 2241 aliud

177 2284 351 2345 quam
395 2288 484 2330 res
528 2274 757 2340 alienas,
785 2283 861 2341 et,
892 2277 1038 2348 quod
1079 2285 1164 2333 est
1200 2277 1444 2350 gravius,
1479 2292 1781 2350 pauperum

179 2366 441 2424 invadere
482 2367 759 2440 iudicandi
790 2371 954 2426 sunt?
996 2369 1230 2445 Utrique
1278 2388 1408 2447 ergo
1453 2386 1783 2431 commemo-

178 2466 377 2515 rantur
402 2460 490 2516 his
513 2462 822 2533 praeceptis,
859 2470 915 2519 et
938 2479 1170 2536 quorum
1216 2464 1332 2537 agri
1364 2472 1513 2533 sunt,
1536 2475 1598 2521 ut
1625 2467 1785 2522 mise-

180 2551 474 2609 ricorditer
498 2568 562 2609 ea
595 2553 938 2625 relinquant;
968 2564 1022 2612 et
1050 2555 1143 2628 qui
1168 2557 1475 2629 indigentes
1500 2572 1609 2613 non
1633 2566 1781 2625 sunt,

176 2651 238 2701 ut
283 2645 415 2702 inde
467 2661 528 2703 se
578 2646 912 2715 abstineant,
964 2652 1182 2721 quando
1229 2659 1525 2724 utrumque
1564 2652 1781 2719 dicitur,

176 2746 233 2795 et
276 2752 310 2795 a
357 2738 563 2811 quibus
592 2740 919 2799 dimittenda
954 2742 1084 2811 sint,
1132 2750 1189 2799 et
1222 2743 1421 2816 quibus
1463 2740 1783 2801 dimittenda

176 2835 328 2887 sunt.

774 2920 1005 2982 CAPUT
1034 2922 1178 2982 XIX.

175 3012 254 3073 De
292 3014 652 3089 eorﬁptendis
680 3016 1017 3088 peccantibus
1060 3030 1161 3089 ‘per
1185 3017 1400 3089 ﬂagella
1426 3026 1444 3070 :
1474 3026 1525 3073 et
1559 3025 1621 3073 ut
1667 3016 1785 3074 boui

372 3088 657 3144 trituram
680 3089 738 3143 in
765 3104 894 3142 arca
922 3088 1098 3160 fruges
1122 3088 1228 3148 non
1260 3088 1455 3161 ligatur
1483 3105 1561 3146 os.

1885 1903 2108 1977 ﬂagellis
2146 1905 2328 1973 atteri,
2380 1913 2647 1977 quatenus
2676 1906 2732 1961 in
2759 1906 2965 1978 judicio
2993 1916 3257 1979 purgatus
3305 1908 3485 1965 valeat

1884 1996 2141 2054 inveniri.
2191 1997 2392 2055 Beatus
2442 1999 2607 2056 homo
2654 1998 2751 2070 qui
2804 1999 3100 2071 corripitur
3145 2014 3175 2054 a
3227 1998 3479 2058 Domino.

1885 2086 2043 2146 Nulla
2067 2091 2213 2147 enim
2258 2091 2311 2146 in
2338 2101 2602 2148 mtemum
2644 2090 2809 2147 animi
2839 2091 3090 2147 adversio
3118 2089 3356 2164 aﬂiigere
3393 2106 3485 2162 po-

1884 2183 2012 2249 tuit,
2061 2198 2200 2255 quos
2247 2184 2337 2240 hic
2384 2174 2721 2256 pmnitentia:
2768 2182 3059 2254 disciplina
3102 2182 3394 2255 percussit.
3424 2181 3486 2239 Si

1885 2276 2032 2331 enim
2058 2292 2159 2347 pro
2196 2276 2437 2349 peccatis
2462 2278 2742 2346 caedimur,
2773 2276 2884 2334 illic
2923 2292 3043 2335 sine
3067 2287 3297 2350 peccato
3339 2279 3489 2337 inve-

1884 2367 2087 2423 nimur.
2119 2385 2138 2420 ι
2167 2367 2286 2425 Νοη
2328 2368 2522 2441 ligabis
2547 2385 2611 2427 os
2637 2371 2795 2427 bovis
2824 2374 3050 2428 terentis
3076 2371 3130 2427 in
3152 2386 3279 2427 area
3304 2370 3487 2443 fruges

1884 2467 2028 2517 tuas.
2063 2480 2084 2514 ι
2115 2459 2232 2517 Νοη
2261 2460 2507 2535 alligabis
2528 2478 2592 2520 os
2622 2463 2779 2519 bovis
2823 2464 3152 2529 triturantis,
3179 2463 3382 2520 dictum
3402 2474 3490 2523 est

1887 2550 2111 2621 quodin
2138 2552 2294 2610 bovis
2332 2555 2554 2612 nomine
2597 2555 2712 2611 vita
2742 2556 3170 2628 uniuscujusque
3212 2557 3488 2628 operantis

1887 2645 2232 2716 exprimitur.
2260 2647 2404 2702 Dicit
2429 2648 2664 2718 quodam
2718 2650 2775 2705 in
2818 2647 2940 2707 loco
2987 2648 3261 2721 apostolus
3289 2648 3488 2706 Paulus

1888 2736 2295 2806 reprehendens
2326 2745 2381 2793 et
2409 2738 2601 2796 dolens
2627 2739 2772 2809 quod
2797 2755 2962 2796 nemo
2986 2740 3064 2795 illi
3112 2738 3487 2796 communica-

1884 2829 2031 2884 verit
2062 2828 2119 2883 in
2148 2830 2360 2886 ratione
2394 2831 2506 2887 dati
2557 2841 2615 2890 et
2645 2834 2878 2905 accepti,
2909 2833 3055 2904 quod
3111 2834 3228 2906 ipse
3273 2833 3381 2890 alio
3426 2832 3486 2889 in

1886 2919 2010 2979 ioco
2041 2930 2229 2992 aperte
2255 2925 2529 2995 exposuit,
2574 2924 2762 2982 dicens
2795 2943 2809 2981 :
2849 2944 2871 2978 ι
2904 2925 2963 2982 Si
3008 2941 3109 2984 nos
3145 2924 3301 2984 vobis
3329 2927 3492 3000 spiri-

1888 3015 2019 3085 talia
2047 3015 2457 3086 seminavimus,
2485 3032 2745 3090 magnum
2790 3027 2876 3075 est
2919 3027 2983 3074 ut
3034 3028 3213 3077 vestia
3245 3019 3489 3077 carnalia

1885 3106 2200 3199 metamus?
2233 3104 2284 3185 (i
2314 3107 2441 3165 Cor.
2470 3111 2578 3183 ix.)
2620 3106 2735 3167 Hoc
2775 3110 3066 3199 significat,
3093 3113 3238 3184 quod
3262 3126 3372 3169 non
3412 3111 3491 3168 al-

245 3200 403 3279 (Can.
443 3204 599 3280 xxv.)
632 3222 653 3258 ι
684 3203 745 3262 Si
776 3205 947 3263 fuerit
970 3224 1131 3265 causa
1175 3209 1320 3266 inter
1351 3202 1580 3283 aliquos,
1605 3215 1663 3267 et
1702 3206 1783 3265 in—
1808 3200 1855 3269 C
1883 3194 2080 3271 “Saliis
2108 3215 2171 3256 οε
2191 3199 2317 3257 δονί
2343 3201 2644 3259 "inﬂanti-
2671 3200 2823 3258 Unde
2842 3210 2899 3258 ει
2921 3194 3067 3259 idem
3094 3203 3377 3276 aPOSlOlus
3403 3202 3489 3259 di-

178 3317 200 3351 ι
235 3294 655 3371 terpellaverint
698 3297 912 3371 judiees
951 3318 964 3355 :
1011 3315 1172 3372 quem
1225 3286 1443 3383 justum!
1482 3312 1603 3361 eSSc
1656 3317 1782 3375 per—

179 3408 201 3444 ι
234 3393 542 3464 spexerint,
588 3392 667 3448 illi
706 3392 929 3465 justitiae
954 3395 1190 3479 palmam
1218 3390 1454 3463 dabunt;
1479 3410 1641 3479 quem
1680 3394 1782 3450 im-

178 3501 199 3535 ι
230 3486 409 3557 pium,
458 3482 900 3541 condemnabunt
926 3486 1241 3557 impietatis.
1273 3488 1372 3543 Sin
1420 3494 1603 3543 autem
1655 3502 1781 3541 eum

178 3590 197 3627 I
235 3576 330 3647 qui
380 3575 634 3657 peccavit
670 3576 891 3649 dignum
925 3577 1163 3633 viderint
1186 3577 1379 3663 plagis,
1410 3584 1780 3657 prosternent,

178 3688 198 3722 ι
235 3678 293 3726 et
324 3687 520 3727 coram
572 3656 630 3727 se
664 3669 868 3725 facient
892 3670 1195 3726 verberari.
1226 3656 1332 3727 Pro
1360 3656 1615 3727 mensura
1655 3683 1785 3741 pec-

176 3779 196 3814 ι
229 3763 343 3818 cati
369 3764 480 3819 erit
501 3773 555 3820 et
582 3764 867 3843 plagarum
896 3768 1090 3823 modus
1112 3784 1123 3820 :
1144 3765 1221 3820 ita
1249 3765 1531 3847 duntaxat,
1560 3772 1623 3819 ut
1643 3778 1783 3841 qua-

173 3870 193 3905 ι
232 3854 629 3925 dragenarium
658 3874 946 3913 numerum
974 3874 1079 3913 non
1116 3858 1405 3925 excedant,
1436 3871 1503 3911 ne
1542 3855 1684 3911 fmde
1707 3854 1787 3909 la-

169 3963 191 3997 ι
229 3955 485 4011 ceratas,
511 3954 639 4001 ante
663 3948 851 4005 oculos
893 3957 1020 4005 tuos
1060 3948 1243 4019 jaceat
1286 3932 1457 4003 frater
1495 3957 1638 4002 tuus.
1673 3965 1691 3999 ι
1725 3942 1785 4002 Si

163 4036 342 4094 fuerit
372 4038 662 4096 altercatio
691 4040 834 4097 inter
854 4042 1125 4110 homines,
1156 4050 1213 4098 et
1233 4039 1578 4097 ascenderint
1606 4038 1673 4095 ad
1696 4037 1799 4120 ,ξας

168 4132 407 4198 dicium,
447 4140 503 4187 et
518 4133 889 4204 judicaverint
914 4144 970 4191 et
1006 4134 1431 4206 justiﬁcaverint
1450 4131 1680 4204 justum,
1704 4132 1786 4204 ju-

169 4224 323 4281 dices
346 4221 686 4295 intelligendi
716 4233 845 4280 sunt
858 4224 1129 4296 judicare,
1160 4242 1267 4281 non
1292 4225 1365 4279 illi
1390 4225 1481 4307 qui
1503 4224 1631 4281 dicti
1660 4210 1787 4281 sunt

172 4312 595 4391 altercationem
648 4312 872 4371 habere.
927 4315 1136 4371 Deinde
1169 4314 1458 4386 sequitur:
1491 4313 1562 4381 Et
1608 4331 1786 4387 repre-

171 4402 475 4495 henderint
497 4404 744 4479 impium.
774 4405 845 4461 Et
873 4408 981 4461 erit
1002 4407 1048 4462 si
1079 4407 1273 4480 dignus
1297 4406 1463 4462 fuerit
1495 4404 1668 4495 plagis
1691 4407 1784 4477 qui

176 4494 341 4570 impie
388 4496 526 4569 egit,
562 4498 865 4553 constitues
909 4514 1036 4554 eum
1084 4499 1140 4553 in
1186 4506 1480 4570 conspectu
1511 4497 1779 4568 judicum,

172 4580 229 4646 'et
250 4568 613 4663 ﬂagellabunt
640 4606 763 4646 eum
793 4593 1092 4649 secundum
1141 4568 1476 4664 impietatem
1510 4591 1627 4663 ejus
1657 4601 1784 4647 ante
1808 4568 1863 4637 Β

178 4698 253 4750 se,
304 4699 545 4738 numero
596 4684 960 4759 quadraginta
1006 4683 1358 4756 ﬂagellabunt
1402 4701 1544 4750 cum,
1576 4694 1631 4740 et
1677 4701 1785 4742 non

178 4783 471 4844 opponent.
521 4770 580 4828 Si
610 4782 793 4851 autem
845 4775 1197 4853 apposuerint
1226 4774 1498 4846 ﬂagellare
1522 4791 1647 4831 eum
1688 4792 1789 4853 per

178 4864 273 4933 bas
291 4866 494 4940 plagas
513 4866 724 4947 plures,
751 4854 1128 4947 deturpabilnr
1172 4869 1345 4926 frater
1375 4877 1497 4926 tuus
1519 4886 1703 4925 coram
1733 4879 1787 4927 te

178 4959 351 5017 valde.
381 4959 803 5017 Advertendum
823 4969 908 5017 est
936 4979 1059 5039 cum
1080 4977 1143 5017 ea
1165 4970 1388 5035 peccata
1408 4962 1583 5038 plagis
1604 4978 1789 5019 cmen-

180 5050 353 5110 danda
382 5054 740 5127 prmceperit,
765 5070 886 5125 quae
911 5071 1019 5111 non
1054 5055 1214 5127 digna
1264 5066 1392 5112 sunt
1432 5057 1622 5115 mortis
1660 5072 1788 5139 sup-

179 5146 339 5219 plicio
362 5148 669 5215 vindicari,
722 5155 779 5205 et
818 5148 925 5217 hoc
964 5157 1078 5217 tam
1115 5150 1304 5221 paucis
1330 5150 1523 5223 plagis,
1549 5165 1674 5206 eum
1704 5144 1789 5205 ta-

182 5254 303 5297 men
329 5244 427 5319 qui
458 5241 714 5308 caaditur,
741 5242 1032 5315 appellavit
1054 5241 1280 5345 impium
1307 5242 1391 5297 vel
1440 5241 1602 5311 impie
1630 5256 1789 5325 agen-

186 5340 335 5392 tem:
370 5344 435 5393 ut
460 5336 807 5423 noverimus,
855 5351 963 5391 non
1009 5333 1152 5407 sicut
1194 5333 1421 5415 plurimi
1467 5333 1787 5409 loquuntur,

180 5424 394 5485 locutas
430 5443 559 5485 esse
609 5426 921 5499 Scripturas
953 5442 1126 5503 z'quas
1170 5427 1495 5485 incuriosius
1537 5426 1784 5505 legimus,

187 5535 308 5579 cum
336 5531 605 5597 putamus
626 5521 952 5579 adulterium
978 5538 1088 5577 non
1120 5538 1241 5578 esse
1283 5522 1639 5595 impietatem,
1656 5522 1790 5601 quia

188 5614 244 5672 in
288 5618 580 5675 hominem
622 5616 879 5674 videntur
925 5632 1204 5690 peccasse,
1259 5616 1353 5687 qui
1391 5616 1494 5672 hoc
1535 5612 1787 5684 fecerint,

188 5722 314 5769 cum
346 5710 483 5771 illud
526 5718 811 5783 peccatum
860 5719 1037 5769 morte
1078 5711 1241 5785 plecti
1267 5710 1352 5766 lex
1371 5708 1589 5783 jubeat;
1622 5718 1678 5766 et
1704 5709 1789 5767 his

193 5805 433 5873 peccatis
462 5803 748 5877 graviores
768 5803 1007 5861 diximus
1030 5820 1152 5863 esse
1172 5804 1503 5876 impietates,
1528 5819 1652 5862 cum
1678 5804 1788 5861 sint

1886 3289 1962 3347 cit
1990 3290 2097 3348 alio
2119 3292 2240 3350 loco
2267 3312 2281 3349 :
2317 3311 2339 3345 ι
2366 3294 2574 3368 Dignus
2594 3303 2679 3353 est
2703 3296 2989 3368 operarius
3031 3298 3286 3354 mercede
3326 3311 3426 3354 sua
3454 3316 3477 3353 ι

1888 3379 1945 3454 (Ι
1994 3382 2129 3439 Tim.
2182 3383 2262 3458 v).
2306 3382 2437 3440 Vult
2475 3400 2608 3460 ergo
2645 3384 2932 3459 Scriptura
2979 3387 3295 3447 doctoribus
3345 3402 3487 3461 pras-

1888 3481 2037 3529 stare
2062 3475 2324 3543 carnalia,
2344 3492 2375 3530 a
2395 3478 2592 3548 quibus
2609 3477 2873 3548 spiritalia
2898 3487 3325 3549 consequuntur.
3342 3479 3484 3546 Quia

1888 3565 2274 3635 praedicatores
2305 3577 2644 3640 occupantur
2664 3568 2722 3625 in
2752 3571 3022 3640 doctrina,
3047 3572 3357 3630 necessaria
3378 3572 3488 3630 sibi

1888 3655 2177 3724 providere
2203 3672 2315 3714 non
2342 3667 2592 3729 possunt.

2501 3776 2734 3836 CAPUT
2760 3778 2882 3837 XX.

1886 3867 1972 3929 De
1997 3885 2061 3946 ea
2081 3870 2173 3943 qui
2190 3869 2313 3946 ⁸εἰπε
2335 3867 2514 3929 liberis
2535 3871 2783 3946 moritur,
2807 3871 3074 3946 utffraterg
3083 3871 3322 3946 defuncti
3348 3874 3487 3931 acci-

2007 3939 2117 4013 piat
2150 3939 2265 4012 ejus
2285 3957 2522 4009 uxorem,
2546 3951 2594 3997 et
2616 3943 2832 3997 suscitet
2852 3939 3027 3998 sénien
3049 3939 3206 4015 fratri
3242 3961 3358 4000 suo.

1963 4051 2141 4125 (1310.)
2166 4070 2184 4104 (
2207 4051 2431 4122 Quando
2453 4053 2823 4125 habitaverint
2839 4053 3037 4125 fratres
3054 4056 3239 4127 simul,
3270 4064 3325 4115 et
3345 4073 3487 4115 unus

1897 4159 1917 4205 ς
1955 4155 2022 4201 ex
2045 4142 2126 4198 eis
2152 4142 2356 4213 absque
2384 4142 2571 4215 liberis
2596 4153 2843 4213 mortuus
2866 4146 3050 4221 fuerit,
3077 4164 3217 4213 uxor
3247 4147 3490 4205 defuncti

1896 4253 1915 4291 ι
1950 4252 2059 4293 non
2088 4236 2256 4293 nubet
2291 4237 2469 4305 alteri,
2513 4240 2610 4299 sed
2641 4240 2874 4319 accipiet
2915 4257 3040 4321 ream
3068 4242 3240 4299 frater
3266 4243 3404 4325 ejus,
3432 4251 3490 4302 et

1896 4344 1917 4387 ι
1954 4326 2242 4383 suscitabit
2288 4342 2475 4387 semen
2500 4326 2690 4391 fratris
2719 4330 2827 4397 sui,
2873 4340 2929 4387 et
2968 4331 3392 4411 primogenitum
3420 4348 3489 4389 ex

1895 4435 1915 4475 ι
1952 4432 2016 4473 ea
2044 4416 2237 4485 lilium,
2270 4418 2491 4475 nomine
2522 4419 2665 4476 illius
2692 4420 3005 4493 appellabit,
3032 4430 3090 4476 ut
3113 4436 3219 4479 non
3245 4422 3489 4489 deleatur

1888 4528 1915 4567 .‹
1950 4526 2149 4567 nomen
2180 4508 2298 4579 ejus
2328 4526 2395 4567 ex
2423 4508 2611 4577 Israel.
2640 4509 2736 4566 Sin
2760 4498 2939 4575 autem
2960 4510 3199 4583 noluerit
3238 4498 3490 4601 accipere
3570 4566 3575 4571 .

1896 4621 1915 4655 ι
1951 4617 2179 4659 uxorem
2215 4602 2401 4673 fratris
2446 4604 2550 4670 sui,
2597 4592 2717 4687 qua:
2755 4604 2805 4662 ei
2853 4603 2970 4690 lege
3011 4605 3255 4689 debetur,
3298 4592 3490 4691 perget
3570 4657 3577 4668 .

1895 4712 1914 4746 ι
1950 4694 2149 4757 mulier
2178 4693 2244 4748 ad
2268 4699 2483 4763 portam
2527 4682 2788 4777 civitatis,
2818 4703 2874 4752 et
2903 4682 3274 4783 interpellabit
3306 4682 3485 4781 majo-
3568 4744 3576 4765 ι

1894 4805 1917 4859 ,ι
1954 4801 2043 4842 res
2065 4793 2218 4853 natu,
2244 4783 2495 4856 dicetque
2526 4805 2539 4840 :
2566 4784 2684 4843 Non
2712 4786 2828 4857 vult
2857 4786 3028 4857 frater
3046 4788 3290 4873 viri—mei
3316 4795 3489 4852 susci-
3574 4784 3579 4789 (

1888 4898 1916 4951 ,ι
1952 4887 2072 4949 tare
2102 4895 2288 4939 semen
2331 4878 2519 4949 fratris
2549 4882 2636 4939 sui
2657 4882 2712 4947 in
2740 4882 2928 4957 Israel,
2971 4900 3074 4942 nec
3100 4902 3187 4942 me
3300 4887 3487 4960 conju-

1892 4994 1916 5049 μ
1950 4991 2075 5047 gem
2096 4991 2331 5045 sumere.
2364 4975 2673 5049 Statimque
2717 4968 2975 5061 accersiri
3018 4995 3144 5041 eum
3185 4968 3406 5061 facient,
3429 4992 3487 5039 et

1892 5086 1917 5141 ,ι
1953 5067 2390 5141 interrogame
2438 5067 2497 5126 Si
2524 5070 2883 5145 responderit,
2912 5070 3048 5151 N910
3086 5060 3209 5131 eam
3255 5090 3481 5132 uxorem

1896 5177 1917 5231 μ
1952 5162 2225 5233 accipere,
2250 5162 2472 5223 accedet
2487 5163 2685 5231 mulier
2707 5165 2774 5229 ad
2798 5181 3131 5245 cumcoram
3150 5167 3480 5247 senioribus,

1890 5272 1917 5321 ⁸ι
1955 5263 2012 5313 et
2042 5254 2196 5311 tollet
2225 5254 2656 5341 calceamentum
2677 5258 2753 5339 ne
2782 5261 2920 5339 pede
2944 5258 3091 5339 ejus,
3124 5269 3388 5341 spnetque
3418 5262 3484 5323 in

1896 5366 1918 5417 μ
1950 5346 2151 5415 faciem
2177 5346 2295 5417 ejus
2319 5357 2375 5405 et
2392 5350 2539 5417 dicet
2570 5370 2583 5405 :
2608 5350 2699 5408 Sic
2722 5352 2818 5409 ﬁet
2842 5352 3073 5420 homini,
3100 5354 3192 5425 qui
3220 5370 3331 5413 non
3352 5354 3483 5411 aedi-

1902 5456 1922 5490 ι
1958 5438 2088 5495 ﬂeat
2105 5440 2336 5505 domum
2362 5440 2555 5499 fratris
2593 5444 2701 5510 sui,
2728 5453 2784 5498 et
2810 5443 3094 5500 vocabitur
3116 5460 3315 5503 nomen
3337 5445 3483 5505 illius

1900 5547 1919 5581 ι
1956 5529 2012 5584 in
2037 5529 2222 5599 israel,
2248 5532 2452 5591 Domus
2477 5533 2806 5595 disealeeati.
2827 5554 2849 5588 )
2875 5553 2894 5585 ι
2918 5533 2973 5591 Si
2997 5543 3180 5607 autem
3202 5538 3486 5605 habitave-

1894 5621 2006 5676 rint
2026 5617 2224 5680 fratres
2247 5623 2304 5680 in
2328 5641 2517 5694 unum,
2546 5634 2601 5682 et
2641 5635 2892 5705 mortuus
2928 5625 3093 5697 fuerit
3118 5646 3260 5687 unus
3286 5646 3356 5688 ex
3380 5631 3483 5701 eis,

1895 5728 2081 5770 semen
2107 5721 2291 5771 autem
2312 5732 2421 5774 non
2467 5715 2633 5774 fuerit
2670 5717 2741 5784 ei,
2777 5732 2914 5774 uxor
2937 5717 3176 5778 defuncti
3197 5721 3333 5780 foris
3374 5738 3485 5783 non

1895 5806 2258 5880 appropianti,
2289 5806 2461 5865 frater
2497 5808 2602 5865 viri
2630 5807 2749 5880 ejus
2774 5808 3000 5870 intrabit
3038 5814 3106 5871 ad
3141 5830 3286 5886 eam,
3310 5824 3367 5873 et
3394 5830 3488 5872 ac-
