3930 6344
209 396 414 458 945..

794 445 798 454 .
849 343 898 434 ί
985 390 1388 454 ENARRATIO
1429 389 1657 449 SUPER
1693 343 2322 462 ‘DEUT'ERONOMIUM.
2361 422 2431 432 —
2464 391 2594 447 LIB.
2637 391 2723 445 ill.

3370 369 3474 448 9w

210 533 234 568 «η
253 511 392 581 ejus,
417 509 706 565 abscindas
749 523 968 562 manum
1018 509 1190 573 illius,
1229 523 1334 564 nec
1352 507 1588 564 ﬂecteris
1615 521 1778 578 super
1805 513 1858 574 Α
1889 527 1906 559 ι
1943 510 2012 564 rit
2040 518 2266 566 cunctas
2293 525 2391 581 per
2413 509 2702 566 circuitum
2734 493 2982 569 nationes
3007 510 3062 564 in
3093 519 3263 578 terra,
3309 529 3473 582 quam

207 619 228 658 ι
257 601 401 660 illam
442 601 842 657 misericordia.
881 622 901 653 ι
935 601 1078 668 Quid
1123 617 1220 672 per
1264 604 1398 657 istos
1445 601 1578 658 duos
1633 601 1782 659 viros

201 699 456 762 rixantes,
507 695 613 750 nisi
651 694 918 750 dissensio
957 694 1100 750 inter
1124 695 1453 750 catholicum
1480 704 1536 750 et
1563 695 1782 750 iurareti-

199 797 316 842 cum
339 780 668 854 exprimitur
685 782 710 834 ?
730 781 813 838 ibi
849 781 996 836 enim
1025 783 1338 838 necessaria
1363 790 1450 837 est
1481 781 1775 847 contentio,

201 875 281 931 ubi
306 874 497 946 dispar
519 873 754 928 duorum
778 871 842 926 ﬁt
855 872 1110 928 intentio.
1159 873 1316 928 Alter
1339 873 1488 928 enim
1515 874 1780 942 importu-

198 983 292 1024 nus
339 974 579 1024 sectator
621 973 708 1022 est
753 967 978 1032 erroris,
1027 966 1165 1022 alter
1208 966 1484 1022 studiosus
1526 964 1781 1022 defensor

195 1061 457 1118 veritatis.
481 1059 593 1115 Nec
635 1067 851 1129 oportet
893 1059 1005 1115 ullo
1049 1059 1211 1114 modo
1257 1059 1544 1114 veritatem
1591 1069 1777 1114 succe-

196 1156 340 1218 dere,
376 1153 474 1208 sed
509 1152 766 1208 resistere
801 1152 1020 1209 fortiter
1066 1152 1238 1208 errori
1259 1193 1275 1217 ,
1318 1153 1617 1208 secundum
1645 1151 1777 1208 illud

195 1245 524 1315 Sapientia:
557 1262 578 1296 ‹
609 1245 914 1314 Responde,
962 1244 1162 1314 inquit,
1209 1243 1555 1312 stultojuxta
1594 1242 1777 1299 stulti-

195 1339 316 1394 tiam
353 1352 530 1404 suam,
558 1353 628 1392 ne
665 1337 768 1393 sibi
810 1338 1026 1409 sapiens
1052 1337 1305 1392 videatur
1331 1355 1350 1388 ι
1375 1334 1570 1408 (Prov.
1597 1333 1772 1405 xxvi).

194 1432 344 1488 Unde
380 1442 436 1488 et
459 1431 657 1487 Paulus
693 1431 958 1501 gloriatur
986 1445 1048 1484 se
1069 1428 1444 1500 hujuscemodi
1470 1427 1779 1483 hominibus

191 1541 284 1582 nec
333 1526 407 1580 ad
451 1527 643 1581 boram
673 1525 889 1580 cedere.
921 1523 1072 1579 Uxor
1097 1532 1277 1578 autem
1317 1520 1409 1576 illa
1451 1535 1572 1591 quae
1605 1520 1779 1591 impu-

190 1621 336 1675 denti
386 1635 551 1675 manu
601 1619 939 1676 defendendo
981 1618 1158 1673 virum
1207 1631 1386 1680 suum,
1424 1614 1650 1670 alterius
1685 1613 1779 1684 qui

189 1711 381 1769 fortior
428 1722 511 1769 est
538 1712 960 1784 apprehenderit
995 1709 1256 1774 verenda,
1304 1707 1473 1772 nulla,
1501 1707 1558 1760 ni
1595 1705 1775 1771 fallor,

177 1805 366 1874 aptius
414 1805 639 1876 intelligi
693 1811 872 1875 potest
911 1818 1077 1874 quam
1127 1799 1492 1868 subjectorum
1543 1812 1775 1869 persona

185 1910 308 1964 niue
336 1898 621 1968 subjugata
659 1906 748 1952 est
781 1896 1070 1952 haereticis.
1119 1893 1245 1950 Haec
1286 1907 1435 1954 vero,
1475 1893 1520 1948 si
1547 1906 1644 1962 per
1683 1891 1776 1946 ali-
1803 1879 1851 1940 Β

169 1997 349 2058 quam
369 1987 743 2060 ignominiam
774 1989 985 2055 falsam,
1009 1996 1103 2044 aut
1131 2001 1228 2057 per
1252 1985 1520 2042 actionem
1563 1992 1776 2054 turpem

176 2083 424 2136 voluerit
476 2082 731 2137 catholici
789 2081 1065 2138 maculare
1116 2079 1611 2142 conversationem,
1663 2076 1778 2131 sive

178 2170 470 2226 dilfamare
508 2171 832 2235 doctrinam,
872 2171 1206 2226 omnimodo
1241 2170 1348 2224 tale
1376 2169 1778 2224 machinamen-

176 2267 295 2313 tum
345 2261 773 2316 abscindendum
811 2270 915 2326 est,
957 2275 1058 2316 nec
1095 2260 1204 2316 ulla
1244 2261 1536 2316 miseretur
1561 2259 1777 2315 miseri~

173 2353 388 2418 cordia,
425 2369 546 2423 quae
577 2364 787 2408 tantum
828 2355 1194 2410 abominando
1219 2353 1746 2425 sprevitjustitiam..

182 2453 188 2458 '
251 2463 272 2496 ο
300 2443 424 2499 Non
443 2445 669 2501 habebis
710 2447 770 2501 in
809 2447 1026 2504 sacculo
1061 2448 1274 2504 diversa
1305 2447 1568 2519 pondera,
1597 2449 1776 2520 majus

177 2553 198 2584 1
231 2542 290 2589 et
334 2534 545 2600 minus;
585 2549 686 2591 nec
709 2537 816 2591 erit
839 2541 897 2591 in
927 2539 1090 2594 domo
1125 2547 1217 2594 tua
1263 2538 1478 2594 modius
1515 2535 1692 2607 major
1719 2546 1776 2594 et

180 2643 197 2676 α
220 2626 442 2681 ἰηίιιοι·.
488 2626 706 2682 Pondus
740 2629 968 2685 habebis
1007 2630 1214 2701 justum
1249 2639 1307 2686 et
1327 2647 1538 2697 verum,
1565 2640 1622 2687 et
1659 2647 1776 2688 mo-

176 2737 197 2769 ‹
231 2720 358 2774 dius
371 2719 602 2789 aequalis
627 2727 682 2774 et
711 2735 875 2777 verus
893 2723 1003 2778 erit
1027 2724 1146 2788 tibi,
1174 2732 1238 2779 ut
1264 2725 1434 2780 multo
1460 2726 1612 2781 vivas
1635 2735 1774 2781 tem-

176 2831 194 2861 ‹
227 2825 564 2882 pore'super
600 2821 826 2881 terram,
869 2832 1030 2886 quam
1060 2817 1322 2874 Dominus
1362 2820 1504 2875 Deus
1529 2827 1654 2874 tuus
1681 2819 1773 2874 de-

173 2922 192 2951 r
223 2904 370 2959 derit
397 2903 520 2958 tibi.
572 2904 997 2962 Abominabitur
1035 2908 1179 2963 enim
1220 2909 1483 2965 Dominus
1528 2925 1652 2965 eum
1680 2911 1772 2980 qui

171 3011 190 3043 ι
216 2994 350 3050 facit
384 2995 532 3060 lucc,
579 3005 635 3051 et
679 2997 998 3054 adversatur
1031 3013 1248 3056 omnem
1284 2999 1570 3069 justitiam.
1605 3022 1623 3055 ι
1661 3001 1775 3058 Hoc

161 3087 368 3140 etenim
414 3087 568 3142 idem
596 3089 878 3161 legislator
910 3093 1075 3147 etiam
1106 3094 1161 3148 in
1183 3092 1426 3149 Levitico
1471 3094 1767 3150 interdicit.

164 3175 466 3233 Salomone
489 3195 705 3250 quoque
736 3197 922 3251 parem
965 3185 1198 3255 desuper
1239 3185 1564 3242 sententiam
1587 3185 1772 3257 profe—
1802 3219 1814 3257 ‘~

160 3279 354 3324 rente:
384 3290 403 3322 ‹
446 3269 666 3328 Pondus
695 3288 948 3345 magnum
992 3285 1048 3331 et
1084 3277 1367 3348 pusillum,
1403 3286 1458 3335 et
1495 3293 1768 3334 mensurae

161 3359 441 3430 duplices,
469 3362 745 3418 immunda
789 3374 915 3420 sunt
942 3375 1170 3438 utraque
1203 3375 1329 3423 ante
1356 3366 1667 3423 Dominum.
1699 3367 1769 3423 Et

162 3454 253 3523 qui
283 3453 424 3512 facit
451 3471 594 3523 eam,
623 3457 678 3511 in
700 3457 1176 3517 adinventionibus
1204 3465 1318 3519 suis
1337 3465 1711 3535 compedietur
1741 3485 1761 3519 ι

163 3547 183 3620 (
203 3546 372 3605 Prov.
409 3551 539 3624 xx).
575 3551 810 3609 Proinde
846 3570 954 3610 non
1000 3557 1175 3612 solum
1223 3557 1317 3612 illo
1342 3558 1632 3627 corporali,
1673 3559 1770 3614 sed

160 3641 329 3697 etiam
382 3641 620 3712 spiritali
671 3644 832 3700 modo
873 3646 1202 3702 studendum
1247 3657 1332 3703 est
1362 3649 1538 3713 nobis,
1582 3657 1641 3702 ut
1668 3663 1770 3705 nec

158 3733 384 3790 diversa
428 3736 666 3804 pondera
697 3737 753 3792 in
800 3739 1056 3796 cordibus
1089 3742 1312 3808 neStris,
1363 3756 1464 3796 nec
1510 3742 1566 3795 in
1609 3742 1770 3796 domo

155 3831 526 3887 conscientia:
563 3842 766 3888 nostra:
819 3850 1104 3891 mensuras
1157 3836 1399 3906 duplices
1441 3836 1764 3903 habeamus,

151 3923 206 3976 id
237 3930 350 3986 est,
396 3934 504 3976 nec
531 3923 632 3990 ipsi
673 3939 737 3978 ea
775 3939 896 3994 quae
941 3927 1305 3983 distinctionis
1352 3929 1596 3997 regulam
1636 3929 1772 3984 mol-

135 4011 319 4078 ‘liunt,
348 4011 670 4068 remissiore
708 4014 1041 4087 indulgentia
1070 4028 1486 4087 praesumentes;
1525 4033 1621 4073 eos
1651 4019 1772 4090 qui-

148 4106 254 4160 bus
311 4103 554 4158 verbum
607 4105 822 4162 Domini
883 4109 1241 4178 przedicamus
1269 4152 1286 4177 ,
1346 4110 1770 4166 districtioribus

151 4201 462 4272 przeceptis
495 4205 550 4254 et
577 4201 936 4271 gravioribus,
966 4216 1129 4272 quam
1168 4205 1269 4275 ipsi
1300 4206 1546 4277 perferre
1573 4220 1768 4276 possu-

153 4305 276 4346 mus
303 4332 320 4357 ,
378 4290 722 4360 ponderibus
769 4292 1082 4349 obruamus.
1145 4293 1299 4361 Quod
1344 4311 1469 4351 eum
1516 4296 1769 4364 facimus,

157 4383 285 4452 quid
327 4382 441 4438 nisi
471 4382 688 4439 diverso
717 4383 961 4454 pondere
991 4393 1154 4456 atque
1186 4403 1442 4444 mensura
1471 4400 1772 4461 praecepto-

158 4487 276 4530 rum
309 4477 633 4531 mercedem
666 4475 879 4531 Domini
916 4475 1257 4549 frugemque,
1300 4481 1388 4535 vel
1414 4484 1796 4560 appendimus_

1889 619 1908 654 ι
1948 601 2042 656 tibi
2085 602 2354 671 pollicitus
2381 611 2486 668 est,
2534 601 2740 658 delebis
2768 615 2968 657 nomen
3007 601 3124 672 ejus
3161 605 3262 660 sub
3287 606 3425 662 ccelo
3457 627 3471 663 :

1887 711 1908 744 ‹
1943 705 2073 747 cave
2120 708 2188 748 ne
2234 691 2595 749 obliviscaris.
2625 713 2644 746 ι
2675 692 2734 748 In
2759 692 3024 750 Amalech
3059 709 3190 766 ergo
3232 681 3474 768 nomine,

1879 787 1974 857 qui
2021 785 2232 856 lingens
2280 787 2600 857 sanguinem
2644 786 3058 857 interpretatur,
3108 788 3476 862 spiritualium

1875 879 2248 948 nequitiarum
2277 879 2602 947 exprimitur
2630 877 2798 949 ﬁgura
2848 896 2861 934 :
2909 894 3030 948 quae
3057 878 3216 934 nobis
3247 893 3344 950 per
3379 879 3476 936 ba-

1879 972 2139 1042 ptismum
2165 970 2593 1042 egredientibus,
2632 972 2700 1026 de
2745 969 2978 1042 spiritali
3008 969 3268 1043 Aigypw,
3317 988 3476 1028 aver-

1877 1070 2109 1118 santur:
2141 1069 2196 1118 et
2217 1075 2572 1131 quoscunque
2611 1060 2842 1116 viderint
2874 1061 2931 1118 in
2971 1062 3166 1118 itinere
3205 1063 3473 1120 virtutum

1877 1153 2070 1209 lassari
2117 1168 2216 1224 per
2257 1161 2578 1222 peccatum,
2633 1152 2812 1222 potius
2863 1154 3084 1208 student
3136 1155 3472 1214 subvertere.

1877 1245 1990 1301 llos
2029 1260 2160 1316 ergo
2183 1244 2410 1315 populos
2437 1245 2690 1300 omnibus
2711 1244 2908 1310 modis,
2941 1261 3066 1300 cum
3088 1245 3350 1304 Dominus
3382 1249 3476 1304 de-

1877 1339 2020 1393 derit
2059 1337 2398 1402 facultatem,
2440 1337 2700 1391 debemus
2738 1337 3084 1401 subvertere;
3129 1346 3184 1391 et
3213 1348 3476 1407 quantum

1877 1431 2135 1500 possibile
2158 1439 2262 1496 est,
2286 1431 2354 1485 de
2379 1431 2506 1486 sede
2532 1431 2728 1485 anima:
2749 1438 2948 1486 nostra:
2977 1432 3355 1501 suggestiones
3381 1449 3473 1489 eo-

1879 1537 2000 1577 rum
2025 1520 2221 1590 ejicere
2247 1529 2410 1591 atque
2429 1520 2631 1587 delere,
2659 1537 2728 1578 ne
2749 1520 2890 1578 forte
2913 1521 2960 1576 si
2979 1521 3190 1592 aliquas
3213 1523 3471 1593 reliquias

1877 1631 2068 1675 eorum
2092 1614 2249 1684 juxta
2299 1618 2607 1687 exemplum
2650 1616 2784 1672 Sani
2834 1617 2894 1674 in
2929 1627 3119 1673 nostra
3161 1627 3344 1678 mente
3383 1635 3474 1674 re-

1879 1710 2296 1777 servaverimus,
2343 1725 2510 1766 causa
2550 1710 2934 1766 inobedientia:
2980 1711 3187 1782 pariter
3228 1728 3351 1770 cum
3396 1713 3476 1768 eis

1877 1803 2280 1858 subvertamur.

2444 1872 2676 1929 CAPUT
2711 1873 2898 1929 XXIII.

1880 1941 1957 1998 De
1982 1945 2230 2017 primitiis
2269 1943 2482 2016 frugum
2513 1944 2817 2026 emcrendis,
2858 1953 2908 2000 et
2935 1945 3000 1999 de
3038 1944 3253 1999 decimis
3280 1943 3474 1999 dandis

2565 2014 2780 2070 Levitis.

1949 2105 2117 2179 (CAP.
2140 2106 2330 2180 xxvr.)
2365 2125 2383 2159 ‹
2409 2105 2544 2162 Cum
2594 2107 2892 2164 intraveris
2923 2119 3126 2164 terram
3174 2123 3341 2180 quam
3366 2107 3476 2164 Do-

1883 2215 1902 2249 r
1936 2199 2118 2254 minus
2147 2198 2290 2253 Deus
2320 2207 2446 2253 tuus
2481 2198 2578 2253 tibi
2601 2199 2829 2254 daturus
2857 2208 2940 2255 est
2975 2201 3376 2271 possidendam,
3419 2209 3476 2256 et

1882 2307 1902 2342 ‹
1931 2289 2234 2345 obtinueris
2273 2305 2396 2345 eam
2421 2300 2587 2361 atque
2627 2293 2958 2348 habitaveris
2989 2293 3042 2348 in
3075 2292 3190 2357 illa,
3221 2293 3378 2348 tolles
3406 2293 3475 2348 de

1881 2400 1901 2434 ι
1937 2384 2148 2438 cunctis
2188 2381 2433 2454 frugibus
2475 2384 2585 2439 tuis
2626 2385 2927 2453 primitias,
2976 2393 3029 2440 et
3067 2400 3235 2455 pones
3263 2386 3318 2439 in
3348 2399 3472 2440 car-

1882 2491 1901 2525 r
1941 2473 2099 2540 tallo;
2142 2489 2444 2546 pergesque
2481 2475 2549 2530 ad
2588 2475 2788 2542 locum,
2838 2490 3001 2547 quem
3035 2476 3300 2532 Dominus
3329 2476 3474 2532 Dens

1883 2581 1902 2616 ‹
1939 2573 2066 2620 tuus
2108 2564 2351 2636 elegerit,
2393 2573 2455 2619 ut
2478 2565 2548 2620 ibi
2579 2565 2863 2622 invocetur
2891 2581 3120 2640 nomen,
3136 2567 3286 2638 ejus;
3321 2579 3478 2622 acce-

1882 2673 1902 2708 ‹
1938 2656 2140 2726 desque
2168 2656 2236 2711 ad
2273 2657 2633 2722 sacerdotem,
2683 2658 2776 2726 qui
2825 2657 2990 2714 fuerit
3017 2659 3072 2712 in
3117 2660 3309 2714 diebus
3339 2657 3473 2726 illis,

1882 2764 1903 2799 ‹
1938 2754 1994 2803 et
2018 2746 2166 2802 dices
2196 2747 2265 2801 ad
2303 2762 2427 2802 cum
2454 2764 2466 2800 :
2497 2745 2768 2803 Profiteor
2815 2748 2980 2804 hodie
3013 2763 3198 2804 coram
3246 2750 3475 2804 Domino

1883 2857 1901 2890 ι
1940 2838 2054 2894 Deo
2090 2847 2200 2906 tuo,
2249 2839 2394 2909 quod
2437 2841 2716 2910 ingressus
2753 2856 2874 2896 sum
2915 2841 2970 2895 in
3005 2851 3206 2896 terram
3236 2857 3336 2912 pro
3367 2857 3477 2912 qua

1883 2947 1902 2983 ι
1931 2929 2135 2999 juravit
2163 2930 2407 3000 patribus
2435 2931 2657 2995 nostris,
2693 2939 2754 2985 ut
2782 2931 2941 2986 daret
2981 2947 3103 2986 eam
3133 2932 3311 2988 nobis.
3343 2931 3477 2987 Sus-

1883 3041 1903 3074 ‹
1934 3021 2250 3092 cipiensque
2278 3022 2532 3078 sacerdos
2561 3021 2847 3077 cartallum
2871 3023 2936 3078 de
2965 3038 3132 3077 tuanu
3163 3031 3276 3089 tua,
3309 3033 3476 3094 ponet

1881 3132 1900 3168 ι
1939 3123 2065 3170 ante
2115 3114 2286 3169 altare
2325 3113 2539 3169 Domini
2579 3112 2675 3168 Dei
2719 3114 2814 3169 tui.
2847 3113 2917 3169 Et
2957 3114 3197 3184 loqueris
3244 3115 3300 3170 in
3347 3130 3478 3171 con-

1881 3224 1901 3259 ‹
1937 3216 2127 3276 spectu
2191 3205 2406 3260 Domini
2465 3205 2560 3260 Dei
2613 3205 2691 3260 tui
2749 3226 2761 3260 :
2825 3205 2997 3277 Syrus
3049 3209 3480 3278 persequebatur

1879 3317 1899 3350 ‹
1934 3309 2147 3370 patrem
2183 3313 2390 3364 meum,
2436 3299 2529 3369 qui
2562 3299 2844 3354 descendit
2873 3299 2928 3353 in
2967 3297 3288 3371 Aigyptum,
3318 3309 3375 3355 et
3398 3300 3476 3357 ibi

1877 3407 1897 3442 ι
1930 3389 2309 3460 peregrinatus
2336 3400 2422 3446 est
2448 3390 2503 3445 in
2532 3391 2860 3460 paucissimo
2891 3406 3140 3448 numero.
3179 3391 3473 3462 Crevitque

1875 3500 1896 3534 ι
1929 3482 1986 3536 in
2014 3493 2231 3553 gentem
2273 3497 2526 3552 magnam
2555 3493 2610 3538 et
2638 3485 2938 3548 robustam,
2988 3492 3044 3538 et
3078 3483 3306 3539 infinita:
3335 3483 3473 3537 mul-

1876 3590 1895 3624 ι
1932 3574 2202 3640 titudinis,
2247 3574 2665 3645 alliixeruntque
2694 3589 2794 3630 nos
2823 3573 3066 3645 A'ngptii
3117 3585 3172 3629 et
3199 3575 3476 3644 persecuti

1877 3683 1896 3718 ι
1931 3674 2079 3732 sunt,
2132 3667 2471 3738 imponeutes
2504 3682 2672 3722 onera
2720 3667 3064 3738 gravissima.
3113 3668 3182 3723 Et
3215 3669 3475 3724 clamavi-

1876 3775 1895 3810 ‹
1931 3773 2052 3813 mus
2083 3757 2152 3813 ad
2178 3758 2468 3813 Dominum
2496 3758 2668 3813 Deum
2707 3768 2924 3828 patrum
2972 3771 3283 3815 nostrorum
3316 3777 3328 3814 :
3369 3760 3475 3828 Qui

1877 3869 1897 3902 ι
1933 3847 2210 3906 exaudivit
2258 3865 2391 3911 nos.
2450 3860 2505 3906 et
2555 3851 2796 3922 respexit
2849 3866 2949 3906 nos
2999 3868 3054 3906 et
3102 3852 3471 3908 humilitatem

1877 3966 1896 4000 ‹
1931 3955 2176 4002 nostram
2225 3954 2282 4000 et
2320 3943 2562 4006 laborem
2608 3955 2771 4015 atque
2808 3945 3138 4014 angustiam,
3185 3955 3240 4001 et
3281 3946 3474 4002 eduxit

1879 4057 1898 4089 ‹
1933 4054 2032 4094 nos
2061 4037 2126 4092 de
2159 4036 2396 4107 {Egypto
2425 4038 2479 4091 in
2513 4052 2674 4093 manu
2704 4037 2834 4092 forti
2877 4047 2929 4093 et
2963 4038 3189 4094 brachio
3221 4043 3466 4104 extento,

1879 4146 1898 4180 ‹
1933 4129 1985 4183 in
2014 4127 2216 4199 ingenti
2246 4141 2468 4197 pavore,
2503 4128 2560 4181 in
2591 4127 2761 4199 signis
2788 4136 2952 4197 atque
2980 4127 3282 4198 portentis;
3314 4133 3370 4180 et
3390 4126 3476 4180 ia-

1878 4238 1898 4272 ‹
1935 4219 2178 4274 troduxit
2205 4219 2271 4273 ad
2302 4219 2463 4274 istum
2491 4219 2705 4286 locum,
2737 4230 2792 4274 et
2819 4219 3044 4275 tradidit
3077 4220 3228 4275 nobis
3259 4228 3471 4275 terram

1877 4328 1897 4364 r
1932 4313 2072 4368 lacte
2099 4319 2155 4366 et
2183 4311 2340 4368 melle
2404 4321 2736 4368 manantem.
2772 4311 2842 4367 Et
2869 4313 3074 4368 idcirco
3117 4327 3260 4367 nunc
3297 4311 3468 4368 oli'ero

1877 4423 1895 4456 ι
1935 4405 2204 4475 primitias
2256 4404 2468 4475 frugum
2521 4413 2724 4469 terrae,
2783 4421 2945 4475 quam
3003 4404 3266 4457 Dominus
3320 4404 3470 4458 dedit

1877 4516 1896 4550 ι
1924 4495 2078 4552 mihi.
2112 4496 2178 4552 Et
2197 4497 2437 4552 dimittes
2462 4511 2554 4552 eas
2578 4497 2632 4552 in
2661 4503 2956 4567 conspectu
2983 4493 3201 4549 Domini
3233 4493 3331 4548 Dei
3360 4494 3444 4549 tui

161 4565 238 4622 vel
263 4567 571 4622 metimur?
598 4566 657 4622 Si
693 4568 838 4623 enim
864 4569 1020 4624 aliter
1048 4586 1112 4625 ea
1137 4572 1313 4637 nobis,
1359 4573 1520 4627 aliter
1560 4565 1844 4666 nostris
1877 4608 1896 4642 ε
1930 4590 2155 4644 ποτε,ιο
2189 4591 2419 4644 Domino
2463 4589 2573 4643 Deo
2601 4598 2727 4653 tuo;
2761 4565 2816 4642 ei
2858 4585 3164 4657 epulaberis
3195 4585 3250 4640 in
3291 4584 3453 4640 omni.

157 4658 424 4715 fratribus
455 4659 861 4730 dispensemus,
906 4669 1056 4716 recte
1079 4660 1429 4731 increpamur
1450 4681 1481 4719 a
1511 4663 1763 4732 Domino,

157 4763 219 4805 eo
247 4753 400 4822 quod
429 4759 676 4808 stateras
707 4752 951 4808 diversas
980 4753 1063 4807 vel
1091 4765 1374 4811 mensuras
1401 4757 1642 4826 duplices
1669 4761 1768 4814 ha-

141 4842 382 4900 beamus
413 4842 724 4900 secundum
761 4843 908 4898 illam
945 4847 1268 4901 sententiam
1301 4847 1630 4916 Salomonis,
1661 4863 1768 4920 qua

157 4933 356 4990 dicitur
386 4953 400 4991 :
443 4952 464 4986 ‹
495 4933 850 4990 Abominatio
891 4944 977 4990 est
1012 4935 1240 4992 Domino
1288 4937 1499 5008 pondus
1525 4939 1765 5010 duplex;

156 5033 206 5080 et
243 5036 457 5084 statera
489 5025 688 5083 dolosa
714 5041 824 5081 non
869 5035 955 5082 est
987 5029 1132 5083 bona
1177 5028 1234 5082 in
1263 5037 1560 5102 conspectu
1588 5031 1707 5102 ejus
1738 5052 1758 5086 ι

155 5116 345 5191 (Prov.
381 5137 482 5177 xxx
506 5119 560 5192 ).
1339 5135 1344 5142 '

744 5235 972 5294 CAPUT
1034 5235 1202 5294 XXII.

443 5317 446 5322 I
489 5327 576 5388 De
611 5326 831 5383 delenda
868 5327 1116 5383 Amalech
1157 5327 1252 5383 sub
1298 5328 1444 5384 caelo.

147 5432 153 5437 '
230 5424 438 5500 (1310.)
475 5421 784 5478 «Memento
812 5436 932 5492 quae
954 5420 1148 5475 fecerit
1177 5421 1275 5476 tibi
1302 5419 1561 5476 Amalech
1585 5420 1637 5475 in
1656 5421 1764 5489 via,

167 5535 186 5580 ς
219 5518 444 5590 quando
476 5513 850 5590 egrediebaris
889 5516 953 5570 de
997 5511 1254 5586 Egypto,
1279 5513 1550 5585 quomodo
1577 5529 1768 5569 occur-

141 5629 186 5682 ⁴ε
223 5613 359 5669 rerit
390 5611 516 5676 tibi,
553 5617 610 5664 et
635 5618 908 5665 extremos
937 5607 1170 5678 agminis
1198 5595 1300 5673 tui,
1332 5607 1423 5676 qui
1464 5606 1592 5661 lassi
1621 5619 1767 5661 rese-

167 5707 446 5774 I,.derant,
477 5702 764 5768 ceciderit,
802 5701 1015 5772 quando
1057 5709 1111 5755 tu
1154 5715 1276 5756 eras
1310 5697 1455 5754 fame
1495 5705 1550 5756 et
1581 5699 1767 5755 labore

169 5819 188 5852 ι
229 5799 550 5862 confectus,
585 5804 642 5850 et
673 5810 782 5850 non
813 5793 1059 5850 timueris
1089 5791 1281 5850 Deum.
1310 5791 1447 5849 Cum
1486 5808 1615 5864 ergo
1654 5792 1765 5848 Do-

175 5911 195 5948 r
226 5895 412 5952 minus
438 5892 593 5950 Deus
612 5897 737 5945 tuus
771 5889 981 5946 dederit
1019 5889 1118 5946 tibi
1148 5891 1412 5959 requiem,
1440 5897 1496 5944 et
1520 5888 1765 5960 subjece-

1895 4701 1913 4732 ‹
1949 4681 2052 4735 bus
2077 4681 2234 4735 bonis
2261 4693 2381 4750 quae
2408 4680 2671 4735 Dominus
2696 4678 2841 4735 Deus
2881 4687 3012 4734 tuus
3046 4678 3258 4734 dederit
3282 4679 3381 4733 tibi
3413 4681 3465 4734 ei

1881 4791 1900 4824 ‹
1928 4773 2111 4827 domui
2160 4781 2285 4836 tua},
2317 4780 2374 4826 tu
2399 4779 2455 4826 et
2504 4772 2715 4827 Levites
2763 4780 2818 4827 et
2862 4771 3090 4837 advena,
3141 4771 3236 4841 qui
3286 4777 3470 4826 tecum
3504 4778 3536 4836 ,ι

1879 4883 1898 4916 ‹
1939 4871 2039 4918 est.
2073 4883 2091 4916 ι
2126 4862 2233 4919 Per
2262 4865 2377 4918 haec
2401 4863 2584 4931 verba,
2624 4861 2822 4934 quibus
2853 4863 3265 4919 instruebantur
3287 4861 3472 4917 Israe-

1872 4954 2000 5021 litze,
2034 4953 2304 5025 quomodo
2325 4953 2380 5008 in
2404 4962 2548 5008 terra
2580 4954 2941 5024 possessionis
2969 4967 3084 5010 sum
3109 4952 3388 5024 primitias
3411 4951 3473 5008 in

1873 5047 2099 5102 cartallo
2137 5046 2395 5104 ollerrent
2437 5045 2669 5102 Domino
2709 5062 2808 5118 per
2843 5049 3141 5120 gratiarum
3169 5045 3467 5114 actionem,

1876 5155 1942 5198 eo
1966 5141 2112 5212 quod
2151 5143 2324 5210 erepti
2356 5151 2482 5196 sunt
2511 5142 2576 5197 de
2602 5139 2860 5214 IEgypto,
2891 5142 3230 5199 instituimur
3264 5151 3320 5197 et
3344 5155 3467 5208 nos,

1873 5243 1937 5289 ut
1962 5235 2361 5303 intrantes-per
2389 5232 2685 5304 Spiritalem
2718 5232 3042 5299 Jordanem,
3091 5232 3197 5287 hoc
3229 5239 3333 5296 est,
3369 5237 3472 5301 p‘er

1873 5327 2206 5398 baptismum
2261 5335 2315 5382 et
2365 5325 2526 5382 fidem
2575 5335 2778 5384 sanctae
2827 5325 3114 5381 Trinitatis
3152 5324 3210 5378 in
3257 5331 3466 5379 terram

1874 5419 2160 5485 Ecclesiae;
2215 5433 2590 5490 ponamusque
2645 5421 2700 5475 in
2747 5415 2972 5475 cartallo
3028 5415 3461 5472 conversationis

1875 5523 2078 5569 nostrae
2103 5512 2374 5584 primitias
2415 5515 2682 5570 bonorum
2730 5508 3002 5582 omnium],
3051 5518 3106 5565 et
3151 5507 3461 5565 deferamus

1874 5605 1985 5664 Deo
2030 5607 2085 5662 in
2115 5605 2287 5663 altare
2321 5607 2444 5663 fidei
2493 5606 2810 5663 catholicae:
2841 5611 3110 5674 quatenus
3138 5617 3201 5659 ea
3227 5603 3303 5659 ibi
3335 5615 3459 5660 sus-

1872 5702 2038 5772 cipiat
2085 5700 2338 5756 sacerdos
2382 5710 2602 5764 noster,
2653 5697 2743 5752 ille
2793 5697 2984 5767 utique
3030 5696 3123 5768 qui
3162 5696 3460 5752 secundum

1871 5795 2117 5851 ordinem
2152 5791 2549 5850 Melchisedech
2585 5804 2616 5844 a
2658 5790 2770 5845 Deo
2807 5788 2986 5846 factus
3019 5795 3105 5845 est
3133 5789 3290 5844 nobis
3331 5802 3466 5859 pon-

1873 5887 2022 5944 tifex.
2078 5886 2263 5957 Ibique
2303 5883 2659 5941 confiteamur
2705 5881 2937 5939 Domino
2985 5882 3335 5954 dicamusque
3382 5878 3458 5947 ei,
