3976 6340
382 332 389 343 ’
431 354 539 415 an

1070 350 1134 407 B.
1175 347 1431 409 MBAN!
1469 346 1692 405 MAURI
1727 340 2052 415 ARCHIEE’.
2092 340 2406 405 MOGUNT.
2442 339 2730 403 OPERUM
2766 339 2951 403 PARS
2985 341 3069 423 1.,

3611 346 3727 411 θιὸ

432 469 579 547 quod
611 466 782 539 Syrus
810 462 1104 543 spiritalis,
1139 465 1232 537 qui
1258 464 1654 543 interpretatur
1675 460 1922 521 sublimis
1944 458 2031 519 vel
2056 460 2110 525 Δ
2140 484 2159 523 ι
2197 472 2401 523 terram
2438 462 2580 523 lacte
2620 468 2681 523 et
2702 460 2865 521 melle
2890 471 3205 525 manantem
3232 464 3385 525 sicut
3398 464 3620 537 juraij
3638 484 3739 543 pa-

431 556 775 625 bumectans,
810 564 1234 631 persequeretur
1274 565 1487 633 patrem
1525 562 1794 621 nostrum,
1839 558 2026 623 proto-

431 650 668 725 plastum
700 646 953 704 videlicet
982 655 1273 725 parentem
1306 654 1575 715 nostrum,
1623 642 1699 700 ita
1727 652 1790 700 ut
1811 642 2026 714 decipe-

434 662 668 725 ptastum
700 662 953 704 videlicet
973 662 1273 794 iparentem
1306 662 1575 715 n05trum,
1623 662 1699 700 ita
1727 662 1790 700 ut
1811 662 2026 714 nempe-

434 740 517 799 ret
537 757 662 798 eum
687 754 787 821 per
808 755 972 813 super
1014 737 1121 793 iam
1148 746 1204 799 et
1234 737 1450 811 gulam;
1482 746 1537 793 et
1567 745 2027 809 transgressorem

434 828 659 898 faciens,
699 831 943 904 privaret
982 829 1326 903 possessione
1362 826 1622 901 paradisi.
1662 828 1815 884 Unde
1850 824 2030 885 incola

435 926 615 984 factus
642 934 729 982 est
751 924 806 980 in
831 922 1067 999 Egypto
1093 923 1254 979 istius
1281 918 1488 989 mundi,
1530 918 1623 978 ubi
1650 920 2030 993 peregrinatus

436 1030 522 1079 est
548 1021 601 1076 in
627 1016 957 1093 paucissimo
996 1030 1246 1084 numero,
1277 1016 1405 1089 quia
1434 1016 1621 1099 multis
1666 1014 2029 1073 idololatriam

437 1112 787 1189 sequentibus
825 1111 983 1183 pauci
1028 1117 1451 1189 permanserunt
1480 1104 1687 1165 ﬁdeles.
1730 1102 1838 1161 Sed
1879 1113 2030 1181 post-

437 1188 599 1283 quam
624 1222 725 1278 per
752 1205 886 1279 legis
911 1188 1281 1261 conditionem
1320 1201 1504 1279 plures
1529 1208 1907 1269 excreverunt,
1935 1197 2030 1277 qui

330 1342 335 1347 ς
438 1300 721 1357 scientiam
750 1306 805 1353 et
833 1284 1214 1355 credulitatem
1254 1294 1413 1350 unius
1450 1294 1548 1348 Dei
1582 1307 1904 1365 percepere,
1948 1289 2030 1347 af-

438 1372 699 1447 dixerunt
715 1407 809 1447 eos
838 1388 1080 1467 Egyptii
1109 1386 1402 1460 spiritales,
1440 1384 1661 1459 maligni
1684 1383 1894 1440 scilicet
1920 1383 2032 1457 spi-

438 1483 596 1547 ritus,
622 1480 715 1554 qui
740 1480 1083 1552 imponentes
1109 1494 1277 1539 onera
1307 1478 1629 1553 gravissima
1657 1485 2029 1551 peccatorum,

435 1584 827 1649 Oppresserunt
868 1590 1038 1647 genus
1078 1573 1394 1628 humanum.
1447 1569 1555 1626 Sed
1598 1570 1741 1625 Deus
1780 1568 2030 1639 omnipo-

438 1675 574 1735 tens,
608 1662 858 1722 conditor
885 1674 939 1721 et
970 1672 1187 1720 creator
1224 1672 1429 1727 noster,
1482 1660 1724 1731 respexit
1753 1656 2033 1715 humilita-

2136 575 2156 613 ι
2192 555 2367 615 tribus
2416 554 2553 613 tuis.
2607 552 2835 625 Quando
2881 569 3012 627 ergo
3058 556 3347 617 transieris
3394 556 3739 633 Iordanem.

2136 668 2157 705 ι
2188 649 2340 721 erige
2394 647 2603 719 lapides
2664 662 2804 721 quos
2853 662 2956 723 ego
3005 648 3169 709 hodie
3212 650 3474 723 przccipio
3520 654 3626 713 tibi
3684 656 3741 713 in

2137 761 2156 794 ι
2199 749 2385 801 monte
2420 740 2588 809 Ebal,
2619 749 2676 796 et
2715 739 2978 817 levigabis
3006 740 3193 811 calce,
3220 750 3280 801 et
3316 744 3633 811 Odm
3658 747 3739 813 ibi

2137 855 2157 901 ς
2192 836 2365 901 altare
2392 834 2624 897 Ι)οωίυο
2665 835 2776 903 Ι)θο
2812 841 2905 895 tuo
2942 834 3012 901 de
3038 834 3311 907 lapidibus
3338 853 3478 909 quos
3518 837 3739 899 ferrum

2136 949 2157 993 ς
2193 945 2304 987 non
2331 929 2542 1005 tetigit,
2587 935 2643 985 et
2681 926 2749 985 de
2784 926 2939 985 saxis
2976 926 3303 993 informibus
3335 936 3395 993 et
3433 929 3735 1001 impolitis;

2136 1041 2156 1083 ί
2189 1030 2244 1079 et
2274 1020 2472 1081 offeres
2502 1035 2667 1093 super
2708 1034 2774 1076 eo
2809 1019 3188 1085 holocaustum
3215 1020 3446 1087 Domino
3472 1022 3592 1083 Deo
3620 1034 3735 1090 mo,

2137 1134 2158 1171 ι
2187 1123 2243 1172 et
2269 1112 2579 1173 immolahis
2611 1112 2820 1171 hostias
2856 1111 3134 1183 paciﬁcas,
3165 1114 3540 1187 comedesqne
3569 1115 3646 1172 ibi
3684 1126 3739 1174 et

2139 1229 2159 1271 ι
2189 1209 2497 1282 epulaberis
2541 1222 2727 1275 coram
2763 1207 2992 1265 Domino
3018 1205 3129 1262 Deo
3156 1214 3289 1274 tuo;
3323 1216 3380 1267 et
3400 1208 3621 1277 scribes
3649 1225 3741 1269 suo

2139 1320 2159 1354 ‹
2190 1317 2288 1375 per
2318 1298 2527 1375 lapides
2563 1298 2748 1363 omnia
2773 1296 2939 1355 verba
2974 1295 3109 1441 leris
3139 1297 3322 1371 huius,
3371 1297 3537 1368 plane
3565 1305 3622 1352 et
3658 1297 3739 1353 lu.

2139 1411 2161 1441 ι
2193 1392 2331 1441 cide.
2364 1398 2469 1441 etc.
2502 1410 2523 1441 ι
2557 1387 2674 1441 Hoc
2714 1386 2987 1441 quomodo
3050 1394 3233 1441 actum
3272 1385 3471 1441 fuerit.
3508 1388 3568 1441 in
3598 1387 3739 1441 libro

2137 1411 2161 1449 ι
2193 1392 2331 1456 cide,
2364 1398 2469 1451 etc.
2502 1410 2523 1445 ι
2557 1387 2674 1449 Hoc
2714 1386 2987 1460 quomodo
3028 1385 3233 1442 factum
3272 1385 3471 1454 fuerit,
3508 1388 3568 1443 in
3598 1387 3740 1445 libro

2134 1484 2265 1549 Jesu
2291 1482 2439 1541 Nave
2462 1481 2680 1555 plenius
2709 1487 3019 1539 enarratur.
3056 1478 3339 1551 Superatis
3374 1479 3546 1553 igitur
3567 1479 3743 1537 hosti-

2133 1579 2260 1643 bus,
2307 1572 2597 1635 aediﬁcavit
2626 1572 2783 1635 Jesus
2814 1572 2987 1631 altare
3032 1571 3147 1629 Deo
3171 1572 3390 1631 excelso
3432 1588 3503 1629 ex
3545 1570 3742 1643 lapidi-

2134 1674 2237 1745 bus
2271 1671 2518 1745 integris,
2568 1670 2627 1727 in
2677 1669 2876 1743 quibus
2912 1684 3025 1725 non
3071 1678 3192 1727 erat
3232 1666 3499 1738 injectum
3530 1666 3738 1725 ferrum

436 1764 547 1815 tem
576 1766 841 1820 nostram,
873 1764 928 1811 et
950 1755 1216 1821 laborem,
1240 1748 1753 1838 atque‘angustlam,
1779 1750 2035 1821 misitque
2135 1767 2277 1823 sicut
2324 1770 2663 1838 pmceperat
2695 1761 2925 1834 Moyses,
2957 1768 3012 1819 et
3041 1758 3343 1817 immolavit
3377 1757 3735 1825 sacriﬁcium,

436 1850 779 1922 unigenitum
816 1848 1017 1904 Filium
1065 1864 1242 1912 suum,
1293 1846 1387 1919 qui
1429 1861 1625 1903 manus
1665 1832 1763 1900 Dei
1799 1851 1854 1899 et
1899 1842 2030 1897 bra-

2147 1862 2189 1921 ἐι
2216 1832 2438 1929 scripsit
2480 1832 2535 1917 ίὶι
2572 1832 2841 1928 lapidibus
2868 1852 3352 1911 Deuteronomium
3378 1851 3520 1926 legis
3542 1851 3734 1923 Moysi.

437 1944 623 2002 chium
653 1943 878 2010 dicitur,
905 1942 967 1998 ut
996 1943 1233 2015 eriperet
1274 1957 1377 2001 nos
1401 1943 1468 1999 de
1490 1947 1759 2014 potestate
1784 1940 2033 2005 tenebra-
2134 1951 2427 2011 videamus
2469 1949 2687 2025 itaque,
2740 1947 2837 2023 qui
2876 1946 2988 2007 sint
3018 1946 3109 2001 isti
3142 1944 3374 2019 lapides,
3425 1958 3495 1997 ex
3537 1944 3734 2014 quibus

438 2053 581 2101 rum,
614 2043 670 2092 et
711 2035 1034 2091 transferret
1072 2036 1127 2089 in
1168 2032 1347 2091 locum
1392 2033 1564 2106 pacis,
1618 2039 1889 2102 quatenus
1936 2029 2033 2085 ﬁlii
2132 2044 2434 2103 adimam
2461 2043 2653 2111 auare,
2705 2038 2908 2107 omnes
2934 2055 3068 2117 ergo
3104 2037 3199 2113 qui
3243 2038 3299 2093 in
3343 2036 3629 2101 ειπίδιμω
3653 2035 3736 2092 ιθ.

436 2127 575 2185 lucis
604 2124 979 2195 elliceremur;
1016 2126 1344 2199 tradiditquc
1382 2124 1541 2211 nobis
1578 2134 1783 2183 terram
1812 2126 1952 2182 lacte
1979 2134 2035 2181 et
2133 2153 2253 2199 sum
2301 2136 2547 2211 credunt,
2593 2134 2805 2207 lapides
2840 2134 3096 2191 dicuntur
3121 2130 3253 2186 vivi.
3302 2128 3384 2193 De
3421 2129 3628 2201 quibus
3657 2131 3731 2184 ait

439 2223 602 2279 melle
648 2228 987 2289 manantem,
1038 2218 1338 2278 Ecclesium
1387 2206 1641 2277 videlicet
1684 2228 2032 2291 prmaentem,
2130 2228 2425 2302 Αροειοιυε
2457 2245 2471 2284 ε
2509 2206 2541 2285 ι’
2571 2206 2683 2287 Vos
2727 2226 2863 2295 usus
2898 2222 3256 2299 lapideam“
3304 2222 3586 2287 adma“,
3634 2222 3735 2277 do.

436 2318 531 2375 ubi
563 2325 617 2374 et
649 2316 735 2375 lac
778 2326 863 2374 est
894 2316 1203 2373 innocentis
1242 2306 1298 2372 et
1336 2314 1515 2371 facilis
1555 2302 1850 2380 doctrinae,
1892 2313 2036 2368 unde

439 2413 756 2469 nutriantur
782 2422 948 2466 sensu
974 2402 1211 2481 parvuli,
1251 2414 1307 2463 et
1340 2404 1450 2461 mel
1477 2420 1644 2461 suave
1673 2410 1835 2477 atque
1858 2398 2039 2459 multi-

436 2502 595 2576 plicis
653 2500 892 2557 scienti-.13
945 2499 1092 2556 unde
1140 2499 1409 2556 satientur
1458 2496 1735 2555 intellectu
1786 2496 2034 2569 perfecti.

439 2590 544 2662 Qui
572 2604 701 2664 ergo
740 2582 1121 2661 hujuscemodi
1166 2588 1306 2647 dona
1348 2589 1463 2646 Deo
1501 2588 1679 2655 oﬁbrt,
1724 2586 2037 2645 convivium

439 2682 686 2758 spiritale
724 2684 779 2740 in
819 2686 978 2741 domo
1020 2684 1115 2741 Dei
1145 2700 1271 2741 cum
1305 2670 1510 2740 Levitis
1548 2683 1694 2739 veris
1732 2690 1787 2738 et
1817 2676 2040 2738 advenis

437 2790 622 2857 potest
661 2780 870 2848 facere,
912 2781 1036 2852 quia
1073 2796 1200 2837 cum
1244 2778 1511 2836 ministris
1540 2778 1637 2841 Dei
1680 2780 1735 2834 et
1778 2758 2042 2833 fratribus

438 2876 572 2945 suis,
626 2882 788 2946 atque
822 2889 945 2931 cum
972 2870 1224 2929 omnibus
1254 2871 1347 2943 qui
1381 2886 1440 2927 se
1486 2871 1592 2927 rite
1639 2864 1947 2941 intelligunt
1984 2867 2040 2922 in

438 2968 544 3025 hoc
570 2964 770 3023 mundo
799 2967 1036 3023 advenas
1063 2981 1186 3022 esse
1213 2972 1268 3019 et
1296 2965 1634 3039 peregrinos,
1667 2960 1895 3035 dapibus
1933 2948 2043 3017 viri

440 3069 616 3116 tutum
662 3069 719 3117 et
746 3058 989 3116 scientiae
1016 3052 1279 3130 spiritalis
1303 3054 1537 3114 feliciter
1566 3055 1844 3113 reﬁcietur
1876 3056 2039 3122 atque

439 3146 773 3222 implebitur.

2136 2338 2260 2381 mus
2304 2320 2568 2393 spiritalis
2599 2339 2620 2374 ι
2674 2317 2742 2391 (Ι
2774 2315 2922 2375 Patr.
2947 2315 3033 2390 tt).
3066 2314 3163 2379 llis
3192 2331 3305 2373 non
3348 2323 3437 2375 εει
3474 2314 3736 2393 injectum

2137 2417 2366 2485 ferrum,
2397 2415 2525 2491 quia
2553 2410 2858 2485 incorrupti
2892 2418 2949 2471 et
2969 2408 3309 2479 immaculati
3332 2422 3500 2465 carne
3524 2416 3585 2463 et
3622 2406 3732 2477 spi-

2139 2508 2250 2569 ritu
2277 2515 2427 2574 sunt,
2456 2516 2514 2565 et
2549 2504 2732 2581 iacula
2768 2503 2993 2578 maligni
3029 2503 3202 2577 ignita
3240 2517 3355 2561 non
3392 2510 3734 2573 receperunt.

2143 2600 2211 2667 ili
2232 2615 2401 2657 unum
2430 2598 2602 2655 altare
2640 2597 2849 2657 faciunt
2860 2636 2881 2665 .
2930 2595 3140 2653 unitate
3170 2591 3295 2653 ﬁdei
3330 2592 3421 2649 vel
3444 2591 3736 2649 concordia

2141 2693 2445 2773 charitatis.
2492 2691 2554 2753 in
2586 2691 2935 2774 hisquoque
2980 2687 3493 2753 Denteronomium,
3538 2686 3599 2743 id
3634 2696 3736 2755 est,

2141 2787 2440 2847 secundant
2466 2784 2746 2857 Evangelii
2793 2784 2991 2856 legem,
3032 2781 3192 2843 Iesus
3240 2780 3511 2839 Dominus
3554 2787 3736 2839 noster

2145 2875 2445 2949 rescripsit.
2493 2874 2798 2931 Audiamus
2838 2872 3025 2943 itaque
3058 2886 3184 2935 eum
3227 2870 3507 2933 dicentem
3538 2887 3555 2922 :
3588 2887 3613 2922 ι
3644 2867 3736 2926 Di-

2145 2977 2292 3033 ctum
2314 2976 2400 3025 est
2418 2967 2659 3043 antiquis
2684 2984 2699 3021 :
2722 2965 2841 3025 Non
2866 2963 3250 3021 mmchaberis.
3266 2962 3382 3037 Ego
3407 2972 3596 3021 autem
3621 2963 3736 3021 dico

2144 3062 2323 3131 vobis,
2364 3062 2413 3129 si
2441 3061 2565 3133 quis
2593 3058 2792 3117 viderit
2836 3057 3122 3115 mulierem
3149 3056 3221 3113 ad
3246 3055 3737 3127 concupiscendum

2147 3171 2288 3222 eam,
2304 3153 2426 3226 jam
2459 3154 2769 3219 mmchatus
2794 3158 2881 3211 est
2909 3165 3031 3209 eam
3058 3149 3117 3209 in
3142 3142 3309 3209 corde
3336 3163 3442 3213 suo
3470 3168 3491 3205 ι
3527 3148 3732 3222 (lculi.

519 3210 537 3294 ξ
580 3238 808 3312 Quando
848 3241 1207 3313 compleveris
1244 3238 1515 3298 decimam
1553 3244 1874 3296 cunctarum
1924 3228 2038 3295 ἢ*υὲ
2067 3210 2116 3275 C
2513 3210 2682 3318 igitur
2725 3210 2889 3305 desus
2948 3243 3124 3315 legem
3170 3210 3433 3301 noui-in

446 3334 465 3388 ἂ
498 3347 625 3404 gum
656 3341 892 3400 tuarum,
924 3348 1069 3387 anno
1092 3328 1426 3389 decimarum
1453 3324 1637 3399 tertio,
1662 3332 1818 3389 dabis
1835 3326 2038 3387 Levila:

445 3441 468 3479 ι
502 3433 558 3479 et
586 3422 828 3492 advenae,
863 3431 918 3480 et
963 3420 1166 3495 pupillo
1194 3440 1259 3480 ac
1292 3422 1491 3497 vidua),
1539 3434 1603 3480 ut
1640 3416 1929 3480 comedanl
1958 3416 2039 3479 in-

450 3534 467 3567 c
506 3513 588 3570 ira
633 3516 822 3587 portas
875 3520 1032 3599 tuas,
1060 3514 1135 3599 let
1182 3522 1514 3569 saturentur.
1566 3506 1938 3599 Loquerisqtie
1980 3512 2039 3571 in

448 3624 467 3660 ι
502 3584 794 3679 conspectu
819 3590 1033 3662 Domini
1056 3584 1152 3662 Del
1181 3606 1258 3661 tui
1291 3624 1304 3661 :
1337 3604 1508 3661 Attuli
1541 3584 1689 3678 quod
1726 3584 2056 3663 ειιηέῑὶἰὶοίιί

450 3718 469 3752 ι
506 3706 621 3755 tum
648 3706 732 3755 est
766 3686 833 3754 de
858 3699 1020 3754 domo
1046 3710 1191 3764 mea,
1230 3696 1286 3755 et
1315 3684 1437 3754 dedi
1466 3684 1597 3754 illud
1624 3690 1827 3754 Levita:
1856 3700 1913 3754 et
1940 3698 2038 3753 ad-

354 3812 359 3817 ·
449 3792 469 3846 i
502 3808 653 3849 vena:
676 3800 730 3847 et
756 3780 957 3864 pupillo
988 3776 1054 3848 ac
1077 3782 1274 3860 viduae,
1322 3778 1462 3848 sicut
1492 3774 1703 3861 iussisti
1733 3790 1887 3845 mibi.
1921 3772 2040 3845 Non

449 3902 469 3937 ι
501 3882 777 3955 praeterivi
823 3878 1081 3940 mandata
1120 3892 1231 3949 tua,
1276 3884 1379 3939 nec
1424 3896 1544 3939 sum
1578 3880 1781 3937 oblitus
1824 3880 2040 3953 imperii

451 4001 471 4032 ι
506 3978 603 4034 tui.
635 3976 748 4033 Nec
775 3974 987 4033 comedi
1019 3992 1089 4033 ex
1116 3977 1196 4033 eis
1220 3977 1275 4032 in
1304 3975 1456 4032 luctu
1484 3990 1627 4038 meo,
1657 3988 1759 4030 nec
1789 3975 2039 4046 separavi

449 4088 470 4124 ιι
506 4086 571 4128 ea
622 4070 678 4125 in
722 4069 964 4141 qualibet
1013 4068 1376 4137 immunditia,
1424 4082 1525 4125 nec
1564 4069 1797 4140 expendi
1845 4082 1913 4125 ex
1962 4069 2043 4126 eis

451 4152 472 4213 ἃ
509 4160 806 4233 quidquam
838 4162 895 4215 in
924 4172 985 4215 re
1012 4158 1245 4217 funebri.
1280 4180 1301 4213 ι
1335 4158 1473 4229 Quid
1496 4169 1579 4216 est
1605 4162 1749 4232 quod
1777 4160 1921 4217 inter
1949 4160 2040 4217 illa

446 4238 591 4325 quod
614 4250 772 4321 jubet
800 4250 981 4305 dicere
1022 4246 1321 4319 hominem,
1358 4252 1451 4321 qui
1488 4252 1543 4306 in
1571 4248 1763 4307 dandis
1791 4252 2038 4321 decimis,

445 4332 504 4400 ei
529 4356 864 4415 quacunque
896 4336 1028 4398 dare
1060 4328 1147 4397 vel
1185 4342 1497 4414 impendere
1530 4341 1749 4412 iussum
1778 4352 1881 4411 est,
1924 4358 2042 4401 om-

430 4432 538 4513 ,nia
577 4432 837 4493 mandata
882 4420 1194 4507 complevit,
1245 4434 1410 4491 etiam
1456 4434 1559 4491 hoc
1603 4422 1729 4491 cum
1780 4435 1940 4493 laude
1986 4443 2042 4492 et

447 4532 921 4590 commendatione
950 4547 1050 4611 sua
1088 4528 1273 4588 dicere
1314 4514 1569 4611 iubetur,
1608 4551 1626 4583 ι
1657 4528 1775 4587 Non
1805 4532 1929 4589 dedi
1974 4546 2041 4589 est

2141 3338 2513 3409 credentium;
2549 3336 2693 3395 hanc
2728 3335 2952 3423 scripsit
3003 3335 3061 3391 in
3096 3348 3293 3403 eorum
3329 3333 3615 3403 mentibus
3646 3331 3739 3409 qui

2141 3431 2332 3503 altaris
2355 3429 2765 3501 constructione
2790 3426 2942 3500 digni
2967 3433 3114 3489 sunt.

2704 3541 2936 3601 CAPUT
2994 3540 3168 3599 XXV.

2141 3654 2334 3731 Defuit
2365 3657 2457 3731 qui
2496 3656 2707 3714 ﬂabit“
2748 3656 2819 3712 ad
3307 3656 3464 3722 super
3498 3652 3741 3705 nam

3232 3725 3245 3737 ο

2211 3727 2488 3794 Gcrizim;
2536 3745 2740 3785 meum
2790 3738 2844 3784 et
2890 3728 2963 3783 ὼ
3014 3727 3126 3783 illis
3158 3727 3245 3796 φὶ

2212 3800 2364 3882 Libat;
2378 3790 2599 3882 stabunt.
2629 3799 2712 3882 at]L
2728 3790 3245 3882 ηιαζρᾴὶεεηᾴιέῃιζιι
3278 3790 3742 3859 ηιὰιοὰίαὶριιὶδιε

2214 3875 2318 3927 sive
2346 3850 2788 3928 benedictionibus
2813 3850 2883 3925 ξεί
2912 3850 3166 3923 νεοῖξαὶὶδί

2215 3985 2375 4063 (inin.
2403 3983 2424 4058 )
2460 4002 2479 4037 ι
2504 3982 2879 4057 Praecepitque
2924 3981 3138 4054 Moyses
3166 3978 3371 4059 populo
3408 3979 3469 4039 in
3502 3977 3593 4037 die
3624 3976 3737 4047 illo,

2148 4095 2169 4130 ι
2207 4074 2392 4133 dicens
2416 4090 2432 4130 :
2460 4074 2527 4131 lli
2556 4076 2780 4133 stabunt
2818 4074 2892 4133 ad
2918 4074 3359 4141 benedicendum
3392 4072 3618 4133 Domino
3642 4085 3737 4135 ﬂl-

2149 4190 2168 4239 ς
2198 4186 2300 4245 per
2346 4177 2590 4227 montem
2614 4234 2623 4245 ι
2646 4148 2897 4227 Carizim
2942 4166 3184 4239 Jordape
3228 4167 3558 4227 transmisso
3594 4184 3609 4225 ;
3642 4162 3735 4221 si.

2149 4234 2167 4313 .'
2198 4234 2385 4329 incon,
2412 4259 2565 4329 Levi,
2602 4234 2791 4328 indas,
2822 4234 3071 4329 lsachar,
3102 4234 3311 4335 inseph
3346 4267 3408 4317 et
3437 4257 3739 4328 Beniamin.

2148 4372 2167 4406 ι
2202 4354 2269 4411 Et
2315 4372 2347 4413 e
2392 4353 2619 4425 regione
2673 4350 2765 4423 isti
2812 4352 3039 4411 stabunt
3077 4352 3147 4413 ad
3196 4348 3641 4411 maledicendum
3684 4350 3741 4405 in

2148 4454 2383 4515 (monte
2428 4443 2599 4503 ﬂebal
2633 4462 2648 4498 :
2680 4444 2891 4511 Ruben,
2941 4442 3061 4503 God
3106 4450 3163 4503 et
3194 4442 3361 4509 Aser.
3398 4441 3647 4501 Zabtdoo
3686 4448 3743 4496 et

2149 4559 2168 4594 ‹
2196 4540 2338 4609 Dan,
2381 4547 2441 4599 et
2477 4537 2809 4611 Nepbtalim.
2838 4537 2913 4597 Et
2948 4537 3381 4611 pronuntiabunt
3430 4535 3639 4601 lavit:
3662 4534 3733 4590 ad

446 4625 528 4681 eis
557 4616 812 4680 mortuo?
844 4645 864 4680 ›
898 4608 982 4681 An
1012 4641 1109 4698 per
1132 4626 1240 4685 hoc
1272 4602 1527 4699 prohibet
1549 4626 1873 4701 parentalia,
1918 4645 2041 4701 quae
2064 4602 2119 4665 D
2157 4651 2179 4685 ι
2213 4602 2407 4693 omnes
2435 4602 2581 4687 viros
2622 4602 2791 4689 Israel
2832 4602 3047 4689 excelsa
3075 4643 3231 4697 voce.
3278 4637 3387 4687 etc.
3420 4648 3442 4685 ι
3473 4627 3595 4695 lim
3617 4640 3746 4699 ergo

447 4716 742 4776 observare
761 4724 951 4787 gentes
976 4716 1194 4775 solent?

1019 4832 1247 4899 CAPUT
1286 4831 1477 4893 XXIV.

447 4942 531 5005 BI
562 4944 830 5017 lapidibus
866 4946 1131 5016 ering
1164 4947 1225 5001 in
1260 4954 1437 5003 merits
1476 4945 1615 5003 Ebal
1648 4954 1699 5017 et
1732 4945 1875 5017 calce
1912 4945 2040 5017 lecte

516 5016 708 5099 gaudia
724 5033 744 5099 ί
766 5026 814 5071 et
841 5017 908 5140 dt;
927 5017 1241 5087 wdiﬁcando
1269 5017 1430 5079 altari
1459 5031 1531 5099 ea;
1559 5016 1705 5069 satis
1727 5016 2042 5084 infamibus

519 5096 570 5140 et
595 5086 793 5140 voltus:
818 5088 886 5140 ho
913 5098 1227 5140 ocaustoaue
1265 5103 1421 5140 super
1455 5084 1589 5139 illud
1629 5084 1919 5140 olTercndo.

519 5084 570 5144 ἓι
593 5084 793 5159 politis;
818 5084 1227 5159 holocaustoque
1265 5103 1421 5157 super
1455 5084 1589 5139 illud
1629 5084 1919 5155 o/fercndo.

522 5182 701 5258 (Car.
750 5180 964 5255 xxvn.)
1011 5200 1030 5232 ι
1061 5180 1325 5253 Praecepit
1383 5187 1564 5234 autem
1607 5176 1817 5251 Moyses
1860 5187 1916 5234 et
1959 5196 2043 5236 se-

456 5292 478 5329 c
506 5276 689 5331 niores
732 5272 900 5331 israel
954 5272 1174 5349 populo,
1225 5268 1468 5328 dicentes
1504 5290 1518 5327 :
1552 5271 1834 5328 Custodite
1884 5288 2045 5328 omne

457 5385 478 5419 ι
520 5367 832 5425 mandatum
875 5365 1019 5437 quod
1068 5362 1301 5437 praecepi
1332 5360 1507 5420 vobis.
1540 5363 1785 5439 Cumque
1814 5365 2046 5421 transie-

458 5476 480 5512 ι
518 5460 637 5516 ritis
673 5456 967 5514 Jordanem
1014 5457 1071 5512 in
1103 5466 1335 5520 terram,
1388 5471 1556 5526 quam
1595 5454 1859 5513 Dominus
1902 5456 2046 5512 Deus

376 5550 381 5557 '
459 5569 479 5604 ι
517 5561 641 5606 tuus
675 5546 822 5605 dabit
871 5547 992 5615 tibi,
1024 5548 1201 5621 eriges
1248 5544 1498 5619 ingentes
1543 5546 1767 5619 lapides,
1816 5554 1874 5603 et
1899 5544 2047 5605 calce

461 5659 481 5694 ι
514 5636 780 5712 levigabis
829 5654 963 5708 eos,
1012 5648 1085 5725 ut.
1122 5641 1299 5713 possis
1340 5641 1396 5696 in
1446 5640 1526 5697 eis
1567 5640 1810 5698 scribere
1864 5640 2046 5698 omnia

460 5755 482 5790 ι
512 5738 680 5793 verba
706 5737 841 5809 legis
864 5726 1028 5808 hujus
1066 5733 1304 5791 Iordane
1342 5734 1686 5799 transmisso,
1723 5744 1783 5790 ut
1808 5734 2050 5791 introeas

462 5844 484 5882 ι
514 5824 575 5884 in
602 5836 837 5897 terram,
887 5844 1050 5903 quam
1092 5824 1355 5885 Dominus
1400 5824 1545 5886 Deus
1576 5836 1701 5887 tuus
1738 5826 1890 5886 dabit
1928 5826 2047 5896 tibi,

2155 4725 2231 4780 ita
2252 4723 2461 4793 factum
2496 4730 2580 4795 est
2604 4721 2939 4797 temporibus
2956 4719 3141 4789 Jpsue.
3190 4717 3588 4789 Steteruntque
3608 4718 3749 4773 sicut

2150 4823 2491 4889 praeceperat
2532 4813 2746 4893 Moyses
2774 4814 2831 4877 in
2860 4811 3302 4879 Denteroaomio,
3350 4826 3449 4875 sex
3478 4810 3657 4877 tribus
3692 4809 3747 4865 in

2149 4915 2336 4965 monte
2372 4905 2635 4975 Garizitn,
2682 4912 2743 4971 ut
2780 4904 3168 4967 benedicerent
3200 4902 3489 4979 populum.
3514 4910 3579 4961 et
3613 4902 3746 4973 ipsa

2150 5000 2351 5067 tribus,
2380 5013 2501 5071 quae
2536 4997 2837 5063 nobiliores
2877 5005 3022 5061 sunt,
3070 4995 3127 5053 id
3154 5003 3260 5063 est,
3296 4993 3545 5061 Simeon.
3590 4992 3751 5061 Levi,

2150 5093 2342 5159 Iudas,
2383 5091 2625 5159 lsachar,
2670 5088 2890 5161 Ioseph,
2932 5087 3235 5158 Beniamin.
3278 5087 3404 5147 Filii
3432 5087 3755 5160 vemim-

2145 5187 2375 5249 biliores
2409 5200 2527 5250 sex,
2564 5190 2837 5241 steterunt
2860 5197 2893 5239 e
2920 5181 3141 5253 regione
3172 5181 3230 5236 in
3269 5188 3453 5235 monte
3498 5178 3666 5244 Ebal,
3692 5186 3753 5233 ut

2152 5277 2546 5334 maledicerent
2576 5292 2590 5330 :
2623 5275 2767 5330 inter
2794 5289 2933 5345 quos
2958 5282 3015 5328 et
3041 5264 3233 5331 Ruben
3253 5313 3268 5343 ,
3286 5271 3395 5342 ,qui
3438 5269 3753 5325 maculare

2153 5376 2238 5426 rat
2270 5369 2486 5427 thorum
2515 5365 2783 5447 parentis,
2825 5370 2880 5421 et
2920 5360 3165 5420 Zabulon
3202 5358 3426 5423 ultimus
3456 5360 3586 5416 ﬁlia:
3616 5360 3757 5426 Lis,

2152 5466 2208 5516 et
2238 5458 2562 5516 ancillarum
2596 5456 2715 5512 ﬁlii.
2746 5456 2817 5511 Et
2854 5456 2973 5512 hzec
2997 5447 3217 5527 quidem
3253 5452 3456 5507 veteris
3503 5448 3760 5507 historia

2148 5553 2393 5610 referunt
2422 5558 2595 5625 gesta.
2628 5546 2737 5607 Sed
2760 5548 3156 5621 inspiciendum
3185 5544 3317 5619 quid
3344 5545 3399 5600 in
3428 5544 3759 5599 narratione

2149 5644 2392 5717 mysticae
2438 5640 2811 5710 intelligentia:
2855 5638 3143 5695 referatur.
3188 5634 3289 5707 Qui
3322 5638 3451 5691 sunt
3482 5646 3628 5708 ergo
3668 5630 3757 5717 isti

2150 5716 2243 5804 qui
2267 5734 2527 5789 incedunt
2546 5731 2703 5804 juxta
2725 5738 2967 5787 montem
2991 5728 3255 5794 Gaﬁzim,
3290 5734 3347 5783 et
3371 5726 3467 5799 qui
3498 5724 3637 5782 sunt
3665 5716 3759 5796 qui

2151 5826 2409 5883 incedunt
2429 5822 2585 5905 juxta
2609 5834 2856 5886 montem
2884 5806 3056 5884 ΕΜῘῖ
3082 5820 3160 5881 Illi
3190 5824 3399 5901 itaque,
3428 5818 3528 5895 qui
3558 5821 3616 5877 in
3648 5814 3760 5877 hoc
