  <div class='ocr_page' id='page_1' title='image "/cluster/home/n/w/nwhite01/storage/ocr_20150623/108/hvd.32044015466840/482.png"; bbox 0 0 3930 6344; ppageno 0'>
   <div class='ocr_carea' id='block_1_1' title="bbox 242 318 345 378">
    <p class='ocr_par' dir='ltr' id='par_1_1' title="bbox 242 318 345 378">
     <span class='ocr_line' id='line_1_1' title="bbox 242 318 345 378; baseline -0.019 0"><span class='ocrx_word' id='word_1_1' title='bbox 242 318 345 378; x_wconf 61' lang='grc'>989</span> 
     </span>
    </p>
   </div>
   <div class='ocr_carea' id='block_1_2' title="bbox 1021 297 2747 379">
    <p class='ocr_par' dir='ltr' id='par_1_2' title="bbox 1021 297 2747 379">
     <span class='ocr_line' id='line_1_2' title="bbox 1021 297 2747 379; baseline -0.007 -14"><span class='ocrx_word' id='word_1_2' title='bbox 1021 302 1420 365; x_wconf 79' lang='lat' dir='ltr'><strong>ENARRATIO</strong></span> <span class='ocrx_word' id='word_1_3' title='bbox 1458 299 1686 371; x_wconf 80' lang='lat' dir='ltr'><strong>SUPER</strong></span> <span class='ocrx_word' id='word_1_4' title='bbox 1722 299 2346 379; x_wconf 68' lang='lat' dir='ltr'><strong>summouentem.</strong></span> <span class='ocrx_word' id='word_1_5' title='bbox 2386 329 2456 343; x_wconf 88' lang='lat'><strong>—</strong></span> <span class='ocrx_word' id='word_1_6' title='bbox 2491 297 2747 379; x_wconf 48' lang='grc' dir='ltr'><strong>ιιβηιιι.</strong></span> 
     </span>
    </p>
   </div>
   <div class='ocr_carea' id='block_1_3' title="bbox 3397 299 3506 359">
    <p class='ocr_par' dir='ltr' id='par_1_3' title="bbox 3397 299 3506 359">
     <span class='ocr_line' id='line_1_3' title="bbox 3397 299 3506 359; baseline 0 0"><span class='ocrx_word' id='word_1_7' title='bbox 3397 299 3506 359; x_wconf 80' lang='lat'><strong>950</strong></span> 
     </span>
    </p>
   </div>
   <div class='ocr_carea' id='block_1_4' title="bbox 214 386 3508 498">
    <p class='ocr_par' dir='ltr' id='par_1_4' title="bbox 214 386 3508 498">
     <span class='ocr_line' id='line_1_4' title="bbox 214 386 3508 498; baseline 0.019 -91"><span class='ocrx_word' id='word_1_8' title='bbox 214 404 215 407; x_wconf 45' lang='grc' dir='ltr'><strong>η</strong></span> <span class='ocrx_word' id='word_1_9' title='bbox 241 424 532 498; x_wconf 70' lang='lat' dir='ltr'><strong>jocojuxta</strong></span> <span class='ocrx_word' id='word_1_10' title='bbox 570 429 809 480; x_wconf 85' lang='lat' dir='ltr'><strong>mentem</strong></span> <span class='ocrx_word' id='word_1_11' title='bbox 824 410 1073 477; x_wconf 68' lang='lat' dir='ltr'><strong>Carizim</strong></span> <span class='ocrx_word' id='word_1_12' title='bbox 1105 386 1358 475; x_wconf 79' lang='lat' dir='ltr'><strong>incedunt</strong></span> <span class='ocrx_word' id='word_1_13' title='bbox 1387 416 1454 472; x_wconf 89' lang='lat' dir='ltr'><strong>ad</strong></span> <span class='ocrx_word' id='word_1_14' title='bbox 1496 413 1817 471; x_wconf 81' lang='lat' dir='ltr'><strong>hencdieen-</strong></span> <span class='ocrx_word' id='word_1_15' title='bbox 1847 413 1895 473; x_wconf 78' lang='grc' dir='ltr'><strong>Δ</strong></span> <span class='ocrx_word' id='word_1_16' title='bbox 1919 414 2294 471; x_wconf 77' lang='lat' dir='ltr'><strong>haereticorum</strong></span> <span class='ocrx_word' id='word_1_17' title='bbox 2334 412 2459 487; x_wconf 86' lang='lat' dir='ltr'><strong>(ipsi</strong></span> <span class='ocrx_word' id='word_1_18' title='bbox 2498 422 2625 469; x_wconf 89' lang='lat' dir='ltr'><strong>sunt</strong></span> <span class='ocrx_word' id='word_1_19' title='bbox 2662 409 2901 468; x_wconf 81' lang='lat' dir='ltr'><strong>artiﬁces</strong></span> <span class='ocrx_word' id='word_1_20' title='bbox 2926 413 3189 498; x_wconf 75' lang='lat' dir='ltr'><strong>vanitatis</strong></span> <span class='ocrx_word' id='word_1_21' title='bbox 3218 396 3384 486; x_wconf 83' lang='lat' dir='ltr'><strong>atque</strong></span> <span class='ocrx_word' id='word_1_22' title='bbox 3413 429 3508 472; x_wconf 87' lang='lat' dir='ltr'><strong>su-</strong></span> 
     </span>
    </p>
   </div>
   <div class='ocr_carea' id='block_1_5' title="bbox 244 506 1815 589">
    <p class='ocr_par' dir='ltr' id='par_1_5' title="bbox 244 506 1815 589">
     <span class='ocr_line' id='line_1_5' title="bbox 244 506 1815 589; baseline -0.013 -10"><span class='ocrx_word' id='word_1_23' title='bbox 244 525 394 589; x_wconf 71' lang='lat' dir='ltr'><strong>dum,</strong></span> <span class='ocrx_word' id='word_1_24' title='bbox 417 524 514 575; x_wconf 76' lang='lat' dir='ltr'><strong>eus</strong></span> <span class='ocrx_word' id='word_1_25' title='bbox 538 507 839 589; x_wconf 75' lang='lat' dir='ltr'><strong>ﬁguraiiter</strong></span> <span class='ocrx_word' id='word_1_26' title='bbox 864 506 1135 578; x_wconf 73' lang='lat' dir='ltr'><strong>iudicant,</strong></span> <span class='ocrx_word' id='word_1_27' title='bbox 1180 512 1272 582; x_wconf 74' lang='lat' dir='ltr'><strong>qui</strong></span> <span class='ocrx_word' id='word_1_28' title='bbox 1310 514 1419 565; x_wconf 75' lang='lat' dir='ltr'><strong>non</strong></span> <span class='ocrx_word' id='word_1_29' title='bbox 1442 514 1589 562; x_wconf 89' lang='lat' dir='ltr'><strong>metu</strong></span> <span class='ocrx_word' id='word_1_30' title='bbox 1619 520 1815 577; x_wconf 73' lang='lat' dir='ltr'><strong>poenae,</strong></span> 
     </span>
    </p>
   </div>
   <div class='ocr_carea' id='block_1_6' title="bbox 241 599 1821 680">
    <p class='ocr_par' dir='ltr' id='par_1_6' title="bbox 241 599 1821 680">
     <span class='ocr_line' id='line_1_6' title="bbox 241 599 1821 680; baseline -0.012 -6"><span class='ocrx_word' id='word_1_31' title='bbox 241 612 336 674; x_wconf 72' lang='lat' dir='ltr'><strong>sed</strong></span> <span class='ocrx_word' id='word_1_32' title='bbox 359 609 599 670; x_wconf 61' lang='lat' dir='ltr'><strong>Mediis</strong></span> <span class='ocrx_word' id='word_1_33' title='bbox 642 602 1019 680; x_wconf 73' lang='lat' dir='ltr'><strong>pwmtssionis</strong></span> <span class='ocrx_word' id='word_1_34' title='bbox 1062 604 1249 660; x_wconf 74' lang='lat' dir='ltr'><strong>amore</strong></span> <span class='ocrx_word' id='word_1_35' title='bbox 1294 599 1564 666; x_wconf 87' lang='lat' dir='ltr'><strong>succensi,</strong></span> <span class='ocrx_word' id='word_1_36' title='bbox 1594 599 1821 655; x_wconf 89' lang='lat' dir='ltr'><strong>veniunt</strong></span> 
     </span>
    </p>
   </div>
   <div class='ocr_carea' id='block_1_7' title="bbox 241 688 1820 771">
    <p class='ocr_par' dir='ltr' id='par_1_7' title="bbox 241 688 1820 771">
     <span class='ocr_line' id='line_1_7' title="bbox 241 688 1820 771; baseline -0.012 -6"><span class='ocrx_word' id='word_1_37' title='bbox 241 702 310 765; x_wconf 71' lang='lat' dir='ltr'><strong>Id</strong></span> <span class='ocrx_word' id='word_1_38' title='bbox 330 704 583 762; x_wconf 71' lang='lat' dir='ltr'><strong>salutem.</strong></span> <span class='ocrx_word' id='word_1_39' title='bbox 613 699 694 756; x_wconf 78' lang='lat' dir='ltr'><strong>illi</strong></span> <span class='ocrx_word' id='word_1_40' title='bbox 719 700 849 754; x_wconf 71' lang='lat' dir='ltr'><strong>vero</strong></span> <span class='ocrx_word' id='word_1_41' title='bbox 873 688 1102 763; x_wconf 84' lang='lat' dir='ltr'><strong>dimidii,</strong></span> <span class='ocrx_word' id='word_1_42' title='bbox 1129 695 1218 766; x_wconf 89' lang='lat' dir='ltr'><strong>qui</strong></span> <span class='ocrx_word' id='word_1_43' title='bbox 1238 694 1392 765; x_wconf 80' lang='lat' dir='ltr'><strong>juxta</strong></span> <span class='ocrx_word' id='word_1_44' title='bbox 1421 698 1661 749; x_wconf 88' lang='lat' dir='ltr'><strong>montem</strong></span> <span class='ocrx_word' id='word_1_45' title='bbox 1682 690 1820 771; x_wconf 77' lang='lat' dir='ltr'><strong>Ehal</strong></span> 
     </span>
    </p>
   </div>
   <div class='ocr_carea' id='block_1_8' title="bbox 238 776 1821 865">
    <p class='ocr_par' dir='ltr' id='par_1_8' title="bbox 238 776 1821 865">
     <span class='ocr_line' id='line_1_8' title="bbox 238 776 1821 865; baseline -0.009 -7"><span class='ocrx_word' id='word_1_46' title='bbox 238 799 515 862; x_wconf 73' lang='lat' dir='ltr'><strong>incedunt,</strong></span> <span class='ocrx_word' id='word_1_47' title='bbox 546 794 602 850; x_wconf 79' lang='lat' dir='ltr'><strong>iii</strong></span> <span class='ocrx_word' id='word_1_48' title='bbox 648 799 756 865; x_wconf 78' lang='lat' dir='ltr'><strong>quo</strong></span> <span class='ocrx_word' id='word_1_49' title='bbox 789 790 1197 848; x_wconf 75' lang='lat' dir='ltr'><strong>mal’edietiohes</strong></span> <span class='ocrx_word' id='word_1_50' title='bbox 1237 784 1461 860; x_wconf 75' lang='lat' dir='ltr'><strong>prolatae</strong></span> <span class='ocrx_word' id='word_1_51' title='bbox 1505 794 1651 853; x_wconf 90' lang='lat' dir='ltr'><strong>sunt,</strong></span> <span class='ocrx_word' id='word_1_52' title='bbox 1700 776 1821 843; x_wconf 74' lang='lat' dir='ltr'><strong>illus</strong></span> 
     </span>
    </p>
   </div>
   <div class='ocr_carea' id='block_1_9' title="bbox 240 880 1818 960">
    <p class='ocr_par' dir='ltr' id='par_1_9' title="bbox 240 880 1818 960">
     <span class='ocr_line' id='line_1_9' title="bbox 240 880 1818 960; baseline -0.01 -8"><span class='ocrx_word' id='word_1_53' title='bbox 240 893 502 957; x_wconf 72' lang='lat' dir='ltr'><strong>indicant,</strong></span> <span class='ocrx_word' id='word_1_54' title='bbox 530 888 627 960; x_wconf 86' lang='lat' dir='ltr'><strong>qui</strong></span> <span class='ocrx_word' id='word_1_55' title='bbox 651 900 757 944; x_wconf 85' lang='lat' dir='ltr'><strong>non</strong></span> <span class='ocrx_word' id='word_1_56' title='bbox 787 890 973 943; x_wconf 80' lang='lat' dir='ltr'><strong>amore</strong></span> <span class='ocrx_word' id='word_1_57' title='bbox 1006 880 1444 942; x_wconf 74' lang='lat' dir='ltr'><strong>benedictionem</strong></span> <span class='ocrx_word' id='word_1_58' title='bbox 1471 881 1555 937; x_wconf 90' lang='lat' dir='ltr'><strong>vel</strong></span> <span class='ocrx_word' id='word_1_59' title='bbox 1582 881 1818 953; x_wconf 89' lang='lat' dir='ltr'><strong>promis-</strong></span> 
     </span>
    </p>
   </div>
   <div class='ocr_carea' id='block_1_10' title="bbox 239 963 1822 1051">
    <p class='ocr_par' dir='ltr' id='par_1_10' title="bbox 239 963 1822 1051">
     <span class='ocr_line' id='line_1_10' title="bbox 239 963 1822 1051; baseline -0.007 -7"><span class='ocrx_word' id='word_1_60' title='bbox 239 986 474 1051; x_wconf 75' lang='lat' dir='ltr'><strong>sionum,</strong></span> <span class='ocrx_word' id='word_1_61' title='bbox 490 984 583 1040; x_wconf 86' lang='lat' dir='ltr'><strong>sed</strong></span> <span class='ocrx_word' id='word_1_62' title='bbox 596 963 903 1038; x_wconf 69' lang='lat' dir='ltr'><strong>futurorum</strong></span> <span class='ocrx_word' id='word_1_63' title='bbox 919 976 1303 1051; x_wconf 73' lang='lat' dir='ltr'><strong>suppliciorum</strong></span> <span class='ocrx_word' id='word_1_64' title='bbox 1337 974 1530 1034; x_wconf 82' lang='lat' dir='ltr'><strong>timore</strong></span> <span class='ocrx_word' id='word_1_65' title='bbox 1552 977 1822 1048; x_wconf 89' lang='lat' dir='ltr'><strong>complent</strong></span> 
     </span>
    </p>
   </div>
   <div class='ocr_carea' id='block_1_11' title="bbox 237 1071 1816 1152">
    <p class='ocr_par' dir='ltr' id='par_1_11' title="bbox 237 1071 1816 1152">
     <span class='ocr_line' id='line_1_11' title="bbox 237 1071 1816 1152; baseline -0.005 -17"><span class='ocrx_word' id='word_1_66' title='bbox 237 1086 361 1152; x_wconf 75' lang='lat' dir='ltr'><strong>quae</strong></span> <span class='ocrx_word' id='word_1_67' title='bbox 389 1079 444 1134; x_wconf 81' lang='lat' dir='ltr'><strong>in</strong></span> <span class='ocrx_word' id='word_1_68' title='bbox 469 1077 586 1148; x_wconf 86' lang='lat' dir='ltr'><strong>lege</strong></span> <span class='ocrx_word' id='word_1_69' title='bbox 616 1076 818 1148; x_wconf 89' lang='lat' dir='ltr'><strong>scripta</strong></span> <span class='ocrx_word' id='word_1_70' title='bbox 845 1071 992 1139; x_wconf 80' lang='lat' dir='ltr'><strong>sunt,</strong></span> <span class='ocrx_word' id='word_1_71' title='bbox 1021 1082 1082 1128; x_wconf 94' lang='lat' dir='ltr'><strong>ut</strong></span> <span class='ocrx_word' id='word_1_72' title='bbox 1110 1073 1431 1145; x_wconf 90' lang='lat' dir='ltr'><strong>perveniant</strong></span> <span class='ocrx_word' id='word_1_73' title='bbox 1459 1074 1525 1128; x_wconf 87' lang='lat' dir='ltr'><strong>ad</strong></span> <span class='ocrx_word' id='word_1_74' title='bbox 1566 1073 1816 1128; x_wconf 85' lang='lat' dir='ltr'><strong>salutem.</strong></span> 
     </span>
    </p>
   </div>
   <div class='ocr_carea' id='block_1_12' title="bbox 305 1156 1822 1235">
    <p class='ocr_par' dir='ltr' id='par_1_12' title="bbox 305 1156 1822 1235">
     <span class='ocr_line' id='line_1_12' title="bbox 305 1156 1822 1235; baseline -0.007 -6"><span class='ocrx_word' id='word_1_75' title='bbox 305 1172 511 1230; x_wconf 84' lang='lat' dir='ltr'><strong>Omnes</strong></span> <span class='ocrx_word' id='word_1_76' title='bbox 522 1178 702 1226; x_wconf 91' lang='lat' dir='ltr'><strong>autem</strong></span> <span class='ocrx_word' id='word_1_77' title='bbox 715 1169 859 1225; x_wconf 90' lang='lat' dir='ltr'><strong>circa</strong></span> <span class='ocrx_word' id='word_1_78' title='bbox 875 1182 1059 1223; x_wconf 89' lang='lat' dir='ltr'><strong>arcam</strong></span> <span class='ocrx_word' id='word_1_79' title='bbox 1074 1160 1350 1230; x_wconf 89' lang='lat' dir='ltr'><strong>incedunt,</strong></span> <span class='ocrx_word' id='word_1_80' title='bbox 1369 1156 1459 1235; x_wconf 67' lang='lat' dir='ltr'><strong>qui</strong></span> <span class='ocrx_word' id='word_1_81' title='bbox 1485 1160 1552 1219; x_wconf 88' lang='lat' dir='ltr'><strong>ab</strong></span> <span class='ocrx_word' id='word_1_82' title='bbox 1569 1156 1822 1220; x_wconf 75' lang='lat' dir='ltr'><strong>Ecclesiae</strong></span> 
     </span>
    </p>
   </div>
   <div class='ocr_carea' id='block_1_13' title="bbox 239 1250 1819 1325">
    <p class='ocr_par' dir='ltr' id='par_1_13' title="bbox 239 1250 1819 1325">
     <span class='ocr_line' id='line_1_13' title="bbox 239 1250 1819 1325; baseline -0.009 -2"><span class='ocrx_word' id='word_1_83' title='bbox 239 1265 363 1325; x_wconf 78' lang='lat' dir='ltr'><strong>sinit</strong></span> <span class='ocrx_word' id='word_1_84' title='bbox 390 1272 500 1320; x_wconf 80' lang='lat' dir='ltr'><strong>no&#39;n</strong></span> <span class='ocrx_word' id='word_1_85' title='bbox 547 1261 825 1318; x_wconf 89' lang='lat' dir='ltr'><strong>recedunt.</strong></span> <span class='ocrx_word' id='word_1_86' title='bbox 871 1259 979 1316; x_wconf 88' lang='lat' dir='ltr'><strong>Sed</strong></span> <span class='ocrx_word' id='word_1_87' title='bbox 1019 1252 1314 1314; x_wconf 83' lang='lat' dir='ltr'><strong>nobiliores</strong></span> <span class='ocrx_word' id='word_1_88' title='bbox 1343 1271 1463 1312; x_wconf 88' lang='lat' dir='ltr'><strong>esse</strong></span> <span class='ocrx_word' id='word_1_89' title='bbox 1494 1252 1613 1310; x_wconf 88' lang='lat' dir='ltr'><strong>illos</strong></span> <span class='ocrx_word' id='word_1_90' title='bbox 1664 1250 1819 1309; x_wconf 83' lang='lat' dir='ltr'><strong>novi-</strong></span> 
     </span>
    </p>
   </div>
   <div class='ocr_carea' id='block_1_14' title="bbox 236 1342 1824 1426">
    <p class='ocr_par' dir='ltr' id='par_1_14' title="bbox 236 1342 1824 1426">
     <span class='ocr_line' id='line_1_14' title="bbox 236 1342 1824 1426; baseline -0.009 -13"><span class='ocrx_word' id='word_1_91' title='bbox 236 1356 362 1414; x_wconf 82' lang='lat' dir='ltr'><strong>mus</strong></span> <span class='ocrx_word' id='word_1_92' title='bbox 388 1355 500 1426; x_wconf 80' lang='lat' dir='ltr'><strong>qui,</strong></span> <span class='ocrx_word' id='word_1_93' title='bbox 540 1353 668 1410; x_wconf 84' lang='lat' dir='ltr'><strong>boni</strong></span> <span class='ocrx_word' id='word_1_94' title='bbox 702 1353 870 1424; x_wconf 79' lang='lat' dir='ltr'><strong>ipsius</strong></span> <span class='ocrx_word' id='word_1_95' title='bbox 898 1348 1193 1415; x_wconf 82' lang='lat' dir='ltr'><strong>desiderio,</strong></span> <span class='ocrx_word' id='word_1_96' title='bbox 1249 1356 1466 1403; x_wconf 63' lang='lat' dir='ltr'><strong>ueterum</strong></span> <span class='ocrx_word' id='word_1_97' title='bbox 1495 1342 1824 1401; x_wconf 88' lang='lat' dir='ltr'><strong>benedictio-</strong></span> 
     </span>
    </p>
   </div>
   <div class='ocr_carea' id='block_1_15' title="bbox 239 1428 1825 1521">
    <p class='ocr_par' dir='ltr' id='par_1_15' title="bbox 239 1428 1825 1521">
     <span class='ocr_line' id='line_1_15' title="bbox 239 1428 1825 1521; baseline -0.011 -13"><span class='ocrx_word' id='word_1_98' title='bbox 239 1450 325 1508; x_wconf 87' lang='lat' dir='ltr'><strong>nis</strong></span> <span class='ocrx_word' id='word_1_99' title='bbox 353 1452 558 1514; x_wconf 79' lang='lat' dir='ltr'><strong>amore,</strong></span> <span class='ocrx_word' id='word_1_100' title='bbox 589 1449 734 1521; x_wconf 88' lang='lat' dir='ltr'><strong>quod</strong></span> <span class='ocrx_word' id='word_1_101' title='bbox 760 1440 964 1503; x_wconf 83' lang='lat' dir='ltr'><strong>bonum</strong></span> <span class='ocrx_word' id='word_1_102' title='bbox 1001 1446 1085 1500; x_wconf 84' lang='lat' dir='ltr'><strong>est</strong></span> <span class='ocrx_word' id='word_1_103' title='bbox 1115 1449 1303 1514; x_wconf 84' lang='lat' dir='ltr'><strong>agunt,</strong></span> <span class='ocrx_word' id='word_1_104' title='bbox 1355 1434 1517 1511; x_wconf 87' lang='lat' dir='ltr'><strong>quam</strong></span> <span class='ocrx_word' id='word_1_105' title='bbox 1562 1428 1683 1492; x_wconf 80' lang='lat' dir='ltr'><strong>ilics</strong></span> <span class='ocrx_word' id='word_1_106' title='bbox 1730 1438 1825 1509; x_wconf 85' lang='lat' dir='ltr'><strong>qui</strong></span> 
     </span>
    </p>
   </div>
   <div class='ocr_carea' id='block_1_16' title="bbox 238 1529 1826 1618">
    <p class='ocr_par' dir='ltr' id='par_1_16' title="bbox 238 1529 1826 1618">
     <span class='ocr_line' id='line_1_16' title="bbox 238 1529 1826 1618; baseline -0.009 -18"><span class='ocrx_word' id='word_1_107' title='bbox 238 1552 336 1618; x_wconf 84' lang='lat' dir='ltr'><strong>pro</strong></span> <span class='ocrx_word' id='word_1_108' title='bbox 379 1542 538 1598; x_wconf 90' lang='lat' dir='ltr'><strong>malis</strong></span> <span class='ocrx_word' id='word_1_109' title='bbox 563 1543 765 1598; x_wconf 88' lang='lat' dir='ltr'><strong>bonum</strong></span> <span class='ocrx_word' id='word_1_110' title='bbox 792 1546 1093 1594; x_wconf 85' lang='lat' dir='ltr'><strong>sectantur.</strong></span> <span class='ocrx_word' id='word_1_111' title='bbox 1128 1534 1289 1591; x_wconf 88' lang='lat' dir='ltr'><strong>Solus</strong></span> <span class='ocrx_word' id='word_1_112' title='bbox 1311 1548 1441 1618; x_wconf 86' lang='lat' dir='ltr'><strong>ergo</strong></span> <span class='ocrx_word' id='word_1_113' title='bbox 1466 1529 1622 1588; x_wconf 85' lang='lat' dir='ltr'><strong>Jesus</strong></span> <span class='ocrx_word' id='word_1_114' title='bbox 1646 1538 1826 1602; x_wconf 86' lang='lat' dir='ltr'><strong>potest</strong></span> 
     </span>
    </p>
   </div>
   <div class='ocr_carea' id='block_1_17' title="bbox 240 1614 1826 1705">
    <p class='ocr_par' dir='ltr' id='par_1_17' title="bbox 240 1614 1826 1705">
     <span class='ocr_line' id='line_1_17' title="bbox 240 1614 1826 1705; baseline -0.008 -14"><span class='ocrx_word' id='word_1_115' title='bbox 240 1614 306 1691; x_wconf 75' lang='lat' dir='ltr'><strong>ex</strong></span> <span class='ocrx_word' id='word_1_116' title='bbox 352 1634 603 1691; x_wconf 85' lang='lat' dir='ltr'><strong>omnibus</strong></span> <span class='ocrx_word' id='word_1_117' title='bbox 636 1626 849 1704; x_wconf 89' lang='lat' dir='ltr'><strong>populis</strong></span> <span class='ocrx_word' id='word_1_118' title='bbox 897 1622 1206 1698; x_wconf 88' lang='lat' dir='ltr'><strong>hujusmodi</strong></span> <span class='ocrx_word' id='word_1_119' title='bbox 1253 1614 1464 1681; x_wconf 76' lang='lat' dir='ltr'><strong>mentes</strong></span> <span class='ocrx_word' id='word_1_120' title='bbox 1507 1624 1826 1705; x_wconf 88' lang='lat' dir='ltr'><strong>animosque</strong></span> 
     </span>
    </p>
   </div>
   <div class='ocr_carea' id='block_1_18' title="bbox 239 1710 1823 1799">
    <p class='ocr_par' dir='ltr' id='par_1_18' title="bbox 239 1710 1823 1799">
     <span class='ocr_line' id='line_1_18' title="bbox 239 1710 1823 1799; baseline -0.008 -18"><span class='ocrx_word' id='word_1_121' title='bbox 239 1722 591 1799; x_wconf 84' lang='lat' dir='ltr'><strong>congregare,</strong></span> <span class='ocrx_word' id='word_1_122' title='bbox 632 1722 687 1778; x_wconf 90' lang='lat' dir='ltr'><strong>et</strong></span> <span class='ocrx_word' id='word_1_123' title='bbox 738 1723 873 1777; x_wconf 87' lang='lat' dir='ltr'><strong>alios</strong></span> <span class='ocrx_word' id='word_1_124' title='bbox 931 1718 1152 1790; x_wconf 86' lang='lat' dir='ltr'><strong>quidem</strong></span> <span class='ocrx_word' id='word_1_125' title='bbox 1217 1725 1457 1773; x_wconf 83' lang='lat' dir='ltr'><strong>statuere</strong></span> <span class='ocrx_word' id='word_1_126' title='bbox 1490 1710 1543 1770; x_wconf 90' lang='lat' dir='ltr'><strong>in</strong></span> <span class='ocrx_word' id='word_1_127' title='bbox 1584 1723 1823 1769; x_wconf 89' lang='lat' dir='ltr'><strong>montem</strong></span> 
     </span>
    </p>
   </div>
   <div class='ocr_carea' id='block_1_19' title="bbox 1918 495 3505 577">
    <p class='ocr_par' dir='ltr' id='par_1_19' title="bbox 1918 495 3505 577">
     <span class='ocr_line' id='line_1_19' title="bbox 1918 495 3505 577; baseline 0.001 -17"><span class='ocrx_word' id='word_1_128' title='bbox 1918 500 2353 576; x_wconf 70' lang='lat' dir='ltr'><strong>perstiti‘dsorum</strong></span> <span class='ocrx_word' id='word_1_129' title='bbox 2401 507 2711 577; x_wconf 84' lang='lat' dir='ltr'><strong>dogmatum</strong></span> <span class='ocrx_word' id='word_1_130' title='bbox 2757 504 2852 574; x_wconf 92' lang='lat' dir='ltr'><strong>qui</strong></span> <span class='ocrx_word' id='word_1_131' title='bbox 2880 495 3129 560; x_wconf 76' lang='lat' dir='ltr'><strong>carniina</strong></span> <span class='ocrx_word' id='word_1_132' title='bbox 3157 513 3214 561; x_wconf 89' lang='lat' dir='ltr'><strong>et</strong></span> <span class='ocrx_word' id='word_1_133' title='bbox 3257 506 3505 562; x_wconf 90' lang='lat' dir='ltr'><strong>incanta-</strong></span> 
     </span>
    </p>
   </div>
   <div class='ocr_carea' id='block_1_20' title="bbox 1920 588 3507 669">
    <p class='ocr_par' dir='ltr' id='par_1_20' title="bbox 1920 588 3507 669">
     <span class='ocr_line' id='line_1_20' title="bbox 1920 588 3507 669; baseline 0.003 -20"><span class='ocrx_word' id='word_1_134' title='bbox 1920 595 2097 650; x_wconf 80' lang='lat' dir='ltr'><strong>tiones</strong></span> <span class='ocrx_word' id='word_1_135' title='bbox 2140 594 2325 669; x_wconf 80' lang='lat' dir='ltr'><strong>agunt)</strong></span> <span class='ocrx_word' id='word_1_136' title='bbox 2354 588 2657 651; x_wconf 78' lang='lat' dir='ltr'><strong>abdicatur.</strong></span> <span class='ocrx_word' id='word_1_137' title='bbox 2700 590 3024 666; x_wconf 82' lang='lat' dir='ltr'><strong>Quicunque</strong></span> <span class='ocrx_word' id='word_1_138' title='bbox 3058 595 3207 652; x_wconf 86' lang='lat' dir='ltr'><strong>enim</strong></span> <span class='ocrx_word' id='word_1_139' title='bbox 3257 612 3507 656; x_wconf 90' lang='lat' dir='ltr'><strong>errorem</strong></span> 
     </span>
    </p>
   </div>
   <div class='ocr_carea' id='block_1_21' title="bbox 1917 680 3507 763">
    <p class='ocr_par' dir='ltr' id='par_1_21' title="bbox 1917 680 3507 763">
     <span class='ocr_line' id='line_1_21' title="bbox 1917 680 3507 763; baseline 0.003 -20"><span class='ocrx_word' id='word_1_140' title='bbox 1917 702 2019 759; x_wconf 89' lang='lat' dir='ltr'><strong>pro</strong></span> <span class='ocrx_word' id='word_1_141' title='bbox 2055 680 2286 743; x_wconf 79' lang='lat' dir='ltr'><strong>veritate</strong></span> <span class='ocrx_word' id='word_1_142' title='bbox 2316 686 2372 742; x_wconf 89' lang='lat' dir='ltr'><strong>in</strong></span> <span class='ocrx_word' id='word_1_143' title='bbox 2414 683 2626 742; x_wconf 82' lang='lat' dir='ltr'><strong>occulto</strong></span> <span class='ocrx_word' id='word_1_144' title='bbox 2675 682 2773 743; x_wconf 78' lang='lat' dir='ltr'><strong>seu</strong></span> <span class='ocrx_word' id='word_1_145' title='bbox 2811 685 2869 742; x_wconf 88' lang='lat' dir='ltr'><strong>in</strong></span> <span class='ocrx_word' id='word_1_146' title='bbox 2900 682 3191 746; x_wconf 77' lang='lat' dir='ltr'><strong>manifesto</strong></span> <span class='ocrx_word' id='word_1_147' title='bbox 3238 691 3507 763; x_wconf 76' lang='lat' dir='ltr'><strong>sequitur,</strong></span> 
     </span>
    </p>
   </div>
   <div class='ocr_carea' id='block_1_22' title="bbox 1918 774 3513 855">
    <p class='ocr_par' dir='ltr' id='par_1_22' title="bbox 1918 774 3513 855">
     <span class='ocr_line' id='line_1_22' title="bbox 1918 774 3513 855; baseline 0.004 -19"><span class='ocrx_word' id='word_1_148' title='bbox 1918 779 2162 852; x_wconf 78' lang='lat' dir='ltr'><strong>prefecto</strong></span> <span class='ocrx_word' id='word_1_149' title='bbox 2205 776 2473 836; x_wconf 79' lang='lat' dir='ltr'><strong>idolorum</strong></span> <span class='ocrx_word' id='word_1_150' title='bbox 2501 780 2677 836; x_wconf 86' lang='lat' dir='ltr'><strong>cultor</strong></span> <span class='ocrx_word' id='word_1_151' title='bbox 2704 774 3045 855; x_wconf 80' lang='lat' dir='ltr'><strong>designatur,</strong></span> <span class='ocrx_word' id='word_1_152' title='bbox 3078 792 3191 839; x_wconf 90' lang='lat' dir='ltr'><strong>tam</strong></span> <span class='ocrx_word' id='word_1_153' title='bbox 3223 782 3290 840; x_wconf 90' lang='lat' dir='ltr'><strong>de</strong></span> <span class='ocrx_word' id='word_1_154' title='bbox 3318 785 3513 844; x_wconf 87' lang='lat' dir='ltr'><strong>ordine</strong></span> 
     </span>
    </p>
   </div>
   <div class='ocr_carea' id='block_1_23' title="bbox 1919 866 3513 950">
    <p class='ocr_par' dir='ltr' id='par_1_23' title="bbox 1919 866 3513 950">
     <span class='ocr_line' id='line_1_23' title="bbox 1919 866 3513 950; baseline 0.003 -19"><span class='ocrx_word' id='word_1_155' title='bbox 1919 878 2286 948; x_wconf 63' lang='lat' dir='ltr'><strong>praelatorum,</strong></span> <span class='ocrx_word' id='word_1_156' title='bbox 2331 891 2495 947; x_wconf 91' lang='lat' dir='ltr'><strong>quam</strong></span> <span class='ocrx_word' id='word_1_157' title='bbox 2545 872 2711 932; x_wconf 90' lang='lat' dir='ltr'><strong>etiam</strong></span> <span class='ocrx_word' id='word_1_158' title='bbox 2751 866 3113 935; x_wconf 79' lang='lat' dir='ltr'><strong>subditorum.</strong></span> <span class='ocrx_word' id='word_1_159' title='bbox 3149 878 3288 950; x_wconf 87' lang='lat' dir='ltr'><strong>Quia</strong></span> <span class='ocrx_word' id='word_1_160' title='bbox 3321 893 3513 936; x_wconf 91' lang='lat' dir='ltr'><strong>omnes</strong></span> 
     </span>
    </p>
   </div>
   <div class='ocr_carea' id='block_1_24' title="bbox 1920 968 3511 1049">
    <p class='ocr_par' dir='ltr' id='par_1_24' title="bbox 1920 968 3511 1049">
     <span class='ocr_line' id='line_1_24' title="bbox 1920 968 3511 1049; baseline 0.002 -23"><span class='ocrx_word' id='word_1_161' title='bbox 1920 968 2129 1044; x_wconf 90' lang='lat' dir='ltr'><strong>pariter</strong></span> <span class='ocrx_word' id='word_1_162' title='bbox 2178 980 2233 1026; x_wconf 92' lang='lat' dir='ltr'><strong>et</strong></span> <span class='ocrx_word' id='word_1_163' title='bbox 2281 971 2424 1026; x_wconf 91' lang='lat' dir='ltr'><strong>bona</strong></span> <span class='ocrx_word' id='word_1_164' title='bbox 2464 970 2690 1027; x_wconf 89' lang='lat' dir='ltr'><strong>laudare</strong></span> <span class='ocrx_word' id='word_1_165' title='bbox 2726 980 2781 1027; x_wconf 93' lang='lat' dir='ltr'><strong>et</strong></span> <span class='ocrx_word' id='word_1_166' title='bbox 2810 972 2951 1028; x_wconf 92' lang='lat' dir='ltr'><strong>mala</strong></span> <span class='ocrx_word' id='word_1_167' title='bbox 2982 973 3242 1030; x_wconf 90' lang='lat' dir='ltr'><strong>detestari</strong></span> <span class='ocrx_word' id='word_1_168' title='bbox 3270 980 3511 1049; x_wconf 87' lang='lat' dir='ltr'><strong>oportet.</strong></span> 
     </span>
    </p>
   </div>
   <div class='ocr_carea' id='block_1_25' title="bbox 1929 1062 3518 1138">
    <p class='ocr_par' dir='ltr' id='par_1_25' title="bbox 1929 1062 3518 1138">
     <span class='ocr_line' id='line_1_25' title="bbox 1929 1062 3518 1138; baseline 0.003 -22"><span class='ocrx_word' id='word_1_169' title='bbox 1929 1083 1949 1116; x_wconf 75' lang='grc' dir='ltr'><strong>ι</strong></span> <span class='ocrx_word' id='word_1_170' title='bbox 1988 1062 2299 1119; x_wconf 84' lang='lat' dir='ltr'><strong>Maledictus</strong></span> <span class='ocrx_word' id='word_1_171' title='bbox 2349 1063 2443 1135; x_wconf 91' lang='lat' dir='ltr'><strong>qui</strong></span> <span class='ocrx_word' id='word_1_172' title='bbox 2486 1079 2596 1123; x_wconf 83' lang='lat' dir='ltr'><strong>non</strong></span> <span class='ocrx_word' id='word_1_173' title='bbox 2640 1065 2875 1120; x_wconf 87' lang='lat' dir='ltr'><strong>honorat</strong></span> <span class='ocrx_word' id='word_1_174' title='bbox 2923 1075 3135 1138; x_wconf 84' lang='lat' dir='ltr'><strong>patrem</strong></span> <span class='ocrx_word' id='word_1_175' title='bbox 3175 1084 3357 1135; x_wconf 90' lang='lat' dir='ltr'><strong>suum,</strong></span> <span class='ocrx_word' id='word_1_176' title='bbox 3405 1088 3425 1121; x_wconf 77' lang='grc' dir='ltr'><strong>ι</strong></span> <span class='ocrx_word' id='word_1_177' title='bbox 3459 1076 3518 1129; x_wconf 85' lang='lat' dir='ltr'><strong>et</strong></span> 
     </span>
    </p>
   </div>
   <div class='ocr_carea' id='block_1_26' title="bbox 1922 1142 3517 1229">
    <p class='ocr_par' dir='ltr' id='par_1_26' title="bbox 1922 1142 3517 1229">
     <span class='ocr_line' id='line_1_26' title="bbox 1922 1142 3517 1229; baseline 0.003 -20"><span class='ocrx_word' id='word_1_178' title='bbox 1922 1152 2150 1227; x_wconf 87' lang='lat' dir='ltr'><strong>reliqua.</strong></span> <span class='ocrx_word' id='word_1_179' title='bbox 2185 1152 2452 1210; x_wconf 81' lang='lat' dir='ltr'><strong>Convenit</strong></span> <span class='ocrx_word' id='word_1_180' title='bbox 2480 1169 2611 1228; x_wconf 88' lang='lat' dir='ltr'><strong>ergo</strong></span> <span class='ocrx_word' id='word_1_181' title='bbox 2655 1142 2947 1227; x_wconf 83' lang='lat' dir='ltr'><strong>unicuique</strong></span> <span class='ocrx_word' id='word_1_182' title='bbox 2974 1167 3191 1229; x_wconf 89' lang='lat' dir='ltr'><strong>patrem</strong></span> <span class='ocrx_word' id='word_1_183' title='bbox 3227 1174 3386 1214; x_wconf 90' lang='lat' dir='ltr'><strong>suum</strong></span> <span class='ocrx_word' id='word_1_184' title='bbox 3411 1166 3517 1217; x_wconf 85' lang='lat' dir='ltr'><strong>ter-</strong></span> 
     </span>
    </p>
   </div>
   <div class='ocr_carea' id='block_1_27' title="bbox 1924 1232 3519 1325">
    <p class='ocr_par' dir='ltr' id='par_1_27' title="bbox 1924 1232 3519 1325">
     <span class='ocr_line' id='line_1_27' title="bbox 1924 1232 3519 1325; baseline 0.003 -21"><span class='ocrx_word' id='word_1_185' title='bbox 1924 1262 2118 1304; x_wconf 90' lang='lat' dir='ltr'><strong>renum</strong></span> <span class='ocrx_word' id='word_1_186' title='bbox 2170 1256 2225 1304; x_wconf 92' lang='lat' dir='ltr'><strong>et</strong></span> <span class='ocrx_word' id='word_1_187' title='bbox 2273 1238 2503 1303; x_wconf 84' lang='lat' dir='ltr'><strong>matrem</strong></span> <span class='ocrx_word' id='word_1_188' title='bbox 2545 1250 2816 1304; x_wconf 89' lang='lat' dir='ltr'><strong>venerari.</strong></span> <span class='ocrx_word' id='word_1_189' title='bbox 2861 1246 2969 1305; x_wconf 89' lang='lat' dir='ltr'><strong>Sed</strong></span> <span class='ocrx_word' id='word_1_190' title='bbox 2994 1252 3165 1308; x_wconf 90' lang='lat' dir='ltr'><strong>multo</strong></span> <span class='ocrx_word' id='word_1_191' title='bbox 3185 1251 3361 1325; x_wconf 89' lang='lat' dir='ltr'><strong>magis</strong></span> <span class='ocrx_word' id='word_1_192' title='bbox 3392 1232 3519 1309; x_wconf 85' lang='lat' dir='ltr'><strong>uni-</strong></span> 
     </span>
    </p>
   </div>
   <div class='ocr_carea' id='block_1_28' title="bbox 1923 1338 3518 1402">
    <p class='ocr_par' dir='ltr' id='par_1_28' title="bbox 1923 1338 3518 1402">
     <span class='ocr_line' id='line_1_28' title="bbox 1923 1338 3518 1402; baseline 0.004 -7"><span class='ocrx_word' id='word_1_193' title='bbox 1923 1355 2206 1395; x_wconf 89' lang='lat' dir='ltr'><strong>versorum</strong></span> <span class='ocrx_word' id='word_1_194' title='bbox 2257 1338 2474 1395; x_wconf 87' lang='lat' dir='ltr'><strong>Patrem</strong></span> <span class='ocrx_word' id='word_1_195' title='bbox 2500 1339 2668 1395; x_wconf 90' lang='lat' dir='ltr'><strong>Deum</strong></span> <span class='ocrx_word' id='word_1_196' title='bbox 2698 1349 2753 1396; x_wconf 88' lang='lat' dir='ltr'><strong>et</strong></span> <span class='ocrx_word' id='word_1_197' title='bbox 2782 1348 3011 1396; x_wconf 85' lang='lat' dir='ltr'><strong>matrem</strong></span> <span class='ocrx_word' id='word_1_198' title='bbox 3034 1341 3336 1401; x_wconf 89' lang='lat' dir='ltr'><strong>Ecclesiam</strong></span> <span class='ocrx_word' id='word_1_199' title='bbox 3362 1345 3518 1402; x_wconf 90' lang='lat' dir='ltr'><strong>omni</strong></span> 
     </span>
    </p>
   </div>
   <div class='ocr_carea' id='block_1_29' title="bbox 1926 1433 3518 1505">
    <p class='ocr_par' dir='ltr' id='par_1_29' title="bbox 1926 1433 3518 1505">
     <span class='ocr_line' id='line_1_29' title="bbox 1926 1433 3518 1505; baseline 0.003 -16"><span class='ocrx_word' id='word_1_200' title='bbox 1926 1433 2277 1489; x_wconf 79' lang='lat' dir='ltr'><strong>veneratione</strong></span> <span class='ocrx_word' id='word_1_201' title='bbox 2306 1448 2368 1488; x_wconf 88' lang='lat' dir='ltr'><strong>ac</strong></span> <span class='ocrx_word' id='word_1_202' title='bbox 2399 1433 2754 1505; x_wconf 85' lang='lat' dir='ltr'><strong>religiositate</strong></span> <span class='ocrx_word' id='word_1_203' title='bbox 2801 1433 2868 1488; x_wconf 91' lang='lat' dir='ltr'><strong>ab</strong></span> <span class='ocrx_word' id='word_1_204' title='bbox 2901 1434 3169 1491; x_wconf 87' lang='lat' dir='ltr'><strong>universis</strong></span> <span class='ocrx_word' id='word_1_205' title='bbox 3224 1436 3379 1492; x_wconf 88' lang='lat' dir='ltr'><strong>decet</strong></span> <span class='ocrx_word' id='word_1_206' title='bbox 3409 1435 3518 1493; x_wconf 89' lang='lat' dir='ltr'><strong>coli</strong></span> 
     </span>
    </p>
   </div>
   <div class='ocr_carea' id='block_1_30' title="bbox 1928 1524 3521 1597">
    <p class='ocr_par' dir='ltr' id='par_1_30' title="bbox 1928 1524 3521 1597">
     <span class='ocr_line' id='line_1_30' title="bbox 1928 1524 3521 1597; baseline 0.003 -18"><span class='ocrx_word' id='word_1_207' title='bbox 1928 1535 2092 1597; x_wconf 89' lang='lat' dir='ltr'><strong>atque</strong></span> <span class='ocrx_word' id='word_1_208' title='bbox 2132 1524 2386 1579; x_wconf 89' lang='lat' dir='ltr'><strong>honorari</strong></span> <span class='ocrx_word' id='word_1_209' title='bbox 2413 1541 2426 1577; x_wconf 89' lang='lat'><strong>:</strong></span> <span class='ocrx_word' id='word_1_210' title='bbox 2460 1524 2552 1579; x_wconf 92' lang='lat' dir='ltr'><strong>ubi</strong></span> <span class='ocrx_word' id='word_1_211' title='bbox 2585 1532 2640 1579; x_wconf 90' lang='lat' dir='ltr'><strong>et</strong></span> <span class='ocrx_word' id='word_1_212' title='bbox 2668 1524 3058 1594; x_wconf 87' lang='lat' dir='ltr'><strong>magistrorum</strong></span> <span class='ocrx_word' id='word_1_213' title='bbox 3085 1524 3412 1595; x_wconf 87' lang='lat' dir='ltr'><strong>spiritalium</strong></span> <span class='ocrx_word' id='word_1_214' title='bbox 3434 1540 3521 1583; x_wconf 85' lang='lat' dir='ltr'><strong>re-</strong></span> 
     </span>
    </p>
   </div>
   <div class='ocr_carea' id='block_1_31' title="bbox 1928 1614 3523 1687">
    <p class='ocr_par' dir='ltr' id='par_1_31' title="bbox 1928 1614 3523 1687">
     <span class='ocr_line' id='line_1_31' title="bbox 1928 1614 3523 1687; baseline 0.003 -17"><span class='ocrx_word' id='word_1_215' title='bbox 1928 1615 2174 1671; x_wconf 87' lang='lat' dir='ltr'><strong>verentia</strong></span> <span class='ocrx_word' id='word_1_216' title='bbox 2204 1615 2411 1687; x_wconf 87' lang='lat' dir='ltr'><strong>pariter</strong></span> <span class='ocrx_word' id='word_1_217' title='bbox 2458 1615 2961 1687; x_wconf 84' lang='lat' dir='ltr'><strong>comprehenditur,</strong></span> <span class='ocrx_word' id='word_1_218' title='bbox 3000 1615 3127 1686; x_wconf 89' lang='lat' dir='ltr'><strong>quia</strong></span> <span class='ocrx_word' id='word_1_219' title='bbox 3153 1614 3417 1673; x_wconf 87' lang='lat' dir='ltr'><strong>Dominus</strong></span> <span class='ocrx_word' id='word_1_220' title='bbox 3442 1614 3523 1673; x_wconf 86' lang='lat' dir='ltr'><strong>di—</strong></span> 
     </span>
    </p>
   </div>
   <div class='ocr_carea' id='block_1_32' title="bbox 1930 1704 3520 1778">
    <p class='ocr_par' dir='ltr' id='par_1_32' title="bbox 1930 1704 3520 1778">
     <span class='ocr_line' id='line_1_32' title="bbox 1930 1704 3520 1778; baseline 0.001 -17"><span class='ocrx_word' id='word_1_221' title='bbox 1930 1706 2151 1778; x_wconf 89' lang='lat' dir='ltr'><strong>scipulis</strong></span> <span class='ocrx_word' id='word_1_222' title='bbox 2199 1708 2311 1762; x_wconf 89' lang='lat' dir='ltr'><strong>suis</strong></span> <span class='ocrx_word' id='word_1_223' title='bbox 2350 1707 2426 1761; x_wconf 89' lang='lat' dir='ltr'><strong>ait</strong></span> <span class='ocrx_word' id='word_1_224' title='bbox 2458 1724 2471 1761; x_wconf 87' lang='lat'><strong>:</strong></span> <span class='ocrx_word' id='word_1_225' title='bbox 2507 1727 2526 1760; x_wconf 85' lang='grc'><em>‹</em></span> <span class='ocrx_word' id='word_1_226' title='bbox 2565 1704 2666 1774; x_wconf 88' lang='lat' dir='ltr'><strong>Qui</strong></span> <span class='ocrx_word' id='word_1_227' title='bbox 2691 1722 2789 1762; x_wconf 85' lang='lat' dir='ltr'><strong>vos</strong></span> <span class='ocrx_word' id='word_1_228' title='bbox 2816 1707 3075 1775; x_wconf 86' lang='lat' dir='ltr'><strong>honorat,</strong></span> <span class='ocrx_word' id='word_1_229' title='bbox 3111 1722 3199 1763; x_wconf 87' lang='lat' dir='ltr'><strong>me</strong></span> <span class='ocrx_word' id='word_1_230' title='bbox 3250 1704 3520 1776; x_wconf 85' lang='lat' dir='ltr'><strong>honorat;</strong></span> 
     </span>
    </p>
   </div>
   <div class='ocr_carea' id='block_1_33' title="bbox 239 1797 3522 1876">
    <p class='ocr_par' dir='ltr' id='par_1_33' title="bbox 239 1797 3522 1876">
     <span class='ocr_line' id='line_1_33' title="bbox 239 1797 3522 1876; baseline -0.006 -1"><span class='ocrx_word' id='word_1_231' title='bbox 239 1797 477 1875; x_wconf 79' lang='lat' dir='ltr'><strong>Garizini</strong></span> <span class='ocrx_word' id='word_1_232' title='bbox 536 1814 603 1872; x_wconf 91' lang='lat' dir='ltr'><strong>ad</strong></span> <span class='ocrx_word' id='word_1_233' title='bbox 630 1812 1101 1876; x_wconf 84' lang='lat' dir='ltr'><strong>benedicendum;</strong></span> <span class='ocrx_word' id='word_1_234' title='bbox 1159 1808 1294 1866; x_wconf 91' lang='lat' dir='ltr'><strong>alios</strong></span> <span class='ocrx_word' id='word_1_235' title='bbox 1322 1825 1453 1864; x_wconf 88' lang='lat' dir='ltr'><strong>vero</strong></span> <span class='ocrx_word' id='word_1_236' title='bbox 1490 1807 1549 1862; x_wconf 89' lang='lat' dir='ltr'><strong>in</strong></span> <span class='ocrx_word' id='word_1_237' title='bbox 1585 1817 1829 1867; x_wconf 87' lang='lat' dir='ltr'><strong>montem</strong></span> <span class='ocrx_word' id='word_1_238' title='bbox 1851 1801 1903 1873; x_wconf 85' lang='lat' dir='ltr'><strong>B</strong></span> <span class='ocrx_word' id='word_1_239' title='bbox 1930 1808 1985 1855; x_wconf 89' lang='lat' dir='ltr'><strong>et</strong></span> <span class='ocrx_word' id='word_1_240' title='bbox 2032 1799 2124 1870; x_wconf 91' lang='lat' dir='ltr'><strong>qui</strong></span> <span class='ocrx_word' id='word_1_241' title='bbox 2172 1815 2269 1855; x_wconf 91' lang='lat' dir='ltr'><strong>vos</strong></span> <span class='ocrx_word' id='word_1_242' title='bbox 2300 1800 2527 1871; x_wconf 79' lang='lat' dir='ltr'><strong>Spernit,</strong></span> <span class='ocrx_word' id='word_1_243' title='bbox 2580 1814 2669 1855; x_wconf 90' lang='lat' dir='ltr'><strong>me</strong></span> <span class='ocrx_word' id='word_1_244' title='bbox 2702 1800 2930 1872; x_wconf 90' lang='lat' dir='ltr'><strong>spernit.</strong></span> <span class='ocrx_word' id='word_1_245' title='bbox 2988 1818 3007 1852; x_wconf 75' lang='grc' dir='ltr'><strong>ι</strong></span> <span class='ocrx_word' id='word_1_246' title='bbox 3056 1797 3395 1867; x_wconf 86' lang='lat' dir='ltr'><strong>Maledictus,</strong></span> <span class='ocrx_word' id='word_1_247' title='bbox 3427 1800 3522 1871; x_wconf 87' lang='lat' dir='ltr'><strong>qui</strong></span> 
     </span>
    </p>
   </div>
   <div class='ocr_carea' id='block_1_34' title="bbox 236 1896 1828 1970">
    <p class='ocr_par' dir='ltr' id='par_1_34' title="bbox 236 1896 1828 1970">
     <span class='ocr_line' id='line_1_34' title="bbox 236 1896 1828 1970; baseline -0.011 0"><span class='ocrx_word' id='word_1_248' title='bbox 236 1906 375 1970; x_wconf 81' lang='lat' dir='ltr'><strong>Ebal</strong></span> <span class='ocrx_word' id='word_1_249' title='bbox 425 1904 666 1967; x_wconf 71' lang='lat' dir='ltr'><strong>statuere</strong></span> <span class='ocrx_word' id='word_1_250' title='bbox 722 1908 789 1962; x_wconf 87' lang='lat' dir='ltr'><strong>ad</strong></span> <span class='ocrx_word' id='word_1_251' title='bbox 841 1900 1272 1961; x_wconf 86' lang='lat' dir='ltr'><strong>maledictionem</strong></span> <span class='ocrx_word' id='word_1_252' title='bbox 1306 1898 1320 1957; x_wconf 74' lang='grc' dir='ltr'><strong>ὲ</strong></span> <span class='ocrx_word' id='word_1_253' title='bbox 1353 1916 1459 1957; x_wconf 89' lang='lat' dir='ltr'><strong>non</strong></span> <span class='ocrx_word' id='word_1_254' title='bbox 1496 1907 1557 1955; x_wconf 89' lang='lat' dir='ltr'><strong>ut</strong></span> <span class='ocrx_word' id='word_1_255' title='bbox 1605 1896 1828 1956; x_wconf 89' lang='lat' dir='ltr'><strong>maledi-</strong></span> 
     </span>
    </p>
   </div>
   <div class='ocr_carea' id='block_1_35' title="bbox 240 1993 1829 2073">
    <p class='ocr_par' dir='ltr' id='par_1_35' title="bbox 240 1993 1829 2073">
     <span class='ocr_line' id='line_1_35' title="bbox 240 1993 1829 2073; baseline -0.009 -11"><span class='ocrx_word' id='word_1_256' title='bbox 240 2004 455 2062; x_wconf 70' lang='lat' dir='ltr'><strong>‘ctiones</strong></span> <span class='ocrx_word' id='word_1_257' title='bbox 504 1993 799 2073; x_wconf 88' lang='lat' dir='ltr'><strong>accipiant,</strong></span> <span class='ocrx_word' id='word_1_258' title='bbox 840 1996 934 2054; x_wconf 91' lang='lat' dir='ltr'><strong>sed</strong></span> <span class='ocrx_word' id='word_1_259' title='bbox 971 2003 1052 2063; x_wconf 89' lang='lat' dir='ltr'><strong>ut,</strong></span> <span class='ocrx_word' id='word_1_260' title='bbox 1102 2002 1426 2059; x_wconf 85' lang='lat' dir='ltr'><strong>metuentes,</strong></span> <span class='ocrx_word' id='word_1_261' title='bbox 1480 1993 1829 2068; x_wconf 59' lang='lat' dir='ltr'><strong>praescriptas</strong></span> 
     </span>
    </p>
   </div>
   <div class='ocr_carea' id='block_1_36' title="bbox 238 2086 1830 2164">
    <p class='ocr_par' dir='ltr' id='par_1_36' title="bbox 238 2086 1830 2164">
     <span class='ocr_line' id='line_1_36' title="bbox 238 2086 1830 2164; baseline -0.009 -10"><span class='ocrx_word' id='word_1_262' title='bbox 238 2092 651 2155; x_wconf 83' lang='lat' dir='ltr'><strong>maledictiones</strong></span> <span class='ocrx_word' id='word_1_263' title='bbox 681 2103 735 2150; x_wconf 92' lang='lat' dir='ltr'><strong>et</strong></span> <span class='ocrx_word' id='word_1_264' title='bbox 764 2098 951 2164; x_wconf 71' lang='lat' dir='ltr'><strong>poenas</strong></span> <span class='ocrx_word' id='word_1_265' title='bbox 980 2089 1355 2163; x_wconf 90' lang='lat' dir='ltr'><strong>peccatoribus</strong></span> <span class='ocrx_word' id='word_1_266' title='bbox 1385 2087 1708 2143; x_wconf 90' lang='lat' dir='ltr'><strong>constitutas</strong></span> <span class='ocrx_word' id='word_1_267' title='bbox 1742 2086 1830 2141; x_wconf 89' lang='lat' dir='ltr'><strong>in-</strong></span> 
     </span>
    </p>
   </div>
   <div class='ocr_carea' id='block_1_37' title="bbox 241 2176 1830 2261">
    <p class='ocr_par' dir='ltr' id='par_1_37' title="bbox 241 2176 1830 2261">
     <span class='ocr_line' id='line_1_37' title="bbox 241 2176 1830 2261; baseline -0.006 -15"><span class='ocrx_word' id='word_1_268' title='bbox 241 2204 469 2247; x_wconf 89' lang='lat' dir='ltr'><strong>currere</strong></span> <span class='ocrx_word' id='word_1_269' title='bbox 517 2178 764 2252; x_wconf 77' lang='lat' dir='ltr'><strong>eaveant,</strong></span> <span class='ocrx_word' id='word_1_270' title='bbox 820 2194 885 2240; x_wconf 82' lang='lat' dir='ltr'><strong>ac</strong></span> <span class='ocrx_word' id='word_1_271' title='bbox 946 2183 1269 2254; x_wconf 90' lang='lat' dir='ltr'><strong>semetipsos</strong></span> <span class='ocrx_word' id='word_1_272' title='bbox 1300 2176 1513 2261; x_wconf 82' lang='lat' dir='ltr'><strong>timoris</strong></span> <span class='ocrx_word' id='word_1_273' title='bbox 1565 2178 1830 2251; x_wconf 80' lang='lat' dir='ltr'><strong>supplicio</strong></span> 
     </span>
    </p>
   </div>
   <div class='ocr_carea' id='block_1_38' title="bbox 237 2272 1832 2352">
    <p class='ocr_par' dir='ltr' id='par_1_38' title="bbox 237 2272 1832 2352">
     <span class='ocr_line' id='line_1_38' title="bbox 237 2272 1832 2352; baseline -0.006 -17"><span class='ocrx_word' id='word_1_274' title='bbox 237 2282 539 2352; x_wconf 78' lang='lat' dir='ltr'><strong>corrigunt,</strong></span> <span class='ocrx_word' id='word_1_275' title='bbox 599 2297 617 2329; x_wconf 77' lang='grc' dir='ltr'><strong>ι</strong></span> <span class='ocrx_word' id='word_1_276' title='bbox 678 2278 747 2332; x_wconf 90' lang='lat' dir='ltr'><strong>Et</strong></span> <span class='ocrx_word' id='word_1_277' title='bbox 771 2276 1218 2351; x_wconf 85' lang='lat' dir='ltr'><strong>pronuntiabunt,</strong></span> <span class='ocrx_word' id='word_1_278' title='bbox 1264 2273 1457 2343; x_wconf 88' lang='lat' dir='ltr'><strong>inquit,</strong></span> <span class='ocrx_word' id='word_1_279' title='bbox 1492 2272 1715 2338; x_wconf 65' lang='lat' dir='ltr'><strong>Levitte,</strong></span> <span class='ocrx_word' id='word_1_280' title='bbox 1751 2272 1832 2327; x_wconf 90' lang='lat' dir='ltr'><strong>di-</strong></span> 
     </span>
    </p>
   </div>
   <div class='ocr_carea' id='block_1_39' title="bbox 236 2362 1832 2440">
    <p class='ocr_par' dir='ltr' id='par_1_39' title="bbox 236 2362 1832 2440">
     <span class='ocr_line' id='line_1_39' title="bbox 236 2362 1832 2440; baseline -0.004 -14"><span class='ocrx_word' id='word_1_281' title='bbox 236 2376 473 2440; x_wconf 88' lang='lat' dir='ltr'><strong>centque</strong></span> <span class='ocrx_word' id='word_1_282' title='bbox 502 2364 570 2423; x_wconf 90' lang='lat' dir='ltr'><strong>ad</strong></span> <span class='ocrx_word' id='word_1_283' title='bbox 597 2384 787 2423; x_wconf 90' lang='lat' dir='ltr'><strong>omnes</strong></span> <span class='ocrx_word' id='word_1_284' title='bbox 814 2365 962 2421; x_wconf 87' lang='lat' dir='ltr'><strong>viros</strong></span> <span class='ocrx_word' id='word_1_285' title='bbox 989 2364 1177 2435; x_wconf 88' lang='lat' dir='ltr'><strong>Israel,</strong></span> <span class='ocrx_word' id='word_1_286' title='bbox 1205 2364 1421 2420; x_wconf 78' lang='lat' dir='ltr'><strong>excelsa</strong></span> <span class='ocrx_word' id='word_1_287' title='bbox 1446 2379 1603 2419; x_wconf 92' lang='lat' dir='ltr'><strong>voce.</strong></span> <span class='ocrx_word' id='word_1_288' title='bbox 1642 2384 1661 2417; x_wconf 84' lang='grc'><strong>›</strong></span> <span class='ocrx_word' id='word_1_289' title='bbox 1689 2362 1832 2432; x_wconf 83' lang='lat' dir='ltr'><strong>Quid</strong></span> 
     </span>
    </p>
   </div>
   <div class='ocr_carea' id='block_1_40' title="bbox 237 2450 1832 2534">
    <p class='ocr_par' dir='ltr' id='par_1_40' title="bbox 237 2450 1832 2534">
     <span class='ocr_line' id='line_1_40' title="bbox 237 2450 1832 2534; baseline -0.003 -15"><span class='ocrx_word' id='word_1_290' title='bbox 237 2471 324 2519; x_wconf 90' lang='lat' dir='ltr'><strong>est</strong></span> <span class='ocrx_word' id='word_1_291' title='bbox 376 2460 521 2534; x_wconf 89' lang='lat' dir='ltr'><strong>quod</strong></span> <span class='ocrx_word' id='word_1_292' title='bbox 583 2459 785 2516; x_wconf 83' lang='lat' dir='ltr'><strong>Levitis</strong></span> <span class='ocrx_word' id='word_1_293' title='bbox 830 2450 1091 2533; x_wconf 79' lang='lat' dir='ltr'><strong>praecepit</strong></span> <span class='ocrx_word' id='word_1_294' title='bbox 1132 2465 1195 2514; x_wconf 89' lang='lat' dir='ltr'><strong>ut</strong></span> <span class='ocrx_word' id='word_1_295' title='bbox 1235 2458 1303 2512; x_wconf 91' lang='lat' dir='ltr'><strong>ad</strong></span> <span class='ocrx_word' id='word_1_296' title='bbox 1354 2458 1503 2513; x_wconf 91' lang='lat' dir='ltr'><strong>viros</strong></span> <span class='ocrx_word' id='word_1_297' title='bbox 1555 2456 1720 2512; x_wconf 87' lang='lat' dir='ltr'><strong>Israel</strong></span> <span class='ocrx_word' id='word_1_298' title='bbox 1754 2456 1832 2515; x_wconf 87' lang='lat' dir='ltr'><strong>lo-</strong></span> 
     </span>
    </p>
   </div>
   <div class='ocr_carea' id='block_1_41' title="bbox 237 2550 1830 2631">
    <p class='ocr_par' dir='ltr' id='par_1_41' title="bbox 237 2550 1830 2631">
     <span class='ocr_line' id='line_1_41' title="bbox 237 2550 1830 2631; baseline 0 -22"><span class='ocrx_word' id='word_1_299' title='bbox 237 2564 482 2629; x_wconf 88' lang='lat' dir='ltr'><strong>quantur</strong></span> <span class='ocrx_word' id='word_1_300' title='bbox 526 2554 741 2625; x_wconf 77' lang='lat' dir='ltr'><strong>excelsa</strong></span> <span class='ocrx_word' id='word_1_301' title='bbox 790 2570 942 2621; x_wconf 83' lang='lat' dir='ltr'><strong>voce,</strong></span> <span class='ocrx_word' id='word_1_302' title='bbox 969 2552 1076 2608; x_wconf 89' lang='lat' dir='ltr'><strong>nisi</strong></span> <span class='ocrx_word' id='word_1_303' title='bbox 1107 2551 1231 2624; x_wconf 89' lang='lat' dir='ltr'><strong>quia</strong></span> <span class='ocrx_word' id='word_1_304' title='bbox 1263 2550 1552 2608; x_wconf 88' lang='lat' dir='ltr'><strong>ostendere</strong></span> <span class='ocrx_word' id='word_1_305' title='bbox 1587 2551 1702 2607; x_wconf 82' lang='lat' dir='ltr'><strong>vult</strong></span> <span class='ocrx_word' id='word_1_306' title='bbox 1740 2568 1830 2631; x_wconf 84' lang='lat' dir='ltr'><strong>sa-</strong></span> 
     </span>
    </p>
   </div>
   <div class='ocr_carea' id='block_1_42' title="bbox 237 2638 1834 2719">
    <p class='ocr_par' dir='ltr' id='par_1_42' title="bbox 237 2638 1834 2719">
     <span class='ocr_line' id='line_1_42' title="bbox 237 2638 1834 2719; baseline -0.002 -14"><span class='ocrx_word' id='word_1_307' title='bbox 237 2645 555 2717; x_wconf 85' lang='lat' dir='ltr'><strong>cerdotibus</strong></span> <span class='ocrx_word' id='word_1_308' title='bbox 584 2644 786 2701; x_wconf 88' lang='lat' dir='ltr'><strong>Christi</strong></span> <span class='ocrx_word' id='word_1_309' title='bbox 813 2645 957 2719; x_wconf 87' lang='lat' dir='ltr'><strong>quod</strong></span> <span class='ocrx_word' id='word_1_310' title='bbox 988 2661 1097 2699; x_wconf 92' lang='lat' dir='ltr'><strong>non</strong></span> <span class='ocrx_word' id='word_1_311' title='bbox 1121 2645 1390 2717; x_wconf 79' lang='lat' dir='ltr'><strong>segniter,</strong></span> <span class='ocrx_word' id='word_1_312' title='bbox 1435 2638 1531 2701; x_wconf 90' lang='lat' dir='ltr'><strong>sed</strong></span> <span class='ocrx_word' id='word_1_313' title='bbox 1562 2644 1834 2719; x_wconf 82' lang='lat' dir='ltr'><strong>instanter</strong></span> 
     </span>
    </p>
   </div>
   <div class='ocr_carea' id='block_1_43' title="bbox 237 2728 1833 2811">
    <p class='ocr_par' dir='ltr' id='par_1_43' title="bbox 237 2728 1833 2811">
     <span class='ocr_line' id='line_1_43' title="bbox 237 2728 1833 2811; baseline -0.003 -14"><span class='ocrx_word' id='word_1_314' title='bbox 237 2736 441 2797; x_wconf 89' lang='lat' dir='ltr'><strong>debent</strong></span> <span class='ocrx_word' id='word_1_315' title='bbox 470 2728 567 2795; x_wconf 86' lang='lat' dir='ltr'><strong>Dei</strong></span> <span class='ocrx_word' id='word_1_316' title='bbox 611 2738 839 2793; x_wconf 88' lang='lat' dir='ltr'><strong>verbum</strong></span> <span class='ocrx_word' id='word_1_317' title='bbox 865 2734 1078 2811; x_wconf 78' lang='lat' dir='ltr'><strong>pupulis</strong></span> <span class='ocrx_word' id='word_1_318' title='bbox 1096 2736 1428 2811; x_wconf 82' lang='lat' dir='ltr'><strong>praedicare?</strong></span> <span class='ocrx_word' id='word_1_319' title='bbox 1460 2736 1531 2792; x_wconf 88' lang='lat' dir='ltr'><strong>Ut</strong></span> <span class='ocrx_word' id='word_1_320' title='bbox 1559 2734 1756 2803; x_wconf 88' lang='lat' dir='ltr'><strong>sciant,</strong></span> <span class='ocrx_word' id='word_1_321' title='bbox 1788 2736 1833 2793; x_wconf 87' lang='lat' dir='ltr'><strong>si</strong></span> 
     </span>
    </p>
   </div>
   <div class='ocr_carea' id='block_1_44' title="bbox 235 2822 1835 2909">
    <p class='ocr_par' dir='ltr' id='par_1_44' title="bbox 235 2822 1835 2909">
     <span class='ocr_line' id='line_1_44' title="bbox 235 2822 1835 2909; baseline -0.001 -23"><span class='ocrx_word' id='word_1_322' title='bbox 235 2822 609 2909; x_wconf 63' lang='lat' dir='ltr'><strong>prteterierint</strong></span> <span class='ocrx_word' id='word_1_323' title='bbox 633 2828 733 2884; x_wconf 89' lang='lat' dir='ltr'><strong>Dei</strong></span> <span class='ocrx_word' id='word_1_324' title='bbox 759 2830 1037 2894; x_wconf 89' lang='lat' dir='ltr'><strong>mandata,</strong></span> <span class='ocrx_word' id='word_1_325' title='bbox 1090 2824 1209 2899; x_wconf 58' lang='lat' dir='ltr'><strong>quat</strong></span> <span class='ocrx_word' id='word_1_326' title='bbox 1238 2829 1318 2886; x_wconf 90' lang='lat' dir='ltr'><strong>eis</strong></span> <span class='ocrx_word' id='word_1_327' title='bbox 1344 2830 1663 2895; x_wconf 87' lang='lat' dir='ltr'><strong>immineant</strong></span> <span class='ocrx_word' id='word_1_328' title='bbox 1692 2829 1835 2901; x_wconf 87' lang='lat' dir='ltr'><strong>peri-</strong></span> 
     </span>
    </p>
   </div>
   <div class='ocr_carea' id='block_1_45' title="bbox 236 2912 1835 2999">
    <p class='ocr_par' dir='ltr' id='par_1_45' title="bbox 236 2912 1835 2999">
     <span class='ocr_line' id='line_1_45' title="bbox 236 2912 1835 2999; baseline -0.001 -18"><span class='ocrx_word' id='word_1_329' title='bbox 236 2912 391 2992; x_wconf 77' lang='lat' dir='ltr'><strong>cula;</strong></span> <span class='ocrx_word' id='word_1_330' title='bbox 428 2923 477 2980; x_wconf 90' lang='lat' dir='ltr'><strong>si</strong></span> <span class='ocrx_word' id='word_1_331' title='bbox 532 2931 712 2978; x_wconf 91' lang='lat' dir='ltr'><strong>autem</strong></span> <span class='ocrx_word' id='word_1_332' title='bbox 750 2920 1055 2978; x_wconf 88' lang='lat' dir='ltr'><strong>obedierint</strong></span> <span class='ocrx_word' id='word_1_333' title='bbox 1089 2922 1373 2999; x_wconf 83' lang='lat' dir='ltr'><strong>praeceptis</strong></span> <span class='ocrx_word' id='word_1_334' title='bbox 1411 2922 1528 2989; x_wconf 87' lang='lat' dir='ltr'><strong>Dei,</strong></span> <span class='ocrx_word' id='word_1_335' title='bbox 1581 2938 1699 2994; x_wconf 74' lang='lat' dir='ltr'><strong>qua:</strong></span> <span class='ocrx_word' id='word_1_336' title='bbox 1741 2936 1835 2979; x_wconf 82' lang='lat' dir='ltr'><strong>eos</strong></span> 
     </span>
    </p>
   </div>
   <div class='ocr_carea' id='block_1_46' title="bbox 235 3010 1830 3097">
    <p class='ocr_par' dir='ltr' id='par_1_46' title="bbox 235 3010 1830 3097">
     <span class='ocr_line' id='line_1_46' title="bbox 235 3010 1830 3097; baseline -0.003 -23"><span class='ocrx_word' id='word_1_337' title='bbox 235 3024 544 3097; x_wconf 81' lang='lat' dir='ltr'><strong>sequantur</strong></span> <span class='ocrx_word' id='word_1_338' title='bbox 569 3010 835 3071; x_wconf 84' lang='lat' dir='ltr'><strong>beneﬁcia</strong></span> <span class='ocrx_word' id='word_1_339' title='bbox 866 3033 878 3068; x_wconf 90' lang='lat'><strong>:</strong></span> <span class='ocrx_word' id='word_1_340' title='bbox 912 3029 1037 3070; x_wconf 89' lang='lat' dir='ltr'><strong>cum</strong></span> <span class='ocrx_word' id='word_1_341' title='bbox 1061 3015 1115 3070; x_wconf 93' lang='lat' dir='ltr'><strong>in</strong></span> <span class='ocrx_word' id='word_1_342' title='bbox 1136 3015 1393 3087; x_wconf 60' lang='lat' dir='ltr'><strong>praesenti</strong></span> <span class='ocrx_word' id='word_1_343' title='bbox 1421 3016 1531 3070; x_wconf 82' lang='lat' dir='ltr'><strong>vita</strong></span> <span class='ocrx_word' id='word_1_344' title='bbox 1555 3015 1830 3087; x_wconf 82' lang='lat' dir='ltr'><strong>solatium,</strong></span> 
     </span>
    </p>
   </div>
   <div class='ocr_carea' id='block_1_47' title="bbox 234 3104 1833 3185">
    <p class='ocr_par' dir='ltr' id='par_1_47' title="bbox 234 3104 1833 3185">
     <span class='ocr_line' id='line_1_47' title="bbox 234 3104 1833 3185; baseline -0.001 -16"><span class='ocrx_word' id='word_1_345' title='bbox 234 3125 289 3170; x_wconf 89' lang='lat' dir='ltr'><strong>et</strong></span> <span class='ocrx_word' id='word_1_346' title='bbox 322 3104 379 3170; x_wconf 89' lang='lat' dir='ltr'><strong>in</strong></span> <span class='ocrx_word' id='word_1_347' title='bbox 413 3112 598 3168; x_wconf 86' lang='lat' dir='ltr'><strong>futura</strong></span> <span class='ocrx_word' id='word_1_348' title='bbox 643 3113 925 3185; x_wconf 82' lang='lat' dir='ltr'><strong>praemium</strong></span> <span class='ocrx_word' id='word_1_349' title='bbox 969 3112 1313 3185; x_wconf 89' lang='lat' dir='ltr'><strong>promittitur</strong></span> <span class='ocrx_word' id='word_1_350' title='bbox 1347 3121 1632 3169; x_wconf 70' lang='lat' dir='ltr'><strong>aeternum.</strong></span> <span class='ocrx_word' id='word_1_351' title='bbox 1669 3112 1833 3171; x_wconf 63' lang='lat' dir='ltr'><strong>Maleo</strong></span> 
     </span>
    </p>
   </div>
   <div class='ocr_carea' id='block_1_48' title="bbox 1936 1888 3525 1961">
    <p class='ocr_par' dir='ltr' id='par_1_48' title="bbox 1936 1888 3525 1961">
     <span class='ocr_line' id='line_1_48' title="bbox 1936 1888 3525 1961; baseline 0.001 -15"><span class='ocrx_word' id='word_1_352' title='bbox 1936 1889 2192 1946; x_wconf 82' lang='lat' dir='ltr'><strong>transfert</strong></span> <span class='ocrx_word' id='word_1_353' title='bbox 2222 1890 2486 1946; x_wconf 89' lang='lat' dir='ltr'><strong>terminos</strong></span> <span class='ocrx_word' id='word_1_354' title='bbox 2535 1891 2768 1961; x_wconf 84' lang='lat' dir='ltr'><strong>proximi</strong></span> <span class='ocrx_word' id='word_1_355' title='bbox 2811 1892 2917 1946; x_wconf 91' lang='lat' dir='ltr'><strong>sui.</strong></span> <span class='ocrx_word' id='word_1_356' title='bbox 2965 1911 2985 1944; x_wconf 75' lang='grc' dir='ltr'><strong>ι</strong></span> <span class='ocrx_word' id='word_1_357' title='bbox 3038 1888 3153 1947; x_wconf 86' lang='lat' dir='ltr'><strong>Hoc</strong></span> <span class='ocrx_word' id='word_1_358' title='bbox 3210 1890 3525 1948; x_wconf 88' lang='lat' dir='ltr'><strong>testimonio</strong></span> 
     </span>
    </p>
   </div>
   <div class='ocr_carea' id='block_1_49' title="bbox 1933 1982 3526 2054">
    <p class='ocr_par' dir='ltr' id='par_1_49' title="bbox 1933 1982 3526 2054">
     <span class='ocr_line' id='line_1_49' title="bbox 1933 1982 3526 2054; baseline 0.003 -18"><span class='ocrx_word' id='word_1_359' title='bbox 1933 1991 2084 2037; x_wconf 83' lang='lat' dir='ltr'><strong>vetat</strong></span> <span class='ocrx_word' id='word_1_360' title='bbox 2121 1982 2427 2048; x_wconf 79' lang='lat' dir='ltr'><strong>avaritiam,</strong></span> <span class='ocrx_word' id='word_1_361' title='bbox 2476 1982 2836 2054; x_wconf 64' lang='lat' dir='ltr'><strong>haeresimque</strong></span> <span class='ocrx_word' id='word_1_362' title='bbox 2882 1983 3203 2040; x_wconf 89' lang='lat' dir='ltr'><strong>detestatur.</strong></span> <span class='ocrx_word' id='word_1_363' title='bbox 3237 1982 3526 2043; x_wconf 81' lang='lat' dir='ltr'><strong>Transfert</strong></span> 
     </span>
    </p>
   </div>
   <div class='ocr_carea' id='block_1_50' title="bbox 1934 2073 3526 2146">
    <p class='ocr_par' dir='ltr' id='par_1_50' title="bbox 1934 2073 3526 2146">
     <span class='ocr_line' id='line_1_50' title="bbox 1934 2073 3526 2146; baseline 0.001 -18"><span class='ocrx_word' id='word_1_364' title='bbox 1934 2088 2063 2145; x_wconf 87' lang='lat' dir='ltr'><strong>ergo</strong></span> <span class='ocrx_word' id='word_1_365' title='bbox 2105 2073 2367 2129; x_wconf 90' lang='lat' dir='ltr'><strong>terminos</strong></span> <span class='ocrx_word' id='word_1_366' title='bbox 2395 2073 2626 2146; x_wconf 77' lang='lat' dir='ltr'><strong>proximi</strong></span> <span class='ocrx_word' id='word_1_367' title='bbox 2672 2075 2777 2141; x_wconf 92' lang='lat' dir='ltr'><strong>sui,</strong></span> <span class='ocrx_word' id='word_1_368' title='bbox 2809 2074 2901 2146; x_wconf 86' lang='lat' dir='ltr'><strong>qui</strong></span> <span class='ocrx_word' id='word_1_369' title='bbox 2953 2089 3060 2130; x_wconf 91' lang='lat' dir='ltr'><strong>non</strong></span> <span class='ocrx_word' id='word_1_370' title='bbox 3092 2082 3383 2130; x_wconf 90' lang='lat' dir='ltr'><strong>contentus</strong></span> <span class='ocrx_word' id='word_1_371' title='bbox 3417 2074 3526 2143; x_wconf 84' lang='lat' dir='ltr'><strong>erit</strong></span> 
     </span>
    </p>
   </div>
   <div class='ocr_carea' id='block_1_51' title="bbox 1934 2156 3526 2237">
    <p class='ocr_par' dir='ltr' id='par_1_51' title="bbox 1934 2156 3526 2237">
     <span class='ocr_line' id='line_1_51' title="bbox 1934 2156 3526 2237; baseline -0.001 -15"><span class='ocrx_word' id='word_1_372' title='bbox 1934 2166 2363 2222; x_wconf 78' lang='lat' dir='ltr'><strong>orthodoxorum</strong></span> <span class='ocrx_word' id='word_1_373' title='bbox 2407 2164 2511 2220; x_wconf 84' lang='lat' dir='ltr'><strong>ﬁde</strong></span> <span class='ocrx_word' id='word_1_374' title='bbox 2551 2174 2713 2237; x_wconf 89' lang='lat' dir='ltr'><strong>atque</strong></span> <span class='ocrx_word' id='word_1_375' title='bbox 2743 2166 3015 2234; x_wconf 89' lang='lat' dir='ltr'><strong>doctrina,</strong></span> <span class='ocrx_word' id='word_1_376' title='bbox 3047 2165 3143 2223; x_wconf 91' lang='lat' dir='ltr'><strong>sed</strong></span> <span class='ocrx_word' id='word_1_377' title='bbox 3178 2156 3526 2236; x_wconf 85' lang='lat' dir='ltr'><strong>superstitio-</strong></span> 
     </span>
    </p>
   </div>
   <div class='ocr_carea' id='block_1_52' title="bbox 1933 2260 3525 2331">
    <p class='ocr_par' dir='ltr' id='par_1_52' title="bbox 1933 2260 3525 2331">
     <span class='ocr_line' id='line_1_52' title="bbox 1933 2260 3525 2331; baseline -0.002 -12"><span class='ocrx_word' id='word_1_378' title='bbox 1933 2277 2030 2319; x_wconf 89' lang='lat' dir='ltr'><strong>nes</strong></span> <span class='ocrx_word' id='word_1_379' title='bbox 2060 2276 2124 2317; x_wconf 91' lang='lat' dir='ltr'><strong>ac</strong></span> <span class='ocrx_word' id='word_1_380' title='bbox 2167 2270 2344 2318; x_wconf 89' lang='lat' dir='ltr'><strong>sectas</strong></span> <span class='ocrx_word' id='word_1_381' title='bbox 2391 2261 2753 2331; x_wconf 91' lang='lat' dir='ltr'><strong>superbiendo</strong></span> <span class='ocrx_word' id='word_1_382' title='bbox 2803 2263 3018 2318; x_wconf 90' lang='lat' dir='ltr'><strong>noviter</strong></span> <span class='ocrx_word' id='word_1_383' title='bbox 3052 2262 3370 2319; x_wconf 88' lang='lat' dir='ltr'><strong>introducit.</strong></span> <span class='ocrx_word' id='word_1_384' title='bbox 3421 2260 3525 2329; x_wconf 87' lang='lat' dir='ltr'><strong>Qui</strong></span> 
     </span>
    </p>
   </div>
   <div class='ocr_carea' id='block_1_53' title="bbox 1934 2348 3529 2427">
    <p class='ocr_par' dir='ltr' id='par_1_53' title="bbox 1934 2348 3529 2427">
     <span class='ocr_line' id='line_1_53' title="bbox 1934 2348 3529 2427; baseline -0.002 -18"><span class='ocrx_word' id='word_1_385' title='bbox 1934 2353 2081 2409; x_wconf 91' lang='lat' dir='ltr'><strong>enim</strong></span> <span class='ocrx_word' id='word_1_386' title='bbox 2131 2354 2249 2409; x_wconf 61' lang='lat' dir='ltr'><strong>hare</strong></span> <span class='ocrx_word' id='word_1_387' title='bbox 2300 2354 2430 2427; x_wconf 83' lang='lat' dir='ltr'><strong>agit,</strong></span> <span class='ocrx_word' id='word_1_388' title='bbox 2468 2348 2655 2425; x_wconf 87' lang='lat' dir='ltr'><strong>procul</strong></span> <span class='ocrx_word' id='word_1_389' title='bbox 2691 2352 2854 2409; x_wconf 88' lang='lat' dir='ltr'><strong>dubio</strong></span> <span class='ocrx_word' id='word_1_390' title='bbox 2899 2362 3105 2411; x_wconf 64' lang='lat' dir='ltr'><strong>aeterna</strong></span> <span class='ocrx_word' id='word_1_391' title='bbox 3142 2351 3529 2413; x_wconf 87' lang='lat' dir='ltr'><strong>maledictione</strong></span> 
     </span>
    </p>
   </div>
   <div class='ocr_carea' id='block_1_54' title="bbox 1934 2443 3525 2523">
    <p class='ocr_par' dir='ltr' id='par_1_54' title="bbox 1934 2443 3525 2523">
     <span class='ocr_line' id='line_1_54' title="bbox 1934 2443 3525 2523; baseline 0.001 -24"><span class='ocrx_word' id='word_1_392' title='bbox 1934 2461 2062 2501; x_wconf 90' lang='lat' dir='ltr'><strong>reus</strong></span> <span class='ocrx_word' id='word_1_393' title='bbox 2091 2446 2216 2500; x_wconf 88' lang='lat' dir='ltr'><strong>erit.</strong></span> <span class='ocrx_word' id='word_1_394' title='bbox 2245 2443 2398 2500; x_wconf 84' lang='lat' dir='ltr'><strong>Unde</strong></span> <span class='ocrx_word' id='word_1_395' title='bbox 2427 2446 2674 2517; x_wconf 87' lang='lat' dir='ltr'><strong>sequitur</strong></span> <span class='ocrx_word' id='word_1_396' title='bbox 2707 2463 2719 2499; x_wconf 92' lang='lat'><strong>:</strong></span> <span class='ocrx_word' id='word_1_397' title='bbox 2758 2463 2777 2496; x_wconf 86' lang='grc'><strong><em>‹</em></strong></span> <span class='ocrx_word' id='word_1_398' title='bbox 2816 2443 3136 2503; x_wconf 83' lang='lat' dir='ltr'><strong>Maledictus</strong></span> <span class='ocrx_word' id='word_1_399' title='bbox 3161 2445 3253 2523; x_wconf 87' lang='lat' dir='ltr'><strong>qui</strong></span> <span class='ocrx_word' id='word_1_400' title='bbox 3280 2443 3413 2500; x_wconf 82' lang='lat' dir='ltr'><strong>facit</strong></span> <span class='ocrx_word' id='word_1_401' title='bbox 3435 2459 3525 2500; x_wconf 84' lang='lat' dir='ltr'><strong>er-</strong></span> 
     </span>
    </p>
   </div>
   <div class='ocr_carea' id='block_1_55' title="bbox 1928 2532 3526 2595">
    <p class='ocr_par' dir='ltr' id='par_1_55' title="bbox 1928 2532 3526 2595">
     <span class='ocr_line' id='line_1_55' title="bbox 1928 2532 3526 2595; baseline 0.001 -4"><span class='ocrx_word' id='word_1_402' title='bbox 1928 2532 2058 2592; x_wconf 83' lang='lat' dir='ltr'><strong>rare</strong></span> <span class='ocrx_word' id='word_1_403' title='bbox 2080 2552 2281 2592; x_wconf 82' lang='lat' dir='ltr'><strong>caecum</strong></span> <span class='ocrx_word' id='word_1_404' title='bbox 2332 2538 2386 2591; x_wconf 91' lang='lat' dir='ltr'><strong>in</strong></span> <span class='ocrx_word' id='word_1_405' title='bbox 2415 2537 2527 2592; x_wconf 91' lang='lat' dir='ltr'><strong>via.</strong></span> <span class='ocrx_word' id='word_1_406' title='bbox 2565 2556 2585 2590; x_wconf 75' lang='grc' dir='ltr'><strong>ι</strong></span> <span class='ocrx_word' id='word_1_407' title='bbox 2617 2535 2833 2595; x_wconf 74' lang='lat' dir='ltr'><strong>Czecum</strong></span> <span class='ocrx_word' id='word_1_408' title='bbox 2857 2536 2913 2593; x_wconf 89' lang='lat' dir='ltr'><strong>in</strong></span> <span class='ocrx_word' id='word_1_409' title='bbox 2956 2537 3154 2594; x_wconf 88' lang='lat' dir='ltr'><strong>itinere</strong></span> <span class='ocrx_word' id='word_1_410' title='bbox 3184 2535 3319 2593; x_wconf 82' lang='lat' dir='ltr'><strong>facit</strong></span> <span class='ocrx_word' id='word_1_411' title='bbox 3336 2548 3526 2594; x_wconf 84' lang='lat' dir='ltr'><strong>errare</strong></span> 
     </span>
    </p>
   </div>
   <div class='ocr_carea' id='block_1_56' title="bbox 1936 2627 3525 2701">
    <p class='ocr_par' dir='ltr' id='par_1_56' title="bbox 1936 2627 3525 2701">
     <span class='ocr_line' id='line_1_56' title="bbox 1936 2627 3525 2701; baseline 0.003 -20"><span class='ocrx_word' id='word_1_412' title='bbox 1936 2628 2029 2701; x_wconf 89' lang='lat' dir='ltr'><strong>qui</strong></span> <span class='ocrx_word' id='word_1_413' title='bbox 2080 2628 2378 2699; x_wconf 88' lang='lat' dir='ltr'><strong>simplicem</strong></span> <span class='ocrx_word' id='word_1_414' title='bbox 2431 2635 2594 2698; x_wconf 89' lang='lat' dir='ltr'><strong>atque</strong></span> <span class='ocrx_word' id='word_1_415' title='bbox 2624 2628 3021 2699; x_wconf 88' lang='lat' dir='ltr'><strong>imprudentem</strong></span> <span class='ocrx_word' id='word_1_416' title='bbox 3070 2644 3170 2701; x_wconf 87' lang='lat' dir='ltr'><strong>per</strong></span> <span class='ocrx_word' id='word_1_417' title='bbox 3218 2627 3525 2685; x_wconf 85' lang='lat' dir='ltr'><strong>doctrinam</strong></span> 
     </span>
    </p>
   </div>
   <div class='ocr_carea' id='block_1_57' title="bbox 1938 2717 3523 2789">
    <p class='ocr_par' dir='ltr' id='par_1_57' title="bbox 1938 2717 3523 2789">
     <span class='ocr_line' id='line_1_57' title="bbox 1938 2717 3523 2789; baseline 0 -15"><span class='ocrx_word' id='word_1_418' title='bbox 1938 2718 2131 2775; x_wconf 81' lang='lat' dir='ltr'><strong>falsam</strong></span> <span class='ocrx_word' id='word_1_419' title='bbox 2176 2718 2232 2776; x_wconf 90' lang='lat' dir='ltr'><strong>in</strong></span> <span class='ocrx_word' id='word_1_420' title='bbox 2264 2718 2459 2775; x_wconf 85' lang='lat' dir='ltr'><strong>itinere</strong></span> <span class='ocrx_word' id='word_1_421' title='bbox 2490 2717 2895 2789; x_wconf 81' lang='lat' dir='ltr'><strong>Scripturarum</strong></span> <span class='ocrx_word' id='word_1_422' title='bbox 2925 2718 3056 2775; x_wconf 83' lang='lat' dir='ltr'><strong>facit</strong></span> <span class='ocrx_word' id='word_1_423' title='bbox 3078 2733 3111 2774; x_wconf 92' lang='lat' dir='ltr'><strong>a</strong></span> <span class='ocrx_word' id='word_1_424' title='bbox 3138 2718 3386 2775; x_wconf 86' lang='lat' dir='ltr'><strong>veritatis</strong></span> <span class='ocrx_word' id='word_1_425' title='bbox 3408 2726 3523 2774; x_wconf 80' lang='lat' dir='ltr'><strong>tra-</strong></span> 
     </span>
    </p>
   </div>
   <div class='ocr_carea' id='block_1_58' title="bbox 1938 2807 3534 2885">
    <p class='ocr_par' dir='ltr' id='par_1_58' title="bbox 1938 2807 3534 2885">
     <span class='ocr_line' id='line_1_58' title="bbox 1938 2807 3534 2885; baseline -0.001 -20"><span class='ocrx_word' id='word_1_426' title='bbox 1938 2810 2071 2865; x_wconf 84' lang='lat' dir='ltr'><strong>mite</strong></span> <span class='ocrx_word' id='word_1_427' title='bbox 2114 2808 2350 2864; x_wconf 90' lang='lat' dir='ltr'><strong>deviare.</strong></span> <span class='ocrx_word' id='word_1_428' title='bbox 2398 2807 2513 2865; x_wconf 85' lang='lat' dir='ltr'><strong>Hoc</strong></span> <span class='ocrx_word' id='word_1_429' title='bbox 2555 2823 2684 2885; x_wconf 85' lang='lat' dir='ltr'><strong>ergo</strong></span> <span class='ocrx_word' id='word_1_430' title='bbox 2706 2825 2871 2882; x_wconf 90' lang='lat' dir='ltr'><strong>quam</strong></span> <span class='ocrx_word' id='word_1_431' title='bbox 2900 2810 3267 2883; x_wconf 86' lang='lat' dir='ltr'><strong>perniciosum</strong></span> <span class='ocrx_word' id='word_1_432' title='bbox 3291 2812 3362 2866; x_wconf 90' lang='lat' dir='ltr'><strong>sit</strong></span> <span class='ocrx_word' id='word_1_433' title='bbox 3382 2807 3534 2881; x_wconf 72' lang='lat' dir='ltr'><strong>Apo-</strong></span> 
     </span>
    </p>
   </div>
   <div class='ocr_carea' id='block_1_59' title="bbox 1938 2901 3532 2973">
    <p class='ocr_par' dir='ltr' id='par_1_59' title="bbox 1938 2901 3532 2973">
     <span class='ocr_line' id='line_1_59' title="bbox 1938 2901 3532 2973; baseline 0.001 -16"><span class='ocrx_word' id='word_1_434' title='bbox 1938 2903 2109 2957; x_wconf 90' lang='lat' dir='ltr'><strong>stolus</strong></span> <span class='ocrx_word' id='word_1_435' title='bbox 2139 2901 2374 2957; x_wconf 85' lang='lat' dir='ltr'><strong>ostendit</strong></span> <span class='ocrx_word' id='word_1_436' title='bbox 2412 2901 2599 2956; x_wconf 88' lang='lat' dir='ltr'><strong>dicens</strong></span> <span class='ocrx_word' id='word_1_437' title='bbox 2631 2918 2644 2953; x_wconf 88' lang='lat'><strong>:</strong></span> <span class='ocrx_word' id='word_1_438' title='bbox 2695 2920 2715 2953; x_wconf 85' lang='grc'><em>‹</em></span> <span class='ocrx_word' id='word_1_439' title='bbox 2774 2901 2833 2957; x_wconf 91' lang='lat' dir='ltr'><strong>Si</strong></span> <span class='ocrx_word' id='word_1_440' title='bbox 2856 2903 2980 2973; x_wconf 90' lang='lat' dir='ltr'><strong>quis</strong></span> <span class='ocrx_word' id='word_1_441' title='bbox 3008 2918 3118 2973; x_wconf 79' lang='lat' dir='ltr'><strong>non</strong></span> <span class='ocrx_word' id='word_1_442' title='bbox 3168 2910 3317 2961; x_wconf 87' lang='lat' dir='ltr'><strong>amat</strong></span> <span class='ocrx_word' id='word_1_443' title='bbox 3344 2902 3532 2959; x_wconf 39' lang='lat' dir='ltr'><strong>Domi:</strong></span> 
     </span>
    </p>
   </div>
   <div class='ocr_carea' id='block_1_60' title="bbox 1938 2990 3524 3067">
    <p class='ocr_par' dir='ltr' id='par_1_60' title="bbox 1938 2990 3524 3067">
     <span class='ocr_line' id='line_1_60' title="bbox 1938 2990 3524 3067; baseline 0.002 -19"><span class='ocrx_word' id='word_1_444' title='bbox 1938 2994 2068 3048; x_wconf 83' lang='lat' dir='ltr'><strong>&#39;num</strong></span> <span class='ocrx_word' id='word_1_445' title='bbox 2113 2991 2302 3048; x_wconf 72' lang='lat' dir='ltr'><strong>Iesum</strong></span> <span class='ocrx_word' id='word_1_446' title='bbox 2361 2990 2765 3065; x_wconf 22' lang='lat' dir='ltr'><strong>Christumﬁsit</strong></span> <span class='ocrx_word' id='word_1_447' title='bbox 2809 2996 3099 3052; x_wconf 88' lang='lat' dir='ltr'><strong>anathema</strong></span> <span class='ocrx_word' id='word_1_448' title='bbox 3148 2996 3470 3067; x_wconf 81' lang='lat' dir='ltr'><strong>marauatha</strong></span> <span class='ocrx_word' id='word_1_449' title='bbox 3501 3015 3524 3051; x_wconf 75' lang='grc' dir='ltr'><strong>ι</strong></span> 
     </span>
    </p>
   </div>
   <div class='ocr_carea' id='block_1_61' title="bbox 1940 3084 3533 3163">
    <p class='ocr_par' dir='ltr' id='par_1_61' title="bbox 1940 3084 3533 3163">
     <span class='ocr_line' id='line_1_61' title="bbox 1940 3084 3533 3163; baseline 0.006 -24"><span class='ocrx_word' id='word_1_450' title='bbox 1940 3084 1995 3158; x_wconf 91' lang='grc' dir='ltr'><strong>(Ι</strong></span> <span class='ocrx_word' id='word_1_451' title='bbox 2024 3084 2147 3140; x_wconf 88' lang='lat' dir='ltr'><strong>Cor.</strong></span> <span class='ocrx_word' id='word_1_452' title='bbox 2185 3085 2262 3159; x_wconf 88' lang='lat' dir='ltr'><strong>v).</strong></span> <span class='ocrx_word' id='word_1_453' title='bbox 2320 3085 2388 3141; x_wconf 86' lang='lat' dir='ltr'><strong>Et</strong></span> <span class='ocrx_word' id='word_1_454' title='bbox 2425 3086 2605 3143; x_wconf 87' lang='lat' dir='ltr'><strong>alias:</strong></span> <span class='ocrx_word' id='word_1_455' title='bbox 2640 3105 2659 3140; x_wconf 77' lang='grc' dir='ltr'><strong>ι</strong></span> <span class='ocrx_word' id='word_1_456' title='bbox 2714 3087 3052 3163; x_wconf 85' lang='lat' dir='ltr'><strong>Quicunque,</strong></span> <span class='ocrx_word' id='word_1_457' title='bbox 3096 3090 3196 3159; x_wconf 85' lang='lat' dir='ltr'><strong>ait,</strong></span> <span class='ocrx_word' id='word_1_458' title='bbox 3244 3090 3387 3155; x_wconf 77' lang='lat' dir='ltr'><strong>hanc</strong></span> <span class='ocrx_word' id='word_1_459' title='bbox 3443 3104 3533 3148; x_wconf 85' lang='lat' dir='ltr'><strong>re-</strong></span> 
     </span>
    </p>
   </div>
   <div class='ocr_carea' id='block_1_62' title="bbox 235 3181 3534 3291">
    <p class='ocr_par' dir='ltr' id='par_1_62' title="bbox 235 3181 3534 3291">
     <span class='ocr_line' id='line_1_62' title="bbox 235 3181 3534 3291; baseline 0.001 -29"><span class='ocrx_word' id='word_1_460' title='bbox 235 3202 515 3262; x_wconf 88' lang='lat' dir='ltr'><strong>dictiones</strong></span> <span class='ocrx_word' id='word_1_461' title='bbox 545 3181 696 3291; x_wconf 80' lang='lat' dir='ltr'><strong>ergo,</strong></span> <span class='ocrx_word' id='word_1_462' title='bbox 728 3204 843 3260; x_wconf 90' lang='lat' dir='ltr'><strong>sive</strong></span> <span class='ocrx_word' id='word_1_463' title='bbox 866 3181 1277 3261; x_wconf 68' lang='lat' dir='ltr'><strong>benedictiones</strong></span> <span class='ocrx_word' id='word_1_464' title='bbox 1311 3221 1446 3285; x_wconf 87' lang='lat' dir='ltr'><strong>quas</strong></span> <span class='ocrx_word' id='word_1_465' title='bbox 1472 3204 1611 3260; x_wconf 85' lang='lat' dir='ltr'><strong>liber</strong></span> <span class='ocrx_word' id='word_1_466' title='bbox 1636 3203 1837 3263; x_wconf 86' lang='lat' dir='ltr'><strong>Deute—</strong></span> <span class='ocrx_word' id='word_1_467' title='bbox 1862 3191 1910 3269; x_wconf 68' lang='grc' dir='ltr'>β</span> <span class='ocrx_word' id='word_1_468' title='bbox 1940 3181 2120 3291; x_wconf 57' lang='grc' dir='ltr'><strong>Βξ¹¹³¹¹¹</strong></span> <span class='ocrx_word' id='word_1_469' title='bbox 2138 3182 2310 3291; x_wconf 53' lang='lat' dir='ltr'><strong>sec?”</strong></span> <span class='ocrx_word' id='word_1_470' title='bbox 2337 3181 2559 3291; x_wconf 30' lang='lat' dir='ltr'><strong>“ﬁeri”,</strong></span> <span class='ocrx_word' id='word_1_471' title='bbox 2584 3197 2880 3291; x_wconf 56' lang='grc' dir='ltr'><strong>Ρδξίηδίξρθν</strong></span> <span class='ocrx_word' id='word_1_472' title='bbox 2908 3184 3028 3291; x_wconf 40' lang='lat' dir='ltr'><strong>suos</strong></span> <span class='ocrx_word' id='word_1_473' title='bbox 3049 3193 3117 3291; x_wconf 50' lang='lat' dir='ltr'><strong>ei</strong></span> <span class='ocrx_word' id='word_1_474' title='bbox 3132 3183 3534 3291; x_wconf 57' lang='lat' dir='ltr'><strong>‘Pisfrico&#39;di‘g</strong></span> 
     </span>
    </p>
   </div>
   <div class='ocr_carea' id='block_1_63' title="bbox 234 3297 1837 3371">
    <p class='ocr_par' dir='ltr' id='par_1_63' title="bbox 234 3297 1837 3371">
     <span class='ocr_line' id='line_1_63' title="bbox 234 3297 1837 3371; baseline 0 -16"><span class='ocrx_word' id='word_1_475' title='bbox 234 3299 481 3357; x_wconf 88' lang='lat' dir='ltr'><strong>ronomii</strong></span> <span class='ocrx_word' id='word_1_476' title='bbox 532 3298 793 3366; x_wconf 85' lang='lat' dir='ltr'><strong>continet,</strong></span> <span class='ocrx_word' id='word_1_477' title='bbox 836 3306 892 3355; x_wconf 89' lang='lat' dir='ltr'><strong>et</strong></span> <span class='ocrx_word' id='word_1_478' title='bbox 944 3299 1301 3355; x_wconf 90' lang='lat' dir='ltr'><strong>historialiter</strong></span> <span class='ocrx_word' id='word_1_479' title='bbox 1335 3297 1563 3368; x_wconf 79' lang='lat' dir='ltr'><strong>intelligi</strong></span> <span class='ocrx_word' id='word_1_480' title='bbox 1608 3307 1837 3371; x_wconf 89' lang='lat' dir='ltr'><strong>possunt</strong></span> 
     </span>
    </p>
   </div>
   <div class='ocr_carea' id='block_1_64' title="bbox 236 3376 1834 3461">
    <p class='ocr_par' dir='ltr' id='par_1_64' title="bbox 236 3376 1834 3461">
     <span class='ocr_line' id='line_1_64' title="bbox 236 3376 1834 3461; baseline 0.001 -16"><span class='ocrx_word' id='word_1_481' title='bbox 236 3389 307 3445; x_wconf 91' lang='lat' dir='ltr'><strong>ad</strong></span> <span class='ocrx_word' id='word_1_482' title='bbox 338 3404 448 3459; x_wconf 33' lang='lat' dir='ltr'><strong>eos.</strong></span> <span class='ocrx_word' id='word_1_483' title='bbox 466 3376 765 3461; x_wconf 77' lang='lat' dir='ltr'><strong>pertinere,</strong></span> <span class='ocrx_word' id='word_1_484' title='bbox 792 3382 886 3461; x_wconf 83' lang='lat' dir='ltr'><strong>qui</strong></span> <span class='ocrx_word' id='word_1_485' title='bbox 907 3399 1187 3461; x_wconf 74' lang='lat' dir='ltr'><strong>terrenam</strong></span> <span class='ocrx_word' id='word_1_486' title='bbox 1210 3376 1525 3451; x_wconf 81' lang='lat' dir='ltr'><strong>felicitatem</strong></span> <span class='ocrx_word' id='word_1_487' title='bbox 1554 3388 1834 3459; x_wconf 88' lang='lat' dir='ltr'><strong>amabant,</strong></span> 
     </span>
    </p>
   </div>
   <div class='ocr_carea' id='block_1_65' title="bbox 234 3470 1840 3557">
    <p class='ocr_par' dir='ltr' id='par_1_65' title="bbox 234 3470 1840 3557">
     <span class='ocr_line' id='line_1_65' title="bbox 234 3470 1840 3557; baseline 0.002 -22"><span class='ocrx_word' id='word_1_488' title='bbox 234 3481 323 3536; x_wconf 89' lang='lat' dir='ltr'><strong>vel</strong></span> <span class='ocrx_word' id='word_1_489' title='bbox 355 3470 455 3555; x_wconf 88' lang='lat' dir='ltr'><strong>qui</strong></span> <span class='ocrx_word' id='word_1_490' title='bbox 490 3490 708 3557; x_wconf 86' lang='lat' dir='ltr'><strong>terrena</strong></span> <span class='ocrx_word' id='word_1_491' title='bbox 744 3482 943 3555; x_wconf 88' lang='lat' dir='ltr'><strong>damna</strong></span> <span class='ocrx_word' id='word_1_492' title='bbox 970 3481 1074 3537; x_wconf 90' lang='lat' dir='ltr'><strong>sibi</strong></span> <span class='ocrx_word' id='word_1_493' title='bbox 1112 3483 1331 3538; x_wconf 89' lang='lat' dir='ltr'><strong>evenire</strong></span> <span class='ocrx_word' id='word_1_494' title='bbox 1358 3482 1696 3549; x_wconf 77' lang='lat' dir='ltr'><strong>metuebant.</strong></span> <span class='ocrx_word' id='word_1_495' title='bbox 1730 3482 1840 3551; x_wconf 81' lang='lat' dir='ltr'><strong>Sed</strong></span> 
     </span>
    </p>
   </div>
   <div class='ocr_carea' id='block_1_66' title="bbox 236 3568 1841 3646">
    <p class='ocr_par' dir='ltr' id='par_1_66' title="bbox 236 3568 1841 3646">
     <span class='ocr_line' id='line_1_66' title="bbox 236 3568 1841 3646; baseline 0.002 -20"><span class='ocrx_word' id='word_1_496' title='bbox 236 3571 419 3641; x_wconf 91' lang='lat' dir='ltr'><strong>multo</strong></span> <span class='ocrx_word' id='word_1_497' title='bbox 464 3572 639 3643; x_wconf 85' lang='lat' dir='ltr'><strong>magis</strong></span> <span class='ocrx_word' id='word_1_498' title='bbox 685 3579 770 3628; x_wconf 91' lang='lat' dir='ltr'><strong>est</strong></span> <span class='ocrx_word' id='word_1_499' title='bbox 813 3568 1138 3626; x_wconf 89' lang='lat' dir='ltr'><strong>Christianis</strong></span> <span class='ocrx_word' id='word_1_500' title='bbox 1174 3572 1498 3646; x_wconf 84' lang='lat' dir='ltr'><strong>cavendum,</strong></span> <span class='ocrx_word' id='word_1_501' title='bbox 1530 3587 1596 3635; x_wconf 86' lang='lat' dir='ltr'><strong>ne</strong></span> <span class='ocrx_word' id='word_1_502' title='bbox 1617 3578 1841 3643; x_wconf 74' lang='lat' dir='ltr'><strong>promer</strong></span> 
     </span>
    </p>
   </div>
   <div class='ocr_carea' id='block_1_67' title="bbox 237 3652 1842 3733">
    <p class='ocr_par' dir='ltr' id='par_1_67' title="bbox 237 3652 1842 3733">
     <span class='ocr_line' id='line_1_67' title="bbox 237 3652 1842 3733; baseline 0.002 -15"><span class='ocrx_word' id='word_1_503' title='bbox 237 3652 675 3733; x_wconf 83' lang='lat' dir='ltr'><strong>inobedientiam</strong></span> <span class='ocrx_word' id='word_1_504' title='bbox 703 3660 1030 3732; x_wconf 88' lang='lat' dir='ltr'><strong>spiritalium</strong></span> <span class='ocrx_word' id='word_1_505' title='bbox 1069 3676 1256 3721; x_wconf 84' lang='lat' dir='ltr'><strong>rerum</strong></span> <span class='ocrx_word' id='word_1_506' title='bbox 1282 3668 1339 3717; x_wconf 89' lang='lat' dir='ltr'><strong>et</strong></span> <span class='ocrx_word' id='word_1_507' title='bbox 1376 3662 1639 3721; x_wconf 88' lang='lat' dir='ltr'><strong>virtutum</strong></span> <span class='ocrx_word' id='word_1_508' title='bbox 1658 3663 1842 3732; x_wconf 78' lang='lat' dir='ltr'><strong>potius</strong></span> 
     </span>
    </p>
   </div>
   <div class='ocr_carea' id='block_1_68' title="bbox 237 3753 1845 3837">
    <p class='ocr_par' dir='ltr' id='par_1_68' title="bbox 237 3753 1845 3837">
     <span class='ocr_line' id='line_1_68' title="bbox 237 3753 1845 3837; baseline 0.006 -29"><span class='ocrx_word' id='word_1_509' title='bbox 237 3756 533 3835; x_wconf 85' lang='lat' dir='ltr'><strong>patiantur</strong></span> <span class='ocrx_word' id='word_1_510' title='bbox 579 3753 864 3837; x_wconf 77' lang='lat' dir='ltr'><strong>penuriam</strong></span> <span class='ocrx_word' id='word_1_511' title='bbox 898 3768 1061 3824; x_wconf 87' lang='lat' dir='ltr'><strong>quam</strong></span> <span class='ocrx_word' id='word_1_512' title='bbox 1104 3760 1449 3811; x_wconf 75' lang='lat' dir='ltr'><strong>terrenarum</strong></span> <span class='ocrx_word' id='word_1_513' title='bbox 1489 3753 1845 3825; x_wconf 68' lang='lat' dir='ltr'><strong>indigentiam</strong></span> 
     </span>
    </p>
   </div>
   <div class='ocr_carea' id='block_1_69' title="bbox 238 3842 1846 3925">
    <p class='ocr_par' dir='ltr' id='par_1_69' title="bbox 238 3842 1846 3925">
     <span class='ocr_line' id='line_1_69' title="bbox 238 3842 1846 3925; baseline -0.001 -25"><span class='ocrx_word' id='word_1_514' title='bbox 238 3858 458 3900; x_wconf 87' lang='lat' dir='ltr'><strong>rerum.</strong></span> <span class='ocrx_word' id='word_1_515' title='bbox 492 3842 626 3908; x_wconf 87' lang='lat' dir='ltr'><strong>Quia</strong></span> <span class='ocrx_word' id='word_1_516' title='bbox 653 3844 848 3915; x_wconf 76' lang='lat' dir='ltr'><strong>saepius</strong></span> <span class='ocrx_word' id='word_1_517' title='bbox 890 3842 1121 3923; x_wconf 84' lang='lat' dir='ltr'><strong>legimus</strong></span> <span class='ocrx_word' id='word_1_518' title='bbox 1141 3842 1414 3925; x_wconf 79' lang='lat' dir='ltr'><strong>perfectos</strong></span> <span class='ocrx_word' id='word_1_519' title='bbox 1435 3843 1587 3915; x_wconf 80' lang='lat' dir='ltr'><strong>viros</strong></span> <span class='ocrx_word' id='word_1_520' title='bbox 1606 3858 1846 3915; x_wconf 61' lang='lat' dir='ltr'><strong>praesen.</strong></span> 
     </span>
    </p>
   </div>
   <div class='ocr_carea' id='block_1_70' title="bbox 237 3926 1847 4015">
    <p class='ocr_par' dir='ltr' id='par_1_70' title="bbox 237 3926 1847 4015">
     <span class='ocr_line' id='line_1_70' title="bbox 237 3926 1847 4015; baseline 0.002 -24"><span class='ocrx_word' id='word_1_521' title='bbox 237 3937 390 4015; x_wconf 78' lang='lat' dir='ltr'><strong>tium</strong></span> <span class='ocrx_word' id='word_1_522' title='bbox 444 3926 628 3989; x_wconf 82' lang='lat' dir='ltr'><strong>rerum</strong></span> <span class='ocrx_word' id='word_1_523' title='bbox 670 3932 1023 4007; x_wconf 82' lang='lat' dir='ltr'><strong>indigentiam</strong></span> <span class='ocrx_word' id='word_1_524' title='bbox 1077 3934 1212 4015; x_wconf 88' lang='lat' dir='ltr'><strong>pati,</strong></span> <span class='ocrx_word' id='word_1_525' title='bbox 1250 3934 1345 3990; x_wconf 89' lang='lat' dir='ltr'><strong>sed</strong></span> <span class='ocrx_word' id='word_1_526' title='bbox 1374 3942 1557 4001; x_wconf 76' lang='lat' dir='ltr'><strong>tamen</strong></span> <span class='ocrx_word' id='word_1_527' title='bbox 1584 3935 1847 4001; x_wconf 77' lang='lat' dir='ltr'><strong>virtutum</strong></span> 
     </span>
    </p>
   </div>
   <div class='ocr_carea' id='block_1_71' title="bbox 241 4018 1849 4109">
    <p class='ocr_par' dir='ltr' id='par_1_71' title="bbox 241 4018 1849 4109">
     <span class='ocr_line' id='line_1_71' title="bbox 241 4018 1849 4109; baseline 0.004 -31"><span class='ocrx_word' id='word_1_528' title='bbox 241 4024 409 4097; x_wconf 85' lang='lat' dir='ltr'><strong>copia</strong></span> <span class='ocrx_word' id='word_1_529' title='bbox 440 4018 668 4109; x_wconf 63' lang='lat' dir='ltr'><strong>repleri;</strong></span> <span class='ocrx_word' id='word_1_530' title='bbox 700 4022 844 4079; x_wconf 88' lang='lat' dir='ltr'><strong>sicut</strong></span> <span class='ocrx_word' id='word_1_531' title='bbox 883 4021 1163 4103; x_wconf 87' lang='lat' dir='ltr'><strong>apostolus</strong></span> <span class='ocrx_word' id='word_1_532' title='bbox 1188 4023 1390 4080; x_wconf 91' lang='lat' dir='ltr'><strong>Paulus</strong></span> <span class='ocrx_word' id='word_1_533' title='bbox 1432 4025 1536 4085; x_wconf 80' lang='lat' dir='ltr'><strong>sibi</strong></span> <span class='ocrx_word' id='word_1_534' title='bbox 1566 4033 1624 4083; x_wconf 88' lang='lat' dir='ltr'><strong>et</strong></span> <span class='ocrx_word' id='word_1_535' title='bbox 1653 4041 1849 4098; x_wconf 82' lang='lat' dir='ltr'><strong>coope-</strong></span> 
     </span>
    </p>
   </div>
   <div class='ocr_carea' id='block_1_72' title="bbox 237 4111 1844 4193">
    <p class='ocr_par' dir='ltr' id='par_1_72' title="bbox 237 4111 1844 4193">
     <span class='ocr_line' id='line_1_72' title="bbox 237 4111 1844 4193; baseline 0.002 -23"><span class='ocrx_word' id='word_1_536' title='bbox 237 4111 532 4189; x_wconf 84' lang='lat' dir='ltr'><strong>ratoribus</strong></span> <span class='ocrx_word' id='word_1_537' title='bbox 578 4113 691 4181; x_wconf 84' lang='lat' dir='ltr'><strong>suis</strong></span> <span class='ocrx_word' id='word_1_538' title='bbox 727 4113 1023 4185; x_wconf 67' lang='lat' dir='ltr'><strong>saepissime</strong></span> <span class='ocrx_word' id='word_1_539' title='bbox 1063 4114 1283 4171; x_wconf 86' lang='lat' dir='ltr'><strong>evenire</strong></span> <span class='ocrx_word' id='word_1_540' title='bbox 1333 4121 1571 4193; x_wconf 81' lang='lat' dir='ltr'><strong>testatur</strong></span> <span class='ocrx_word' id='word_1_541' title='bbox 1613 4116 1844 4185; x_wconf 76' lang='lat' dir='ltr'><strong>dicens;</strong></span> 
     </span>
    </p>
   </div>
   <div class='ocr_carea' id='block_1_73' title="bbox 244 4204 1850 4277">
    <p class='ocr_par' dir='ltr' id='par_1_73' title="bbox 244 4204 1850 4277">
     <span class='ocr_line' id='line_1_73' title="bbox 244 4204 1850 4277; baseline 0.004 -16"><span class='ocrx_word' id='word_1_542' title='bbox 244 4226 267 4261; x_wconf 72' lang='grc' dir='ltr'><strong>ι</strong></span> <span class='ocrx_word' id='word_1_543' title='bbox 303 4205 500 4276; x_wconf 88' lang='lat' dir='ltr'><strong>Usque</strong></span> <span class='ocrx_word' id='word_1_544' title='bbox 525 4204 591 4259; x_wconf 90' lang='lat' dir='ltr'><strong>ad</strong></span> <span class='ocrx_word' id='word_1_545' title='bbox 611 4205 752 4260; x_wconf 87' lang='lat' dir='ltr'><strong>hanc</strong></span> <span class='ocrx_word' id='word_1_546' title='bbox 776 4207 965 4261; x_wconf 89' lang='lat' dir='ltr'><strong>horam</strong></span> <span class='ocrx_word' id='word_1_547' title='bbox 988 4206 1279 4274; x_wconf 74' lang='lat' dir='ltr'><strong>eSurimus,</strong></span> <span class='ocrx_word' id='word_1_548' title='bbox 1298 4215 1355 4264; x_wconf 93' lang='lat' dir='ltr'><strong>et</strong></span> <span class='ocrx_word' id='word_1_549' title='bbox 1373 4209 1607 4277; x_wconf 76' lang='lat' dir='ltr'><strong>sitimus,</strong></span> <span class='ocrx_word' id='word_1_550' title='bbox 1632 4218 1687 4264; x_wconf 91' lang='lat' dir='ltr'><strong>et</strong></span> <span class='ocrx_word' id='word_1_551' title='bbox 1717 4211 1850 4267; x_wconf 88' lang='lat' dir='ltr'><strong>nudi</strong></span> 
     </span>
    </p>
   </div>
   <div class='ocr_carea' id='block_1_74' title="bbox 241 4290 1852 4366">
    <p class='ocr_par' dir='ltr' id='par_1_74' title="bbox 241 4290 1852 4366">
     <span class='ocr_line' id='line_1_74' title="bbox 241 4290 1852 4366; baseline 0.001 -12"><span class='ocrx_word' id='word_1_552' title='bbox 241 4309 467 4362; x_wconf 88' lang='lat' dir='ltr'><strong>sumus,</strong></span> <span class='ocrx_word' id='word_1_553' title='bbox 485 4300 539 4347; x_wconf 74' lang='lat' dir='ltr'><strong>et</strong></span> <span class='ocrx_word' id='word_1_554' title='bbox 559 4293 800 4365; x_wconf 81' lang='lat' dir='ltr'><strong>colaphis</strong></span> <span class='ocrx_word' id='word_1_555' title='bbox 815 4295 1095 4365; x_wconf 82' lang='lat' dir='ltr'><strong>caedimur,</strong></span> <span class='ocrx_word' id='word_1_556' title='bbox 1116 4305 1172 4350; x_wconf 92' lang='lat' dir='ltr'><strong>et</strong></span> <span class='ocrx_word' id='word_1_557' title='bbox 1187 4296 1471 4352; x_wconf 88' lang='lat' dir='ltr'><strong>instabiles</strong></span> <span class='ocrx_word' id='word_1_558' title='bbox 1492 4290 1699 4366; x_wconf 68' lang='lat' dir='ltr'><strong>Sumus,</strong></span> <span class='ocrx_word' id='word_1_559' title='bbox 1715 4299 1852 4355; x_wconf 86' lang='lat' dir='ltr'><strong>etla-</strong></span> 
     </span>
    </p>
   </div>
   <div class='ocr_carea' id='block_1_75' title="bbox 240 4387 1854 4457">
    <p class='ocr_par' dir='ltr' id='par_1_75' title="bbox 240 4387 1854 4457">
     <span class='ocr_line' id='line_1_75' title="bbox 240 4387 1854 4457; baseline 0.002 -12"><span class='ocrx_word' id='word_1_560' title='bbox 240 4388 540 4455; x_wconf 89' lang='lat' dir='ltr'><strong>boramus,</strong></span> <span class='ocrx_word' id='word_1_561' title='bbox 554 4395 844 4457; x_wconf 86' lang='lat' dir='ltr'><strong>operanies</strong></span> <span class='ocrx_word' id='word_1_562' title='bbox 863 4387 1114 4443; x_wconf 88' lang='lat' dir='ltr'><strong>manibus</strong></span> <span class='ocrx_word' id='word_1_563' title='bbox 1127 4388 1331 4455; x_wconf 87' lang='lat' dir='ltr'><strong>nostris</strong></span> <span class='ocrx_word' id='word_1_564' title='bbox 1349 4406 1363 4443; x_wconf 90' lang='lat'><strong>:</strong></span> <span class='ocrx_word' id='word_1_565' title='bbox 1382 4388 1726 4447; x_wconf 91' lang='lat' dir='ltr'><strong>maledicimu</strong></span> <span class='ocrx_word' id='word_1_566' title='bbox 1736 4408 1780 4457; x_wconf 71' lang='grc' dir='ltr'><strong>ι’,</strong></span> <span class='ocrx_word' id='word_1_567' title='bbox 1797 4400 1854 4449; x_wconf 91' lang='lat' dir='ltr'><strong>et</strong></span> 
     </span>
    </p>
   </div>
   <div class='ocr_carea' id='block_1_76' title="bbox 254 4478 1849 4553">
    <p class='ocr_par' dir='ltr' id='par_1_76' title="bbox 254 4478 1849 4553">
     <span class='ocr_line' id='line_1_76' title="bbox 254 4478 1849 4553; baseline 0.003 -14"><span class='ocrx_word' id='word_1_568' title='bbox 254 4478 662 4546; x_wconf 86' lang='lat' dir='ltr'><strong>benedicimus,</strong></span> <span class='ocrx_word' id='word_1_569' title='bbox 692 4488 1121 4553; x_wconf 78' lang='lat' dir='ltr'><strong>persecutionem</strong></span> <span class='ocrx_word' id='word_1_570' title='bbox 1137 4480 1395 4552; x_wconf 88' lang='lat' dir='ltr'><strong>patimur,</strong></span> <span class='ocrx_word' id='word_1_571' title='bbox 1414 4488 1469 4537; x_wconf 91' lang='lat' dir='ltr'><strong>et</strong></span> <span class='ocrx_word' id='word_1_572' title='bbox 1484 4482 1849 4553; x_wconf 80' lang='lat' dir='ltr'><strong>sustinemus;</strong></span> 
     </span>
    </p>
   </div>
   <div class='ocr_carea' id='block_1_77' title="bbox 1946 3273 3589 3350">
    <p class='ocr_par' dir='ltr' id='par_1_77' title="bbox 1946 3273 3589 3350">
     <span class='ocr_line' id='line_1_77' title="bbox 1946 3273 3589 3350; baseline 0.003 -18"><span class='ocrx_word' id='word_1_573' title='bbox 1946 3284 2002 3332; x_wconf 93' lang='lat' dir='ltr'><strong>et</strong></span> <span class='ocrx_word' id='word_1_574' title='bbox 2025 3291 2188 3349; x_wconf 89' lang='lat' dir='ltr'><strong>super</strong></span> <span class='ocrx_word' id='word_1_575' title='bbox 2232 3275 2397 3332; x_wconf 87' lang='lat' dir='ltr'><strong>lsrael</strong></span> <span class='ocrx_word' id='word_1_576' title='bbox 2450 3275 2547 3332; x_wconf 89' lang='lat' dir='ltr'><strong>Dei</strong></span> <span class='ocrx_word' id='word_1_577' title='bbox 2584 3296 2604 3330; x_wconf 77' lang='grc' dir='ltr'><strong>ι</strong></span> <span class='ocrx_word' id='word_1_578' title='bbox 2658 3273 2801 3349; x_wconf 88' lang='lat' dir='ltr'><strong>(Gal.</strong></span> <span class='ocrx_word' id='word_1_579' title='bbox 2852 3276 2951 3350; x_wconf 78' lang='lat' dir='ltr'><strong>vi).</strong></span> <span class='ocrx_word' id='word_1_580' title='bbox 3009 3295 3028 3337; x_wconf 73' lang='grc' dir='ltr'><strong>ι</strong></span> <span class='ocrx_word' id='word_1_581' title='bbox 3066 3276 3404 3345; x_wconf 76' lang='lat' dir='ltr'><strong>Maledictus.</strong></span> <span class='ocrx_word' id='word_1_582' title='bbox 3441 3276 3539 3349; x_wconf 82' lang='lat' dir='ltr'><strong>qui</strong></span> <span class='ocrx_word' id='word_1_583' title='bbox 3585 3275 3589 3280; x_wconf 78' lang='grc'><strong>’</strong></span> 
     </span>
    </p>
   </div>
   <div class='ocr_carea' id='block_1_78' title="bbox 1942 3364 3539 3445">
    <p class='ocr_par' dir='ltr' id='par_1_78' title="bbox 1942 3364 3539 3445">
     <span class='ocr_line' id='line_1_78' title="bbox 1942 3364 3539 3445; baseline 0.001 -22"><span class='ocrx_word' id='word_1_584' title='bbox 1942 3367 2203 3445; x_wconf 86' lang='lat' dir='ltr'><strong>pervertit</strong></span> <span class='ocrx_word' id='word_1_585' title='bbox 2229 3364 2496 3436; x_wconf 87' lang='lat' dir='ltr'><strong>judicium</strong></span> <span class='ocrx_word' id='word_1_586' title='bbox 2541 3367 2782 3435; x_wconf 86' lang='lat' dir='ltr'><strong>advenae,</strong></span> <span class='ocrx_word' id='word_1_587' title='bbox 2804 3366 2998 3445; x_wconf 88' lang='lat' dir='ltr'><strong>pupilli</strong></span> <span class='ocrx_word' id='word_1_588' title='bbox 3025 3376 3080 3424; x_wconf 87' lang='lat' dir='ltr'><strong>et</strong></span> <span class='ocrx_word' id='word_1_589' title='bbox 3109 3369 3302 3426; x_wconf 62' lang='lat' dir='ltr'><strong>viduas.</strong></span> <span class='ocrx_word' id='word_1_590' title='bbox 3341 3386 3361 3421; x_wconf 71' lang='grc' dir='ltr'><strong>ι</strong></span> <span class='ocrx_word' id='word_1_591' title='bbox 3391 3365 3539 3438; x_wconf 82' lang='lat' dir='ltr'><strong>lnjtt-</strong></span> 
     </span>
    </p>
   </div>
   <div class='ocr_carea' id='block_1_79' title="bbox 1945 3460 3539 3534">
    <p class='ocr_par' dir='ltr' id='par_1_79' title="bbox 1945 3460 3539 3534">
     <span class='ocr_line' id='line_1_79' title="bbox 1945 3460 3539 3534; baseline -0.001 -15"><span class='ocrx_word' id='word_1_592' title='bbox 1945 3472 2090 3519; x_wconf 83' lang='lat' dir='ltr'><strong>stum</strong></span> <span class='ocrx_word' id='word_1_593' title='bbox 2129 3461 2398 3534; x_wconf 84' lang='lat' dir='ltr'><strong>judicium</strong></span> <span class='ocrx_word' id='word_1_594' title='bbox 2435 3461 2641 3518; x_wconf 90' lang='lat' dir='ltr'><strong>nemini</strong></span> <span class='ocrx_word' id='word_1_595' title='bbox 2688 3460 2990 3529; x_wconf 82' lang='lat' dir='ltr'><strong>secundum</strong></span> <span class='ocrx_word' id='word_1_596' title='bbox 3036 3461 3326 3527; x_wconf 84' lang='lat' dir='ltr'><strong>historiam</strong></span> <span class='ocrx_word' id='word_1_597' title='bbox 3353 3460 3539 3521; x_wconf 83' lang='lat' dir='ltr'><strong>facere</strong></span> 
     </span>
    </p>
   </div>
   <div class='ocr_carea' id='block_1_80' title="bbox 1938 3540 3538 3624">
    <p class='ocr_par' dir='ltr' id='par_1_80' title="bbox 1938 3540 3538 3624">
     <span class='ocr_line' id='line_1_80' title="bbox 1938 3540 3538 3624; baseline 0.001 -17"><span class='ocrx_word' id='word_1_598' title='bbox 1938 3540 2098 3621; x_wconf 81' lang='lat' dir='ltr'><strong>licet,</strong></span> <span class='ocrx_word' id='word_1_599' title='bbox 2128 3553 2222 3609; x_wconf 87' lang='lat' dir='ltr'><strong>sed</strong></span> <span class='ocrx_word' id='word_1_600' title='bbox 2250 3568 2351 3609; x_wconf 92' lang='lat' dir='ltr'><strong>nec</strong></span> <span class='ocrx_word' id='word_1_601' title='bbox 2401 3552 2698 3608; x_wconf 89' lang='lat' dir='ltr'><strong>secundum</strong></span> <span class='ocrx_word' id='word_1_602' title='bbox 2727 3552 3048 3624; x_wconf 79' lang='lat' dir='ltr'><strong>allegoriam</strong></span> <span class='ocrx_word' id='word_1_603' title='bbox 3078 3553 3347 3619; x_wconf 84' lang='lat' dir='ltr'><strong>advenam</strong></span> <span class='ocrx_word' id='word_1_604' title='bbox 3374 3552 3538 3623; x_wconf 89' lang='lat' dir='ltr'><strong>spiri-</strong></span> 
     </span>
    </p>
   </div>
   <div class='ocr_carea' id='block_1_81' title="bbox 1948 3639 3541 3714">
    <p class='ocr_par' dir='ltr' id='par_1_81' title="bbox 1948 3639 3541 3714">
     <span class='ocr_line' id='line_1_81' title="bbox 1948 3639 3541 3714; baseline -0.001 -15"><span class='ocrx_word' id='word_1_605' title='bbox 1948 3643 2138 3708; x_wconf 88' lang='lat' dir='ltr'><strong>talem,</strong></span> <span class='ocrx_word' id='word_1_606' title='bbox 2188 3642 2452 3714; x_wconf 90' lang='lat' dir='ltr'><strong>pupillum</strong></span> <span class='ocrx_word' id='word_1_607' title='bbox 2502 3649 2669 3713; x_wconf 89' lang='lat' dir='ltr'><strong>atque</strong></span> <span class='ocrx_word' id='word_1_608' title='bbox 2713 3640 2954 3709; x_wconf 80' lang='lat' dir='ltr'><strong>viduam,</strong></span> <span class='ocrx_word' id='word_1_609' title='bbox 2989 3639 3190 3713; x_wconf 79' lang='lat' dir='ltr'><strong>injuste</strong></span> <span class='ocrx_word' id='word_1_610' title='bbox 3231 3641 3541 3712; x_wconf 83' lang='lat' dir='ltr'><strong>opprimere</strong></span> 
     </span>
    </p>
   </div>
   <div class='ocr_carea' id='block_1_82' title="bbox 1952 3731 3542 3809">
    <p class='ocr_par' dir='ltr' id='par_1_82' title="bbox 1952 3731 3542 3809">
     <span class='ocr_line' id='line_1_82' title="bbox 1952 3731 3542 3809; baseline -0.001 -19"><span class='ocrx_word' id='word_1_611' title='bbox 1952 3733 2110 3790; x_wconf 88' lang='lat' dir='ltr'><strong>decet</strong></span> <span class='ocrx_word' id='word_1_612' title='bbox 2138 3750 2152 3787; x_wconf 88' lang='lat'>:</span> <span class='ocrx_word' id='word_1_613' title='bbox 2183 3734 2445 3805; x_wconf 88' lang='lat' dir='ltr'><strong>pupillum</strong></span> <span class='ocrx_word' id='word_1_614' title='bbox 2474 3733 2681 3804; x_wconf 89' lang='lat' dir='ltr'><strong>utique,</strong></span> <span class='ocrx_word' id='word_1_615' title='bbox 2714 3731 2779 3788; x_wconf 91' lang='lat' dir='ltr'><strong>de</strong></span> <span class='ocrx_word' id='word_1_616' title='bbox 2802 3746 2909 3807; x_wconf 85' lang='lat' dir='ltr'><strong>quo</strong></span> <span class='ocrx_word' id='word_1_617' title='bbox 2939 3733 2993 3787; x_wconf 86' lang='lat' dir='ltr'><strong>in</strong></span> <span class='ocrx_word' id='word_1_618' title='bbox 3019 3732 3229 3805; x_wconf 82' lang='lat' dir='ltr'><strong>psalmo</strong></span> <span class='ocrx_word' id='word_1_619' title='bbox 3269 3738 3355 3788; x_wconf 91' lang='lat' dir='ltr'><strong>est</strong></span> <span class='ocrx_word' id='word_1_620' title='bbox 3401 3733 3542 3809; x_wconf 65' lang='lat' dir='ltr'><strong>scri-</strong></span> 
     </span>
    </p>
   </div>
   <div class='ocr_carea' id='block_1_83' title="bbox 1948 3821 3543 3898">
    <p class='ocr_par' dir='ltr' id='par_1_83' title="bbox 1948 3821 3543 3898">
     <span class='ocr_line' id='line_1_83' title="bbox 1948 3821 3543 3898; baseline 0.003 -18"><span class='ocrx_word' id='word_1_621' title='bbox 1948 3837 2106 3898; x_wconf 90' lang='lat' dir='ltr'><strong>ptum</strong></span> <span class='ocrx_word' id='word_1_622' title='bbox 2135 3839 2148 3878; x_wconf 93' lang='lat'><strong>:</strong></span> <span class='ocrx_word' id='word_1_623' title='bbox 2182 3842 2199 3875; x_wconf 79' lang='grc' dir='ltr'><strong>ι</strong></span> <span class='ocrx_word' id='word_1_624' title='bbox 2236 3822 2376 3891; x_wconf 88' lang='lat' dir='ltr'><strong>Tibi,</strong></span> <span class='ocrx_word' id='word_1_625' title='bbox 2402 3823 2650 3891; x_wconf 88' lang='lat' dir='ltr'><strong>Domine,</strong></span> <span class='ocrx_word' id='word_1_626' title='bbox 2690 3821 2985 3893; x_wconf 57' lang='lat' dir='ltr'><strong>derelictus</strong></span> <span class='ocrx_word' id='word_1_627' title='bbox 3036 3832 3120 3880; x_wconf 89' lang='lat' dir='ltr'><strong>est</strong></span> <span class='ocrx_word' id='word_1_628' title='bbox 3162 3837 3372 3895; x_wconf 81' lang='lat' dir='ltr'><strong>pauper</strong></span> <span class='ocrx_word' id='word_1_629' title='bbox 3402 3839 3420 3883; x_wconf 72' lang='grc' dir='ltr'><em>ε</em></span> <span class='ocrx_word' id='word_1_630' title='bbox 3453 3839 3543 3885; x_wconf 83' lang='grc' dir='ltr'><strong>οι·-</strong></span> 
     </span>
    </p>
   </div>
   <div class='ocr_carea' id='block_1_84' title="bbox 1950 3916 3543 3995">
    <p class='ocr_par' dir='ltr' id='par_1_84' title="bbox 1950 3916 3543 3995">
     <span class='ocr_line' id='line_1_84' title="bbox 1950 3916 3543 3995; baseline 0.001 -17"><span class='ocrx_word' id='word_1_631' title='bbox 1950 3922 2133 3995; x_wconf 90' lang='lat' dir='ltr'><strong>phano</strong></span> <span class='ocrx_word' id='word_1_632' title='bbox 2158 3929 2216 3979; x_wconf 88' lang='lat' dir='ltr'><strong>tu</strong></span> <span class='ocrx_word' id='word_1_633' title='bbox 2247 3920 2356 3976; x_wconf 90' lang='lat' dir='ltr'><strong>eris</strong></span> <span class='ocrx_word' id='word_1_634' title='bbox 2388 3919 2602 3992; x_wconf 85' lang='lat' dir='ltr'><strong>adjutor</strong></span> <span class='ocrx_word' id='word_1_635' title='bbox 2631 3939 2649 3972; x_wconf 76' lang='grc' dir='ltr'><strong>ι</strong></span> <span class='ocrx_word' id='word_1_636' title='bbox 2703 3917 2878 3993; x_wconf 50' lang='lat' dir='ltr'><strong>(Paul,</strong></span> <span class='ocrx_word' id='word_1_637' title='bbox 2910 3917 3010 3990; x_wconf 65' lang='grc' dir='ltr'><strong>ιιι).</strong></span> <span class='ocrx_word' id='word_1_638' title='bbox 3052 3916 3285 3977; x_wconf 85' lang='lat' dir='ltr'><strong>Viduam</strong></span> <span class='ocrx_word' id='word_1_639' title='bbox 3335 3926 3543 3985; x_wconf 81' lang='lat' dir='ltr'><strong>autem.</strong></span> 
     </span>
    </p>
   </div>
   <div class='ocr_carea' id='block_1_85' title="bbox 1956 4010 3543 4085">
    <p class='ocr_par' dir='ltr' id='par_1_85' title="bbox 1956 4010 3543 4085">
     <span class='ocr_line' id='line_1_85' title="bbox 1956 4010 3543 4085; baseline -0.003 -15"><span class='ocrx_word' id='word_1_640' title='bbox 1956 4013 2023 4070; x_wconf 91' lang='lat' dir='ltr'><strong>de</strong></span> <span class='ocrx_word' id='word_1_641' title='bbox 2066 4028 2176 4085; x_wconf 91' lang='lat' dir='ltr'><strong>qua</strong></span> <span class='ocrx_word' id='word_1_642' title='bbox 2221 4012 2366 4068; x_wconf 89' lang='lat' dir='ltr'><strong>idem</strong></span> <span class='ocrx_word' id='word_1_643' title='bbox 2417 4010 2685 4084; x_wconf 88' lang='lat' dir='ltr'><strong>Propheta</strong></span> <span class='ocrx_word' id='word_1_644' title='bbox 2738 4026 2805 4067; x_wconf 81' lang='lat' dir='ltr'><strong>ex</strong></span> <span class='ocrx_word' id='word_1_645' title='bbox 2853 4024 3085 4080; x_wconf 83' lang='lat' dir='ltr'><strong>persona</strong></span> <span class='ocrx_word' id='word_1_646' title='bbox 3137 4010 3354 4071; x_wconf 83' lang='lat' dir='ltr'><strong>Domini</strong></span> <span class='ocrx_word' id='word_1_647' title='bbox 3417 4010 3543 4069; x_wconf 77' lang='lat' dir='ltr'><strong>ait:</strong></span> 
     </span>
    </p>
   </div>
   <div class='ocr_carea' id='block_1_86' title="bbox 1964 4101 3545 4177">
    <p class='ocr_par' dir='ltr' id='par_1_86' title="bbox 1964 4101 3545 4177">
     <span class='ocr_line' id='line_1_86' title="bbox 1964 4101 3545 4177; baseline 0.002 -20"><span class='ocrx_word' id='word_1_648' title='bbox 1964 4122 1983 4157; x_wconf 75' lang='grc' dir='ltr'><strong>ι</strong></span> <span class='ocrx_word' id='word_1_649' title='bbox 2018 4103 2247 4163; x_wconf 76' lang='lat' dir='ltr'><strong>Viduam</strong></span> <span class='ocrx_word' id='word_1_650' title='bbox 2261 4102 2377 4174; x_wconf 89' lang='lat' dir='ltr'><strong>ejus</strong></span> <span class='ocrx_word' id='word_1_651' title='bbox 2394 4103 2720 4165; x_wconf 84' lang='lat' dir='ltr'><strong>benedicens</strong></span> <span class='ocrx_word' id='word_1_652' title='bbox 2743 4103 3062 4167; x_wconf 81' lang='lat' dir='ltr'><strong>benedicam</strong></span> <span class='ocrx_word' id='word_1_653' title='bbox 3084 4122 3102 4155; x_wconf 73' lang='grc' dir='ltr'><strong>ι</strong></span> <span class='ocrx_word' id='word_1_654' title='bbox 3140 4101 3316 4176; x_wconf 73' lang='grc' dir='ltr'><strong>(Ρεαι.</strong></span> <span class='ocrx_word' id='word_1_655' title='bbox 3335 4103 3545 4177; x_wconf 75' lang='lat' dir='ltr'><strong>cmi).</strong></span> 
     </span>
    </p>
   </div>
   <div class='ocr_carea' id='block_1_87' title="bbox 1965 4196 3551 4269">
    <p class='ocr_par' dir='ltr' id='par_1_87' title="bbox 1965 4196 3551 4269">
     <span class='ocr_line' id='line_1_87' title="bbox 1965 4196 3551 4269; baseline 0.004 -21"><span class='ocrx_word' id='word_1_656' title='bbox 1965 4215 1984 4248; x_wconf 80' lang='grc' dir='ltr'><strong>ι</strong></span> <span class='ocrx_word' id='word_1_657' title='bbox 2029 4196 2345 4254; x_wconf 80' lang='lat' dir='ltr'><strong>Maledictus</strong></span> <span class='ocrx_word' id='word_1_658' title='bbox 2389 4199 2481 4269; x_wconf 92' lang='lat' dir='ltr'><strong>qui</strong></span> <span class='ocrx_word' id='word_1_659' title='bbox 2517 4197 2720 4263; x_wconf 86' lang='lat' dir='ltr'><strong>dormit</strong></span> <span class='ocrx_word' id='word_1_660' title='bbox 2756 4213 2879 4260; x_wconf 81' lang='lat' dir='ltr'><strong>cum</strong></span> <span class='ocrx_word' id='word_1_661' title='bbox 2933 4212 3102 4257; x_wconf 78' lang='lat' dir='ltr'><strong>uxore</strong></span> <span class='ocrx_word' id='word_1_662' title='bbox 3144 4198 3320 4268; x_wconf 87' lang='lat' dir='ltr'><strong>patris</strong></span> <span class='ocrx_word' id='word_1_663' title='bbox 3356 4198 3463 4266; x_wconf 87' lang='lat' dir='ltr'><strong>sui,</strong></span> <span class='ocrx_word' id='word_1_664' title='bbox 3492 4205 3551 4255; x_wconf 86' lang='lat' dir='ltr'><strong>et</strong></span> 
     </span>
    </p>
   </div>
   <div class='ocr_carea' id='block_1_88' title="bbox 1967 4288 3549 4361">
    <p class='ocr_par' dir='ltr' id='par_1_88' title="bbox 1967 4288 3549 4361">
     <span class='ocr_line' id='line_1_88' title="bbox 1967 4288 3549 4361; baseline 0.004 -21"><span class='ocrx_word' id='word_1_665' title='bbox 1967 4305 1987 4340; x_wconf 84' lang='grc'><strong><em>‹</em></strong></span> <span class='ocrx_word' id='word_1_666' title='bbox 2022 4289 2227 4345; x_wconf 87' lang='lat' dir='ltr'><strong>revelat</strong></span> <span class='ocrx_word' id='word_1_667' title='bbox 2264 4290 2666 4361; x_wconf 82' lang='lat' dir='ltr'><strong>operimentum</strong></span> <span class='ocrx_word' id='word_1_668' title='bbox 2693 4290 2832 4361; x_wconf 84' lang='lat' dir='ltr'><strong>ejus.</strong></span> <span class='ocrx_word' id='word_1_669' title='bbox 2862 4309 2883 4352; x_wconf 65' lang='grc' dir='ltr'><strong>ι</strong></span> <span class='ocrx_word' id='word_1_670' title='bbox 2915 4288 3261 4348; x_wconf 76' lang='lat' dir='ltr'><strong>Manifestum</strong></span> <span class='ocrx_word' id='word_1_671' title='bbox 3289 4296 3375 4346; x_wconf 90' lang='lat' dir='ltr'><strong>est</strong></span> <span class='ocrx_word' id='word_1_672' title='bbox 3400 4290 3549 4359; x_wconf 82' lang='lat' dir='ltr'><strong>enim</strong></span> 
     </span>
    </p>
   </div>
   <div class='ocr_carea' id='block_1_89' title="bbox 1959 4381 3542 4451">
    <p class='ocr_par' dir='ltr' id='par_1_89' title="bbox 1959 4381 3542 4451">
     <span class='ocr_line' id='line_1_89' title="bbox 1959 4381 3542 4451; baseline 0.002 -17"><span class='ocrx_word' id='word_1_673' title='bbox 1959 4381 2106 4450; x_wconf 89' lang='lat' dir='ltr'><strong>quod</strong></span> <span class='ocrx_word' id='word_1_674' title='bbox 2127 4382 2304 4439; x_wconf 90' lang='lat' dir='ltr'><strong>omnis</strong></span> <span class='ocrx_word' id='word_1_675' title='bbox 2334 4382 2575 4439; x_wconf 88' lang='lat' dir='ltr'><strong>incestus</strong></span> <span class='ocrx_word' id='word_1_676' title='bbox 2633 4382 2964 4443; x_wconf 84' lang='lat' dir='ltr'><strong>abominatio</strong></span> <span class='ocrx_word' id='word_1_677' title='bbox 3018 4389 3103 4436; x_wconf 92' lang='lat' dir='ltr'><strong>est</strong></span> <span class='ocrx_word' id='word_1_678' title='bbox 3155 4383 3299 4451; x_wconf 91' lang='lat' dir='ltr'><strong>apud</strong></span> <span class='ocrx_word' id='word_1_679' title='bbox 3350 4382 3542 4439; x_wconf 88' lang='lat' dir='ltr'><strong>Deum.</strong></span> 
     </span>
    </p>
   </div>
   <div class='ocr_carea' id='block_1_90' title="bbox 1965 4470 3551 4546">
    <p class='ocr_par' dir='ltr' id='par_1_90' title="bbox 1965 4470 3551 4546">
     <span class='ocr_line' id='line_1_90' title="bbox 1965 4470 3551 4546; baseline 0.003 -19"><span class='ocrx_word' id='word_1_680' title='bbox 1965 4470 2071 4528; x_wconf 88' lang='lat' dir='ltr'><strong>Sed</strong></span> <span class='ocrx_word' id='word_1_681' title='bbox 2107 4482 2290 4531; x_wconf 87' lang='lat' dir='ltr'><strong>tamen</strong></span> <span class='ocrx_word' id='word_1_682' title='bbox 2315 4474 2418 4532; x_wconf 90' lang='lat' dir='ltr'><strong>hac</strong></span> <span class='ocrx_word' id='word_1_683' title='bbox 2463 4477 2734 4533; x_wconf 86' lang='lat' dir='ltr'><strong>sententia</strong></span> <span class='ocrx_word' id='word_1_684' title='bbox 2765 4474 3063 4546; x_wconf 80' lang='lat' dir='ltr'><strong>legislator,</strong></span> <span class='ocrx_word' id='word_1_685' title='bbox 3089 4473 3389 4533; x_wconf 89' lang='lat' dir='ltr'><strong>secundum</strong></span> <span class='ocrx_word' id='word_1_686' title='bbox 3415 4474 3551 4531; x_wconf 86' lang='lat' dir='ltr'><strong>alie-</strong></span> 
     </span>
    </p>
   </div>
   <div class='ocr_carea' id='block_1_91' title="bbox 244 4549 3547 4655">
    <p class='ocr_par' dir='ltr' id='par_1_91' title="bbox 244 4549 3547 4655">
     <span class='ocr_line' id='line_1_91' title="bbox 244 4549 3547 4655; baseline -0.002 -25"><span class='ocrx_word' id='word_1_687' title='bbox 244 4549 718 4655; x_wconf 21' lang='lat' dir='ltr'><strong>blasphemamurﬁ,</strong></span> <span class='ocrx_word' id='word_1_688' title='bbox 744 4579 800 4626; x_wconf 91' lang='lat' dir='ltr'><strong>et</strong></span> <span class='ocrx_word' id='word_1_689' title='bbox 839 4549 1185 4637; x_wconf 69' lang='lat' dir='ltr'><strong>obsecramus</strong></span> <span class='ocrx_word' id='word_1_690' title='bbox 1208 4588 1226 4626; x_wconf 80' lang='lat'><strong>°.</strong></span> <span class='ocrx_word' id='word_1_691' title='bbox 1254 4580 1510 4644; x_wconf 84' lang='lat' dir='ltr'><strong>tanquam</strong></span> <span class='ocrx_word' id='word_1_692' title='bbox 1531 4549 1856 4649; x_wconf 52' lang='lat' dir='ltr'><strong>purgamen...</strong></span> <span class='ocrx_word' id='word_1_693' title='bbox 1879 4549 1934 4613; x_wconf 84' lang='grc' dir='ltr'><strong>Ῑ)</strong></span> <span class='ocrx_word' id='word_1_694' title='bbox 1960 4568 2190 4640; x_wconf 89' lang='lat' dir='ltr'><strong>goriam,</strong></span> <span class='ocrx_word' id='word_1_695' title='bbox 2233 4569 2520 4625; x_wconf 72' lang='lat' dir='ltr'><strong>haereticos</strong></span> <span class='ocrx_word' id='word_1_696' title='bbox 2546 4578 2709 4639; x_wconf 90' lang='lat' dir='ltr'><strong>atque</strong></span> <span class='ocrx_word' id='word_1_697' title='bbox 2747 4567 3128 4627; x_wconf 86' lang='lat' dir='ltr'><strong>sehismaticos</strong></span> <span class='ocrx_word' id='word_1_698' title='bbox 3157 4567 3420 4639; x_wconf 83' lang='lat' dir='ltr'><strong>percutit,</strong></span> <span class='ocrx_word' id='word_1_699' title='bbox 3450 4568 3547 4640; x_wconf 90' lang='lat' dir='ltr'><strong>qui</strong></span> 
     </span>
    </p>
   </div>
   <div class='ocr_carea' id='block_1_92' title="bbox 250 4659 1849 4739">
    <p class='ocr_par' dir='ltr' id='par_1_92' title="bbox 250 4659 1849 4739">
     <span class='ocr_line' id='line_1_92' title="bbox 250 4659 1849 4739; baseline 0.005 -25"><span class='ocrx_word' id='word_1_700' title='bbox 250 4671 305 4718; x_wconf 85' lang='lat' dir='ltr'><strong>ta</strong></span> <span class='ocrx_word' id='word_1_701' title='bbox 363 4660 535 4733; x_wconf 88' lang='lat' dir='ltr'><strong>hujus</strong></span> <span class='ocrx_word' id='word_1_702' title='bbox 587 4660 773 4733; x_wconf 85' lang='lat' dir='ltr'><strong>mundi</strong></span> <span class='ocrx_word' id='word_1_703' title='bbox 818 4659 947 4723; x_wconf 82' lang='lat' dir='ltr'><strong>facti</strong></span> <span class='ocrx_word' id='word_1_704' title='bbox 982 4677 1169 4739; x_wconf 74' lang='lat' dir='ltr'><strong>sumus</strong></span> <span class='ocrx_word' id='word_1_705' title='bbox 1219 4663 1463 4725; x_wconf 86' lang='lat' dir='ltr'><strong>omnium</strong></span> <span class='ocrx_word' id='word_1_706' title='bbox 1488 4666 1796 4736; x_wconf 77' lang='lat' dir='ltr'><strong>peripsem‘a</strong></span> <span class='ocrx_word' id='word_1_707' title='bbox 1824 4668 1849 4728; x_wconf 65' lang='grc' dir='ltr'><em>ε</em></span> 
     </span>
    </p>
   </div>
   <div class='ocr_carea' id='block_1_93' title="bbox 249 4748 1852 4833">
    <p class='ocr_par' dir='ltr' id='par_1_93' title="bbox 249 4748 1852 4833">
     <span class='ocr_line' id='line_1_93' title="bbox 249 4748 1852 4833; baseline 0.007 -25"><span class='ocrx_word' id='word_1_708' title='bbox 249 4753 306 4831; x_wconf 87' lang='grc' dir='ltr'><strong>(Ι</strong></span> <span class='ocrx_word' id='word_1_709' title='bbox 358 4752 493 4809; x_wconf 82' lang='lat' dir='ltr'><strong>Cor.</strong></span> <span class='ocrx_word' id='word_1_710' title='bbox 550 4751 650 4833; x_wconf 79' lang='lat' dir='ltr'><strong>tv).</strong></span> <span class='ocrx_word' id='word_1_711' title='bbox 704 4748 773 4807; x_wconf 86' lang='lat' dir='ltr'><strong>Et</strong></span> <span class='ocrx_word' id='word_1_712' title='bbox 819 4752 950 4821; x_wconf 82' lang='lat' dir='ltr'><strong>item</strong></span> <span class='ocrx_word' id='word_1_713' title='bbox 983 4770 997 4807; x_wconf 87' lang='lat'><strong>:</strong></span> <span class='ocrx_word' id='word_1_714' title='bbox 1032 4771 1050 4804; x_wconf 75' lang='grc' dir='ltr'><strong>ι</strong></span> <span class='ocrx_word' id='word_1_715' title='bbox 1088 4753 1376 4821; x_wconf 87' lang='lat' dir='ltr'><strong>Libenter,</strong></span> <span class='ocrx_word' id='word_1_716' title='bbox 1437 4756 1643 4826; x_wconf 81' lang='lat' dir='ltr'><strong>inquit,</strong></span> <span class='ocrx_word' id='word_1_717' title='bbox 1688 4759 1852 4829; x_wconf 73' lang='lat' dir='ltr'><strong>igitur</strong></span> 
     </span>
    </p>
   </div>
   <div class='ocr_carea' id='block_1_94' title="bbox 250 4844 1852 4920">
    <p class='ocr_par' dir='ltr' id='par_1_94' title="bbox 250 4844 1852 4920">
     <span class='ocr_line' id='line_1_94' title="bbox 250 4844 1852 4920; baseline 0.004 -20"><span class='ocrx_word' id='word_1_718' title='bbox 250 4844 545 4920; x_wconf 76' lang='lat' dir='ltr'><strong>gloriabor</strong></span> <span class='ocrx_word' id='word_1_719' title='bbox 570 4845 623 4900; x_wconf 93' lang='lat' dir='ltr'><strong>in</strong></span> <span class='ocrx_word' id='word_1_720' title='bbox 651 4844 1059 4909; x_wconf 82' lang='lat' dir='ltr'><strong>inﬁrmitatibus</strong></span> <span class='ocrx_word' id='word_1_721' title='bbox 1098 4845 1254 4911; x_wconf 86' lang='lat' dir='ltr'><strong>meis,</strong></span> <span class='ocrx_word' id='word_1_722' title='bbox 1285 4853 1345 4902; x_wconf 93' lang='lat' dir='ltr'><strong>ut</strong></span> <span class='ocrx_word' id='word_1_723' title='bbox 1390 4846 1657 4913; x_wconf 75' lang='lat' dir='ltr'><strong>inhabitet</strong></span> <span class='ocrx_word' id='word_1_724' title='bbox 1684 4849 1739 4907; x_wconf 90' lang='lat' dir='ltr'><strong>in</strong></span> <span class='ocrx_word' id='word_1_725' title='bbox 1764 4865 1852 4907; x_wconf 80' lang='lat' dir='ltr'><strong>me</strong></span> 
     </span>
    </p>
   </div>
   <div class='ocr_carea' id='block_1_95' title="bbox 246 4936 1850 5013">
    <p class='ocr_par' dir='ltr' id='par_1_95' title="bbox 246 4936 1850 5013">
     <span class='ocr_line' id='line_1_95' title="bbox 246 4936 1850 5013; baseline 0.001 -17"><span class='ocrx_word' id='word_1_726' title='bbox 246 4940 435 4996; x_wconf 86' lang='lat' dir='ltr'><strong>virtus</strong></span> <span class='ocrx_word' id='word_1_727' title='bbox 464 4937 693 4994; x_wconf 88' lang='lat' dir='ltr'><strong>Christi.</strong></span> <span class='ocrx_word' id='word_1_728' title='bbox 717 4936 947 5008; x_wconf 85' lang='lat' dir='ltr'><strong>Propter</strong></span> <span class='ocrx_word' id='word_1_729' title='bbox 973 4939 1113 5013; x_wconf 76' lang='lat' dir='ltr'><strong>quod</strong></span> <span class='ocrx_word' id='word_1_730' title='bbox 1142 4938 1335 5008; x_wconf 90' lang='lat' dir='ltr'><strong>placeo</strong></span> <span class='ocrx_word' id='word_1_731' title='bbox 1362 4938 1497 4995; x_wconf 85' lang='lat' dir='ltr'><strong>mihi</strong></span> <span class='ocrx_word' id='word_1_732' title='bbox 1528 4939 1583 4997; x_wconf 87' lang='lat' dir='ltr'><strong>in</strong></span> <span class='ocrx_word' id='word_1_733' title='bbox 1613 4939 1850 4998; x_wconf 81' lang='lat' dir='ltr'><strong>inﬁrmi-</strong></span> 
     </span>
    </p>
   </div>
   <div class='ocr_carea' id='block_1_96' title="bbox 252 5030 1849 5104">
    <p class='ocr_par' dir='ltr' id='par_1_96' title="bbox 252 5030 1849 5104">
     <span class='ocr_line' id='line_1_96' title="bbox 252 5030 1849 5104; baseline 0.003 -15"><span class='ocrx_word' id='word_1_734' title='bbox 252 5035 468 5097; x_wconf 87' lang='lat' dir='ltr'><strong>tatibus</strong></span> <span class='ocrx_word' id='word_1_735' title='bbox 507 5031 662 5104; x_wconf 77' lang='lat' dir='ltr'><strong>meis,</strong></span> <span class='ocrx_word' id='word_1_736' title='bbox 705 5030 764 5084; x_wconf 88' lang='lat' dir='ltr'><strong>in</strong></span> <span class='ocrx_word' id='word_1_737' title='bbox 805 5031 1173 5098; x_wconf 84' lang='lat' dir='ltr'><strong>contumeliis,</strong></span> <span class='ocrx_word' id='word_1_738' title='bbox 1218 5031 1275 5086; x_wconf 91' lang='lat' dir='ltr'><strong>in</strong></span> <span class='ocrx_word' id='word_1_739' title='bbox 1322 5031 1761 5101; x_wconf 81' lang='lat' dir='ltr'><strong>necessitatibus,</strong></span> <span class='ocrx_word' id='word_1_740' title='bbox 1793 5036 1849 5093; x_wconf 90' lang='lat' dir='ltr'><strong>in</strong></span> 
     </span>
    </p>
   </div>
   <div class='ocr_carea' id='block_1_97' title="bbox 251 5124 1854 5200">
    <p class='ocr_par' dir='ltr' id='par_1_97' title="bbox 251 5124 1854 5200">
     <span class='ocr_line' id='line_1_97' title="bbox 251 5124 1854 5200; baseline 0.002 -18"><span class='ocrx_word' id='word_1_741' title='bbox 251 5127 537 5200; x_wconf 83' lang='lat' dir='ltr'><strong>angustiis</strong></span> <span class='ocrx_word' id='word_1_742' title='bbox 562 5139 663 5197; x_wconf 90' lang='lat' dir='ltr'><strong>pro</strong></span> <span class='ocrx_word' id='word_1_743' title='bbox 698 5124 937 5195; x_wconf 86' lang='lat' dir='ltr'><strong>Christo.</strong></span> <span class='ocrx_word' id='word_1_744' title='bbox 975 5125 1113 5195; x_wconf 90' lang='lat' dir='ltr'><strong>Cum</strong></span> <span class='ocrx_word' id='word_1_745' title='bbox 1138 5127 1285 5183; x_wconf 87' lang='lat' dir='ltr'><strong>enim</strong></span> <span class='ocrx_word' id='word_1_746' title='bbox 1303 5127 1572 5199; x_wconf 75' lang='lat' dir='ltr'><strong>inﬁrtnor,</strong></span> <span class='ocrx_word' id='word_1_747' title='bbox 1610 5137 1737 5186; x_wconf 79' lang='lat' dir='ltr'><strong>tunc</strong></span> <span class='ocrx_word' id='word_1_748' title='bbox 1757 5145 1854 5200; x_wconf 87' lang='lat' dir='ltr'><strong>po-</strong></span> 
     </span>
    </p>
   </div>
   <div class='ocr_carea' id='block_1_98' title="bbox 250 5218 1854 5291">
    <p class='ocr_par' dir='ltr' id='par_1_98' title="bbox 250 5218 1854 5291">
     <span class='ocr_line' id='line_1_98' title="bbox 250 5218 1854 5291; baseline 0 -12"><span class='ocrx_word' id='word_1_749' title='bbox 250 5231 380 5279; x_wconf 85' lang='lat' dir='ltr'><strong>tens</strong></span> <span class='ocrx_word' id='word_1_750' title='bbox 406 5235 538 5277; x_wconf 87' lang='lat' dir='ltr'><strong>sum</strong></span> <span class='ocrx_word' id='word_1_751' title='bbox 561 5218 648 5291; x_wconf 83' lang='grc' dir='ltr'><strong>(ιι</strong></span> <span class='ocrx_word' id='word_1_752' title='bbox 682 5218 806 5290; x_wconf 75' lang='lat' dir='ltr'><strong>Cor,</strong></span> <span class='ocrx_word' id='word_1_753' title='bbox 839 5219 928 5291; x_wconf 86' lang='grc' dir='ltr'><strong>ιι).</strong></span> <span class='ocrx_word' id='word_1_754' title='bbox 982 5239 1001 5277; x_wconf 68' lang='grc' dir='ltr'><strong>ι</strong></span> <span class='ocrx_word' id='word_1_755' title='bbox 1036 5218 1398 5283; x_wconf 81' lang='lat' dir='ltr'><strong>Peccantibus</strong></span> <span class='ocrx_word' id='word_1_756' title='bbox 1421 5231 1603 5279; x_wconf 85' lang='lat' dir='ltr'><strong>autem</strong></span> <span class='ocrx_word' id='word_1_757' title='bbox 1627 5224 1854 5279; x_wconf 80' lang='lat' dir='ltr'><strong>maledi-</strong></span> 
     </span>
    </p>
   </div>
   <div class='ocr_carea' id='block_1_99' title="bbox 253 5310 1854 5387">
    <p class='ocr_par' dir='ltr' id='par_1_99' title="bbox 253 5310 1854 5387">
     <span class='ocr_line' id='line_1_99' title="bbox 253 5310 1854 5387; baseline 0.002 -19"><span class='ocrx_word' id='word_1_758' title='bbox 253 5315 476 5387; x_wconf 81' lang='lat' dir='ltr'><strong>ctiones</strong></span> <span class='ocrx_word' id='word_1_759' title='bbox 522 5311 830 5384; x_wconf 73' lang='lat' dir='ltr'><strong>hujusmodi</strong></span> <span class='ocrx_word' id='word_1_760' title='bbox 853 5310 1070 5378; x_wconf 77' lang='lat' dir='ltr'><strong>indictae</strong></span> <span class='ocrx_word' id='word_1_761' title='bbox 1095 5320 1222 5373; x_wconf 74' lang='lat' dir='ltr'><strong>sunt</strong></span> <span class='ocrx_word' id='word_1_762' title='bbox 1246 5326 1265 5370; x_wconf 87' lang='lat'><strong>:</strong></span> <span class='ocrx_word' id='word_1_763' title='bbox 1295 5331 1313 5367; x_wconf 77' lang='grc' dir='ltr'><strong>ι</strong></span> <span class='ocrx_word' id='word_1_764' title='bbox 1345 5312 1663 5371; x_wconf 77' lang='lat' dir='ltr'><strong>Maledictus</strong></span> <span class='ocrx_word' id='word_1_765' title='bbox 1691 5315 1854 5371; x_wconf 85' lang='lat' dir='ltr'><strong>homo</strong></span> 
     </span>
    </p>
   </div>
   <div class='ocr_carea' id='block_1_100' title="bbox 261 5404 1855 5479">
    <p class='ocr_par' dir='ltr' id='par_1_100' title="bbox 261 5404 1855 5479">
     <span class='ocr_line' id='line_1_100' title="bbox 261 5404 1855 5479; baseline 0.003 -20"><span class='ocrx_word' id='word_1_766' title='bbox 261 5424 282 5459; x_wconf 71' lang='grc' dir='ltr'><strong><em>α</em></strong></span> <span class='ocrx_word' id='word_1_767' title='bbox 317 5407 416 5478; x_wconf 88' lang='lat' dir='ltr'><strong>qui</strong></span> <span class='ocrx_word' id='word_1_768' title='bbox 468 5404 604 5460; x_wconf 79' lang='lat' dir='ltr'><strong>facit</strong></span> <span class='ocrx_word' id='word_1_769' title='bbox 663 5404 913 5474; x_wconf 88' lang='lat' dir='ltr'><strong>sculptile</strong></span> <span class='ocrx_word' id='word_1_770' title='bbox 960 5413 1016 5461; x_wconf 92' lang='lat' dir='ltr'><strong>et</strong></span> <span class='ocrx_word' id='word_1_771' title='bbox 1064 5404 1333 5479; x_wconf 71' lang='lat' dir='ltr'><strong>conﬂatile</strong></span> <span class='ocrx_word' id='word_1_772' title='bbox 1396 5407 1855 5471; x_wconf 86' lang='lat' dir='ltr'><strong>abominationem</strong></span> 
     </span>
    </p>
   </div>
   <div class='ocr_carea' id='block_1_101' title="bbox 261 5497 1855 5573">
    <p class='ocr_par' dir='ltr' id='par_1_101' title="bbox 261 5497 1855 5573">
     <span class='ocr_line' id='line_1_101' title="bbox 261 5497 1855 5573; baseline 0.001 -20"><span class='ocrx_word' id='word_1_773' title='bbox 261 5518 283 5553; x_wconf 70' lang='grc' dir='ltr'><strong>ι</strong></span> <span class='ocrx_word' id='word_1_774' title='bbox 320 5497 552 5556; x_wconf 90' lang='lat' dir='ltr'><strong>Domini</strong></span> <span class='ocrx_word' id='word_1_775' title='bbox 599 5516 612 5551; x_wconf 86' lang='lat'><strong>:</strong></span> <span class='ocrx_word' id='word_1_776' title='bbox 650 5512 784 5569; x_wconf 90' lang='lat' dir='ltr'><strong>opus</strong></span> <span class='ocrx_word' id='word_1_777' title='bbox 834 5514 1095 5553; x_wconf 89' lang='lat' dir='ltr'><strong>manuum</strong></span> <span class='ocrx_word' id='word_1_778' title='bbox 1132 5498 1425 5573; x_wconf 72' lang='lat' dir='ltr'><strong>artificum,</strong></span> <span class='ocrx_word' id='word_1_779' title='bbox 1473 5507 1746 5570; x_wconf 88' lang='lat' dir='ltr'><strong>ponetque</strong></span> <span class='ocrx_word' id='word_1_780' title='bbox 1798 5500 1855 5565; x_wconf 83' lang='lat' dir='ltr'><strong>in</strong></span> 
     </span>
    </p>
   </div>
   <div class='ocr_carea' id='block_1_102' title="bbox 262 5589 1855 5664">
    <p class='ocr_par' dir='ltr' id='par_1_102' title="bbox 262 5589 1855 5664">
     <span class='ocr_line' id='line_1_102' title="bbox 262 5589 1855 5664; baseline 0.003 -20"><span class='ocrx_word' id='word_1_781' title='bbox 262 5607 285 5644; x_wconf 69' lang='grc' dir='ltr'><em>ς</em></span> <span class='ocrx_word' id='word_1_782' title='bbox 322 5589 655 5646; x_wconf 87' lang='lat' dir='ltr'><strong>abscondito</strong></span> <span class='ocrx_word' id='word_1_783' title='bbox 691 5589 838 5645; x_wconf 91' lang='lat' dir='ltr'><strong>illud.</strong></span> <span class='ocrx_word' id='word_1_784' title='bbox 891 5591 959 5647; x_wconf 89' lang='lat' dir='ltr'><strong>Et</strong></span> <span class='ocrx_word' id='word_1_785' title='bbox 1008 5590 1354 5662; x_wconf 89' lang='lat' dir='ltr'><strong>respondebit</strong></span> <span class='ocrx_word' id='word_1_786' title='bbox 1398 5591 1576 5663; x_wconf 83' lang='lat' dir='ltr'><strong>omnis</strong></span> <span class='ocrx_word' id='word_1_787' title='bbox 1600 5590 1855 5664; x_wconf 86' lang='lat' dir='ltr'><strong>populus,</strong></span> 
     </span>
    </p>
   </div>
   <div class='ocr_carea' id='block_1_103' title="bbox 267 5676 1856 5767">
    <p class='ocr_par' dir='ltr' id='par_1_103' title="bbox 267 5676 1856 5767">
     <span class='ocr_line' id='line_1_103' title="bbox 267 5676 1856 5767; baseline 0.003 -29"><span class='ocrx_word' id='word_1_788' title='bbox 267 5702 288 5767; x_wconf 65' lang='grc' dir='ltr'><strong>ς</strong></span> <span class='ocrx_word' id='word_1_789' title='bbox 325 5678 543 5740; x_wconf 65' lang='lat' dir='ltr'><strong>Amen.</strong></span> <span class='ocrx_word' id='word_1_790' title='bbox 571 5703 590 5737; x_wconf 75' lang='grc' dir='ltr'><strong>ι</strong></span> <span class='ocrx_word' id='word_1_791' title='bbox 627 5683 739 5740; x_wconf 85' lang='lat' dir='ltr'><strong>[loc</strong></span> <span class='ocrx_word' id='word_1_792' title='bbox 764 5676 906 5741; x_wconf 86' lang='lat' dir='ltr'><strong>enim</strong></span> <span class='ocrx_word' id='word_1_793' title='bbox 934 5686 1172 5760; x_wconf 86' lang='lat' dir='ltr'><strong>capitulo</strong></span> <span class='ocrx_word' id='word_1_794' title='bbox 1199 5703 1307 5742; x_wconf 90' lang='lat' dir='ltr'><strong>non</strong></span> <span class='ocrx_word' id='word_1_795' title='bbox 1336 5685 1509 5742; x_wconf 89' lang='lat' dir='ltr'><strong>solum</strong></span> <span class='ocrx_word' id='word_1_796' title='bbox 1544 5685 1856 5743; x_wconf 81' lang='lat' dir='ltr'><strong>idololatria</strong></span> 
     </span>
    </p>
   </div>
   <div class='ocr_carea' id='block_1_104' title="bbox 261 5776 1853 5873">
    <p class='ocr_par' dir='ltr' id='par_1_104' title="bbox 261 5776 1853 5873">
     <span class='ocr_line' id='line_1_104' title="bbox 261 5776 1853 5873; baseline 0.002 -40"><span class='ocrx_word' id='word_1_797' title='bbox 261 5792 389 5873; x_wconf 70' lang='lat' dir='ltr'><strong>qua:</strong></span> <span class='ocrx_word' id='word_1_798' title='bbox 412 5778 476 5856; x_wconf 79' lang='lat' dir='ltr'><strong>in</strong></span> <span class='ocrx_word' id='word_1_799' title='bbox 498 5776 807 5856; x_wconf 81' lang='lat' dir='ltr'><strong>simulacris</strong></span> <span class='ocrx_word' id='word_1_800' title='bbox 833 5777 894 5835; x_wconf 84' lang='lat' dir='ltr'><strong>iit</strong></span> <span class='ocrx_word' id='word_1_801' title='bbox 923 5779 1336 5857; x_wconf 73' lang='lat' dir='ltr'><strong>contradicitur,</strong></span> <span class='ocrx_word' id='word_1_802' title='bbox 1368 5779 1461 5839; x_wconf 86' lang='lat' dir='ltr'><strong>sed</strong></span> <span class='ocrx_word' id='word_1_803' title='bbox 1492 5780 1671 5839; x_wconf 89' lang='lat' dir='ltr'><strong>omnis</strong></span> <span class='ocrx_word' id='word_1_804' title='bbox 1697 5793 1853 5858; x_wconf 73' lang='lat' dir='ltr'><strong>error</strong></span> 
     </span>
    </p>
   </div>
   <div class='ocr_carea' id='block_1_105' title="bbox 1954 4660 3547 4734">
    <p class='ocr_par' dir='ltr' id='par_1_105' title="bbox 1954 4660 3547 4734">
     <span class='ocr_line' id='line_1_105' title="bbox 1954 4660 3547 4734; baseline 0.003 -20"><span class='ocrx_word' id='word_1_805' title='bbox 1954 4673 2211 4728; x_wconf 86' lang='lat' dir='ltr'><strong>sponsam</strong></span> <span class='ocrx_word' id='word_1_806' title='bbox 2245 4660 2468 4728; x_wconf 89' lang='lat' dir='ltr'><strong>Christi,</strong></span> <span class='ocrx_word' id='word_1_807' title='bbox 2513 4661 2605 4731; x_wconf 87' lang='lat' dir='ltr'><strong>qui</strong></span> <span class='ocrx_word' id='word_1_808' title='bbox 2657 4661 3036 4719; x_wconf 82' lang='lat' dir='ltr'><strong>universorum</strong></span> <span class='ocrx_word' id='word_1_809' title='bbox 3086 4669 3244 4732; x_wconf 85' lang='lat' dir='ltr'><strong>pater</strong></span> <span class='ocrx_word' id='word_1_810' title='bbox 3281 4666 3369 4718; x_wconf 68' lang='lat' dir='ltr'><strong>eet</strong></span> <span class='ocrx_word' id='word_1_811' title='bbox 3416 4662 3547 4734; x_wconf 82' lang='lat' dir='ltr'><strong>quia</strong></span> 
     </span>
    </p>
   </div>
   <div class='ocr_carea' id='block_1_106' title="bbox 1954 4751 3548 4824">
    <p class='ocr_par' dir='ltr' id='par_1_106' title="bbox 1954 4751 3548 4824">
     <span class='ocr_line' id='line_1_106' title="bbox 1954 4751 3548 4824; baseline 0.003 -21"><span class='ocrx_word' id='word_1_812' title='bbox 1954 4752 2197 4813; x_wconf 88' lang='lat' dir='ltr'><strong>omnium</strong></span> <span class='ocrx_word' id='word_1_813' title='bbox 2222 4760 2458 4818; x_wconf 91' lang='lat' dir='ltr'><strong>creator,</strong></span> <span class='ocrx_word' id='word_1_814' title='bbox 2493 4751 2676 4822; x_wconf 88' lang='lat' dir='ltr'><strong>aliquo</strong></span> <span class='ocrx_word' id='word_1_815' title='bbox 2702 4751 2863 4811; x_wconf 81' lang='lat' dir='ltr'><strong>modo</strong></span> <span class='ocrx_word' id='word_1_816' title='bbox 2885 4766 2984 4820; x_wconf 86' lang='lat' dir='ltr'><strong>per</strong></span> <span class='ocrx_word' id='word_1_817' title='bbox 3013 4762 3258 4807; x_wconf 87' lang='lat' dir='ltr'><strong>errorem</strong></span> <span class='ocrx_word' id='word_1_818' title='bbox 3288 4766 3548 4824; x_wconf 83' lang='lat' dir='ltr'><strong>cormpo-</strong></span> 
     </span>
    </p>
   </div>
   <div class='ocr_carea' id='block_1_107' title="bbox 1953 4844 3543 4921">
    <p class='ocr_par' dir='ltr' id='par_1_107' title="bbox 1953 4844 3543 4921">
     <span class='ocr_line' id='line_1_107' title="bbox 1953 4844 3543 4921; baseline -0.002 -14"><span class='ocrx_word' id='word_1_819' title='bbox 1953 4851 2085 4921; x_wconf 76' lang='lat' dir='ltr'><strong>rint.</strong></span> <span class='ocrx_word' id='word_1_820' title='bbox 2135 4845 2443 4907; x_wconf 85' lang='lat' dir='ltr'><strong>Secundum</strong></span> <span class='ocrx_word' id='word_1_821' title='bbox 2473 4860 2604 4900; x_wconf 85' lang='lat' dir='ltr'><strong>vero</strong></span> <span class='ocrx_word' id='word_1_822' title='bbox 2652 4844 3033 4915; x_wconf 86' lang='lat' dir='ltr'><strong>tropologiam,</strong></span> <span class='ocrx_word' id='word_1_823' title='bbox 3062 4845 3166 4902; x_wconf 88' lang='lat' dir='ltr'><strong>hoc</strong></span> <span class='ocrx_word' id='word_1_824' title='bbox 3190 4845 3446 4917; x_wconf 81' lang='lat' dir='ltr'><strong>prohibet</strong></span> <span class='ocrx_word' id='word_1_825' title='bbox 3472 4861 3543 4904; x_wconf 87' lang='lat' dir='ltr'><strong>ne</strong></span> 
     </span>
    </p>
   </div>
   <div class='ocr_carea' id='block_1_108' title="bbox 1953 4934 3541 5015">
    <p class='ocr_par' dir='ltr' id='par_1_108' title="bbox 1953 4934 3541 5015">
     <span class='ocr_line' id='line_1_108' title="bbox 1953 4934 3541 5015; baseline 0 -23"><span class='ocrx_word' id='word_1_826' title='bbox 1953 4943 2079 5015; x_wconf 79' lang='lat' dir='ltr'><strong>quis</strong></span> <span class='ocrx_word' id='word_1_827' title='bbox 2126 4937 2398 5001; x_wconf 78' lang='lat' dir='ltr'><strong>actionem</strong></span> <span class='ocrx_word' id='word_1_828' title='bbox 2442 4935 2629 5007; x_wconf 80' lang='lat' dir='ltr'><strong>patris.</strong></span> <span class='ocrx_word' id='word_1_829' title='bbox 2665 4935 2750 4994; x_wconf 86' lang='lat' dir='ltr'><strong>sui</strong></span> <span class='ocrx_word' id='word_1_830' title='bbox 2796 4949 3045 5006; x_wconf 82' lang='lat' dir='ltr'><strong>pravam,</strong></span> <span class='ocrx_word' id='word_1_831' title='bbox 3076 4951 3241 5006; x_wconf 89' lang='lat' dir='ltr'><strong>quam</strong></span> <span class='ocrx_word' id='word_1_832' title='bbox 3268 4935 3361 4990; x_wconf 85' lang='lat' dir='ltr'><strong>ille</strong></span> <span class='ocrx_word' id='word_1_833' title='bbox 3395 4934 3541 4992; x_wconf 70' lang='lat' dir='ltr'><strong>male</strong></span> 
     </span>
    </p>
   </div>
   <div class='ocr_carea' id='block_1_109' title="bbox 1959 5025 3542 5107">
    <p class='ocr_par' dir='ltr' id='par_1_109' title="bbox 1959 5025 3542 5107">
     <span class='ocr_line' id='line_1_109' title="bbox 1959 5025 3542 5107; baseline -0.004 -18"><span class='ocrx_word' id='word_1_834' title='bbox 1959 5032 2146 5107; x_wconf 87' lang='lat' dir='ltr'><strong>gessit,</strong></span> <span class='ocrx_word' id='word_1_835' title='bbox 2190 5029 2294 5086; x_wconf 91' lang='lat' dir='ltr'><strong>iste</strong></span> <span class='ocrx_word' id='word_1_836' title='bbox 2338 5028 2587 5099; x_wconf 89' lang='lat' dir='ltr'><strong>nequiter</strong></span> <span class='ocrx_word' id='word_1_837' title='bbox 2620 5027 2883 5087; x_wconf 84' lang='lat' dir='ltr'><strong>imitando</strong></span> <span class='ocrx_word' id='word_1_838' title='bbox 2931 5025 3204 5094; x_wconf 68' lang='lat' dir='ltr'><strong>diii‘amet;</strong></span> <span class='ocrx_word' id='word_1_839' title='bbox 3252 5041 3356 5081; x_wconf 91' lang='lat' dir='ltr'><strong>nec</strong></span> <span class='ocrx_word' id='word_1_840' title='bbox 3381 5026 3542 5098; x_wconf 84' lang='lat' dir='ltr'><strong>igno-</strong></span> 
     </span>
    </p>
   </div>
   <div class='ocr_carea' id='block_1_110' title="bbox 1961 5119 3546 5196">
    <p class='ocr_par' dir='ltr' id='par_1_110' title="bbox 1961 5119 3546 5196">
     <span class='ocr_line' id='line_1_110' title="bbox 1961 5119 3546 5196; baseline -0.007 -10"><span class='ocrx_word' id='word_1_841' title='bbox 1961 5129 2184 5187; x_wconf 89' lang='lat' dir='ltr'><strong>miniam</strong></span> <span class='ocrx_word' id='word_1_842' title='bbox 2230 5132 2450 5196; x_wconf 78' lang='lat' dir='ltr'><strong>spargat</strong></span> <span class='ocrx_word' id='word_1_843' title='bbox 2485 5138 2650 5193; x_wconf 88' lang='lat' dir='ltr'><strong>super</strong></span> <span class='ocrx_word' id='word_1_844' title='bbox 2695 5137 2895 5181; x_wconf 87' lang='lat' dir='ltr'><strong>nomen</strong></span> <span class='ocrx_word' id='word_1_845' title='bbox 2946 5122 3143 5192; x_wconf 81' lang='lat' dir='ltr'><strong>patris,</strong></span> <span class='ocrx_word' id='word_1_846' title='bbox 3179 5120 3228 5176; x_wconf 89' lang='lat' dir='ltr'><strong>si</strong></span> <span class='ocrx_word' id='word_1_847' title='bbox 3274 5120 3437 5174; x_wconf 84' lang='lat' dir='ltr'><strong>iteret</strong></span> <span class='ocrx_word' id='word_1_848' title='bbox 3486 5119 3546 5175; x_wconf 81' lang='lat' dir='ltr'><strong>in</strong></span> 
     </span>
    </p>
   </div>
   <div class='ocr_carea' id='block_1_111' title="bbox 1962 5210 3547 5289">
    <p class='ocr_par' dir='ltr' id='par_1_111' title="bbox 1962 5210 3547 5289">
     <span class='ocr_line' id='line_1_111' title="bbox 1962 5210 3547 5289; baseline -0.008 -9"><span class='ocrx_word' id='word_1_849' title='bbox 1962 5224 2109 5279; x_wconf 83' lang='lat' dir='ltr'><strong>facto</strong></span> <span class='ocrx_word' id='word_1_850' title='bbox 2134 5219 2277 5275; x_wconf 91' lang='lat' dir='ltr'><strong>unde</strong></span> <span class='ocrx_word' id='word_1_851' title='bbox 2297 5218 2386 5273; x_wconf 90' lang='lat' dir='ltr'><strong>ille</strong></span> <span class='ocrx_word' id='word_1_852' title='bbox 2410 5216 2770 5289; x_wconf 89' lang='lat' dir='ltr'><strong>reprehensus</strong></span> <span class='ocrx_word' id='word_1_853' title='bbox 2791 5223 2881 5273; x_wconf 89' lang='lat' dir='ltr'><strong>est</strong></span> <span class='ocrx_word' id='word_1_854' title='bbox 2909 5215 3128 5275; x_wconf 87' lang='lat' dir='ltr'><strong>merito.</strong></span> <span class='ocrx_word' id='word_1_855' title='bbox 3166 5228 3188 5264; x_wconf 69' lang='grc' dir='ltr'><strong>ι</strong></span> <span class='ocrx_word' id='word_1_856' title='bbox 3222 5210 3547 5271; x_wconf 68' lang='lat' dir='ltr'><strong>ﬁaledietus</strong></span> 
     </span>
    </p>
   </div>
   <div class='ocr_carea' id='block_1_112' title="bbox 1972 5304 3546 5386">
    <p class='ocr_par' dir='ltr' id='par_1_112' title="bbox 1972 5304 3546 5386">
     <span class='ocr_line' id='line_1_112' title="bbox 1972 5304 3546 5386; baseline -0.009 -15"><span class='ocrx_word' id='word_1_857' title='bbox 1972 5333 1991 5370; x_wconf 79' lang='grc' dir='ltr'><strong>ι</strong></span> <span class='ocrx_word' id='word_1_858' title='bbox 2029 5315 2123 5386; x_wconf 90' lang='lat' dir='ltr'><strong>qui</strong></span> <span class='ocrx_word' id='word_1_859' title='bbox 2151 5312 2350 5370; x_wconf 89' lang='lat' dir='ltr'><strong>dormit</strong></span> <span class='ocrx_word' id='word_1_860' title='bbox 2380 5327 2502 5367; x_wconf 91' lang='lat' dir='ltr'><strong>cum</strong></span> <span class='ocrx_word' id='word_1_861' title='bbox 2525 5311 2672 5367; x_wconf 90' lang='lat' dir='ltr'><strong>omni</strong></span> <span class='ocrx_word' id='word_1_862' title='bbox 2709 5311 2977 5382; x_wconf 87' lang='lat' dir='ltr'><strong>jumento.</strong></span> <span class='ocrx_word' id='word_1_863' title='bbox 3014 5326 3035 5361; x_wconf 77' lang='grc' dir='ltr'><strong>ι</strong></span> <span class='ocrx_word' id='word_1_864' title='bbox 3064 5304 3227 5363; x_wconf 72' lang='lat' dir='ltr'><strong>Juxta</strong></span> <span class='ocrx_word' id='word_1_865' title='bbox 3260 5304 3546 5359; x_wconf 79' lang='lat' dir='ltr'><strong>historiam</strong></span> 
     </span>
    </p>
   </div>
   <div class='ocr_carea' id='block_1_113' title="bbox 1965 5397 3594 5477">
    <p class='ocr_par' dir='ltr' id='par_1_113' title="bbox 1965 5397 3594 5477">
     <span class='ocr_line' id='line_1_113' title="bbox 1965 5397 3594 5477; baseline -0.011 -8"><span class='ocrx_word' id='word_1_866' title='bbox 1965 5409 2204 5469; x_wconf 81' lang='lat' dir='ltr'><strong>maxima</strong></span> <span class='ocrx_word' id='word_1_867' title='bbox 2249 5404 2478 5462; x_wconf 87' lang='lat' dir='ltr'><strong>stultitia</strong></span> <span class='ocrx_word' id='word_1_868' title='bbox 2530 5414 2613 5461; x_wconf 90' lang='lat' dir='ltr'><strong>est</strong></span> <span class='ocrx_word' id='word_1_869' title='bbox 2644 5420 2772 5461; x_wconf 89' lang='lat' dir='ltr'><strong>cum</strong></span> <span class='ocrx_word' id='word_1_870' title='bbox 2820 5401 2995 5463; x_wconf 86' lang='lat' dir='ltr'><strong>brutis</strong></span> <span class='ocrx_word' id='word_1_871' title='bbox 3044 5397 3374 5454; x_wconf 88' lang='lat' dir='ltr'><strong>animalibus</strong></span> <span class='ocrx_word' id='word_1_872' title='bbox 3412 5411 3546 5452; x_wconf 68' lang='lat' dir='ltr'><strong>mu:-</strong></span> <span class='ocrx_word' id='word_1_873' title='bbox 3592 5473 3594 5477; x_wconf 13' lang='grc' dir='ltr'>ν</span> 
     </span>
    </p>
   </div>
   <div class='ocr_carea' id='block_1_114' title="bbox 1964 5487 3543 5570">
    <p class='ocr_par' dir='ltr' id='par_1_114' title="bbox 1964 5487 3543 5570">
     <span class='ocr_line' id='line_1_114' title="bbox 1964 5487 3543 5570; baseline -0.012 -11"><span class='ocrx_word' id='word_1_874' title='bbox 1964 5501 2147 5568; x_wconf 90' lang='lat' dir='ltr'><strong>chari;</strong></span> <span class='ocrx_word' id='word_1_875' title='bbox 2174 5501 2282 5557; x_wconf 88' lang='lat' dir='ltr'><strong>imo</strong></span> <span class='ocrx_word' id='word_1_876' title='bbox 2311 5499 2604 5570; x_wconf 80' lang='lat' dir='ltr'><strong>ignominia</strong></span> <span class='ocrx_word' id='word_1_877' title='bbox 2633 5506 2720 5552; x_wconf 87' lang='lat' dir='ltr'><strong>est</strong></span> <span class='ocrx_word' id='word_1_878' title='bbox 2745 5493 3024 5566; x_wconf 75' lang='lat' dir='ltr'><strong>gentilium</strong></span> <span class='ocrx_word' id='word_1_879' title='bbox 3054 5488 3340 5546; x_wconf 84' lang='lat' dir='ltr'><strong>stultitiam</strong></span> <span class='ocrx_word' id='word_1_880' title='bbox 3367 5487 3543 5558; x_wconf 86' lang='lat' dir='ltr'><strong>sequi.</strong></span> 
     </span>
    </p>
   </div>
   <div class='ocr_carea' id='block_1_115' title="bbox 1964 5580 3581 5665">
    <p class='ocr_par' dir='ltr' id='par_1_115' title="bbox 1964 5580 3581 5665">
     <span class='ocr_line' id='line_1_115' title="bbox 1964 5580 3581 5665; baseline -0.012 -12"><span class='ocrx_word' id='word_1_881' title='bbox 1964 5595 2101 5653; x_wconf 90' lang='lat' dir='ltr'><strong>Cum</strong></span> <span class='ocrx_word' id='word_1_882' title='bbox 2153 5608 2283 5665; x_wconf 89' lang='lat' dir='ltr'><strong>ergo</strong></span> <span class='ocrx_word' id='word_1_883' title='bbox 2307 5592 2391 5659; x_wconf 76' lang='lat' dir='ltr'><strong>vir</strong></span> <span class='ocrx_word' id='word_1_884' title='bbox 2437 5600 2533 5646; x_wconf 88' lang='lat' dir='ltr'><strong>aut</strong></span> <span class='ocrx_word' id='word_1_885' title='bbox 2558 5589 2751 5646; x_wconf 87' lang='lat' dir='ltr'><strong>mulier</strong></span> <span class='ocrx_word' id='word_1_886' title='bbox 2777 5584 2847 5641; x_wconf 90' lang='lat' dir='ltr'><strong>ad</strong></span> <span class='ocrx_word' id='word_1_887' title='bbox 2874 5584 3210 5656; x_wconf 85' lang='lat' dir='ltr'><strong>alienigenas</strong></span> <span class='ocrx_word' id='word_1_888' title='bbox 3238 5580 3543 5651; x_wconf 81' lang='lat' dir='ltr'><strong>voluptates</strong></span> <span class='ocrx_word' id='word_1_889' title='bbox 3578 5662 3581 5665; x_wconf 11' lang='grc' dir='ltr'>ν</span> 
     </span>
    </p>
   </div>
   <div class='ocr_carea' id='block_1_116' title="bbox 1966 5671 3543 5748">
    <p class='ocr_par' dir='ltr' id='par_1_116' title="bbox 1966 5671 3543 5748">
     <span class='ocr_line' id='line_1_116' title="bbox 1966 5671 3543 5748; baseline -0.011 -5"><span class='ocrx_word' id='word_1_890' title='bbox 1966 5688 2023 5743; x_wconf 89' lang='lat' dir='ltr'><strong>iu</strong></span> <span class='ocrx_word' id='word_1_891' title='bbox 2043 5694 2252 5742; x_wconf 89' lang='lat' dir='ltr'><strong>tantum</strong></span> <span class='ocrx_word' id='word_1_892' title='bbox 2280 5684 2568 5748; x_wconf 89' lang='lat' dir='ltr'><strong>incumbit,</strong></span> <span class='ocrx_word' id='word_1_893' title='bbox 2596 5689 2657 5736; x_wconf 92' lang='lat' dir='ltr'><strong>ut</strong></span> <span class='ocrx_word' id='word_1_894' title='bbox 2691 5693 2793 5734; x_wconf 91' lang='lat' dir='ltr'><strong>nee</strong></span> <span class='ocrx_word' id='word_1_895' title='bbox 2818 5675 3036 5747; x_wconf 88' lang='lat' dir='ltr'><strong>quidem</strong></span> <span class='ocrx_word' id='word_1_896' title='bbox 3058 5689 3160 5747; x_wconf 90' lang='lat' dir='ltr'><strong>per</strong></span> <span class='ocrx_word' id='word_1_897' title='bbox 3180 5672 3443 5730; x_wconf 87' lang='lat' dir='ltr'><strong>desidiam</strong></span> <span class='ocrx_word' id='word_1_898' title='bbox 3471 5671 3543 5726; x_wconf 88' lang='lat' dir='ltr'><strong>ab</strong></span> 
     </span>
    </p>
   </div>
   <div class='ocr_carea' id='block_1_117' title="bbox 1966 5761 3544 5853">
    <p class='ocr_par' dir='ltr' id='par_1_117' title="bbox 1966 5761 3544 5853">
     <span class='ocr_line' id='line_1_117' title="bbox 1966 5761 3544 5853; baseline -0.011 -17"><span class='ocrx_word' id='word_1_899' title='bbox 1966 5779 2047 5838; x_wconf 90' lang='lat' dir='ltr'><strong>eis</strong></span> <span class='ocrx_word' id='word_1_900' title='bbox 2076 5779 2338 5853; x_wconf 85' lang='lat' dir='ltr'><strong>capiatur,</strong></span> <span class='ocrx_word' id='word_1_901' title='bbox 2368 5776 2465 5834; x_wconf 87' lang='lat' dir='ltr'><strong>sed</strong></span> <span class='ocrx_word' id='word_1_902' title='bbox 2496 5775 2606 5831; x_wconf 90' lang='lat' dir='ltr'><strong>imo</strong></span> <span class='ocrx_word' id='word_1_903' title='bbox 2632 5769 2790 5828; x_wconf 84' lang='lat' dir='ltr'><strong>valde</strong></span> <span class='ocrx_word' id='word_1_904' title='bbox 2830 5768 2912 5831; x_wconf 82' lang='lat' dir='ltr'><strong>eis</strong></span> <span class='ocrx_word' id='word_1_905' title='bbox 2936 5767 3213 5828; x_wconf 60' lang='lat' dir='ltr'><strong>cohaereat</strong></span> <span class='ocrx_word' id='word_1_906' title='bbox 3229 5772 3290 5823; x_wconf 91' lang='lat' dir='ltr'><strong>et</strong></span> <span class='ocrx_word' id='word_1_907' title='bbox 3311 5778 3436 5823; x_wconf 86' lang='lat' dir='ltr'><strong>eum</strong></span> <span class='ocrx_word' id='word_1_908' title='bbox 3460 5761 3544 5819; x_wconf 84' lang='lat' dir='ltr'><strong>eis</strong></span> 
     </span>
    </p>
   </div>
  </div>
