3930 6344
382 306 483 370 951

1086 294 1149 354 B.
1191 292 1449 375 MBANI
1480 289 1713 349 usum.
1734 284 1956 359 ancus

2059 328 2061 337 ,
2099 285 2408 357 ΜφςυΝζΓ.
2434 288 2733 353 ,OPERUM
2769 286 2951 347 BA’RS
2986 286 3031 343 ι.

3515 291 3641 351 958
3656 306 3669 311 '

375 384 677 497 coeat,,_ita
717 425 775 477 ut
812 415 1255 483 communionem
1283 425 1408 469 cum
1435 408 1517 465 eis
1546 406 1855 497 mammam
1898 404 1957 453 et
1978 402 2032 461 Α
2062 410 2277 497 [capia
2449 402 2703 461 “diem.
2749 400 2985 497 “Si”,
3004 401 3065 459 in
3486 410 3655 475 "at

372 491 813 599 perseverantem
835 503 1051 585 habeat,
1082 517 1208 561 reus
1228 510 1314 557 est
1336 499 1545 599 mortis.
1577 513 1598 557 ς
1630 491 1941 598 blﬂedictus

379 583 399 657 ὲ
575 599 777 685 dormit
822 604 962 665 cum}
986 609 1175 655 sorore
1202 608 1323 659 sua,
1370 591 1477 649 filia
1505 587 1679 660 patris
1707 585 1790 643 sui
1836 583 1950 695 sive

379 717 400 751 ι
435 676 627 769 matris
649 676 780 750 suae.
811 710 830 745 ι
866 688 1124 747 Sororem
1150 700 1307 745 suam
1336 680 1655 755 spiritaliter
1690 676 1946 769 maculat,

373 768 467 859 qui
494 784 717 841 alterius
744 781 981 843 animam
1003 795 1102 852 per
1124 790 1373 859 errorum
1393 772 1700 830 doctrinam
1720 768 1806 823 vel
1827 783 1951 843 pra-

372 894 441 934 va
472 875 718 947 exempla
754 870 1131 930 commaculet.
1182 867 1344 924 Pater
1392 863 1538 922 enim
1578 872 1762 918 noster
1810 874 1953 916 unus

373 975 459 1021 est
485 964 648 1031 Deus,
678 972 733 1019 et
778 971 952 1018 mater
978 968 1187 1027 sancta,
1211 955 1472 1013 Ecclesia.
1502 948 1612 1011 Nos
1634 961 1814 1008 autem
1842 948 1952 1004 fra-

374 1050 491 1113 tres
538 1055 650 1109 sive
685 1068 902 1108 sorores
928 1065 1136 1105 sumus.
1185 1066 1205 1099 ‹
1255 1044 1571 1101 Maledictus
1620 1041 1714 1112 qui
1750 1038 1953 1095 dormit

375 1162 500 1202 eum
526 1161 681 1201 socru
709 1160 825 1199 sua.
863 1163 882 1195 ›
919 1140 1117 1213 Typicc
1160 1146 1342 1195 autem
1380 1150 1579 1213 socrus
1607 1131 1750 1187 foede
1789 1131 1954 1184 actio-

375 1237 463 1292 nis
502 1230 711 1291 'nostrze
759 1231 899 1288 mala
951 1240 1035 1285 est
1080 1226 1542 1298 concupiscentia,
1588 1222 1715 1293 quia
1772 1219 1953 1275 omnis

376 1302 585 1398 peccati
626 1335 799 1381 mater
840 1320 1273 1393 concupiscentia
1305 1327 1405 1373 est.
1429 1303 1665 1387 Dportet
1702 1312 1807 1367 hoc
1832 1309 1951 1365 dili-

376 1410 566 1488 genter
612 1414 819 1470 attendi
870 1421 975 1469 :ut
1006 1412 1051 1466 si
1086 1427 1193 1482 qua
1237 1406 1393 1466 nobis
1436 1405 1645 1478 peccati
1692 1400 1955 1470 concupi-

376 1488 583 1579 scentia
633 1504 713 1573 ﬁt,
762 1504 812 1560 ei
862 1504 1181 1559 resistamus
1230 1510 1283 1555 et
1331 1514 1439 1554 non
1477 1494 1867 1566 conjungemur
1903 1488 1955 1545 ei

376 1596 621 1662 actione;
648 1596 776 1668 quia
800 1603 861 1649 ut
887 1594 939 1649 in
961 1594 1202 1648 Levitico
1232 1591 1297 1646 de
1324 1592 1427 1645 hoc
1456 1587 1660 1645 scelere
1686 1585 1954 1642 sancitum

375 1699 478 1755 est,
504 1690 627 1761 igne
654 1686 809 1767 vivus
834 1686 989 1742 debet
1018 1684 1260 1740 comburi
1290 1683 1381 1753 qui
1410 1682 1516 1736 hoc
1534 1677 1951 1751 perpetraverit,

2050 492 2187 551 dixit
2209 493 2614 559 maledictiones
2636 501 2905 565 etpt'ems
2932 492 3166 560 fminas,
3186 493 3638 555 sicetohuﬁn-

2050 585 2201 659 tibus.
2244 585 2497 657 deinceps
2538 586 2807 659 emittit
2842 584 3251 645 ὺακῶοὼιοο
3276 589 3639 657 παμπειθῆ.

2028 694 2077 747 ⁸‹
2112 675 2441 741 Benedictus
2463 684 2521 732 tu
2546 678 2601 734 in
2624 676 2868 742 civitate,
2898 684 2961 731 et
2976 676 3300 747 benedictus
3335 679 3393 734 in
3415 694 3575 750 agre.
3604 700 3631 737 ι

2050 765 2215 823 Juxta
2239 768 2528 827 historiam
2546 766 2727 825 facilis
2753 774 2840 823 est
2866 766 3301 834 intellwtusmhi
3312 768 3523 826 Iudaeis
3536 785 3638 842 pro

2050 858 2358 919 obedientia
2400 860 2546 917 intus
2588 857 2829 928 forisque
2860 860 3193 929 prmutlat
3230 875 3528 932 prospera,
3577 871 3634 920 et

2051 947 2324 1013 fructuum
2366 961 2534 1022 atque
2583 951 2895 1009 animalium
2946 953 3183 1022 spondet
3219 954 3634 1013 abundantiam.

2055 1038 2361 1103 Secundum
2419 1043 2731 1114 allegoriam
2772 1052 2959 1103 autem
2978 1082 2996 1109 ,
3060 1045 3273 1115 populo
3319 1045 3643 1102 Christiano-

2051 1137 2270 1209 propria
2330 1136 2616 1195 devotione
2674 1151 2783 1193 non
2837 1144 2949 1192 tam
2990 1136 3309 1201 felicitatem
3358 1148 3623 1196 atem:-

2054 1242 2215 1297 quam
2238 1226 2630 1287 beatitudinem
2649 1227 2921 1296 promittit
2946 1235 3287 1299 perpetuam.
3302 1228 3635 1285 Baeticus

2053 1318 2160 1373 erit
2202 1317 2259 1377 in
2289 1318 2511 1379 civitate
2535 1318 2629 1386 qui
2656 1318 2712 1373 in
2738 1317 2987 1375 Ecclesia
3006 1327 3202 1375 sanan
3248 1327 3409 1374 vacas
3440 1319 3635 1374 divina

2055 1408 2513 1479 contemplationi.
2542 1407 2883 1469 Benedictus.
2906 1408 2964 1467 in
2991 1422 3142 1479 agro,
3160 1410 3262 1480 qui
3297 1410 3423 1464 boni
3444 1411 3628 1479 operis

2057 1502 2266 1561 laborat
2294 1503 2575 1559 exercitio.
2608 1501 2713 1558 Per
2739 1503 2839 1559 has
2878 1502 3017 1558 duas
3034 1503 3247 1573 species
3273 1503 3627 1559 conversatio-

2056 1593 2143 1648 nis
2162 1594 2534 1664 unusquisque
2562 1592 2735 1651 fidelis
2756 1601 2942 1664 gratus
2966 1594 3072 1651 erit
3099 1594 3229 1649 Deo.
3257 1612 3280 1646 ι
3312 1594 3635 1650 Benedictus

2059 1683 2267 1747 fructus
2286 1685 2493 1743 ventris
2516 1685 2617 1752 tui,
2634 1693 2692 1741 et
2722 1684 2937 1743 fruetus
2972 1694 3145 1741 terra
3169 1694 3307 1742 tam.
3328 1705 3355 1738 π)
3386 1685 3499 1740 Per
3518 1675 3635 1739 frno'

377 1780 511 1865 quia.
540 1766 666 1834 reus
694 1787 778 1834 est
807 1780 1062 1862 gehennze
1092 1776 1231 1849 ignis
1270 1775 1315 1830 si
1341 1791 1447 1829 non
1472 1771 1806 1846 pmnitentim
1832 1768 1955 1865 igne
1981 1767 2031 1830 B
2058 1780 2177 1849 onis
2197 1778 2403 1835 ventris
2435 1778 2679 1837 internas
2719 1777 2957 1834 ostendit
2981 1778 3342 1849 cogitationes
3366 1776 3635 1832 mentiset

376 1886 436 1924 se
459 1860 527 1924 ab
563 1869 668 1924 hac
694 1860 906 1924 macula
954 1864 1187 1923 diluerit.
1246 1884 1265 1917 ι
1330 1863 1648 1951 ψιεᾱίοιιιε
1677 1863 1768 1934 qui
1811 1860 1954 1918 clam

384 1980 404 2012 ι
441 1952 774 2033 percusserit
827 1960 1133 2034 proximum
1164 1974 1341 2015 suum.
1379 1957 1449 2014 Et
1477 1957 1619 2012 dicet
1647 1958 1828 2012 omnis
1852 1971 1950 2025 po-

382 2070 403 2104 (
436 2054 617 2123 pulus,
665 2050 859 2108 Amen.
915 2072 935 2105 ›
986 2052 1043 2107 ln
1085 2062 1273 2124 aperto
1310 2052 1443 2107 etin
1470 2050 1681 2106 occulto
1706 2048 1957 2107 occidere

378 2142 657 2199 hominem
688 2152 971 2216 peccatum
995 2153 1099 2201 est.
1133 2142 1286 2198 Unde
1324 2142 1521 2198 mirum
1547 2132 1644 2196 cur
1677 2156 1801 2195 eum
1836 2148 1956 2193 tan-

376 2228 493 2289 tum
542 2235 891 2293 maledictum
944 2234 1243 2306 scripserit,
1294 2235 1386 2304 qui
1438 2232 1576 2288 clam
1624 2230 1956 2304 percusserit

373 2327 707 2394 proximum,
737 2328 843 2381 nisi
877 2326 1017 2381 forte
1061 2327 1303 2380 dicamus
1330 2340 1449 2379 eum
1479 2324 1615 2377 clam
1669 2332 1955 2391 percutere

374 2408 707 2484 proiimum,
741 2417 833 2487 qui
860 2432 983 2471 eum
1011 2417 1065 2470 in
1097 2416 1261 2470 corde
1299 2429 1397 2469 suo
1423 2413 1618 2468 oderit.
1646 2410 1789 2465 Dicit
1808 2410 1953 2465 enim

378 2502 621 2561 Joannes
658 2506 970 2576 apostolus:
1004 2525 1022 2557 ε
1055 2505 1157 2573 Qui
1185 2506 1301 2560 odit
1320 2504 1545 2559 fratrem
1571 2520 1747 2567 suum,
1778 2500 1955 2557 homi-

375 2580 499 2649 cidal
530 2602 632 2649 est.
678 2592 745 2648 Et
770 2595 919 2650 scitis
944 2594 1200 2665 quoniam
1224 2596 1400 2651 omnis
1428 2594 1698 2650 homicida
1726 2609 1830 2647 non
1862 2591 1958 2645 ha—

377 2676 670 2741 bethitam
707 2695 965 2741 aeternam
1009 2686 1061 2742 in
1086 2703 1143 2742 se
1178 2697 1483 2743 manentem
1518 2708 1536 2739 ι
1575 2685 1629 2759 (Ι
1653 2678 1813 2741 Joan.
1844 2684 1951 2759 iu).

380 2774 518 2833 Hinc
540 2764 603 2834 et
642 2778 698 2833 in
743 2778 986 2834 Levitico
1009 2780 1269 2851 scriptum
1314 2788 1439 2835 est:
1480 2798 1497 2831 ι
1533 2778 1610 2835 Ne
1640 2779 1820 2835 oderis
1845 2779 1955 2834 fra-
1986 2852 1989 2853 ν

378 2862 520 2925 trem
552 2879 705 2925 tuum
751 2871 807 2925 in
841 2870 1005 2927 corde
1035 2880 1127 2933 tuo
1160 2890 1172 2925 :
1206 2871 1301 2929 sed
1351 2870 1565 2947 publice
1614 2888 1780 2945 argue
1808 2888 1951 2940 eum,

377 2977 448 3017 ne
492 2960 692 3017 habeas
725 2978 885 3034 super
912 2962 1002 3018 illo
1030 2972 1315 3036 peccatum
1362 2962 1549 3035 (Levii.
1603 2966 1743 3036 nx).
1793 2962 1955 3020 Male-

380 3036 563 3107 dictiis'
590 3046 683 3122 qui
708 3052 1157 3124 accipit'munera
1177 3063 1238 3108 ut
1268 3055 1539 3125 percutiat
1567 3055 1803 3111 animam
1828 3072 1955 3111 san-

2056 1869 2279 1927 consilia
2331 1886 2344 1925 :
2392 1884 2491 1940 per
2538 1868 2775 1927 fructum
2823 1870 3298 1939 term,*e0rporis
3330 1869 3635 1925 forinsecu-

2058 1960 2220 2017 utiles
2258 1961 2521 2019 actiones.
2555 1960 2653 2017 His
2698 1960 2845 2015 enim
2893 1961 3102 2016 duabus
3154 1960 3280 2015 vitm
3336 1960 3633 2030 spea'ebus,

2057 2053 2167 2107 hoc
2185 2059 2289 2118 est,
2313 2044 2741 2121 contemplativa
2768 2050 3057 2115 etactivm,
3077 2057 3271 2106 saneta
3298 2050 3555 2106 nobiliter
3577 2051 3633 2104 in

2053 2142 2161 2197 hoc
2192 2148 2551 2197 conversatur
2576 2142 2777 2197 mundo
2805 2140 3075 2206 Ecclesia,
3108 2148 3163 2195 et
3198 2140 3331 2196 inde
3361 2140 3417 2194 in
3454 2139 3632 2196 future

2050 2244 2432 2300 possessorem
2456 2244 2527 2291 se.
2555 2238 2738 2301 sperat
2759 2244 2883 2285 cum
2909 2227 3130 2286 Christo
3162 2227 3411 2285 celestis
3446 2244 3623 2299 regna.

2061 2340 2081 2373 ι
2114 2320 2438 2383 Benedictus
2459 2320 2672 2378 fructus
2694 2320 3065 2392 iumentorum
3088 2328 3533 2392 tuorum.greges
3552 2335 3637 2375 ar-

2056 2423 2365 2471 mentorum
2390 2422 2609 2471 tuorum
2630 2453 2648 2481 ,
2686 2422 2745 2468 et
2766 2413 2937 2471 caulae
2983 2412 3168 2469 ovium
3194 2419 3437 2468 tuarum.
3486 2433 3507 2465 ι
3538 2412 3640 2467 Per

2054 2505 2266 2576 species
2301 2503 2617 2579 animalium
2647 2503 2871 2561 ordines
2905 2503 3255 2561 demenstrat.
3282 2502 3637 2568 summorum,
3708 2526 3713 2543 ι

2055 2598 2187 2668 quia
2214 2596 2305 2653 alii
2332 2605 2462 2653 sunt
2488 2597 2545 2653 in
2570 2595 2814 2655 Ecclesia
2839 2595 2932 2667 qui
2959 2610 2993 2650 ι
3020 2593 3348 2651 doctoribus
3374 2594 3639 2660 instructi,

2055 2682 2216 2746 bonis
2259 2690 2375 2747 Suis
2425 2688 2621 2747 solatia
2674 2690 2938 2759 praebent,
2981 2702 3107 2744 cum
3156 2686 3433 2757 spiritalia
3464 2688 3531 2741 ab
3563 2687 3641 2742 eis

2057 2781 2407 2853 accipientes,
2448 2781 2753 2852 corporalia
2775 2781 2856 2837 eis
2877 2778 3197 2835 ministrant
3224 2779 3507 2836 alimmta.
3537 2778 3641 2834 Alii

2056 2870 2305 2939 laborare
2327 2880 2576 2944 possunt,
2602 2874 2902 2931 secundum
2924 2871 3074 2941 quod
3099 2871 3186 2927 eis
3199 2871 3424 2941 iussum
3442 2870 3640 2925 fucat.

2055 2963 2163 3019 Alii
2203 2973 2384 3029 autem
2423 2965 2766 3036 simplicitate
2814 2980 2924 3025 sua
2974 2972 3191 3021 tantum
3229 2964 3505 3030 contenti,
3550 2978 3645 3034 per

2057 3054 2427 3111 innocentiam
2444 3055 2570 3111 vitm
2594 3056 2815 3112 student
2839 3056 3059 3126 placere
3087 3054 3223 3110 Deo.
3256 3054 3640 3127 Unusquisque

382 3142 564 3225 guinis
624 3144 947 3199 innocentis.
1001 3144 1319 3219 Quicunque
1385 3147 1750 3203 reminiscitur
1805 3140 1956 3203 Judre
1983 3132 2030 3197 C
2062 3148 2213 3213 enim
2233 3146 2515 3218 proprium
2540 3146 2703 3205 habet
2723 3162 2791 3203 ex
2820 3148 2930 3204 Deo
2957 3146 3189 3211 donum,
3212 3146 3362 3202 alius
3392 3147 3501 3213 sic,
3520 3145 3651 3201 alius

381 3233 608 3317 factum,
650 3236 743 3304 qui
779 3245 1003 3307 propter
1042 3238 1322 3307 pecuniam
1348 3234 1587 3309 prodidit
1612 3238 1957 3308 magistrum,

383 3314 547 3395 quain
568 3326 933 3409 perniciosum
958 3330 1030 3384 sit
1049 3328 1346 3401 intelligere
1368 3338 1547 3401 potest
1576 3331 1818 3407 avaritiae
1844 3347 1956 3386 ma-

380 3417 518 3471 lum:
561 3436 581 3468 ‹
628 3414 943 3475 Maledictus
966 3419 1058 3493 qui
1088 3436 1192 3474 non
1222 3428 1507 3493 permanet
1537 3421 1592 3476 in
1621 3420 1959 3477 sermonibus

379 3508 516 3578 legis
550 3506 735 3591 huius,
784 3528 883 3567 nec
916 3528 1011 3567 eos
1046 3527 1211 3583 opere
1256 3512 1489 3583 perlicit.
1518 3511 1648 3571 Haec
1692 3514 1959 3570 sententia

380 3600 598 3671 gravior
639 3616 705 3656 eo
736 3601 946 3657 ueteris
975 3618 1096 3659 esse
1123 3602 1355 3667 videtur,
1386 3620 1494 3673 quo
1526 3604 1856 3678 generaliter
1906 3598 1961 3663 et

382 3704 447 3746 ea
466 3706 587 3763 qua:
631 3694 909 3763 praemissa
939 3703 1089 3762 sunt,
1117 3703 1172 3749 et
1201 3695 1290 3749 illa
1317 3712 1439 3766 quae
1482 3698 1723 3755 nondum
1749 3700 1959 3773 prolata

380 3791 524 3847 sunt,
557 3784 739 3839 omnia
781 3784 941 3839 simul
966 3785 1399 3855 comprehendit.
1430 3786 1563 3856 Quis
1591 3796 1675 3843 est
1696 3790 1840 3845 enim
1866 3790 1959 3859 qui

380 3873 439 3929 in
483 3874 750 3929 universis
800 3875 1140 3955 sermonibus
1186 3874 1322 3948 legis
1368 3876 1962 3952 siuetransgressione

378 3979 698 4036 permanere
725 3962 918 4036 possit,
950 3982 1071 4020 cum
1109 3963 1310 4022 Paulus
1341 3967 1518 4023 dicat?
1543 3966 1863 4044 Quicunque
1892 3988 1958 4029 ex

349 4107 356 4113 .
381 4058 638 4125 operibus
679 4066 804 4112 sunt
829 4056 963 4127 legis
989 4057 1089 4111 sub
1116 4056 1404 4112 maledicto
1450 4068 1593 4125 sunt,
1618 4062 1873 4130 quoniam
1904 4064 1962 4119 in

2062 3255 2193 3295 vero
2217 3240 2313 3299 sic.
2344 3237 2450 3307 Qui
2478 3248 2659 3297 autem
2699 3239 2899 3295 donum
2923 3246 3243 3310 perceptu:
3266 3239 3436 3307 juxta
3480 3238 3653 3310 possi-

2059 3328 2325 3387 bilitatem
2342 3329 2833 3387 suamsecundum
2860 3329 3113 3389 mandata
3156 3327 3257 3384 Dei
3285 3329 3654 3401 multiplicare

2063 3419 2353 3486 studuerit,
2376 3418 2613 3489 placebit
2638 3418 2775 3485 Deo,
2803 3428 2858 3477 et
2884 3419 3148 3489 probatus
3188 3428 3274 3476 est
3315 3420 3651 3475 hominibus.

2070 3527 2088 3559 ι
2116 3509 2407 3567 Benedicta
2432 3510 2628 3568 horrea
2656 3519 2769 3577 tua,
2798 3519 2857 3567 et
2876 3511 3177 3569 benedicta:
3199 3511 3442 3581 reliquis
3470 3520 3599 3566 me.
3624 3531 3649 3562 ι

2061 3601 2120 3659 in
2153 3602 2364 3661 horreis
2414 3602 2756 3673 significatur
2800 3606 3054 3661 custodia
3080 3606 3365 3669 virtutum;
3402 3603 3461 3656 in
3516 3602 3647 3658 reli-

2060 3690 2206 3763 quiis
2224 3730 2243 3756 ,
2269 3690 2425 3747 bona!
2468 3691 2761 3751 voluntatis
2787 3692 3037 3750 inuentio.
3066 3690 3370 3748 Scel-dum
3403 3690 3467 3745 id
3491 3690 3650 3745 enim

2062 3782 2207 3851 quod
2245 3784 2476 3853 quisque
2516 3799 2616 3855 pro
2634 3784 3003 3855 possibilitate
3031 3801 3127 3847 sua
3158 3784 3395 3848 laborat,
3421 3798 3655 3839 conser-

2006 3940 2009 3955 i
2060 3872 2276 3937 vabitur
2319 3874 2422 3933 sibi
2448 3876 2729 3947 prmmium
2780 3884 2840 3935 et
2890 3877 3033 3935 bona
3056 3876 3340 3941 voluntas;
3377 3875 3514 3931 licet
3556 3875 3655 3931 ali-

2062 3964 2279 4033 quando
2310 3980 2418 4021 non
2441 3963 2639 4023 habent
2661 3965 2937 4034 effectum,
2966 3974 3150 4024 tamen
3166 3966 3381 4036 justum
3396 3980 3510 4021 non
3532 3980 3644 4036 per-

2063 4056 2153 4112 det
2180 4057 2482 4128 przemium,
2505 4058 2634 4127 quia
2655 4058 3001 4131 diligentibus
3045 4058 3219 4115 Deum
3245 4060 3437 4115 omnia
3464 4073 3647 4127 coope-

380 4148 502 4217 lege
549 4158 706 4199 nemo
729 4142 1119 4214 justillcabitur
1165 4148 1304 4217 apud
1334 4148 1504 4203 Deum
1534 4149 1679 4220 (Gal.
1716 4152 1822 4231 tu).
1854 4152 1965 4208 Nec
2063 4156 2253 4205 rantur
2304 4149 2357 4203 in
2400 4149 2624 4215 bonum,
2670 4159 2727 4204 et
2772 4150 2829 4205 in
2858 4159 3006 4219 terra
3051 4166 3158 4220 pax
3204 4151 3314 4206 erit
3341 4151 3650 4206 hominibus

384 4236 546 4306 hujus
599 4230 993 4290 maledictionis
1024 4234 1277 4291 damnum
1307 4237 1448 4293 ullus
1474 4242 1705 4297 evadere
1731 4245 1911 4314 potuit
1945 4264 1959 4298 :

384 4322 549 4385 etiam
577 4343 677 4384 nec
728 4328 842 4400 ipse
876 4322 1172 4399 legislator,
1196 4328 1299 4385 nisi
1344 4344 1438 4400 per
1488 4334 1716 4402 gratiam
1748 4335 1963 4391 Domini

2058 4236 2218 4303 bona:
2250 4239 2563 4305 voluntatis.
2618 4259 2637 4293 ‹
2701 4240 3028 4299 Benedictus
3080 4242 3191 4298 eris
3226 4242 3547 4313 ingrediens
3597 4251 3650 4296 et

2063 4331 2367 4401 egrediens.
2413 4350 2433 4384 ι
2471 4331 2587 4387 Hoc
2629 4339 2734 4397 est,
2773 4333 2919 4401 quod
2970 4331 3225 4391 Salvator
3263 4332 3320 4386 in
3360 4332 3653 4403 Dangdio

387 4424 559 4479 nostri
580 4420 707 4479 Jesu
741 4422 944 4481 Christi
974 4422 1099 4479 inde
1128 4422 1472 4480 liberaretur.
1500 4424 1653 4503 Unde
1666 4429 1964 4499 praedictus
1986 4482 2041 4503 ﬁ
2066 4419 2143 4472 ³η
2175 4437 2187 4472 ε
2226 4419 2392 4489 (ηΕΒο
2434 4434 2555 4477 sum
2580 4420 2802 4476 οδιίιιιη·
2834 4417 2940 4475 Ρθΐ
2974 4435 3080 4485 ωε,
3114 4420 3163 4476 εἰ
3198 4420 3329 4489 quis
3354 4420 3646 4484 ίιιιτοὶετίιν

390 4514 665 4583 apostolus
692 4513 769 4568 ait
800 4534 814 4569 :
862 4533 881 4567 ‹
914 4512 1165 4571 Christus
1193 4532 1291 4571 nos
1318 4482 1551 4574 redemit
1579 4519 1646 4579 de
1986 4482 2389 4589 Dgsali'abitu‘t‘.
2426 4518 2482 4567 et
2508 4525 2707 4582 [lasona
2736 4512 2979 4571 inveniet
3005 4482 3188 4584 (locu.
3218 4482 3309 4581 it).
3350 4531 3372 4565 ι
3400 4511 3543 4578 Quia
3564 4482 3652 4565 hic

382 4602 744 4677 legis',‘factus
791 4623 889 4677 pro
938 4607 1092 4663 nobis
1120 4608 1489 4677 maledictum,
1523 4613 1649 4683 quia
1696 4616 1962 4685 scriptum

383 4703 470 4750 est
501 4711 515 4747 :
551 4712 569 4746 ι
608 4690 926 4777 Maledictus
944 4700 1121 4754 omnis
1146 4699 1236 4772 qui
1256 4699 1453 4772 pendet
1468 4703 1523 4759 in
1551 4702 1715 4774 ligno.
1739 4726 1759 4758 ›
1796 4706 1867 4763 Ut
1902 4709 1958 4767 in

385 4774 635 4857 gentibus
659 4774 962 4843 benedictio
1015 4789 1245 4847 Abrahae
1287 4792 1443 4851 ﬁeret
1480 4797 1534 4850 in
1562 4795 1781 4854 Christo
1809 4797 1958 4856 Jesu.

386 4870 527 4932 Hinc
573 4868 764 4933 Petrus
810 4878 921 4932 ait:
981 4898 1001 4930 ι
1050 4880 1298 4938 Christus
1350 4885 1517 4941 semel
1570 4903 1670 4958 pro
1716 4891 1962 4956 peccatis

385 4966 587 5028 nostris
616 4982 862 5029 mortuus
892 4982 994 5039 est,
1033 4975 1211 5044 justus
1237 4992 1337 5049 pro
1361 4978 1575 5047 iniustis
1605 4997 1620 5035 :
1648 4988 1711 5034 ut.
1743 4997 1847 5037 nos
1876 4981 1958 5038 of-

384 5062 553 5118 ferret
594 5054 736 5133 :Deo,
771 5062 1126 5121 mortificatos
1173 5070 1391 5137 quidem
1432 5086 1619 5139 carne,
1653 5071 1957 5131 viviﬁcatos

383 5146 866 5228 autem‘SpirituKI
903 5154 1049 5209 Petr.
1090 5154 1192 5227 lli).

458 5240 609 5312 (Car.
638 5246 855 5316 xxvmz)
885 5263 904 5296 ι
934 5243 1031 5300 Sin
1053 5253 1235 5300 autem
1264 5250 1499 5308 audieris
1520 5268 1709 5309 vocem
1740 5253 1954 5311 Domini

390 5350 411 5386 ι
442 5333 539 5389 Dei
562 5335 665 5399 tui,
687 5343 749 5391 ut
777 5334 945 5393 facias
972 5347 1133 5409 atque
1173 5340 1445 5398 custodias
1470 5346 1651 5401 omnia
1701 5348 1956 5405 mandata

389 5439 413 5477 ι
442 5423 581 5494 ejus,
610 5441 730 5495 quae
760 5442 858 5511 ego
882 5428 1042 5486 hodie
1082 5429 1336 5503 praecipio
1363 5430 1481 5498 tibi,
1506 5432 1669 5491 faciet
1696 5444 1749 5493 te
1778 5436 1961 5493 Domi-

390 5529 414 5564 c
446 5528 548 5568 nus
589 5514 943 5575 excelsiorem
993 5520 1203 5575 cunctis
1238 5519 1489 5590 gentibus
1532 5538 1652 5592 qua:
1676 5537 1961 5584 versantur

389 5619 412 5653 ι
447 5602 504 5656 ἱη
527 5612 671 5659 terra
702 5626 715 5660 :
761 5609 1085 5680 venientque
1129 5627 1290 5685 super
1337 5621 1389 5668 te
1436 5614 1704 5671 universa:
1740 5618 1961 5675 benedi-

394 5713 414 5747 ι
449 5698 655 5754 otioan
687 5701 824 5765 istae,
877 5709 934 5759 et
982 5706 1388 5776 apprehendent
1438 5716 1512 5774 te,
1538 5709 1586 5765 si
1615 5716 1795 5771 tamen
1814 5727 1959 5783 prte-

2067 4602 2136 4657 ad
2162 4601 2322 4665 fidem
2368 4601 2678 4674 ingrediens
2714 4604 3004 4673 sapientiae
3030 4604 3213 4661 cibum
3230 4613 3302 4659 .et
3325 4619 3537 4675 pascua
3562 4618 3651 4657 ac-

2066 4690 2229 4761 cipiet
2255 4691 2540 4759 virtutum,
2569 4701 2625 4747 et
2659 4694 3038 4764 egrediensde
3080 4694 3341 4764 praesenti
3357 4694 3498 4758 vita,
3535 4706 3654 4748 eer-

2036 4790 2174 4867 'tam
2222 4784 2531 4843 mercedem
2577 4786 2806 4855 accipiet
2832 4786 3103 4845 bonorum
3132 4784 3652 4856 columina-edi—

2066 4879 2154 4927 tur
2193 4882 2250 4929 et
2276 4873 2366 4928 ille
2404 4889 2504 4946 per
2551 4874 2685 4931 illud
2733 4876 2959 4941 ostium,
2986 4877 3081 4945 qui
3123 4875 3329 4947 aliquid
3364 4890 3468 4946 per
3489 4875 3644 4930 fidem

2067 4965 2387 5023 catholicam
2429 4965 2835 5035 interiusjuxta
2869 4968 3205 5025 voluntatem
3220 4968 3329 5024 Dei
3352 4967 3641 5023 meditatur

2065 5066 2121 5114 et
2157 5065 2375 5115 tractat.
2402 5058 2717 5130 Egreditur,
2761 5060 2982 5129 quando
3029 5059 3329 5117 secundum
3382 5061 3557 5129 ipsam
3588 5057 3649 5112 ti-

2066 5145 2215 5212 dem,
2244 5148 2411 5202 etiam
2445 5147 2585 5204 foris
2608 5163 2795 5205 coram
2829 5149 3145 5206 hominibus
3180 5149 3254 5206 ad
3295 5148 3513 5204 laudem
3549 5148 3647 5202 Dei

2064 5238 2243 5309 aliqua
2264 5240 2403 5297 bene
2428 5240 2725 5313 operando,
2757 5241 2826 5298 ad
2850 5241 3161 5313 exemplum
3183 5249 3481 5313 praeparat.

2139 5372 2159 5405 ι
2184 5353 2347 5411 Dabit
2389 5355 2651 5412 Dominus
2698 5356 2948 5413 inimicos
2988 5366 3131 5424 suos,
3165 5358 3256 5427 qui
3308 5366 3651 5429 consurgunt

2067 5461 2088 5495 ι
2125 5445 2413 5501 adversum
2460 5454 2534 5511 te,
2578 5456 2901 5503 carmentes
2935 5448 2991 5502 in
3033 5459 3331 5519 conspectu
3368 5457 3480 5503 tuo.
3538 5446 3651 5504 Per

2067 5552 2087 5586 ι
2122 5550 2287 5590 unam
2316 5536 2460 5591 viam
2484 5538 2707 5594 venient
2732 5539 2800 5594 ad
2826 5546 2902 5604 te,
2930 5547 2989 5595 et
3014 5553 3115 5609 per
3139 5526 3349 5610 septem
3377 5538 3586 5612 fugient
3612 5558 3650 5596 a

2067 5643 2091 5677 ι
2125 5634 2199 5681 te.
2239 5643 2262 5681 ι
2290 5625 2392 5693 Qui
2412 5628 2559 5683 enim
2580 5627 2815 5685 custodit
2844 5631 3099 5686 mandata
3124 5630 3243 5696 Dei,
3278 5632 3650 5702 malignon

2061 5715 2350 5785 spirituum
2382 5718 2557 5776 aciem
2580 5721 2883 5790 proturbat,
2905 5722 3163 5778 virtutem
3182 5722 3435 5794 dissipat:
3460 5721 3653 5793 Βιαιιὶ
