3930 6344
166 405 252 468 955
902 390 1314 452 'nmnnmo
1351 383 1589 449 surn'n‘
1616 369 2250 454 nn‘urenououum.‘
2281 426 2349 436 —
2385 393 2514 450 LIB.
2552 391 2642 448 tu;
2715 367 2720 382 τ

3286 381 3391 454 ast

165 515 368 576 adunati
397 514 465 568 ad
489 503 790 567 nocendum
820 519 1104 575 venerant,
1152 508 1349 573 territi,
1377 522 1476 577 per
1502 507 1714 562 diversa
1742 519 1796 580 Α
1825 499 1842 560 t
1881 493 1977 564 tibi
2027 509 2205 577 hodie,
2237 511 2452 565 venient
2497 505 2658 578 super
2685 515 2738 563 te
2759 505 2951 562 omnes
2986 507 3393 570 maledictiones

163 611 330 682 fugere
370 612 604 660 tentant.
647 622 666 655 ι
717 602 939 656 Emittet
968 601 1231 656 Dominus
1283 597 1713 653 benedictionem

166 723 182 757 ‹
213 714 369 770 super
397 696 616 753 cellaria
646 701 759 759 tua,
782 703 838 748 et
860 708 1021 763 super
1045 692 1228 746 omnia
1263 705 1425 760 opera
1458 703 1714 744 manuum

165 804 422 850 «tuarum
469 807 484 842 :
525 787 914 856 benedicetque
955 785 1052 840 tibi
1078 785 1133 838 in
1174 792 1322 837 terra
1367 795 1528 851 quam
1563 795 1717 836 acce-

165 904 181 938 t
206 883 375 954 peris.
415 900 435 932 ι
467 877 699 934 Cellaria
727 877 1029 942 benedicet,
1064 890 1189 929 cum
1217 874 1270 927 in
1299 873 1476 928 cordis
1505 879 1715 928 secreta

157 975 373 1048 gratiam
400 970 634 1040 Spiritus
659 969 741 1024 sui
787 968 1040 1022 infundit.
1070 959 1361 1021 Benedicet
1386 981 1551 1036 opera
1589 979 1712 1018 ma-

156 1083 334 1130 nuum,
385 1080 508 1120 cum
535 1063 730 1118 studiis
758 1061 914 1115 bonis
960 1059 1270 1114 facultatem
1315 1059 1506 1112 tribuit
1540 1058 1716 1110 virtu-

157 1168 275 1214 tum.
301 1155 600 1210 Benedicet
637 1154 694 1208 in
739 1161 908 1218 terra,
931 1159 987 1205 et
1015 1150 1296 1206 suscitabit
1321 1149 1583 1204 Dominus
1610 1146 1714 1203 sibi

153 1247 416 1319 populum,
477 1245 694 1315 quando
743 1251 958 1297 sanctos
996 1255 1122 1296 suos
1169 1240 1222 1294 in
1263 1247 1408 1295 terra
1461 1239 1716 1294 Ecclesiae

157 1340 418 1393 abundare
446 1336 610 1390 faciet
636 1335 808 1405 gratia
831 1332 1131 1389 ccelestium
1173 1331 1454 1386 donorum.
1483 1329 1638 1385 Unde
1659 1336 1715 1383 et

155 1429 429 1496 sequitur:
469 1445 490 1477 ι
525 1426 580 1481 Si
619 1425 939 1480 custodieris
964 1417 1220 1477 mandata
1243 1422 1457 1476 Domini
1491 1421 1587 1475 Dei
1613 1421 1712 1487 tui,

161 1538 176 1570 t
204 1528 254 1573 et
271 1518 631 1574 ambulaveris
657 1518 712 1570 in
746 1516 850 1570 viis
877 1514 1009 1584 ejus,
1039 1515 1299 1569 videbunt
1320 1529 1507 1570 omnes
1537 1521 1714 1568 terra-

159 1629 174 1660 t
204 1627 318 1664 rum
349 1610 536 1680 populi
567 1608 709 1678 quod
732 1622 927 1662 nomen
954 1606 1170 1661 Domini
1199 1607 1507 1662 invocatum
1531 1607 1600 1661 sit
1627 1621 1717 1661 su-

157 1720 173 1752 ‹
201 1717 294 1770 per
318 1710 392 1766 te,
423 1711 478 1755 et
503 1700 770 1754 timebunt
799 1707 872 1765 te,
889 1706 946 1752 et
967 1699 1243 1752 abundare
1268 1705 1322 1752 te
1343 1698 1506 1752 faciet
1534 1698 1716 1754 Domi-

155 1809 171 1841 t
198 1807 299 1847 nus
330 1792 584 1847 omnibus
610 1791 787 1845 bonis.
825 1789 1090 1850 ».Timent
1122 1790 1306 1845 hostes
1330 1791 1586 1860 populum
1614 1791 1714 1845 Ec-

1821 619 1840 652 ι
1883 601 2024 668 istte,
2060 621 2080 656 ›
2113 611 2217 658 etc.
2247 602 2380 658 Cum
2422 600 2645 656 dextera
2704 597 2760 652 in
2790 598 2948 654 laude
2975 607 3236 668 ponatur,
3280 615 3392 657 non

1814 692 1886 748 ibi
1914 709 1976 748 ea
2005 696 2476 765 reprehenduntur
2500 707 2620 762 qua:
2648 691 2841 747 dextra
2870 700 3016 759 sunt,
3047 693 3144 748 sed
3175 693 3266 749 ille
3297 693 3393 765 qui

1815 783 2049 841 declinat
2096 786 2153 840 in
2202 799 2286 850 ea,
2333 785 2389 864 id
2422 791 2522 848 est,
2573 782 2818 853 qui,sibi
2873 792 3094 854 arrogat
3143 799 3262 854 quae
3295 783 3393 842 Dei

1817 891 1960 939 sunt.
1979 882 2106 938 Ideo
2132 884 2330 939 dicitur
2358 884 2413 938 in
2435 881 2773 937 Proverbiis:
2798 900 2816 933 ‹
2837 879 2917 936 Ne
2932 881 3167 937 declines
3185 881 3240 936 in
3262 883 3395 938 dex-

1815 984 1931 1030 tera
1961 984 2053 1031 aut
2087 976 2327 1031 sinistra.
2355 975 2483 1030 Vias
2508 975 2652 1030 enim
2679 989 2797 1044 quae
2826 988 2858 1028 a
2903 974 3112 1028 dextris
3137 980 3266 1030 sunt
3292 988 3391 1030 no-

1814 1066 1892 1120 vit
1920 1067 2197 1121 Dominus.
2230 1065 2505 1120 Perversac
2534 1075 2712 1119 niuem
2761 1072 2886 1117 sunt
2926 1079 3046 1133 quae
3092 1080 3123 1119 a
3156 1065 3395 1122 sinistris

1815 1165 1943 1212 sunt
1973 1177 1991 1210 ›
2021 1157 2202 1229 (Prov.
2231 1157 2325 1227 ιν).
2350 1156 2495 1226 Ergo
2526 1157 2678 1210 bonae
2704 1155 3045 1209 suntdextrte
3084 1171 3219 1225 quas
3246 1157 3396 1212 novit

1815 1235 2093 1304 Dominus.
2134 1267 2152 1299 (
2188 1247 2348 1302 Novit
2394 1269 2412 1300 ›
2453 1263 2583 1318 ergo
2615 1264 2634 1296 ‹
2669 1244 2930 1300 Dominus
2958 1246 3388 1316 viasjustorum,

1816 1349 1871 1396 et
1899 1342 2003 1397 iter
2051 1339 2340 1411 impiorum
2386 1339 2606 1408 peribit,
2649 1358 2666 1390 ι
2697 1337 2836 1392 sicut
2873 1337 2928 1390 in
2951 1337 3162 1407 psalmo
3200 1339 3396 1409 legitur

1817 1428 1989 1503 (Psal.
2021 1429 2081 1500 ι).
2109 1429 2218 1485 Cur
2259 1445 2386 1501 ergo
2421 1431 2623 1484 dictum
2645 1429 2735 1492 sit,
2771 1446 2789 1479 t
2830 1444 2898 1482 ne
2921 1425 3156 1482 declines
3184 1427 3239 1481 in
3261 1429 3392 1483 dex-

1815 1529 2010 1584 teram,
2049 1539 2068 1571 ›
2111 1528 2504 1590 consequenter
2541 1518 2780 1573 ostendit
2837 1517 3085 1572 addendo
3132 1534 3146 1569 :
3202 1535 3220 1567 ι
3274 1516 3395 1586 Ipse

1816 1617 1960 1670 enim
1991 1622 2174 1669 rectos
2229 1614 2391 1669 faciet
2437 1629 2629 1668 cursus
2663 1621 2804 1667 tuos.
2860 1631 2880 1664 ›
2916 1611 3069 1665 Absit
3117 1619 3297 1664 autem
3335 1617 3397 1663 ut

1816 1705 2038 1760 dextras
2085 1721 2220 1774 quas
2249 1706 2398 1759 novit
2427 1705 2685 1760 Dominus
2724 1718 2983 1775 negemus
3013 1718 3134 1758 esse
3164 1714 3342 1758 rectas
3376 1719 3392 1758 :

1817 1797 1931 1862 sed,
1963 1804 2021 1850 ut
2050 1797 2176 1858 dixi,
2227 1797 2496 1850 declinare
2526 1796 2576 1849 in
2603 1812 2717 1859 eas,
2749 1803 2832 1849 est
2861 1810 2967 1847 non
2998 1794 3143 1847 illius
3178 1794 3389 1863 gratiae,

146 1883 348 1951 clesiae,
378 1899 502 1939 cum
532 1883 754 1954 maligni
781 1882 1025 1952 spiritus,
1056 1882 1273 1952 quando
1298 1895 1490 1936 nomen
1514 1880 1713 1936 Christi
1739 1877 1788 1936 B
1816 1887 1909 1942 sed
1941 1887 2043 1941 sibi
2069 1887 2305 1941 tribuere
2335 1885 2472 1940 velle
2496 1885 2638 1956 quod
2669 1891 2875 1940 rectum
2903 1890 3004 1938 est.
3039 1883 3303 1951 Denique,
3336 1891 3395 1936 ut

143 1978 194 2031 in
222 1978 411 2033 electis
458 1977 556 2031 Dei
585 1977 733 2032 intus
760 1976 814 2030 in
841 1974 947 2030 fide
992 1982 1045 2030 et
1071 1974 1203 2029 foris
1237 1975 1292 2029 in
1340 1975 1590 2044 operibus
1620 1989 1713 2030 co-

138 2081 363 2122 ruscare
404 2066 769 2136 conspiciunt,
814 2066 1053 2120 verendo
1101 2065 1312 2136 fugiunt
1341 2083 1354 2116 :
1387 2081 1486 2119 nec
1519 2065 1598 2119 eis
1627 2077 1713 2118 re-

137 2159 332 2213 sistere
373 2158 614 2227 nequitia
663 2171 758 2211 sua
800 2164 1074 2226 poterunt.
1115 2155 1268 2210 Unde
1295 2156 1553 2223 scriptum
1583 2161 1665 2206 est
1699 2170 1712 2206 :

144 2265 162 2297 ι
200 2247 462 2302 Resistite
511 2245 745 2310 diabolo,
790 2253 845 2299 et
883 2244 1103 2314 fugiet'a
1138 2244 1292 2297 vobis
1328 2265 1346 2294 ι
1381 2242 1587 2313 (Iacob.
1615 2240 1714 2313 Iv).

141 2337 204 2390 Et
253 2336 452 2390 Petrus
487 2337 542 2389 in
589 2335 824 2404 Epistola
858 2349 955 2388 sua
997 2335 1116 2387 ait:
1173 2352 1193 2384 ‹
1247 2333 1426 2387 Sobrii
1455 2339 1632 2387 estote
1661 2338 1718 2387 et

139 2426 355 2496 vigilate
381 2467 396 2490 ,
450 2426 576 2495 quia
629 2426 973 2481 adversarius
1039 2432 1216 2480 vester
1273 2425 1537 2488 diabolus,
1597 2432 1717 2478 tan-

145 2533 302 2587 quam
328 2518 417 2573 leo
462 2518 701 2588 rugiens,
750 2519 967 2583 circuit,
995 2533 1246 2588 quaerens
1274 2533 1432 2587 quem
1472 2519 1711 2572 devoret.

146 2607 242 2664 Cui
266 2608 507 2663 resistite
537 2608 703 2663 fortes
731 2608 784 2661 in
813 2607 916 2664 fide
941 2627 953 2661 :
978 2609 1210 2662 scientes
1230 2608 1479 2663 eamdem
1512 2608 1717 2678 passio-

144 2714 260 2754 nem
286 2700 360 2766 ei,
387 2714 512 2768 qua:
533 2700 584 2754 in
613 2700 816 2754 mundo
841 2709 946 2765 est,
970 2711 1164 2755 vestrm
1186 2700 1514 2754 fraternitati
1543 2699 1663 2755 fieri
1691 2720 1710 2752 ι

146 2790 194 2862 (Ι
222 2789 368 2846 Patr.
397 2791 475 2863 v).
529 2792 822 2848 Abundare
856 2792 1020 2847 faciet
1047 2793 1307 2848 Dominus
1344 2799 1558 2847 sanctos
1588 2805 1718 2847 suos

144 2883 390 2938 omnibus
417 2883 600 2948 bonis,
626 2884 843 2953 quando
871 2879 962 2938 hic
993 2884 1148 2939 bonis
1193 2893 1353 2954 auget
1385 2883 1618 2948 meritis,
1662 2891 1718 2938 et

143 2971 191 3025 in
223 2971 404 3026 futuro
429 2972 744 3027 coelestibus
762 2973 1129 3028 remunerabit
1155 2975 1411 3043 praemiis.
1449 2993 1468 3025 ι
1495 2974 1718 3042 Aperiat

147 3083 163 3114 ‹
193 3063 456 3120 Dominus
505 3066 820 3119 thesaurum
847 3081 1003 3120 suum
1033 3066 1316 3135 optimum,
1345 3065 1542 3120 caelum
1592 3083 1607 3119 :
1656 3072 1718 3119 ut

145 3172 161 3202 ‹
193 3156 407 3210 tribuat
433 3155 676 3226 pluviam
700 3163 862 3210 terrae
892 3163 996 3209 tua:
1019 3157 1074 3210 in
1106 3165 1347 3226 tempore
1373 3171 1490 3211 suo.
1536 3176 1554 3208 ι
1586 3155 1714 3211 Coe-

139 3244 242 3299 lum
279 3247 370 3301 hic
393 3223 717 3317 prophetas,
750 3247 835 3301 vel
869 3247 1157 3318 apostolos,
1191 3223 1306 3303 sive
1331 3247 1713 3318 praedicatores
1743 3223 1789 3286 Ο

138 3339 279 3393 verbi
313 3339 432 3405 Dei,
459 3351 747 3409 possumus
776 3338 1095 3410 intelligere,
1127 3340 1194 3395 de
1223 3339 1419 3408 quibus
1449 3340 1712 3410 scriptum

138 3435 251 3481 est:
286 3446 310 3480 ε
345 3428 487 3484 (Ζωιὶ
516 3433 772 3483 enarrant
785 3429 1015 3499 gloriam
1045 3429 1164 3493 Dei,
1193 3436 1246 3484 et
1264 3443 1428 3498 opera
1453 3439 1712 3484 manuum

137 3517 243 3586 ejus
269 3521 564 3575 mununtiat
607 3520 1026 3576 firmamentum.
1066 3539 1085 3572 ι
1122 3520 1427 3588 Quostunc
1452 3517 1718 3577 Dominus~

137 3613 306 3680 aperit
354 3620 421 3666 ut
451 3612 656 3668 tribuat
696 3613 954 3683 pluviam,
1005 3613 1220 3681 quando
1247 3627 1342 3666 eos
1369 3627 1467 3681 per
1515 3612 1716 3668 donum

134 3700 366 3771 Spiritus
421 3703 606 3758 sancti
653 3702 902 3758 concedit
954 3700 1258 3756 doctrinam
1309 3700 1552 3770 proferre
1585 3699 1718 3756 divi-

124 3809 268 3860 nam,
297 3802 360 3848 ut
400 3793 710 3849 carnalium
756 3793 941 3859 corda,
972 3793 1077 3848 hoc
1118 3791 1290 3846 imbre
1321 3791 1568 3862 irrigata,
1595 3805 1718 3862 ger-

120 3902 243 3944 men
266 3889 558 3943 bonorum
584 3899 820 3954 operum
837 3885 1050 3954 possint
1071 3883 1336 3954 proferre.
1369 3901 1387 3934 ι
1420 3881 1716 3939 Fenerabis

129 3997 148 4032 ι
194 3979 457 4049 gentibus
491 3976 681 4032 multis
720 3985 776 4032 et
817 3977 934 4046 ipse
957 3991 988 4030 a
1025 3976 1168 4031 nullo
1198 3976 1356 4031 fenus
1396 3976 1652 4044 accipies.
1687 3994 1708 4030 ι

127 4069 428 4127 Fenerabit
481 4068 724 4124 Ecclesia
769 4069 1019 4140 gentibus
1063 4067 1266 4134 multis,
1318 4069 1534 4137 quando
1590 4067 1718 4123 cha—

133 4161 364 4216 rismata
396 4157 827 4212 divinationibus
849 4157 1106 4227 expendit
1133 4157 1379 4226 singulis.
1423 4155 1534 4212 Nec
1561 4154 1719 4212 fenus

134 4250 195 4304 ab
239 4250 354 4305 ulla
387 4248 615 4304 illarum
658 4250 876 4318 accipit,
905 4250 1031 4319 quia
1073 4263 1179 4303 non
1225 4259 1573 4319 praesentem,
1623 4247 1718 4304 sed

135 4340 368 4395 futuram
394 4341 898 4394 remunerationem
943 4339 1186 4409 inquirit.
1213 4339 1443 4395 Excellit
1467 4341 1716 4395 omnibus

135 4431 270 4486 enim
300 4431 450 4486 dono
493 4429 614 4497 Dei,
653 4439 708 4484 et
736 4437 898 4500 caput
924 4437 1009 4485 est
1053 4433 1221 4486 totius
1248 4432 1432 4496 orbis,
1451 4447 1559 4487 non
1590 4447 1717 4487 can-

139 4520 228 4585 da;
261 4529 318 4576 et
366 4534 608 4590 semper
639 4533 824 4590 supra,
872 4533 976 4575 nec
1021 4534 1258 4590 unquam
1313 4521 1502 4576 subter
1542 4521 1714 4591 :quia

139 4609 252 4666 licet
267 4625 572 4682 pressuras
606 4618 666 4665 et
699 4611 1104 4679 persecutiones
1134 4611 1398 4666 malorum
1428 4611 1484 4665 in
1518 4613 1719 4670 mundo

139 4703 386 4768 patiatur,
443 4710 635 4758 tamen
674 4700 868 4755 fortior
919 4706 1003 4756 est
1050 4701 1399 4766 adversariis,
1423 4718 1487 4757 ac
1516 4701 1621 4757 fide
1668 4710 1723 4759 et

141 4791 338 4848 virtute.
353 4794 566 4848 eminet
589 4791 879 4847 universis.
912 4790 1178 4860 Sequitur
1203 4809 1218 4845 :

205 4900 222 4933 ‹
257 4882 577 4939 Constituet
609 4890 661 4936 te
692 4882 953 4936 Dominus
982 4882 1035 4936 in
1064 4889 1229 4952 caput
1266 4890 1322 4937 et
1365 4898 1472 4937 non
1515 4884 1568 4938 in
1593 4900 1723 4939 cau-

145 4986 160 5020 t
193 4971 313 5028 dam
359 4992 374 5028 :
410 4982 469 5029 et
497 4973 618 5028 eris
643 4985 858 5040 semper
883 4983 1044 5041 supra
1072 4979 1127 5025 et
1154 4987 1263 5026 non
1309 4974 1510 5037 subter,
1547 4975 1590 5028 si
1627 4965 1722 5029 au-

145 5081 161 5111 ι
193 5065 356 5122 dieris
390 5067 667 5122 mandata
688 5063 901 5117 Domini
929 5063 1026 5117 Dei
1056 5064 1156 5127 tui,
1179 5077 1300 5133 qua:
1329 5081 1427 5136 ego
1459 5066 1717 5136 praecipio

145 5172 161 5204 ι
193 5157 284 5213 tibi
310 5159 500 5224 hodie,
532 5167 601 5213 et.
629 5155 952 5211 custodieris
976 5162 1034 5208 et
1073 5153 1285 5220 feceris,
1327 5171 1389 5211 ac
1418 5172 1524 5211 non
1550 5157 1716 5213 decli—

147 5263 164 5295 t
195 5251 409 5306 naveris
433 5250 505 5305 ab
527 5249 638 5312 eis,
664 5259 764 5300 nec
783 5244 852 5300 ad
887 5244 1168 5299 dexteram
1191 5259 1294 5300 nec
1317 5245 1384 5299 ad
1400 5247 1678 5302 sinistram
1701 5266 1716 5302 :

148 5354 167 5388 ι
196 5355 294 5396 nec
327 5349 553 5399 secutus
595 5341 770 5396 fueris
795 5342 926 5395 deos
951 5340 1180 5406 alienos,
1211 5356 1312 5396 nec
1344 5341 1576 5396 colueris
1603 5358 1716 5399 eos.

150 5444 167 5478 ι
197 5429 307 5487 Non
337 5433 660 5504 praeteribis
686 5430 756 5488 ab
795 5431 1046 5487 omnibus
1073 5432 1254 5488 verbis
1281 5447 1403 5502 quae
1441 5447 1539 5504 ego
1568 5449 1724 5489 man-

151 5537 168 5570 t
199 5521 265 5576 do
310 5525 407 5581 tibi
459 5525 626 5582 hodie
655 5522 846 5578 dextra
886 5529 983 5576 aut
1010 5521 1254 5589 sinistra,
1291 5523 1370 5577 ire
1420 5532 1545 5594 post
1594 5524 1726 5582 deos

155 5631 169 5661 ι
202 5615 425 5683 alienos,
482 5615 702 5673 servire
727 5614 853 5669 illis.
884 5613 1037 5681 Quod
1063 5615 1108 5669 si
1137 5615 1330 5670 audire
1359 5617 1600 5674 nolueris
1628 5633 1727 5674 vo-

155 5723 170 5754 ι
206 5721 320 5762 cem
349 5708 570 5768 Domini
596 5707 694 5763 Dei
718 5706 798 5761 tui
842 5714 897 5761 et
921 5707 1198 5763 custodias
1233 5717 1292 5764 et
1328 5709 1498 5766 facias
1543 5712 1728 5768 omnia

156 5816 172 5848 ι
205 5802 457 5860 mandata
501 5801 628 5872 ejus
673 5806 729 5884 et
774 5799 1112 5857 ceremonias
1149 5816 1287 5872 quas
1328 5817 1429 5873 ego
1470 5803 1726 5874 praecipio

1817 1979 1951 2044 dixi,
1999 1977 2241 2051 adjungit
2294 1985 2348 2031 et
2392 1977 2522 2032 dicit
2579 1995 2590 2030 :
2643 1995 2662 2026 ‹
2693 1974 2813 2045 Ipse
2840 1975 2984 2029 enim
3026 1982 3205 2028 rectos
3233 1972 3394 2028 faciet

1817 2088 2007 2127 cursus
2028 2081 2168 2136 tuos,
2200 2079 2255 2126 et
2276 2071 2455 2126 omnia
2484 2070 2679 2124 itinera
2707 2079 2796 2122 tua
2825 2069 2878 2122 in
2904 2082 3037 2136 pace
3061 2067 3340 2136 producet.
3366 2085 3386 2118 ι

1886 2160 2226 2231 Quapropter
2256 2161 2399 2231 quod
2447 2160 2553 2216 isto
2581 2161 2699 2214 loco
2739 2156 3140 2213 Deuteronomii
3190 2156 3394 2212 dictum

1814 2261 1914 2318 est,
1963 2273 1984 2306 ‹
2035 2253 2153 2307 Non
2199 2253 2500 2325 praeteribis
2549 2254 2614 2307 ab
2640 2251 2889 2307 omnibus
2941 2249 3123 2304 verbis
3146 2265 3264 2319 qua:
3291 2263 3391 2320 ego

1815 2346 2012 2400 mando
2040 2345 2136 2400 tibi
2169 2345 2350 2411 hodie,
2382 2345 2574 2399 dextra
2607 2350 2700 2398 aut
2729 2343 2972 2406 sinistra,
3001 2339 3080 2394 ire
3117 2349 3239 2411 post
3265 2340 3397 2395 deos

1816 2438 2042 2504 alienos,
2087 2438 2291 2493 servire
2321 2435 2451 2502 illis,
2487 2457 2505 2489 ›
2536 2450 2644 2490 ηοη
2675 2435 2796 2489 ideo
2827 2433 3032 2488 dictum
3057 2441 3141 2487 est
3166 2433 3291 2502 quia
3322 2430 3397 2486 dii

1814 2529 2023 2602 possint
2072 2531 2236 2586 etiam
2285 2529 2340 2584 in
2371 2529 2576 2584 dextris
2624 2527 2842 2597 accipi:
2884 2525 2980 2580 sed
3033 2531 3126 2579 aut
3179 2531 3399 2580 terrena

1815 2621 1934 2677 loca
1961 2619 2265 2690 significata
2314 2631 2463 2685 sunt,
2499 2619 2625 2689 quia
2653 2619 2706 2671 in
2739 2617 2929 2670 dextra
2966 2614 3134 2668 autin
3175 2614 3396 2670 sinistra

1815 2710 2086 2766 habebant
2113 2717 2297 2780 gentes
2323 2707 2458 2762 alios
2487 2709 2614 2762 deos
2647 2706 2906 2769 colentes,
2953 2711 3046 2757 aut
3075 2704 3179 2757 hoc
3207 2702 3274 2756 de
3298 2701 3402 2758 diis

1817 2803 1937 2858 aliis
1961 2793 2251 2872 separatim
2281 2797 2740 2870 pronuntiandum
2781 2805 2885 2861 est,
2915 2803 2976 2850 ut
3000 2797 3106 2850 duo
3137 2793 3248 2848 sint
3273 2808 3400 2848 sen-

1818 2909 1954 2950 sus:
1985 2909 2125 2947 unus
2169 2889 2419 2945 videlicet
2471 2907 2483 2942 :
2523 2887 2640 2943 Non
2668 2885 2974 2958 praeteribis
3027 2885 3096 2939 ab
3151 2881 3402 2938 omnibus

1816 2986 1998 3041 verbis
2045 3001 2165 3056 quae
2195 2999 2296 3055 ego
2340 2981 2437 3036 tibi
2483 2981 2703 3045 mando,
2755 2979 2949 3033 dextra
2999 2983 3094 3032 aut
3155 2974 3398 3043 sinistra,

1819 3077 2112 3132 secundum
2163 3072 2369 3129 scilicet
2415 3069 2565 3127 illum
2626 3069 2956 3125 intellectum
3017 3083 3180 3138 quem
3234 3082 3398 3136 supra

1819 3168 2076 3242 exposui,
2107 3165 2246 3221 alius
2273 3172 2450 3220 autem
2477 3162 2549 3217 sit
2572 3175 2766 3217 sensus
2797 3179 2809 3216 :
2842 3161 2921 3214 ire
2946 3165 3070 3229 post
3088 3159 3217 3213 deos
3242 3158 3398 3223 alios,

1821 3255 2028 3317 servire
2067 3259 2194 3324 illis,
2223 3265 2282 3311 ut
2311 3263 2366 3312 et
2411 3255 2500 3311 hic
2530 3253 2904 3310 subaudiatur.
2947 3251 3064 3307 Non
3098 3251 3403 3322 praeteribis

1822 3355 1889 3409 ab
1918 3351 2170 3407 omnibus
2197 3343 2380 3404 verbis
2415 3363 2533 3417 quae
2557 3361 2658 3417 ego
2681 3343 2878 3400 mando
2908 3343 3002 3397 tibi
3032 3341 3209 3397 hodie.
3234 3342 3403 3408 Quem

1821 3452 1992 3498 totum
2030 3455 2249 3498 sensum
2299 3440 2344 3496 si
2399 3437 2579 3495 dicere
2603 3438 2850 3500 velimus,
2891 3435 3173 3506 superiora
3209 3435 3424 3504 verba,

1823 3548 1941 3601 quae
1966 3533 2150 3599 utique
2174 3529 2355 3584 sensui
2372 3537 2498 3584 sunt
2525 3528 2855 3589 communia,
2881 3526 3165 3597 repetituri
3190 3540 3399 3591 sumus;

1819 3621 1884 3677 ut
1915 3622 2186 3692 quomodo
2215 3620 2327 3674 illic
2377 3619 2594 3674 dicitur.
2621 3613 2741 3672 Non
2785 3617 3090 3686 praeteribis
3124 3615 3192 3670 ab
3229 3615 3405 3670 omni-

1822 3709 1922 3766 bus
1951 3707 2071 3780 quae
2098 3726 2196 3780 ego
2221 3710 2414 3763 mando
2469 3709 2566 3762 tibi
2601 3707 2767 3763 hodie
2794 3709 2982 3761 dextra
3020 3715 3114 3762 aut
3146 3707 3400 3774 _sinistra,

1824 3803 1902 3857 sic
1944 3807 1999 3856 et
2047 3801 2169 3856 istic
2207 3805 2486 3868 repetatur
2516 3819 2528 3851 :
2554 3797 2671 3852 Non
2700 3797 3000 3868 praeteribis
3053 3797 3121 3852 ab
3144 3798 3399 3854 omnibus

1823 3912 1943 3966 quae
1986 3909 2088 3966 ego
2115 3891 2313 3948 mando
2352 3889 2450 3946 tibi
2484 3889 2664 3953 hodie,
2697 3889 2777 3945 ire
2816 3896 2938 3960 post
2987 3890 3120 3945 deos
3170 3888 3402 3957 alienos,

1823 3987 2031 4043 servire
2057 3985 2179 4039 illis.
2208 3981 2595 4037 Praetereundo
2636 3981 2783 4035 enim
2812 3995 2843 4034 a
2872 3980 3054 4036 verbis
3087 3995 3206 4050 qua:
3245 3994 3406 4033 man-

1824 4077 1950 4130 data
1997 4082 2144 4140 sunt,
2191 4073 2356 4127 etiam
2398 4072 2503 4126 hoc
2535 4069 2596 4125 fit
2630 4080 2693 4125 ut
2719 4079 2873 4126 eatur
2902 4081 3025 4141 post
3057 4071 3188 4128 deos
3225 4070 3398 4127 alios:

1823 4183 1933 4223 non
1962 4166 2107 4222 enim
2136 4166 2240 4221 hoc
2268 4165 2442 4221 solum
2485 4163 2801 4219 mandatum
2827 4173 2928 4220 est.
2960 4164 3067 4218 Aut
3101 4164 3276 4220 solum
3298 4165 3402 4220 hoc

1822 4257 2099 4328 praeterire
2145 4253 2288 4310 Deus
2332 4271 2436 4308 non
2500 4254 2614 4308 vult
2663 4254 2807 4324 quod
2849 4255 3124 4310 mandavit
3173 4270 3241 4309 ne
3279 4263 3404 4326 post

1823 4349 1953 4403 deos
1998 4346 2203 4402 alienos
2246 4353 2421 4412 eatur,
2449 4345 2542 4400 sed
2566 4346 2746 4400 omnia
2795 4361 2913 4416 quac
2936 4341 3249 4400 mandavit.
3284 4345 3400 4402 Hoc

1822 4445 2004 4494 tamen
2022 4437 2096 4492 ita
2116 4437 2409 4508 praecipue,
2437 4442 2498 4490 ut
2535 4444 2657 4505 post
2677 4437 3082 4508 generalitatem
3109 4438 3398 4506 przecepti,

1823 4547 1930 4604 quo
1978 4530 2257 4586 admonuit
2307 4544 2414 4584 non
2437 4542 2559 4583 esse
2583 4528 3014 4598 praetereundum
3059 4527 3128 4582 ab
3153 4527 3404 4584 omnibus

1821 4607 1998 4677 verbis
2055 4621 2435 4674 mandatorum
2491 4635 2735 4685 suorum,
2793 4618 2957 4672 etiam
3007 4619 3110 4673 hoc
3159 4634 3402 4674 seorsum

1823 4713 2202 4770 commendare
2230 4711 2480 4766 voluerit.
2514 4711 2699 4766 Potest
2727 4712 2833 4766 hoc
2860 4712 3001 4782 quod
3027 4712 3126 4779 ait,
3162 4731 3180 4764 ‹
3217 4715 3404 4770 dexte-

1824 4819 1884 4858 ra
1918 4811 2013 4858 ant
2059 4804 2304 4868 sinistra,
2346 4823 2364 4855 ›
2405 4801 2570 4857 etiam
2614 4801 2691 4856 sic
2737 4801 2982 4872 intelligi.
3037 4801 3164 4860 Hmc
3214 4821 3403 4862 eorum

1824 4911 1989 4953 causa
2009 4910 2129 4965 quae
2149 4901 2372 4965 propter
2395 4891 2707 4949 felicitatem
2722 4903 3068 4966 appetuntur,
3086 4911 3186 4952 nec
3215 4912 3403 4954 eorum

1826 5002 1946 5057 quae
1959 4981 2570 5057 propterinfellcitatem
2593 4983 2892 5056 fugiuntur,
2910 4984 2990 5040 ire
3011 4985 3405 5043 mandaverunt

1821 5084 1946 5147 post
1991 5077 2118 5132 deos
2168 5076 2394 5141 alienos,
2441 5076 2493 5129 id
2535 5083 2634 5140 est,
2669 5085 2772 5131 nec
2805 5092 2905 5147 pro
2932 5077 3019 5133 his
3047 5095 3167 5149 quae
3212 5093 3401 5134 aman-

1824 5176 1934 5232 tur,
1986 5181 2089 5222 nec
2145 5174 2333 5221 contra
2389 5179 2453 5221 ea
2513 5181 2633 5236 quae
2689 5167 2813 5222 odio
2869 5167 3157 5236 habentur,
3214 5185 3245 5225 a
3297 5170 3403 5226 diis

1825 5261 1946 5317 aliis
2009 5260 2268 5314 auxilium
2326 5261 2661 5330 poscendum
2717 5276 2874 5328 esse;
2945 5270 3038 5316 aut
3106 5271 3254 5318 certe
3308 5263 3404 5320 illo

1826 5351 1987 5407 modo
2034 5359 2097 5404 ut
2155 5351 2514 5406 concilientur
2555 5367 2661 5422 quo
2713 5353 2943 5423 prosint,
2990 5351 3076 5406 vel
3119 5353 3446 5421 placentur,

1827 5457 1896 5497 ne
1960 5449 2211 5497 noceant.
2281 5439 2418 5496 Nam
2487 5449 2541 5498 et
2610 5444 2678 5498 de
2745 5442 3063 5511 quibusdam
3140 5443 3404 5512 scriptum

1827 5543 1913 5590 est
1934 5535 1988 5588 in
2009 5531 2218 5603 psalmo
2249 5551 2261 5587 :
2299 5552 2318 5584 ‹
2342 5532 2580 5601 Quorum
2603 5549 2664 5588 os
2702 5532 2941 5587 locutum
2963 5541 3048 5587 est
3082 5534 3397 5604 vanitatem,

1829 5631 1884 5680 et
1901 5624 2123 5679 dextera
2149 5639 2336 5680 eorum
2377 5624 2598 5679 dextera
2616 5622 2914 5692 iniquitatis
2943 5624 2961 5675 ὁ
2985 5622 3156 5696 (Psal.
3187 5625 3399 5698 cxuu).

1827 5715 1952 5771 ldeo
1977 5716 2101 5786 quia
2120 5715 2205 5772 his
2231 5717 2391 5773 rebus
2410 5717 2700 5786 opinantur
2723 5713 2839 5770 fieri
2866 5715 3136 5772 hominem
3161 5719 3399 5788 beatum,

1829 5821 1968 5877 quas
1995 5815 2050 5862 et
2075 5807 2202 5865 boni
2221 5815 2276 5864 et
2301 5808 2430 5864 mali
2452 5814 2678 5879 possunt
2698 5807 2920 5875 habere,
2942 5817 2997 5865 et
3029 5809 3150 5868 ideo
3177 5811 3399 5869 dextera
