3930 6344
484 339 594 405 955

1165 328 1225 384 Β.
1263 322 1519 389 ΒΔΒΔΝΙ
1552 319 1773 383 MAURI
1809 315 2131 393 ABCEIEP.
2172 311 2487 381 MOGUNT.
2524 311 3028 381 OPERUILPARS
3060 312 3105 369 l.

3662 320 3770 387 956

485 464 570 521 es;
614 447 937 523 iniquitatis,
967 445 1095 518 quia
1140 444 1313 515 iniqui
1356 448 1483 505 sunt
1510 441 1603 515 qui
1627 454 1749 497 eam
1778 439 2056 495 dexteram
2082 432 2148 497 Α.
2165 430 2620 523 autpermittente
2644 429 2891 495 Domino,
2920 445 3021 486 nec
3045 435 3132 485 est
3152 427 3360 503 aliquid
3380 430 3443 507 in.
3460 439 3620 490 terra
3648 436 3772 495 sine

486 528 699 621 putant,
736 538 855 599 Non
869 537 1016 595 enim
1037 544 1122 592 est
1142 550 1273 591 vera
1311 533 1556 602 dextera,
1605 529 1703 589 sed
1738 530 1959 605 dextera
1986 542 2079 583 eo-

486 655 606 701 rum
633 650 864 713 quorum
905 648 966 693 os
992 631 1235 687 locutum
1261 637 1346 684 est
1369 627 1683 683 vanitatem.
1732 622 1957 679 Beatum
1997 622 2079 680 di-

486 742 686 801 xerunt
708 731 968 809 populum
996 728 1085 789 cui
1100 727 1217 783 haec
1236 731 1381 785 sunt.
1408 724 1543 779 Cum
1568 718 1766 793 potius,
1788 719 1932 776 sicut
1951 734 2078 775 mox

484 808 730 901 adjungit
756 831 812 883 ei
833 822 987 888 dicit,
1043 820 1235 874 beatus
1264 812 1335 870 sit
1361 812 1589 889 populus
1633 812 1787 883 cujus
1813 808 2077 881 Dominus

487 900 630 979 Deus
650 918 844 991 ipsius,
872 914 993 973 haec
1020 919 1104 965 est
1127 924 1255 963 vera
1281 908 1507 962 dextera
1532 902 1821 985 mquitatis,
1842 919 1950 959 non
1978 900 2082 956 ini-

486 1011 733 1089 quitatis.
763 1007 878 1075 Non
909 1014 993 1061 est
1017 1017 1145 1075 ergo
1176 997 1408 1056 eundum
1438 1006 1557 1067 post
1581 996 1709 1059 deos
1730 990 1951 1050 alienos.
1982 990 2083 1089 Ne:

487 1080 594 1181 que
625 1107 678 1165 in
715 1103 960 1171 dextera,
1009 1102 1069 1153 ut
1102 1092 1378 1167 existimet
1425 1090 1586 1147 homo
1615 1104 1681 1144 ex
1711 1087 1842 1161 ipsis
1874 1102 1931 1142 se
1958 1080 2080 1181 fiepi

488 1174 728 1259 beatum.
788 1192 973 1267 Neque
1001 1190 1055 1247 in
1083 1187 1324 1259 sinistra,
1356 1195 1415 1239 ut
1437 1179 1796 1237 existimando
1828 1176 1958 1250 ipsis
1986 1174 2081 1245 ad-

485 1289 828 1349 versantibus
876 1300 934 1343 se
972 1282 1090 1339 fieri
1141 1281 1421 1344 miserum,
1477 1276 1545 1330 ad
1573 1274 1673 1328 huc
1717 1290 1809 1330 eos
1852 1271 1996 1328 colat
2020 1278 2081 1335 ut

488 1388 715 1438 avertat.
746 1379 856 1435 Aut
885 1384 1034 1433 certe
1062 1374 1111 1428 si
1141 1372 1414 1426 dexteram
1456 1365 1806 1438 intelligimus
1842 1373 2070 1429 aeterna,

489 1474 771 1531 sinistram
817 1483 970 1531 vero,
1027 1462 1348 1535 temporalia
1374 1458 1545 1529 bona;
1574 1473 1675 1513 nec
1729 1465 1948 1535 propter
1990 1456 2081 1519 illa

487 1580 589 1625 nec
618 1568 838 1637 propter
863 1560 969 1619 ista
994 1571 1088 1617 eos
1140 1554 1391 1617 colendos
1448 1558 1639 1609 sancta
1668 1548 1952 1622 Scriptura
1973 1546 2078 1613 hoc

487 1652 608 1713 loco
638 1650 985 1711 admonuisse
1015 1647 1289 1707 credatur.

568 1763 587 1797 ι
634 1743 789 1815 Quod
817 1742 864 1799 si
899 1739 1086 1797 audire
1125 1736 1364 1793 nolueris
1393 1750 1583 1791 vocem
1612 1732 1826 1790 Domini
1856 1730 1951 1790 Dei
1976 1731 2077 1798 tui,

2188 539 2380 580 causa.
2406 522 2536 590 Quis
2556 538 2721 594 porro
2756 531 2861 578 tam
2885 520 3048 594 impie
3075 521 3309 594 desipiat
3330 529 3391 578 ut
3415 520 3571 582 dicat
3599 524 3772 588 Deum

2182 612 2356 671 malas
2387 613 2687 670 voluntates
2707 613 3005 679 hominum,
3030 628 3167 685 quas
3196 614 3451 685 voluerit,
3480 616 3539 673 in
3567 617 3768 679 boum

2181 726 2291 768 non
2322 725 2481 782 posse
2506 702 2854 765 convertere?
2882 702 2990 763 Sed
3008 723 3131 764 cum
3152 705 3303 775 facit,
3331 725 3432 782 per
3457 711 3769 770 misericor-

2182 802 2329 858 diam
2354 799 2513 871 facit;
2545 817 2666 857 cum
2708 806 3015 859 autemnon
3043 798 3194 867 facit,
3236 817 3335 874 per
3355 799 3633 873 judicium
3669 822 3767 863 non

2181 888 2329 951 facit.
2355 894 2490 965 Quia
2517 892 2668 964 cujus
2695 891 2812 953 vult
2844 893 3151 959 miseretur,
3179 901 3233 950 et
3262 911 3426 969 quem
3457 895 3579 953 vult
3605 898 3766 955 obdu-

2183 994 2286 1071 rat.
2325 1006 2343 1039 ι
2389 985 2595 1043 Caelum
2641 984 2784 1059 quod
2829 1002 2991 1058 super
3018 995 3070 1043 te
3097 996 3200 1055 est,
3238 1005 3487 1059 mueum;
3522 998 3584 1046 et
3632 1000 3763 1047 terra

2187 1100 2207 1135 ι
2252 1096 2411 1155 quam
2435 1079 2635 1146 calcas,
2663 1079 2765 1137 erit
2794 1077 2991 1135 ferrea.
3025 1100 3043 1134 ι
3087 1079 3367 1136 Elementa
3408 1082 3613 1154 quibus
3646 1084 3760 1140 uni-

2180 1172 2325 1229 versi
2359 1170 2564 1227 fructus
2594 1171 2926 1237 nutriuntur,
2982 1182 3265 1245 comparat
3307 1174 3621 1231 durissimis
3664 1193 3764 1234 tne-

2182 1266 2347 1333 tallis,
2378 1266 2505 1338 quia
2532 1274 2755 1337 peccata
2779 1265 3059 1325 hominum
3087 1265 3295 1324 faciunt
3317 1277 3377 1322 ut
3416 1284 3602 1325 rerum
3636 1271 3762 1325 ordo

2179 1368 2541 1430 permutetur,
2564 1368 2617 1416 et
2643 1374 2762 1430 quae
2783 1360 2851 1417 ad
2871 1359 3118 1419 solatium
3139 1362 3359 1419 condita
3387 1373 3512 1419 sunt
3536 1364 3763 1419 humano

2180 1452 2385 1527 generi,
2440 1452 2508 1511 ad
2560 1456 2962 1523 surreptionem
3006 1468 3195 1509 eorum
3253 1464 3544 1510 vertantur.
3620 1455 3764 1511 Unde

2180 1543 2444 1615 scriptum
2472 1551 2555 1601 est
2587 1562 2600 1599 :
2636 1562 2656 1595 ι
2695 1543 2910 1615 Pugnat
2943 1559 3043 1616 pro
3072 1560 3137 1599 eo
3167 1546 3319 1601 orbis
3351 1554 3605 1601 terrarum
3634 1562 3766 1601 con-

2182 1645 2267 1693 tra
2318 1634 2627 1695 insensatos
2664 1655 2682 1689 )
2741 1634 2895 1708 (Sap.
2921 1636 2997 1706 v).
3034 1634 3196 1691 Juxta
3242 1635 3551 1704 allegoriam
3584 1648 3765 1693 autem

2181 1727 2380 1785 ctenim
2415 1728 2520 1787 erit
2545 1742 2753 1787 aeneum
2790 1727 3302 1797 prmvaricatoribus
3338 1727 3474 1798 legis
3505 1726 3622 1795 Dei,
3650 1744 3763 1784 cum

496 1855 516 1905 ς
564 1843 626 1890 ut
644 1814 923 1890 custodias
976 1840 1031 1887 et
1065 1828 1235 1889 facias
1266 1828 1448 1885 omnia
1477 1826 1729 1887 mandata
1761 1824 1878 1895 ejus
1905 1834 1959 1881 et
1986 1841 2078 1880 ce—
2180 1823 2385 1879 nullam
2423 1837 2455 1877 a
2477 1821 2679 1879 sanctis
2713 1822 3025 1878 doctoribus
3069 1831 3349 1881 merentur
3396 1823 3643 1879 invenire
3668 1822 3764 1883 cle-

496 1944 521 1978 ι
554 1923 833 1991 remoruas
860 1936 995 1991 quas
1019 1934 1118 1990 ego
1131 1918 1386 1990 principio
1418 1917 1513 1985 tibi
1540 1918 1725 1987 hodie,
1752 1916 1970 1972 venient
1995 1932 2084 1970 su-

498 2035 519 2075 (
561 2031 659 2091 per
683 2024 735 2070 te
772 2027 962 2071 omnes
1000 2010 1409 2073 maledictiones
1438 2010 1576 2077 istae,
1605 2016 1661 2065 et
1683 2008 2086 2081 apprehendent

498 2127 519 2169 ς
567 2115 639 2169 te.
692 2103 1009 2165 Maledictus
1034 2102 1149 2163 eris
1197 2101 1254 2159 in
1281 2100 1519 2173 civitate,
1571 2109 1623 2154 et
1655 2098 1974 2167 maledictus
2026 2097 2084 2154 in

499 2222 519 2263 ς
566 2214 717 2272 agro,
756 2219 777 2254 ι
811 2208 918 2257 etc.
938 2195 1192 2252 Sicuthis
1214 2195 1306 2269 qui
1328 2192 1684 2253 custodierint
1707 2192 1961 2253 mandata
1990 2188 2084 2247 Dei

490 2292 745 2368 promisit
770 2290 1185 2349 benedictiones
1234 2294 1289 2353 et
1316 2285 1705 2345 beatitudinem
1741 2292 2082 2357 perpetuam,

497 2388 578 2447 sic
599 2402 631 2447 θ
662 2383 937 2449 contrario
970 2396 1069 2457 per
1096 2378 1319 2439 easdem
1363 2376 1574 2457 species
1598 2391 1735 2448 quas
1762 2384 1888 2430 ante
1914 2375 1969 2435 in
1991 2376 2086 2432 be-

496 2475 896 2547 nedictionibus
948 2471 1307 2537 enumeravit,
1355 2468 1461 2524 illis
1487 2467 1580 2540 qui
1632 2483 1853 2531 servare
1903 2468 2086 2529 divina

494 2576 767 2643 prmcepta
779 2562 1490 2631 nolueruntmaledictiones
1501 2570 1554 2619 et
1568 2560 1743 2639 ignem
1760 2562 2087 2633 praenuntiat

494 2670 816 2735 perpetuum
843 2678 858 2714 :
886 2658 1016 2730 quia
1032 2657 1173 2719 sicut
1196 2654 1327 2713 boni
1348 2655 1627 2728 perceptio
1642 2654 1917 2713 beatificat
1945 2655 2088 2717 acci-

492 2755 727 2827 piunt“,
753 2752 836 2811 sic
849 2758 906 2807 et
930 2749 1168 2825 privatio
1190 2748 1363 2820 ipsius
1389 2747 1717 2815 condemnat
1742 2756 2081 2823 peccatores.

497 2863 520 2911 φ
564 2844 743 2907 Mittet
766 2843 1029 2909 Dominus
1076 2855 1241 2913 super
1270 2849 1323 2899 te
1349 2838 1548 2897 famem
1573 2844 1628 2903 et
1653 2840 1889 2897 esuriem
1919 2848 1974 2896 et
2002 2841 2087 2897 in-

499 2959 520 3007 ᾳ
564 2938 941 3010 crepationem
968 2936 1021 2995 in
1043 2933 1226 2997 omnia
1249 2948 1412 3005 opera
1441 2941 1531 2993 tua
1561 2949 1680 3004 qua:
1704 2932 1892 3000 facies,
1915 2935 2089 2993 donec

502 3052 523 3097 ς
565 3034 812 3101 conterat
838 3035 894 3097 te
942 3034 997 3091 et
1020 3026 1212 3098 perdat
1240 3024 1520 3090 velociter,
1562 3033 1789 3096 propter
1831 3025 2090 3091 adiuven-

504 3144 526 3187 ί
571 3124 747 3187 tiones
770 3130 892 3189 tuas
906 3118 1175 3191 pessimas
1199 3117 1256 3175 in
1281 3118 1480 3188 quibus
1508 3116 1777 3189 reliquisti
1801 3131 1906 3177 me.
1938 3137 1960 3179 ι
1980 3116 2087 3179 Fa-

496 3231 641 3279 mem
669 3214 802 3279 dicit
823 3228 930 3275 non
949 3211 1104 3282 panis
1128 3226 1303 3283 neque
1328 3210 1483 3277 sitim
1506 3226 1681 3282 aquae,
1706 3211 1801 3271 sed
1829 3210 2084 3273 audiendi

497 3307 725 3367 verbum
758 3304 1001 3370 Domini;
1029 3310 1086 3358 et
1100 3302 1445 3367 sterilitatem
1469 3302 1749 3373 virtutum,
1779 3320 1941 3377 quam
1986 3306 2087 3367 ίω-

495 3398 574 3470 pii
617 3394 815 3461 merito
858 3409 973 3461 sum
1013 3392 1386 3462 perversitalis
1430 3388 1735 3465 patiuntur,
1773 3395 1900 3470 quia
1931 3396 2086 3469 digni

498 3504 609 3557 non
637 3495 765 3553 sunt
783 3485 854 3553 ad
903 3483 1310 3565 percipiendum
1352 3483 1586 3557 gratiam
1624 3484 1883 3553 divinam.
1936 3486 2086 3547 Unde

494 3580 761 3651 scriptam
794 3586 878 3639 est
924 3577 1138 3645 dicente
1177 3575 1444 3645 Domino:
1477 3593 1496 3633 ι
1535 3575 1801 3641 Mandabo
1848 3580 2085 3647 nubibus

496 3673 635 3745 meis
663 3688 732 3738 ne
756 3672 1123 3744 pluantsuper
1144 3684 1243 3733 eos
1270 3668 1500 3733 imbrem
1535 3689 1554 3724 ι
1592 3668 1729 3743 (ha.
1759 3670 1833 3743 v).
1878 3673 2081 3731 Verum

496 3766 694 3831 merito
719 3779 831 3827 sua:
865 3762 1240 3833 ρβτνθιτείιειιίε
1284 3761 1667 3833 pestilentiam.
1709 3764 1813 3821 hoc
1843 3773 1926 3825 est
1955 3781 2083 3836 per-

497 3858 861 3927 turbationem
888 3856 1151 3921 virtutum
1179 3862 1235 3910 et
1270 3854 1631 3925 malignorum
1667 3856 1959 3927 spirituum
2002 3866 2083 3921 ιο-

495 3949 675 4013 lerant
700 3956 1098 4020 tempestatem.
1148 3946 1500 4017 quoadusque
1549 3946 1786 4015 deterra
1830 3949 2085 4017 Εεειεείω

495 4040 871 4103 mnoyissimo
888 4054 994 4109 per
1018 4037 1329 4109 angelorum
1355 4036 1657 4103 ministeria
1684 4036 2000 4109 evellentur,
2029 4045 2085 4097 et

496 4130 696 4193 inferni
746 4128 1056 4187 carceribus
1106 4127 1364 4199 puniendi
1418 4127 1731 4195 tradentur.
1809 4128 2084 4189 liactcnus

494 4222 643 4283 enim
664 4217 1270 4289 sagenaDominitrahit
1285 4217 1454 4273 bonos
1478 4220 1657 4289 pisces
1685 4227 1740 4283 et
1769 4221 1958 4289 malos,
1988 4223 2085 4281 do-

496 4332 607 4377 nec,
623 4314 907 4388 perveniat
932 4312 999 4369 ad
1029 4312 1199 4375 littus.
1252 4319 1307 4373 et
1338 4319 1464 4367 tunc
1508 4312 1833 4382 colligentur
1872 4315 2002 4375 boni
2025 4316 2082 4379 in

494 4424 647 4475 VIBI,
667 4407 798 4471 mali
821 4414 1004 4469 autem
1027 4404 1311 4467 mittentur
1330 4402 1496 4461 foras.
1531 4422 1550 4461 ι
1586 4403 1867 4465 Percutiel
1896 4414 1949 4467 ιϐ
1974 4407 2081 4467 D0-

497 4523 522 4561 ι
562 4504 743 4565 minus
767 4508 1033 4573 egestate,
1061 4496 1196 4561 febri
1222 4504 1279 4557 et
1298 4495 1521 4567 frigore,
1546 4504 1605 4555 et
1626 4496 1821 4555 ardore
1843 4505 1896 4553 et
1918 4507 2079 4566 aestu,

498 4615 523 4651 ι
564 4603 623 4650 et
646 4610 771 4653 aere
793 4605 1072 4664 corrupto,
1101 4607 1169 4647 ac
1192 4589 1477 4659 rubigine:
1507 4597 1564 4651 et
1590 4599 1947 4660 persequetur
1982 4592 2084 4648 do—

500 4704 521 4738 ι
567 4701 669 4743 nec
696 4700 907 4756 pereas.
947 4706 965 4741 ι
993 4684 1265 4743 Percutiet
1290 4682 1550 4745 Dominus
1573 4673 1885 4751 peccatores
1909 4683 2080 4751 febre.

497 4775 714 4848 quando
743 4791 839 4833 eos
884 4773 1031 4843 justo
1055 4775 1259 4845 judicio
1284 4774 1487 4835 deserit
1534 4772 1705 4845 frigus
1750 4775 2083 4837 inﬁdelitatis

494 4875 553 4924 et
575 4866 1140 4928 ardoremmoalium
1155 4866 1552 4927 desideriorum
1576 4866 1708 4935 pati,
1733 4866 1931 4930 Aerem
1955 4883 2080 4930 oor-

496 4969 717 5031 rupuun
748 4957 920 5022 dabit,
971 4968 1095 5015 cum
1122 4958 1287 5017 vitam
1316 4957 1578 5029 pollutam
1599 4958 1798 5019 ducere
1820 4960 2081 5028 reprobus

495 5050 783 5125 permittit.
831 5048 910 5109 Ex
931 5063 1058 5105 aere
1082 5050 1226 5109 enim
1248 5051 1383 5109 bene
1422 5052 1532 5109 vita
1555 5050 1791 5109 carnalis
1815 5054 2080 5122 exprimi-

494 5154 606 5210 tur,
638 5147 765 5217 quia
798 5160 868 5201 ex
893 5143 1037 5201 aeris
1066 5144 1359 5214 spiramine
1382 5148 1679 5204 huiuanum
1717 5162 1918 5217 corpus
1942 5150 2079 5205 vivi-

494 5242 711 5297 licetur.
772 5238 929 5307 Quod
971 5245 1152 5295 autem
1195 5238 1554 5313 subiungitur,
1588 5260 1606 5292 ι
1648 5251 1704 5297 et
1742 5249 2000 5312 sequetur
2025 5248 2079 5299 te

495 5334 667 5389 donec
691 5346 901 5401 pereas,
944 5350 961 5384 ι
999 5344 1107 5385 non
1135 5339 1222 5397 est
1257 5332 1334 5397 ita
1369 5333 1710 5389 sentiendum
1754 5334 1908 5404 quasi
1932 5335 2078 5389 Deus

494 5425 731 5495 aliquem
772 5426 1149 5497 persequendo
1180 5424 1405 5480 interire
1434 5426 1616 5493 faciat,
1670 5427 1763 5496 qui
1804 5428 2078 5483 neminem

498 5526 666 5577 tentet
697 5517 835 5592 (ipse
862 5529 1044 5576 autem
1066 5521 1367 5575 innitatur
1390 5519 1657 5579 maiorum
1679 5520 1813 5593 est),
1849 5522 1945 5591 qui
1967 5534 2084 5576 orn-

495 5625 595 5666 nes
620 5610 867 5668 homines
889 5613 1066 5669 salvos
1092 5614 1203 5668 vult
1229 5612 1349 5667 ﬂeri
1400 5618 1459 5666 et
1486 5612 1554 5666 ad
1588 5613 1916 5683 agnitionem
1942 5615 2085 5669 veri-

498 5703 627 5761 tatis
671 5707 891 5773 venire;
924 5708 1019 5763 sed
1061 5708 1181 5776 ejus
1204 5707 1385 5764 facere
1426 5705 1715 5777 aliquando
1761 5710 2077 5781 permittere

492 5791 901 5871 intelligendum
923 5811 1033 5890 est,
1054 5802 1184 5879 quia
1206 5801 1345 5861 nihil
1366 5802 1423 5859 in
1453 5800 1615 5860 rebus
1636 5799 1703 5858 fit
1728 5801 1833 5859 nisi
1855 5802 2082 5881 iubente

2182 1916 2465 1982 mentiarn,
2494 1913 2591 1970 sed
2614 1912 2969 1971 durissimam
2998 1914 3235 1972 sentient
3261 1915 3627 1987 disciplinam,
3647 1930 3761 1987 quo-

2182 2008 2330 2063 niam
2364 2006 2468 2078 ipsi
2525 2022 2635 2062 non
2681 2021 2776 2062 cor
2803 2021 3062 2065 carneum
3113 2020 3216 2063 nec
3245 2006 3465 2065 mollem
3515 2006 3758 2072 animum,

2183 2102 2279 2161 sed
2307 2116 2402 2167 cor
2430 2097 2703 2171 lapideum
2757 2106 2812 2153 et
2836 2097 3075 2163 ferream
3103 2108 3346 2157 mentem
3373 2099 3574 2157 habere
3596 2099 3760 2155 volue-

2185 2200 2329 2255 runt.
2349 2191 2499 2247 Unde
2515 2191 2601 2246 lex
2628 2198 2785 2247 vetus
2805 2189 2943 2247 duro
2968 2189 3276 2247 Judaeoruin
3300 2190 3570 2263 populoin
3594 2190 3759 2267 lapide

2184 2284 2490 2357 pouscripta
2508 2283 2760 2349 dabatur,
2793 2289 2852 2349 ut
2877 2296 2945 2337 ex
2974 2281 3176 2353 collato
3205 2297 3434 2343 munere
3458 2282 3762 2343 manifesta—

2182 2384 2335 2440 retur
2357 2374 2543 2446 quales
2568 2373 2772 2435 fuerint
2800 2371 2922 2444 ejus
2948 2386 3284 2447 accepturas.
3322 2393 3344 2425 ι
3391 2373 3481 2429 Det
3508 2373 3767 2435 Dominus

2189 2486 2211 2521 ‹
2253 2467 2483 2527 imbrem
2512 2474 2674 2523 terra:
2712 2473 2816 2525 tua:
2862 2463 3143 2538 pulverem
3174 2485 3185 2519 :
3212 2474 3270 2522 et
3294 2465 3365 2527 de
3393 2466 3530 2525 uelo
3556 2466 3766 2522 descen-

2188 2580 2211 2621 ς
2256 2561 2349 2623 dat
2374 2574 2541 2631 super
2576 2566 2629 2615 te
2653 2559 2810 2627 cinis,
2840 2559 3014 2616 donec
3040 2559 3369 2617 contentis.
3406 2580 3426 2617 ι
3475 2559 3613 2631 Ergo
3637 2559 3764 2615 sicut

2186 2651 2364 2725 pulvis
2391 2658 2450 2707 et
2476 2650 2615 2709 cinis
2652 2666 2762 2707 non
2789 2659 2918 2709 sunt
2940 2649 3225 2723 frugifera,
3280 2650 3361 2709 ita
3387 2649 3631 2721 doctrina
3655 2666 3763 2723 qua

2186 2746 2284 2809 tibi
2312 2745 2642 2819 impenditur
2660 2760 2770 2805 non
2787 2744 3052 2809 excitabit
3081 2745 3137 2803 in
3162 2755 3214 2803 te
3228 2744 3482 2819 germina
3502 2744 3765 2809 virtutum,

2187 2839 2282 2907 sed
2308 2848 2571 2899 internum
2594 2837 2900 2903 incorrecto
2938 2838 3323 2909 prmnuntiabit
3669 2834 3769 2897 Per

2182 2934 2468 3007 pulverem
2490 2933 2639 2999 enim
2684 2947 2973 3003 possumus
3001 2932 3345 3002 designatam
3375 2934 3577 2999 sentire
3604 2933 3763 2991 bom-

2189 3041 2311 3093 rum
2336 3039 2560 3095 operum
2583 3023 2944 3090 sterilitatem,
2971 3032 3025 3080 et
3048 3036 3147 3093 per
3167 3022 3413 3087 cinerem
3433 3023 3574 3096 ignis
3594 3023 3761 3085 eia-ni

2189 3117 2643 3183 combustionem,
2669 3114 2797 3186 quia
2816 3113 2981 3185 palea:
3009 3122 3365 3184 peccatorum
3393 3116 3764 3183 comburuntur

2113 3181 2158 3261 β
2188 3181 2315 3284 igne
2338 3181 2760 3281 inexstinguibili
2785 3181 3142 3275 animum.
3177 3226 3197 3261 ε
3219 3181 3429 3277 τηρεε
3456 3219 3511 3279 ιβ
3528 3210 3763 3269 Dominus

2194 3322 2216 3367 ι
2259 3310 2604 3359 comentem
2631 3308 2757 3369 ante
2786 3299 2970 3357 hostes
2993 3306 3131 3365 tuos.
3162 3298 3270 3359 Per
3292 3316 3462 3363 unam
3489 3298 3766 3373 egredieris

2194 3413 2217 3455 ι
2256 3396 2403 3453 viam
2431 3402 2620 3455 contra
2645 3408 2760 3460 eos,
2788 3401 2846 3449 et
2869 3408 2967 3463 per
2994 3399 3203 3463 septem
3232 3391 3414 3464 fugies
3440 3408 3457 3457 ;
3489 3401 3551 3449 et
3578 3393 3768 3463 dm.

2190 3505 2215 3551 ι
2258 3487 2405 3560 geris
2430 3501 2529 3557 per
2552 3485 2733 3545 omnia
2779 3499 2946 3556 regna
2979 3491 3158 3539 terrai.
3188 3503 3209 3537 ι
3251 3481 3605 3547 SicntJadaei
3647 3496 3767 3553 pro—

2184 3587 2311 3650 pter
2335 3578 2636 3641 caecitatem
2680 3576 2862 3637 cordis
2890 3575 2977 3641 sui
3011 3590 3118 3637 non
3147 3587 3461 3641 meruerunt
3488 3590 3523 3633 ιι
3552 3575 3776 3635 Domino

2185 3674 2257 3734 ab
2278 3672 2512 3735 inimicis
2540 3672 2655 3729 suis
2682 3670 2920 3736 defendi,
2947 3669 3047 3725 sed
3072 3670 3127 3726 in
3156 3677 3313 3725 totam
3342 3669 3539 3731 mundi
3581 3669 3779 3731 latitu-

2184 3766 2369 3828 dinem
2384 3766 2455 3823 ab
2480 3764 2729 3823 hostibus
2745 3761 3009 3832 dispergi.
3035 3761 3106 3823 ita
3125 3772 3302 3821 omnes
3328 3757 3543 3823 inimici
3566 3758 3780 3831 quipor

2185 3856 2564 3929 paenitentiam
2593 3856 2662 3913 ad
2687 3854 2977 3915 Dominum
2997 3850 3416 3917 noluntreverti,
3442 3860 3667 3915 certina
3684 3860 3776 3919 est

2187 3950 2331 4020 quod
2349 3964 2381 4003 a
2411 3954 2677 4018 potestate
2710 3945 3072 4015 malignorum
3093 3943 3382 4014 spirituum
3419 3959 3533 4007 non
3562 3959 3766 4011 merely-

2186 4050 2277 4099 tur
2299 4040 2457 4112 eripi,
2485 4040 2580 4097 sed
2606 4039 2661 4099 in
2686 4038 2927 4101 diversas
2945 4052 3138 4107 ρωηθε
3166 4036 3373 4106 pariter
3397 4051 3527 4103 cum
3669 4037 3766 4099 do-

2185 4134 2378 4205 mergi.
2432 4133 2584 4190 Unde
2616 4132 2879 4202 scriptum
2905 4140 3029 4189 est:
3069 4149 3089 4184 ι
3130 4130 3273 4187 Ecce
3303 4131 3509 4189 inimici
3539 4129 3633 4194 tui,
3656 4125 3766 4189 DQ-

2183 4229 2347 4294 mine,
2394 4226 2679 4298 peribunt,
2734 4234 2791 4283 et
2829 4225 3211 4295 dispergentur
3253 4237 3448 4281 omnes
3495 4221 3585 4292 qui
3630 4233 3757 4287 ope-

2185 4325 2377 4377 rantur
2405 4318 2745 4387 iniquitatem
2778 4336 2798 4369 ι
2845 4315 3018 4388 (-Psal.
3050 4315 3182 4386 χοι).
3247 4333 3269 4367 ι
3307 4314 3500 4383 Sitque
3538 4313 3760 4368 cadaver

2188 4431 2212 4464 ‹
2256 4422 2409 4468 tuum
2436 4412 2491 4467 in
2526 4426 2680 4467 escas
2709 4409 3023 4466 volatilibus
3053 4408 3180 4463 caeli
3214 4414 3268 4463 et
3290 4404 3491 4467 bestiis
3516 4415 3693 4469 terra,
3714 4413 3765 4459 et

2193 4522 2214 4557 ι
2261 4521 2366 4562 non
2381 4505 2452 4560 sit
2472 4505 2568 4575 qui
2599 4502 2801 4574 abigat.
2834 4522 2855 4555 ι
2899 4501 2957 4557 In
2980 4502 3246 4559 cadavere
3272 4497 3455 4559 futura
3478 4512 3635 4570 ptem
3656 4505 3766 4567 post

2187 4607 2420 4654 mortem
2462 4596 2787 4654 insinuatur.
2829 4596 2983 4653 Tunc
3017 4596 3164 4650 enim
3193 4593 3388 4649 bestia
3415 4601 3577 4647 terra:
3605 4600 3661 4649 et
3686 4605 3768 4645 vo-

2186 4689 2355 4746 latilia
2378 4689 2529 4756 eteli,
2571 4704 2691 4759 quae
2728 4703 2837 4743 non
2863 4688 2969 4742 alia
2996 4702 3159 4758 quam
3193 4684 3341 4741 aeris
3366 4691 3665 4756 potestates
3690 4682 3764 4735 ia-

2186 4783 2497 4856 telligimus,
2539 4782 2767 4837 diversis
2791 4764 2968 4852 paruis
2993 4795 3087 4836 eos
3120 4779 3364 4834 lacerant
3400 4777 3496 4847 qui
3522 4775 3767 4830 mandata

2184 4876 2280 4932 Dei
2316 4883 2776 4948 contempserunt.
2818 4874 2888 4929 Et
2922 4886 3028 4928 non
3056 4872 3255 4942 estqui
3279 4871 3485 4944 abigat,
3508 4869 3633 4939 quia
3660 4865 3770 4922 nni-

2182 4967 2267 5022 lus
2288 4977 2369 5023 est
2386 4969 2477 5037 qui
2500 4968 2622 5023 inde
2641 4980 2736 5022 eos
2751 4973 2928 5032 eruat,
2962 4976 3089 5020 cum
3115 4964 3382 5022 Dominus
3408 4977 3505 5018 eos
3530 4968 3769 5033 spernat.

2188 5058 2341 5115 Unde
2370 5058 2658 5115 Psalmista
2680 5058 2747 5113 ad
2776 5057 3063 5112 Dominum
3087 5056 3200 5109 ait:
3238 5072 3258 5107 ι
3304 5053 3423 5110 Non
3445 5052 3641 5122 estqui
3665 5066 3777 5105 me-

2194 5169 2212 5203 ι
2258 5166 2380 5205 mor
2399 5151 2470 5206 sit
2497 5151 2571 5205 tui
2610 5150 2663 5204 in
2690 5144 2885 5206 morie.
2911 5149 2969 5203 In
2997 5146 3213 5203 inferno
3240 5155 3425 5202 autem
3449 5145 3574 5216 quis
3603 5142 3773 5201 α)ηῆ-

2190 5261 2211 5296 ‹
2259 5243 2460 5298 tebitur
2487 5243 2622 5298 tibi?
2647 5262 2665 5296 ι
2694 5240 2869 5314 (Psaf.
2897 5240 3000 5314 vi.)
3036 5259 3055 5293 ‹
3100 5240 3379 5296 Percutiet
3418 5247 3473 5295 te
3520 5234 3778 5292 Durnium

2187 5356 2210 5390 ς
2255 5338 2440 5394 ulcere
2461 5335 2706 5408 Egypti,
2728 5345 2786 5391 et
2808 5346 3022 5407 partem
3040 5335 3289 5406 corporis
3314 5348 3413 5406 per
3435 5346 3605 5405 quam
3638 5342 3777 5388 ster-

2193 5448 2213 5484 ι
2256 5446 2385 5487 cora
2432 5431 2772 5503 digeruntur,
2810 5429 2994 5486 scabie
3019 5438 3235 5500 quoque
3262 5434 3319 5483 et
3357 5425 3663 5498 prurigine,
3715 5425 3779 5477 ita

2186 5543 2212 5579 ‹
2252 5533 2315 5581 ut
2331 5524 2511 5581 curari
2548 5538 2807 5595 nequeas,
2837 5532 2945 5580 etc.
2982 5544 3003 5577 9
3051 5523 3245 5579 Ulcera
3288 5520 3513 5593 λείῃ)ιὶ
3547 5518 3777 5573 vulnera

2182 5616 2409 5674 fuerunt
2437 5624 2491 5672 et
2511 5617 2706 5673 vesica:
2734 5624 3031 5689 turgentes.
3056 5614 3388 5673 Piiilistbiim
3412 5620 3603 5669 autem
3631 5610 3778 5666 dolo-

2182 5724 2301 5768 rem
2334 5698 2681 5782 patiebantur
2705 5711 2761 5766 in
2788 5711 3199 5781 posterioribus,
3224 5707 3445 5779 quando
3466 5714 3759 5777 compntre

2182 5804 2414 5865 scebant
2435 5804 2631 5865 anima:
2643 5818 2855 5865 eorum.
2871 5803 3002 5876 Quae
3020 5801 3181 5877 digne
3197 5801 3371 5877 plagae
3388 5798 3714 5859 inﬁdelibus
3729 5803 3779 5852 et
