3930 6344
129 346 280 410 '957

953 341 1356 402 ENARRATIO
1397 344 1621 402 sursn
1657 335 2277 412 DEUTERONOMIUM.
2314 379 2387 396 --
2423 353 2549 418 LIB.
2594 357 2678 415 III.

3338 368 3440 428 968

181 457 632 530 contemptoribus
666 458 986 530 ingeruntur
1012 473 1134 514 cum
1173 461 1456 515 retributio
1486 464 1749 535 condigna
1776 471 1830 530 Α
1854 477 2009 522 antea
2053 485 2149 539 per
2174 472 2462 543 magistros
2488 476 2696 543 priores
2731 475 2876 533 nullo
2917 475 3078 534 modo
3105 477 3320 538 discere
3342 477 3440 553 po-

180 552 378 611 meritis
402 566 589 606 eorum
614 551 957 621 impenditur.
988 553 1174 617 Aliter,
1201 553 1255 607 in
1277 553 1546 611 ulceribus
1567 556 1749 615 dolosa

180 647 334 720 hujus
374 641 557 701 szcculi
608 653 662 699 et
699 643 984 714 purulenta
1026 645 1271 714 malitia;
1311 646 1364 700 in
1408 649 1622 716 vesicis,
1666 660 1750 705 tu-

180 755 324 798 mens
376 746 430 794 et
475 737 659 794 inﬂata
702 739 986 812 superbia;
1040 739 1096 795 in
1133 740 1317 796 scabie
1367 750 1422 798 et
1447 745 1748 816 prurigine,

176 834 351 894 fervor
384 833 480 887 ira:
514 848 577 887 ac
603 831 801 886 furoris
827 831 1034 886 insania
1074 833 1412 902 exprimitur.
1465 827 1591 891 Ilmc
1621 852 1750 909 ergo

175 943 231 983 ex
263 925 468 980 inimici
501 924 732 980 factione
760 925 1139 995 peccatoribus
1174 928 1367 980 merito
1410 927 1463 980 in
1492 931 1748 998 praesenti

174 1019 271 1073 vita
302 1016 918 1086 inlliguutur.C;eterum
943 1018 1242 1094 postfinem
1266 1019 1410 1086 vilic,
1441 1037 1559 1090 qua:
1582 1023 1748 1092 signi-

173 1111 330 1167 ficant
355 1109 677 1182 posteriora,
728 1108 1027 1164 fmditatem
1050 1124 1272 1164 suorum
1302 1110 1564 1165 scelerum
1587 1119 1746 1167 aeter-

171 1203 246 1258 nis
285 1201 622 1256 cruciatibus
647 1200 1007 1255 sustinebunt.
1047 1219 1063 1252 ι
1108 1201 1379 1256 Percutiat
1406 1210 1455 1257 te
1485 1203 1748 1260 Dominus

176 1313 191 1354 ι
233 1294 465 1349 amentia
483 1301 538 1347 et
560 1292 820 1360 caecitate,
847 1303 905 1348 ut
933 1292 1117 1364 palpes
1144 1293 1200 1348 in
1232 1293 1457 1362 meridie
1477 1293 1748 1364 sicntpal-

174 1404 190 1437 ι
232 1401 365 1458 pare
409 1385 545 1441 solet
576 1400 751 1440 carens
788 1386 843 1440 in
882 1386 1140 1450 tenebris,
1181 1395 1234 1438 et
1263 1402 1368 1440 non
1397 1385 1599 1457 dirigas
1631 1387 1748 1441 vias

172 1495 188 1534 ί
232 1486 368 1533 tuas.
410 1498 428 1531 ι
474 1477 725 1532 Amentia
760 1477 1000 1547 percussi
1028 1485 1152 1531 sunt
1176 1477 1366 1546 Judtei,
1414 1479 1630 1548 quando
1656 1478 1746 1533 Fi-

166 1569 288 1624 lium
320 1570 439 1637 Dei,
462 1570 553 1640 qui
583 1570 637 1624 iu
660 1570 861 1625 virtute
894 1569 1130 1640 Spiritus
1159 1571 1330 1626 sancti
1368 1571 1523 1642 signa
1555 1580 1610 1626 et
1639 1573 1748 1627 mi-

168 1662 343 1716 racula
373 1662 630 1727 faciebat,
667 1663 722 1718 in
747 1663 1049 1719 Beelzebub
1077 1664 1322 1733 principe
1354 1664 1745 1730 daemoniorum

163 1753 379 1822 eiecisse
403 1755 666 1810 daemonia
695 1754 1186 1810 calumniabantnr.
1220 1755 1518 1826 Palpabant
1547 1759 1601 1812 in
1633 1774 1746 1814 me-

1853 568 2090 614 tuernnt.
2143 561 2255 617 Iloe
2276 565 2471 635 quippe
2495 567 2740 624 videntes
2764 565 2934 624 Judaei
2978 576 3142 640 atque
3175 574 3436 642 haeretici,

1851 652 2102 710 deﬁcient
2141 655 2333 726 oculis,
2386 659 2509 728 quia
2553 659 2908 720 intentionem
2954 677 3130 730 suam,
3188 679 3355 734 quam
3384 667 3440 724 in
3505 707 3508 710 .

1849 745 2115 818 dogmatis
2139 749 2221 803 sui
2259 751 2724 808 commendatione
2767 764 3045 821 exercent,
3094 769 3436 828 nequaquam

1850 843 1917 897 ad
1959 841 2208 898 effectum
2250 845 2549 914 perducere
2572 848 2772 904 valent.
2812 870 2829 902 ι
2873 851 3104 909 Fructus
3134 860 3296 909 terrae
3337 862 3442 911 tuae

1854 950 1874 985 ι
1921 941 1976 988 et
1999 949 2187 990 omnes
2204 935 2414 992 labores
2437 946 2556 992 tuos
2579 941 2827 997 comedat
2840 943 3065 1012 populus
3095 961 3256 1016 quem
3288 946 3443 1016 igno-

1855 1042 1873 1076 ι
1919 1041 2030 1093 ras,
2068 1046 2087 1078 ι
2124 1036 2227 1082 etc.
2259 1028 2527 1100 Quidquid
2554 1031 2704 1101 prior
2731 1034 2957 1104 pepulus
2997 1036 3051 1090 in
3083 1035 3236 1092 libris
3273 1037 3356 1092 vel
3385 1039 3439 1092 in

1847 1119 2171 1175 ceremoniis
2212 1121 2422 1176 laborat
2457 1123 2610 1194 legis,
2657 1132 2824 1180 totum
2850 1126 3101 1182 Ecclesiae
3138 1129 3334 1198 popqu
3371 1130 3440 1184 ad

1849 1209 2262 1268 instructionem
2295 1215 2592 1285 spiritalem
2619 1216 2875 1272 collatum
2908 1227 3008 1272 est.
3040 1219 3268 1290 Ipseque
3289 1221 3436 1276 frne—
3496 1285 3501 1292 ι

1851 1310 1939 1356 tur
1961 1302 2313 1368 abundantia,
2345 1305 2471 1360 dum
2494 1306 2567 1360 illi
2593 1307 2845 1364 deficient
2864 1309 3104 1364 vanitate
3131 1328 3144 1376 ;
3176 1320 3229 1366 et
3252 1312 3443 1383 imple—
3497 1297 3505 1305 ’

1849 1393 1996 1449 bitur
2022 1396 2152 1451 illud
2181 1399 2322 1466 quod
2348 1415 2442 1468 per
2464 1399 2656 1455 Isaiam
2685 1402 3004 1470 prophetam
3038 1403 3293 1458 Dominus
3324 1405 3396 1459 ait
3424 1421 3439 1459 :

1856 1505 1874 1546 ‹
1919 1487 2060 1542 Ecce
2096 1488 2239 1543 servi
2267 1491 2369 1544 mei
2400 1492 2704 1556 comedent,
2758 1501 2814 1548 et
2861 1509 2956 1548 vos
2985 1495 3274 1561 esurietis;
3315 1508 3442 1550 ecce

1850 1580 1992 1636 servi
2016 1581 2121 1636 mei
2145 1581 2347 1648 bibent,
2370 1593 2541 1638 etvos
2566 1585 2791 1652 sitietis;
2825 1601 2952 1641 ecce
2984 1587 3128 1642 servi
3156 1587 3261 1641 mei
3296 1588 3442 1641 laeta-

1848 1672 2068 1739 buntur,
2124 1683 2176 1731 et
2199 1693 2294 1731 vos
2320 1676 2755 1742 confundemini;
2793 1695 2918 1734 ecce
2955 1679 3098 1734 servi
3123 1680 3226 1733 mei
3255 1679 3440 1734 lauda-

1849 1763 1986 1819 bunt
2032 1781 2145 1835 pra:
2212 1768 2574 1823 exsultatione
2618 1771 2839 1837 cordis,
2889 1779 2942 1825 et
2989 1787 3085 1826 vos
3137 1771 3444 1829 clamabitis

162 1847 292 1900 I‘idie
336 1847 474 1901 sicut
513 1862 688 1908 caecus
742 1847 798 1904 in
858 1847 1114 1912 tenebris,
1163 1848 1376 1918 quando
1414 1858 1566 1903 sexta
1613 1850 1746 1905 hora
1776 1854 1821 1916 Β
1851 1872 1961 1926 prae
1983 1857 2167 1913 dolore
2190 1859 2388 1922 cordis,
2435 1869 2489 1914 et
2524 1877 2635 1930 prae
2663 1862 2994 1916 contritione
3033 1862 3314 1916 nlulabitis
3347 1882 3358 1916 :
3389 1871 3444 1916 et

157 1936 260 2001 diei
313 1937 655 1993 Salvatorem
686 1938 874 1994 mundi
924 1954 1075 1994 reum
1106 1954 1226 1994 esse
1255 1938 1648 2007 vociferabant,
1695 1950 1751 1997 et

158 2028 402 2098 crucifigi
424 2028 787 2100 postulabant.
824 2027 977 2084 Unde
1001 2030 1079 2083 eis
1118 2033 1372 2098 tenebrze,
1404 2047 1538 2102 quas
1565 2033 1640 2088 illi
1663 2033 1748 2087 in-

157 2125 245 2172 tus
270 2119 323 2172 in
352 2120 531 2174 animo
555 2120 843 2185 habebant,
875 2134 975 2190 per
1003 2121 1387 2176 obscuritatem
1405 2123 1749 2180 luminarium

153 2209 459 2266 forinsecus
498 2213 552 2265 in
578 2211 689 2281 ipsa
721 2213 851 2266 hora
873 2213 1142 2283 passionis
1171 2215 1385 2269 Domini
1410 2217 1750 2270 demonstra-

153 2303 376 2359 bantur.
427 2303 531 2356 Sed
553 2304 681 2358 caeci
709 2303 963 2360 cordibus
993 2321 1097 2360 non
1122 2305 1428 2377 dirigebant
1456 2309 1572 2362 vias
1596 2323 1745 2375 snas,

154 2395 278 2468 quia
301 2409 402 2449 nec
425 2395 801 2464 paenitentiam
826 2411 986 2467 agere
1014 2397 1079 2451 de
1107 2399 1342 2468 peccatis
1369 2400 1480 2455 suis
1534 2415 1634 2456 nec
1661 2418 1750 2458 ve-

156 2487 299 2542 ritati
343 2488 564 2542 credere
593 2488 866 2544 volebant.
912 2489 1038 2544 Ideo
1084 2491 1232 2545 omni
1264 2499 1504 2564 tempore
1545 2493 1750 2550 calum-

158 2581 296 2635 niam
321 2581 690 2648 sustinebunt,
715 2583 1024 2652 etoppressi
1049 2583 1319 2640 violentiis
1340 2601 1446 2640 non
1475 2586 1752 2644 habebunt

153 2671 520 2728 liberatorem.
547 2671 808 2727 Similiter
836 2681 890 2728 et
916 2689 1105 2730 omnes
1127 2675 1367 2731 hazretici
1413 2685 1469 2732 et
1487 2679 1750 2734 schisma-

156 2763 239 2817 tiei
270 2763 654 2836 percutiuntur
678 2763 936 2830 amentia,
983 2766 1270 2841 etpalpant
1306 2767 1359 2821 in
1393 2769 1618 2823 meridie
1643 2783 1748 2823 ve-

153 2857 227 2922 lut
253 2857 387 2914 caeci
436 2859 656 2932 quando
684 2858 1015 2916 clarescente
1061 2861 1356 2932 Evangelia
1403 2863 1456 2920 in
1481 2871 1595 2920 toto
1619 2865 1752 2922 orbe

151 2959 446 3022 mrrarnm,
499 2951 600 3025 ipsi
645 2965 895 3008 errorum
942 2953 1180 3009 tenebris
1236 2955 1482 3024 involuti,
1513 2956 1752 3020 animam

149 3064 296 3110 suam
324 3051 380 3105 in
417 3050 524 3106 hoc
560 3050 855 3105 ostendunt
905 3050 1049 3121 quod
1073 3049 1350 3104 catholica:
1374 3050 1500 3107 ﬁdei
1546 3051 1598 3106 in
1629 3051 1753 3121 dog-

154 3141 388 3204 matibus
431 3141 545 3198 suis
570 3141 904 3200 concordare
939 3141 1146 3196 nolunt.
1196 3140 1404 3197 Idcirco
1438 3142 1585 3197 omni
1615 3152 1750 3200 tem-

1853 1947 2137 2004 dimittetis
2176 1965 2372 2004 nomen
2414 1959 2651 2006 vestrum
2728 1952 2780 2004 in
2827 1948 3198 2020 juramentum
3256 1951 3443 2006 electis

1851 2042 2009 2108 meis,
2037 2050 2094 2098 et
2131 2043 2420 2100 interficict
2458 2053 2510 2099 te
2550 2043 2846 2111 Dominus;
2885 2052 2938 2099 et
2974 2061 3158 2100 servos
3189 2061 3317 2099 suos
3345 2057 3443 2099 vo-

1852 2134 1998 2187 cabit
2032 2136 2247 2190 nomine
2278 2136 2404 2203 alio,
2447 2136 2500 2190 in
2536 2152 2644 2207 quo
2673 2136 2766 2205 qui
2814 2136 3130 2192 benedictus
3155 2145 3235 2189 est
3278 2148 3442 2204 super

1851 2233 2051 2281 terram
2093 2226 2446 2283 benedicctur
2469 2229 2522 2281 in
2552 2225 2799 2284 Domino.
2831 2248 2848 2280 ι
2898 2247 2916 2279 ‹
2961 2227 3234 2282 Percutiat
3263 2236 3312 2281 te
3335 2226 3443 2280 Do-

1857 2337 1874 2368 ι
1920 2316 2099 2374 minus
2134 2318 2312 2377 ulcere
2338 2319 2571 2388 pessimo
2601 2320 2653 2374 in
2684 2321 2909 2389 genibus
2933 2328 2987 2374 et
3013 2319 3159 2376 suris
3185 2337 3197 2372 :
3231 2319 3440 2374 sanari-

1858 2433 1875 2466 ς
1921 2428 2026 2482 que
2057 2429 2162 2468 non
2185 2414 2384 2484 possis,
2412 2430 2441 2467 a
2471 2415 2653 2483 planta
2686 2413 2841 2484 pedis
2872 2429 3042 2482 usque
3083 2415 3151 2470 ad
3177 2414 3436 2468 verticem

1859 2525 1877 2564 ι
1931 2514 2099 2568 tuum.
2136 2525 2154 2556 ›
2218 2504 2275 2559 In
2307 2505 2534 2576 genibus
2575 2513 2628 2559 et
2657 2505 2710 2558 in
2762 2506 2904 2560 suris
2937 2503 3018 2558 vel
3051 2503 3216 2562 robur
3253 2503 3444 2558 tollen-

1853 2598 2003 2665 dum,
2047 2597 2132 2654 vel
2159 2597 2513 2651 stabilitatem
2538 2596 2640 2650 loci
2673 2597 2963 2666 significat.
3003 2595 3174 2665 Igitur
3203 2595 3327 2664 quia
3351 2594 3446 2648 Ju-

1855 2688 1952 2743 daei
2005 2687 2088 2743 vel
2129 2689 2368 2742 haeretici
2414 2690 2480 2743 ab
2516 2689 2672 2744 initio
2693 2687 2988 2742 voluntatis
3011 2701 3121 2741 suae
3177 2701 3347 2754 usque
3377 2685 3445 2741 ad

1852 2780 2241 2850 perfectionem
2289 2779 2468 2850 operis
2533 2781 2794 2834 malitiam
2845 2795 2997 2833 suam
3049 2783 3442 2843 exercuerunt,

1853 2871 2050 2928 merito
2078 2871 2277 2926 dicitur
2315 2871 2380 2926 de
2412 2870 2490 2926 eis
2517 2875 2659 2940 quod
2703 2887 2731 2924 a
2755 2869 2937 2940 planta
2962 2869 3116 2938 pedis
3166 2882 3340 2937 usque
3373 2867 3442 2922 ad

1854 2965 2112 3020 verticem
2157 2972 2281 3020 sunt
2302 2963 2569 3034 percussi.
2623 2962 2776 3018 Unde
2804 2970 2860 3016 et
2885 2962 3053 3018 Isaias
3084 2961 3277 3018 talibus
3303 2975 3448 3016 com-

1855 3059 2068 3114 minans
2093 3057 2168 3112 ait
2203 3076 2214 3111 :
2253 3075 2271 3108 ‹
2321 3058 2410 3114 Va:
2436 3056 2582 3127 genti
2601 3055 2915 3126 peccatrici,
2946 3053 3145 3124 populo
3161 3054 3310 3124 gravi
3341 3053 3445 3108 ini-

1855 3150 2084 3220 quitate,
2107 3149 2300 3212 semini
2337 3164 2590 3219 nequam,
2633 3147 2758 3202 ﬁliis
2785 3146 3082 3206 sceleratis.
3134 3144 3447 3214 Derelique-

147 3250 272 3306 pore
305 3235 638 3292 calumniam
679 3235 1040 3303 sustinebunt,
1086 3236 1209 3306 quia
1247 3237 1300 3290 in
1336 3251 1567 3292 vacuum
1598 3236 1747 3292 Iabo-
1773 3231 1819 3296 C
1851 3249 1979 3296 runt
2027 3241 2336 3307 Dominum,
2411 3239 2925 3309 blasphemavernut
2959 3245 3210 3294 sanctum
3256 3234 3442 3301 Israel,

151 3337 286 3383 rant.
312 3329 563 3390 Ecclesia
599 3329 742 3383 enim
773 3327 973 3386 Christi
1005 3330 1302 3384 contemnit
1327 3330 1591 3401 malignas
1615 3346 1743 3403 sug-

150 3425 445 3492 gestiones.
502 3444 520 3476 ι
564 3441 667 3482 nec
693 3433 862 3503 portte
890 3425 1048 3484 inferi
1080 3426 1450 3496 praevalebunt
1479 3427 1738 3490 adversus

148 3527 260 3572 eam
294 3527 314 3574 δ
355 3517 574 3590 (Matth,
609 3516 743 3587 xvi).
777 3537 794 3568 ί
832 3515 1067 3578 Uxorem
1097 3519 1355 3586 accipias.
1388 3527 1442 3580 et
1463 3520 1604 3581 alius
1623 3521 1747 3574 dor-

151 3625 168 3656 ι
213 3609 497 3666 miatcum
520 3617 607 3668 ea.
665 3608 895 3670 Demum
921 3609 1178 3674 mditiccs,
1214 3617 1271 3664 et
1300 3623 1407 3670 non
1447 3610 1662 3671 habites
1690 3610 1745 3666 in

149 3719 166 3751 ι
209 3715 296 3755 ea.
353 3702 575 3761 Plantas
625 3702 861 3767 vineam.
909 3711 1093 3758 etnon
1117 3703 1417 3759 vindemies
1449 3717 1589 3763 eam.
1639 3703 1745 3760 Bos

148 3809 164 3843 ι
209 3802 339 3850 tuus
361 3794 672 3849 immoletnr
692 3805 877 3851 coram
902 3802 973 3860 te,
999 3803 1055 3851 et
1081 3811 1189 3852 non
1211 3795 1468 3850 comedas
1496 3810 1562 3853 ex
1584 3809 1671 3860 eo,
1717 3815 1737 3848 ι

139 3894 246 3940 etc.
303 3885 541 3953 Propter
567 3887 1071 3954 praevaricationem
1103 3897 1210 3957 qua
1244 3890 1588 3958 praevaricati
1617 3898 1745 3946 sunt

137 3974 404 4032 Israelita:
448 3977 500 4031 in
526 3979 797 4034 mandatis
840 3980 958 4045 Dei,
1007 3987 1206 4036 terram
1244 3983 1599 4050 passessionis
1633 3997 1745 4038 sua:

141 4068 552 4139 relinquebant,
597 4080 655 4125 et
681 4071 992 4128 animalium
1035 4085 1255 4128 suorum
1303 4074 1498 4129 damna
1545 4075 1744 4131 sentie-

142 4159 295 4217 bant.
324 4162 420 4217 Sic
440 4171 495 4216 et
517 4164 669 4218 avari
695 4166 897 4235 quique
922 4178 978 4220 et
1003 4166 1339 4224 facinoribus
1365 4167 1587 4231 irretiti,
1615 4168 1745 4225 licet

148 4257 198 4312 in
239 4256 502 4326 praesenti
533 4256 759 4311 multum
789 4257 1055 4322 laborent,
1101 4266 1309 4313 tantum
1336 4259 1568 4329 perdunt
1589 4259 1742 4316 labo-

150 4357 280 4413 rem,
327 4349 459 4420 Quia
492 4349 547 4403 in
579 4349 686 4404 fine
714 4365 903 4406 eorum
944 4350 1102 4410 simul
1129 4365 1250 4405 cum
1273 4351 1354 4406 eis
1393 4352 1744 4410 destruentur

149 4455 307 4509 opera
330 4443 574 4497 illorum.
602 4443 660 4498 In
688 4459 857 4499 uxore
877 4446 1021 4499 enim
1043 4447 1408 4517 potestaccipi
1429 4447 1602 4516 plebs,
1631 4449 1743 4503 ha:-

152 4535 442 4588 reticet-nm
475 4535 717 4604 perﬁdia:
759 4536 985 4603 sociata,
1035 4553 1199 4607 quam
1230 4537 1475 4593 diabolus
1505 4539 1746 4594 fornica-

154 4622 291 4680 tione
311 4625 548 4694 spiritall
577 4627 876 4696 corrumpit
907 4629 1124 4696 quando
1153 4643 1274 4683 eam
1303 4628 1357 4684 in
1386 4645 1630 4685 errorem
1655 4641 1741 4687 se-

156 4715 312 4772 ducit.
356 4718 451 4773 Sic
470 4727 531 4774 et
559 4720 616 4774 in
642 4720 961 4775 animalium
992 4722 1213 4776 nomine
1237 4724 1480 4792 subjecta
1509 4739 1741 4793 persona

154 4809 482 4882 designatur,
510 4823 630 4880 Qua:
645 4829 788 4868 nunc
807 4813 876 4868 ab
899 4813 1168 4870 haereticis
1194 4815 1498 4870 evellentur
1525 4817 1742 4884 quando

154 4901 245 4970 ipsi
279 4909 334 4960 et
359 4907 471 4962 vita
506 4916 560 4960 et
585 4907 834 4961 doctrina
865 4908 1070 4976 pariter
1102 4907 1481 4978 privabnntur.
1507 4908 1744 4965 Possunt

156 5003 205 5049 et
230 4998 340 5053 haec
377 4998 448 5052 ad
473 4996 786 5053 Judaeorum
838 4999 1092 5068 populum
1145 4998 1468 5054 transferri:
1499 4999 1627 5069 quia
1676 5014 1742 5054 ea

157 5101 265 5158 qua}
309 5091 402 5146 ille
452 5089 564 5146 sibi
613 5089 904 5145 scribendo
940 5099 1104 5159 atque
1149 5091 1392 5147 docendo
1443 5092 1746 5162 ﬁguraliter

155 5189 573 5250 prqiaraverat,
623 5183 804 5238 omnia
836 5193 980 5236 utine
1007 5181 1060 5236 in
1093 5187 1249 5237 usum
1275 5183 1592 5252 spiritaliter
1615 5197 1746 5240 con-

157 5276 434 5332 vertuntur
457 5274 734 5330 Ecclesiae.
769 5293 790 5324 4
840 5274 960 5328 Filii
987 5275 1065 5328 tui
1090 5283 1143 5329 et
1181 5273 1305 5329 filia:
1328 5283 1434 5330 tua:
1465 5275 1746 5330 tradentur

164 5365 180 5418 ὰ
219 5367 371 5424 alteri
397 5369 604 5440 populo
627 5366 935 5422 videntibus
963 5366 1135 5422 oculis
1163 5368 1267 5421 tuis
1287 5375 1343 5422 et
1367 5369 1746 5426 deﬁcientibus

164 5476 183 5511 ι
221 5475 248 5514 a
277 5469 578 5532 conspectu
607 5471 798 5515 eorum
843 5463 957 5514 tota
990 5460 1078 5516 die
1103 5477 1117 5514 :
1147 5471 1206 5516 et
1232 5476 1337 5516 non
1367 5463 1439 5518 sit
1483 5461 1744 5518 fortitudo

165 5567 184 5602 ι
223 5551 274 5606 in
296 5561 460 5608 mantt
493 5562 604 5606 tua.
643 5571 663 5604 ι
717 5551 777 5606 In
810 5552 1044 5606 filiorum
1075 5559 1132 5607 et
1166 5551 1399 5606 ﬁliarum
1426 5554 1644 5607 nemine
1665 5553 1744 5608 di-

163 5647 386 5714 scipulos
430 5647 702 5717 designat,
747 5661 883 5715 quos
903 5645 1017 5701 sive
1041 5642 1211 5700 Judaei
1238 5645 1350 5700 sive
1373 5645 1612 5700 basietiei
1647 5662 1748 5700 nu-

165 5737 406 5793 trierant.
439 5737 748 5793 Tradentnr
788 5735 944 5792 atteri
969 5735 1185 5805 populo,
1227 5751 1350 5791 cum
1378 5735 1572 5807 populo
1597 5749 1748 5792 mana.

163 5827 408 5901 cipantnr
444 5828 804 5899 Christiano.-
826 5835 888 5889 ιιι
909 5827 991 5890 ω
1009 5829 1232 5894 discant
1266 5827 1552 5896 veritatem
1583 5838 1748 5902 quam

1847 3331 2135 3388 abalienati
2163 3338 2290 3387 sunt
2323 3338 2642 3385 retrorsum.
2673 3329 2849 3400 Super
2883 3342 2989 3399 quo
3018 3326 3319 3398 percutiam
3345 3339 3444 3382 vos

1844 3423 2006 3492 ultra,
2059 3424 2316 3480 addentes
2338 3421 2882 3493 prtevaricationem?
2923 3433 3087 3476 omne
3125 3425 3289 3489 caput
3323 3417 3442 3472 Ian-

1845 3519 2089 3590 guidum,
2117 3527 2171 3571 et
2190 3533 2350 3572 omne
2371 3532 2467 3573 cor
2486 3529 2746 3572 moerens.
2793 3515 2839 3568 A
2876 3513 3059 3583 planta
3082 3512 3238 3581 pedis
3272 3522 3443 3578 usque

1845 3613 1913 3670 ad
1957 3612 2233 3672 verticem,
2283 3627 2391 3666 non
2436 3617 2520 3665 est
2559 3609 2616 3664 in
2639 3623 2705 3661 eo
2733 3607 2959 3669 sanitas,
2998 3625 3016 3656 ›
3064 3612 3171 3659 etc.
3199 3601 3336 3674 (lea.
3367 3601 3432 3672 1).

1845 3703 1951 3760 Per
1978 3705 2358 3772 metaphoram
2385 3701 2544 3756 docet
2570 3701 2714 3770 quod
2748 3716 2778 3754 a
2805 3697 3144 3773 principibus
3172 3707 3344 3768 usque
3367 3694 3436 3748 ad

1847 3805 2150 3851 extremam
2176 3795 2411 3864 plebem,
2438 3808 2468 3846 a
2497 3792 2811 3847 doctoribus
2846 3805 3016 3860 usque
3041 3789 3108 3844 ad
3130 3788 3442 3858 imperitum

1842 3888 2056 3959 Vulgus.
2087 3887 2142 3941 in
2166 3869 2322 3942 nullo
2347 3884 2417 3941 sit
2448 3885 2685 3950 sanitas,
2741 3883 2837 3940 sed
2863 3895 3055 3940 omnes
3082 3881 3135 3940 in
3167 3879 3443 3966 impietate

1842 3979 1962 4049 pari
1993 3979 2186 4034 ardore
2213 3976 2575 4032 consentiant.
2605 3975 2748 4045 Ergo
2771 3975 2874 4032 hoc
2893 3972 3036 4043 quod
3060 3971 3193 4027 dicit
3219 4013 3234 4036 ,
3271 3990 3288 4022 ι
3334 3985 3441 4026 non

1844 4080 1927 4127 est
1948 4070 2000 4124 in
2023 4085 2088 4125 eo
2109 4069 2337 4133 sanitas,
2374 4087 2393 4120 ι
2437 4067 2502 4124 ad
2525 4076 2827 4122 extremam
2853 4065 3022 4119 refert
3047 4061 3440 4133 captivitatem,

1844 4166 2057 4236 quando
2086 4171 2206 4233 post
2221 4162 2400 4218 Titum
2421 4169 2475 4216 et
2503 4160 2907 4229 Vespasianum,
2934 4165 2989 4212 et
3011 4156 3251 4211 ultimam
3280 4169 3440 4209 ever-

1842 4256 2050 4314 sionem
2075 4251 2375 4308 Jerusalem
2406 4252 2505 4307 sub
2530 4250 2677 4305 Ailio
2703 4250 2964 4313 Adriano,
3009 4261 3180 4316 usque
3203 4246 3270 4302 ad
3301 4257 3441 4313 prte-

1843 4361 1968 4406 sens
2023 4354 2265 4413 tempus,
2313 4342 2520 4399 nullum
2569 4341 2869 4396 remedium
2924 4347 3028 4402 est,
3083 4337 3444 4405 impleturque

1842 4435 1983 4506 quod
2007 4435 2272 4505 scriptum
2309 4443 2392 4499 est
2425 4451 2437 4488 :
2473 4451 2491 4486 ί
2551 4431 2752 4487 Omnes
2807 4429 3236 4490 declinaverunt,
3280 4423 3443 4478 simul

1847 4527 2064 4588 inutiles
2103 4526 2232 4582 facti
2259 4536 2388 4579 sunt
2419 4543 2431 4578 ε
2468 4539 2575 4578 non
2607 4531 2691 4578 est
2717 4521 2811 4590 qui
2856 4518 3020 4572 faciat
3058 4517 3280 4579 bonum,
3333 4527 3442 4568 non

1847 4631 1931 4676 est
1957 4636 2128 4689 usque
2154 4619 2220 4672 ad
2243 4633 2407 4672 unum
2440 4636 2457 4670 ι
2494 4616 2667 4686 (Psal.
2701 4613 2842 4684 x111).
2900 4611 3160 4680 Quodque
3189 4608 3440 4675 infertur,

1851 4731 1868 4764 ι
1915 4728 2022 4764 non
2052 4719 2135 4764 est
2165 4710 2218 4763 iu
2241 4725 2306 4764 eo
2332 4708 2559 4774 sanitas,
2595 4726 2612 4758 ι
2657 4706 2741 4760 vel
2775 4706 2828 4764 in
2857 4703 3055 4774 populo
3072 4702 3329 4770 intelligo,
3356 4699 3442 4759 vel

1844 4802 1901 4858 in
1932 4815 2179 4871 corpore,
2231 4799 2317 4865 vel
2344 4799 2398 4853 in
2426 4799 2625 4870 capite.

1922 4915 1939 4958 ς
1985 4893 2154 4950 Dncet
2193 4902 2248 4948 te
2274 4893 2558 4957 Dominus,
2598 4900 2654 4946 et
2682 4905 2868 4961 regem
2908 4904 3071 4960 quem
3091 4887 3444 4944 constitueris

1850 5006 1869 5040 ι
1907 5001 2070 5057 super
2105 4996 2174 5050 te,
2211 4987 2264 5042 in
2295 4995 2483 5056 gentes
2513 4999 2650 5055 quas
2686 4985 2905 5055 ignoras
2932 4991 2986 5042 tu
3026 4992 3083 5040 et
3109 4990 3292 5053 patres
3316 4981 3391 5035 tui
3423 5000 3436 5036 :

1853 5099 1870 5132 ι
1913 5080 2118 5136 servies
2140 5078 2214 5134 ibi
2253 5079 2355 5134 diis
2378 5078 2589 5144 alienis,
2639 5077 2786 5148 ligno
2815 5085 2870 5132 et
2899 5077 3082 5148 lapidi,
3110 5084 3164 5130 et
3184 5075 3293 5130 eris
3318 5088 3441 5143 per-

1853 5193 1872 5226 ‹
1915 5173 2061 5228 ditus
2119 5173 2173 5227 in
2203 5172 2548 5242 proverbium
2592 5180 2648 5227 et
2677 5170 2913 5228 fabulam
2949 5169 3200 5225 omnibus
3229 5166 3443 5235 populis

1853 5283 1870 5317 ι
1917 5265 1980 5318 ad
2000 5280 2136 5334 quos
2163 5273 2214 5318 te
2237 5263 2945 5329 introduxeritDomiuns.»
2991 5260 3154 5316 Duxit
3181 5260 3442 5314 Dominus

1847 5367 2060 5428 gentem
2099 5358 2376 5427 antiquam
2420 5357 2786 5416 lsraelitarum
2833 5364 3056 5427 propter
3094 5360 3314 5422 peccata
3343 5367 3442 5408 sua

1853 5451 1908 5505 in
1945 5449 2316 5519 captivitatem
2356 5465 2479 5504 cum
2510 5465 2635 5520 rege
2673 5464 2790 5513 suo,
2843 5434 2983 5500 sicut
3027 5443 3226 5504 factum
3275 5443 3441 5497 estin

1854 5541 1990 5598 Osce
2017 5559 2145 5614 rege
2171 5543 2450 5610 Satnarize,
2477 5558 2636 5614 quem
2667 5540 3045 5595 Salmanassar
3075 5551 3168 5592 rex
3190 5535 3444 5607 Assyrio-

1855 5653 1974 5693 rum
2001 5637 2484 5696 duxitcumdecem
2509 5636 2754 5692 tribubus
2777 5635 2831 5689 in
2859 5632 3249 5703 captivitatem.
3278 5630 3443 5686 Simi-

1854 5731 1982 5786 liter
2017 5738 2072 5786 et
2093 5743 2313 5802 gentem
2331 5732 2640 5794 Judteorum
2677 5726 3176 5787 Nabuchodmtosor
3214 5740 3312 5784 rex
3337 5725 3443 5782 Ba-

1856 5825 2070 5902 bylonis
2111 5826 2413 5891 mandarit
2461 5825 2520 5886 in
2542 5822 2878 5897 Ghalda’am,
2928 5835 3054 5884 crint
3097 5818 3344 5896 Inachia:
3386 5823 3446 5881 et
