3930 6344
449 377 558 435 959
881 445 886 450 ,

451 577 784 638 Testamenti
831 577 1136 648 quicunque
1162 577 1419 634 aberrant
1443 589 1474 630 a
1501 575 1605 631 lide
1647 571 1908 638 haeretici,
1952 569 2038 626 vel

451 659 578 730 mali
609 673 864 729 catholici
905 657 1171 742 spernunt
1202 653 1472 740 prascepta
1493 669 1589 723 Dei
1618 677 1674 724 et
1699 667 1918 724 obedire
1946 680 2042 720 no—

452 765 571 840 lunt
595 762 906 838 Evangelio
947 759 1174 826 Christi,
1215 775 1316 834 per
1339 759 1603 831 malignos
1630 759 1851 829 spiritus
1879 756 2043 816 variis

452 857 602 914 vitiis
627 857 971 928 captivantur
1001 869 1016 909 :
1047 862 1101 910 et
1145 854 1213 909 ad
1242 862 1566 919 extremum,
1620 852 1666 908 si
1697 867 1809 906 non
1837 866 1897 908 se
1923 865 2045 912 cor-_

453 950 721 1022 texerint,
769 950 826 1005 in
853 948 1172 1006 barathrum
1226 946 1423 1004 inferni
1466 947 1872 1017 demergeutur.
1929 943 2046 1002 Nec

453 1058 546 1110 εει.
571 1046 829 1103 distantia
870 1044 1012 1098 inter
1039 1042 1319 1098 dominum
1361 1050 1415 1098 et
1442 1056 1680 1104 servum,
1723 1040 1951 1096 militem
1989 1046 2046 1094 et

454 1121 661 1216 regem,
713 1140 1032 1212 magistrum
1062 1146 1118 1192 et
1155 1136 1510 1209 discipulum;
1543 1136 1638 1191 sed
1659 1133 1865 1203 justum
1897 1132 2044 1204 judi-

455 1236 600 1302 cium
627 1233 721 1288 Dei
751 1229 1042 1300 unicuique
1055 1230 1353 1286 secundum
1375 1229 1592 1300 propria
1617 1228 1803 1283 reddet
1829 1226 2042 1283 merita.

459 1324 611 1380 Unde
651 1323 913 1390 scriptum
943 1329 1065 1376 est:
1119 1339 1138 1372 ‹
1183 1319 1468 1392 Disperdet
1494 1319 1750 1382 Dominus
1782 1319 1849 1373 ab
1879 1316 2046 1374 Israel

455 1416 630 1472 virum
652 1403 743 1490 qui
763 1411 959 1468 fecerit
986 1413 1109 1478 hoc,
1129 1410 1452 1480 magistrum
1467 1420 1522 1466 et
1539 1409 1862 1480 discipulum
1883 1407 1999 1477 ejus
2021 1427 2040 1460 ι

456 1505 713 1578 (Malach.
766 1504 851 1576 ιι).
901 1523 919 1555 ‹
949 1502 1306 1558 Commonere
1335 1512 1517 1558 autem
1558 1518 1656 1560 vos
1683 1502 1828 1568 volo,
1872 1502 2048 1558 scien-

456 1607 535 1664 tes
559 1595 724 1666 semel
747 1595 951 1663 omnia,
967 1595 1223 1664 quoniam
1243 1593 1401 1650 Jesus
1430 1593 1684 1666 populum
1699 1593 1767 1649 de
1795 1601 1939 1650 terra
1952 1591 2047 1648 ΔΞ-

453 1688 602 1760 gypti
659 1686 909 1760 salvans,
965 1701 1060 1742 eos
1105 1685 1342 1742 secundo
1395 1685 1490 1754 qui
1537 1701 1646 1740 non
1704 1682 2050 1740 crediderunt

453 1779 704 1852 perdidit.
744 1780 977 1852 Angelos
1021 1796 1173 1846 vero,
1213 1779 1308 1851 qui
1337 1794 1442 1834 non
1491 1787 1844 1834 servaverunt
1875 1794 2048 1852 suum
2074 1831 2116 1852 _.

1125 369 1187 425 B.
1227 325 1486 425 nisini
1519 317 1741 426 muni
1780 323 2051 421 incana]

2153 323 2452 419 uocum.
2494 323 2785 419 DPERUM
2819 319 3002 415 Pius
3039 357 3084 414 1.
3203 421 3205 426 ,
3347 417 3355 430 ,_

452 461 678 547 Sedecia
710 445 930 557 regibus
948 457 1119 540 Iudae.
1153 482 1261 540 Sed
1286 492 1342 540 et
1369 451 1592 548 nuncin
1621 447 1864 562 tempore
1897 477 2034 536 Novi
2139 459 2274 560 ejus.
2301 477 2453 535 Unde
2487 475 2704 545 legitur,
2729 473 2874 545 quod
2907 491 2924 522 ι
2947 487 3072 528 cum
3101 435 3568 544 appmpinquaret

3642 360 3747 416 960

2143 569 2462 634 Jerusalem,
2511 567 2699 624 videns
2753 565 3063 632 civitatem,
3120 561 3266 618 ﬂevit
3299 579 3468 636 super
3514 565 3669 620 illam
3695 559 3752 626 et.

2144 661 2317 717 dixit:
2349 659 2486 728 Quia
2527 659 2573 713 si
2602 657 2948 728 cognovisses
2968 664 3023 712 ct
3047 663 3127 722 tu,
3183 663 3237 712 et
3261 655 3489 727 quidem
3533 657 3595 712 in
3643 648 3747 728 hae

2147 755 2231 810 die
2257 762 2381 830 __tua,
2407 769 2526 823 qua:
2551 752 2618 806 ad
2649 766 2839 822 pacem
2862 751 2984 817 tibi,
3032 766 3181 806 nunc
3209 735 3396 822 autem
3417 736 3746 810 abscondita

2147 855 2274 904 sunt
2307 848 2376 904 ab
2395 846 2568 904 oculis
2591 845 2732 901 tuis-
2768 844 2908 914 Quia
2935 844 3154 901 venient
3184 844 3300 900 dies
3327 844 3385 900 in
3419 851 3495 910 te,
3557 847 3739 918 etcir-

2145 940 2480 998 cumdabunt
2505 949 2558 996 te
2585 939 2840 1008 undique,
2867 947 2924 992 et
2950 938 3018 994 ad
3046 947 3252 993 terram
3279 945 3646 1008 prosternent
3671 947 3735 1007 te,

2145 1040 2200 1087 et
2222 1031 2360 1088 filios
2387 1040 2508 1088 tuos
2553 1029 2646 1102 qui
2679 1030 2732 1084 in
2758 1038 2810 1085 te
2835 1037 2965 1086 sunt
2992 1046 3005 1082 :
3037 1038 3093 1084 et
3117 1044 3228 1084 non
3254 1029 3575 1099 relinquent
3621 1031 3674 1084 in
3693 1038 3738 1087 te

2146 1123 2379 1196 lapidem
2429 1137 2590 1194 super
2631 1121 2900 1192 lapidem,
2955 1137 3021 1177 eo
3069 1123 3213 1190 quod
3260 1136 3370 1176 non
3423 1124 3738 1191 COgnovcris

2148 1225 2362 1288 tempus
2389 1215 2713 1272 visitationis
2741 1223 2845 1271 tua:
2873 1235 2892 1266 ›
2913 1213 3065 1286 (Luc.
3098 1211 3240 1286 xu).
3283 1212 3518 1268 Creator
3552 1215 3737 1286 quippe

2147 1307 2388 1362 omnium
2428 1320 2525 1376 per
2550 1305 2939 1362 incarnationis
2960 1320 3070 1359 suae
3091 1305 3414 1377 mysterium
3454 1305 3596 1360 hanc
3624 1306 3739 1360 visi-

2149 1406 2268 1454 tare
2302 1397 2553 1468 dignatus
2582 1405 2684 1464 est,
2742 1395 2835 1450 sed
2879 1395 2995 1465 ipsa
3036 1395 3250 1449 timoris
3279 1394 3424 1450 illius
3465 1406 3519 1450 et
3541 1397 3737 1452 amoris

2152 1487 2430 1542 recordata
2457 1502 2567 1542 non
2593 1494 2694 1542 est.
2729 1483 2884 1541 Unde
2913 1485 3080 1540 etiam
3105 1499 3207 1555 per
3232 1485 3547 1554 prophetam
3576 1486 3633 1538 in
3658 1485 3740 1542 in.-

2150 1578 2459 1650 crepationc
2487 1579 2667 1636 cordis
2696 1578 2920 1634 humani
2971 1594 3099 1633 aves
3120 1576 3245 1632 cmli
3293 1579 3349 1632 in
3378 1579 3736 1634 testimonium

2153 1673 2546 1730 deducuntur:
2616 1692 2633 1724 ι
2679 1672 2893 1738 Milvus,
2955 1672 3152 1743 inquit,
3213 1673 3270 1726 in
3302 1671 3446 1727 caelo
3496 1671 3739 1742 cognovit

2156 1775 2369 1837 tempus
2398 1781 2553 1822 suum
2583 1783 2595 1819 :
2624 1775 2827 1831 turtur,
2868 1773 2924 1820 et
2947 1764 3204 1830 hirundo,
3252 1772 3307 1818 et
3337 1763 3573 1828 ciconia,
3621 1778 3736 1818 cus-

454 1841 860 1941 principatum:
879 1871 972 1926 sed
1001 1841 1408 1940 dereliquerunt
1435 1886 1591 1926 suum
1615 1849 1964 1937 domicilium,
1991 1872 2048 1926 in
2074 1841 2124 1906 Β
2154 1860 2426 1916 todierunt
2460 1868 2674 1930 tempus
2701 1859 2967 1915 adventus
2990 1859 3093 1913 sui.
3125 1856 3366 1928 Populus
3382 1865 3568 1912 autem
3598 1870 3738 1911 mens

448 1960 713 2044 judicium
769 1965 864 2020 Dei
913 1965 1096 2038 magni
1137 1965 1368 2020 vinculis
1405 1965 1624 2022 :eternis
1682 1966 1781 2024 sub
1819 1965 2048 2036 caligine

458 2055 731 2132 reservavi
770 2076 788 2107 ›
827 2054 979 2127 (Jud.
1021 2055 1097 2128 v).
1148 2074 1166 2108 ‹
1215 2053 1522 2112 Sementem
1552 2056 1777 2114 multam
1799 2055 2051 2125 jaciesiu

460 2164 477 2198 ι
527 2155 727 2204 terram
784 2157 840 2204 et
893 2150 1163 2206 modicum
1227 2151 1602 2222 congregabis,
1663 2151 1789 2222 quia
1824 2150 2048 2208 locusta

458 2259 477 2292 ι
521 2241 701 2296 omnia
753 2241 1108 2298 devorabunt.
1162 2243 1390 2298 Vincam
1447 2241 1716 2315 plantabis
1775 2250 1831 2298 et
1877 2240 2051 2298 fodies

460 2347 480 2382 ι
524 2345 680 2396 cam,
727 2339 783 2387 et
834 2347 940 2387 non
986 2333 1139 2386 bibes
1186 2332 1406 2397 vinum,
1447 2347 1549 2388 nec
1603 2331 1824 2404 colliges
1874 2346 1941 2387 ex
1984 2347 2050 2388 ea

460 2437 480 2472 ι
523 2421 797 2490 quidpiam
820 2461 835 2487 ,
876 2423 1134 2492 quoniam
1172 2423 1475 2478 vastabitur
1508 2422 1803 2478 vermibus.
1869 2421 2051 2479 Olivas

463 2528 483 2564 ι
529 2509 754 2580 habebis
783 2511 838 2566 in
868 2513 1122 2569 omnibus
1155 2514 1401 2570 terminis
1432 2513 1562 2584 tuis,
1603 2523 1662 2570 et
1692 2529 1800 2572 non
1829 2514 2052 2586 ungeris

461 2620 480 2654 ι
525 2601 666 2669 oleo,
711 2604 839 2674 quia
880 2603 1116 2660 deﬂuent
1149 2613 1206 2662 ct
1239 2607 1515 2676 peribunt,
1545 2614 1654 2662 etc.
1691 2626 1711 2659 ι
1775 2605 1936 2674 Nota,
1973 2604 2054 2662 le-

461 2704 608 2762 ctor,
669 2697 813 2766 quod
863 2706 1162 2754 sementem
1215 2699 1477 2756 devorant
1520 2699 1774 2774 locustae,
1835 2700 2050 2756 vineam

459 2789 744 2854 devastant
787 2805 1022 2856 vermes,
1071 2791 1227 2847 oliva:
1274 2791 1516 2848 deﬂuunt
1581 2802 1636 2850 et
1680 2801 1910 2863 pereunt
1947 2807 1962 2846 :
1997 2799 2053 2850 et

456 2888 648 2936 cautus
686 2889 806 2936 esto
840 2896 910 2955 ne
956 2880 1097 2938 forte
1141 2883 1398 2953 gratiam,
1426 2898 1592 2953 quam
1616 2883 1799 2940 divino
1827 2897 2053 2940 munere

456 2971 786 3048 percepisti,
841 2973 1065 3030 locustae
1105 2983 1160 3030 et
1211 2989 1426 3030 vermes
1477 2967 1749 3048 spiritales
1797 2977 2052 3043 exedant,

460 3059 749 3117 devastent
815 3071 979 3135 atque
1043 3080 1075 3120 a
1131 3073 1183 3120 te
1232 3064 1508 3132 auferant,
1567 3073 1623 3122 et
1667 3082 1789 3138 quae
1834 3067 1932 3122 tibi
1995 3067 2054 3122 in

461 3163 808 3226 augmentum
846 3155 1036 3210 salutis
1075 3163 1178 3210 tua:
1219 3156 1416 3211 collata
1455 3165 1599 3226 sunt,
1634 3165 1856 3228 propter
1893 3158 2052 3214 incu-

459 3241 596 3296 riam
624 3250 773 3298 tuam
809 3245 875 3299 ad
904 3246 1286 3302 detrimentum
1326 3248 1663 3318 perveniant.
1725 3249 1868 3304 Dicit
1905 3249 2052 3306 enim

461 3329 784 3418 g’salmista:
812 3354 831 3386 ‹
868 3335 1074 3390 Dedisti
1103 3336 1345 3391 laetitiam
1388 3337 1443 3391 in
1480 3338 1645 3393 corde
1668 3353 1821 3393 meo:
1856 3355 1888 3410 a
1925 3348 2055 3394 tem-

461 3436 596 3502 pore
633 3420 911 3490 frumenti,
946 3424 1056 3480 vini
1082 3434 1136 3480 et
1169 3425 1273 3482 olei
1311 3445 1330 3478 ι
1364 3425 1535 3499 (Psal.
1562 3428 1662 3502 iv).
1709 3448 1727 3480 ι
1765 3427 1928 3492 Panis
1957 3431 2056 3487 ho-

465 3513 629 3570 minis
677 3530 773 3570 cor
801 3516 1120 3586 conﬁrmat;
1160 3518 1345 3573 vinum
1382 3517 1622 3575 laetiﬁcat
1667 3534 1763 3576 cor
1796 3521 2055 3591 hominis,

458 3597 660 3661 faciem
716 3606 896 3663 oleum
947 3609 1220 3664 exhilarat
1266 3630 1286 3663 ι
1319 3607 1495 3682 (Ρεαι.
1539 3613 1677 3688 cur).
1716 3612 1806 3680 Et,
1861 3615 2056 3672 beatus

467 3700 559 3771 qui
590 3699 780 3785 vigilat
823 3710 881 3758 et
927 3703 1165 3760 custodit
1224 3704 1548 3762 vestimenta
1595 3721 1714 3776 sua,
1772 3722 1840 3764 ne
1879 3709 2057 3766 nudus

467 3792 725 3850 ambulet.

461 3951 468 3954 Α
545 3903 564 3936 ε
606 3884 826 3942 Advcna
873 3889 964 3959 qui
995 3897 1179 3946 tecum
1217 3899 1471 3948 versatur
1499 3893 1556 3948 in
1583 3900 1750 3959 terra,
1800 3895 2058 3954 ascendet

466 3995 488 4060 ι¹
533 3992 697 4048 super
727 3986 799 4041 te,
843 3980 1056 4051 eritque
1077 3982 1378 4038 sublimior.
1413 3983 1495 4039 Tu
1528 3993 1708 4042 autem
1738 3985 2057 4055 descendes,

467 4086 485 4119 ι
531 4077 588 4122 et
612 4069 724 4122 eris
770 4069 1015 4126 interior.
1061 4071 1179 4141 Ipse
1206 4073 1476 4130 fenerabit
1502 4076 1624 4145 tibi,
1677 4085 1730 4132 et
1756 4085 1814 4132 tu
1843 4077 2056 4134 noufe-

467 4179 484 4210 ι
526 4161 745 4214 nerabis
767 4161 836 4215 ei.
853 4162 972 4231 ipse
1000 4166 1106 4218 erit
1129 4165 1185 4219 in
1206 4177 1388 4237 caput,
1419 4177 1472 4222 et
1495 4177 1549 4224 tu
1581 4171 1690 4227 eris
1716 4171 1776 4228 in
1802 4171 2053 4228 caudam.

467 4266 489 4324 μ
532 4248 601 4303 Et
631 4248 846 4304 venient
875 4265 1037 4321 super
1068 4260 1120 4306 te
1153 4269 1344 4310 omnes
1365 4258 1777 4316 maledictioncs
1806 4262 1945 4330 istae,
2003 4271 2060 4317 et

469 4358 490 4393 ι
528 4352 918 4414 persequentes
940 4346 1345 4417 apprehendent
1367 4355 1420 4405 te
1442 4350 1614 4407 donec
1639 4353 1902 4422 intereas,
1931 4355 2058 4426 quia

464 4451 485 4486 ι
529 4449 636 4490 non
667 4435 862 4491 audisti
915 4451 1104 4493 vocem
1133 4437 1347 4496 Domini
1380 4440 1479 4496 Dei
1509 4443 1608 4510 tui,
1667 4459 1768 4502 nec
1817 4448 2054 4504 servasti

2151 1971 2259 2012 non
2279 1955 2532 2028 cognovit
2547 1954 2810 2028 judicium
2839 1954 3054 2010 Domini
3084 1973 3102 2006 ›
3140 1951 3276 2026 (Ier.
3299 1952 3447 2025 vni).
3477 1952 3607 2008 Inde
3623 1967 3736 2025 gen-

2152 2050 2293 2106 tibus
2334 2049 2646 2120 i'requenter
2697 2049 2765 2103 ad
2795 2047 3217 2119 depraedandum
3259 2047 3396 2113 dati,
3460 2046 3736 2102 novissime

2151 2151 2334 2198 autem
2366 2141 2628 2198 Romanis
2656 2141 2996 2213 principibus
3035 2141 3101 2196 ad
3125 2141 3540 2196 subversionem
3559 2154 3737 2210 perpe-

2151 2240 2300 2290 tuam
2345 2241 2478 2290 sunt
2503 2231 2712 2297 traditi,
2765 2239 3141 2301 veneruntque
3192 2229 3276 2285 eis
3320 2231 3500 2286 omnia
3545 2244 3737 2301 genera

2151 2326 2589 2382 maledictionum
2638 2339 2759 2396 quas
2801 2325 2855 2379 in
2902 2323 3041 2379 libro
3071 2323 3210 2394 legis,
3263 2323 3564 2392 conscripta
3588 2330 3735 2376 sunt.

2153 2419 2415 2476 Similiter
2457 2426 2514 2475 et
2549 2417 2636 2474 his
2669 2416 2763 2487 qui
2796 2416 3029 2487 gratiam
3073 2415 3289 2485 ingrate
3330 2411 3428 2469 Dei
3474 2413 3737 2482 accipiunt

2152 2518 2301 2568 certa
2329 2517 2413 2566 est
2450 2509 2745 2564 damnatio.
2792 2506 2951 2576 Quia,
3001 2505 3300 2563 secundum
3348 2505 3504 2562 Pauli
3539 2521 3735 2571 vocem,

2154 2601 2367 2656 irritam
2406 2600 2528 2672 quis
2565 2598 2772 2655 faciens
2790 2597 2966 2671 legem
2995 2598 3165 2671 Moysi
3218 2597 3340 2654 sine
3385 2597 3496 2652 ulla
3529 2597 3739 2653 misera-

2153 2695 2301 2750 tione
2349 2693 2558 2750 duobus
2603 2702 2698 2750 aut
2735 2693 2912 2748 tribus
2957 2693 3188 2748 testibus
3230 2692 3488 2756 moritur,
3552 2698 3739 2761 quanto

2153 2786 2328 2856 magis
2362 2785 2563 2858 putatis
2599 2785 2871 2841 deteriora
2899 2783 3098 2839 mereri
3131 2783 3402 2853 supplicia
3438 2782 3528 2852 qui
3553 2780 3740 2836 Filium

2154 2877 2251 2936 Dei
2280 2876 2699 2943 couculcaverit,
2725 2887 2781 2932 et
2798 2876 3122 2947 sanguinem
3150 2875 3468 2931 testamenti
3493 2873 3740 2945 pollutum

2156 2970 2373 3026 duxerit
2403 2970 2460 3028 in
2491 2985 2599 3040 quo
2627 2968 2999 3026 sanctiﬁcatus
3019 2977 3127 3036 est,
3179 2976 3236 3024 et
3259 2967 3534 3037 spirituali
3571 2966 3741 3037 gratia

2158 3064 2546 3136 contumeliam
2566 3063 2778 3120 fecerit.
2804 3062 3020 3124 Scimus
3041 3062 3211 3127 enim,
3233 3061 3488 3132 quidixit
3518 3079 3533 3114 :
3567 3078 3584 3111 ι
3624 3055 3741 3114 Mihi

2109 3172 2130 3226 ὲ
2157 3155 2418 3224 Vindium
2472 3171 2575 3226 ego
2613 3155 2834 3210 reddam
2868 3174 2886 3205 ι
2918 3152 3093 3226 (Psal.
3126 3151 3376 3225 cxxuv).
3418 3152 3490 3206 Et
3514 3152 3696 3206 iterum
3724 3170 3738 3206 ;

2164 3269 2184 3304 ι
2230 3249 2368 3317 Quia
2398 3246 2666 3318 judicabit
2709 3248 2972 3304 Dominus
3007 3245 3263 3316 populum
3295 3261 3480 3300 suum.
3530 3243 3745 3298 Horren-

2161 3359 2180 3396 ς
2223 3341 2352 3398 dum
2381 3355 2596 3412 quoque
2618 3348 2701 3394 cst
2721 3337 2962 3394 incidere
2988 3337 3040 3392 in
3071 3352 3294 3391 manum
3317 3336 3418 3392 Dei
3442 3336 3683 3392 viventis.
3721 3352 3740 3384 ι

2155 3433 2228 3490 Et
2251 3434 2373 3490 ideo
2407 3434 2608 3490 bonum
2629 3444 2712 3488 est
2735 3446 3064 3504 praecavere,
3111 3445 3182 3485 ne
3205 3440 3532 3501 peccantem
3581 3437 3635 3484 et
3657 3427 3748 3481 im-

2155 3525 2512 3596 posnitentem
2563 3533 2766 3579 aeterna
2809 3522 3044 3593 perditio
3097 3521 3479 3590 subsequatur.
3536 3538 3556 3573 ι
3601 3518 3755 3574 Dabit

2163 3634 2182 3668 ι
2230 3615 2377 3672 enim
2393 3615 2491 3670 tibi
2513 3615 2777 3671 Dominus
2789 3628 2884 3670 cor
2903 3611 3182 3684 pavidum,
3212 3619 3271 3665 et
3285 3610 3603 3665 deﬁcientes
3623 3624 3758 3662 ocn-

2163 3728 2183 3760 ‹
2227 3709 2330 3778 los,
2383 3716 2441 3764 et
2475 3709 2712 3763 animam
2746 3721 2985 3762 moerere
3013 3711 3390 3772 consumptam.
3428 3721 3447 3751 ι
3510 3699 3759 3769 Propter

2156 3801 2436 3874 perﬁdiam
2473 3813 2626 3856 suam
2649 3801 2833 3855 datum
2855 3807 2940 3854 est
2964 3796 3157 3853 Judreis
3169 3808 3258 3850 cor
3280 3791 3581 3865 pavidum;
3604 3791 3757 3846 unde

2158 3893 2424 3966 scriptum
2443 3899 2566 3948 est:
2617 3911 2635 3942 ι
2679 3889 2795 3946 Illic
2843 3889 3246 3960 trepidaverunt
3270 3885 3470 3940 timore
3521 3882 3623 3938 ubi
3650 3897 3752 3938 non

2159 3991 2280 4040 erat
2305 3982 2470 4038 timor
2515 4000 2534 4034 ι
2573 3980 2748 4053 (Psal.
2777 3979 2895 4052 LII).
2936 3979 3203 4035 Dicebant
3229 3986 3413 4032 autem
3439 3973 3748 4031 sacerdotes

2156 4089 2346 4130 eorum
2368 4073 2435 4129 ad
2459 4089 2556 4129 eos
2585 4090 2600 4127 :
2639 4093 2657 4126 ι
2703 4070 2910 4129 Videtis
2929 4072 3058 4144 quia
3087 4069 3222 4126 nihil
3250 4067 3580 4140 proficimus.
3601 4064 3742 4120 Ecce

2159 4169 2396 4224 mundus
2423 4175 2567 4222 totus
2603 4174 2727 4236 post
2753 4166 2933 4237 ipsum
2978 4163 3132 4220 abiit.
3155 4161 3237 4218 -Si
3262 4161 3578 4217 dimittimus
3620 4171 3748 4214 eum

2159 4263 2259 4328 sic,
2304 4277 2494 4319 omnes
2531 4261 2758 4318 credent
2785 4260 2840 4316 in
2863 4274 3008 4314 eum.
3049 4257 3120 4313 Et
3149 4257 3374 4312 venient
3401 4253 3652 4317 Romani,
3696 4258 3750 4308 et

2158 4357 2352 4416 tollent
2403 4366 2650 4413 nostrum
2677 4355 2858 4410 locum
2895 4361 2952 4412 et
2974 4362 3190 4425 gentem
3218 4370 3236 4403 ι
3275 4349 3458 4422 (Joan.
3493 4346 3596 4420 xi).
3637 4344 3749 4402 Hoc

2159 4448 2242 4510 eis
2269 4448 2452 4506 evenit
2493 4447 2638 4518 quod
2674 4444 3028 4511 verebantur,
3075 4443 3170 4499 sed
3188 4441 3318 4498 inde
3365 4439 3638 4494 undeuon
3664 4450 3750 4490 are

466 4545 486 4579 ε
531 4527 786 4628 {fundata
817 4527 941 4628 eius
983 4538 1038 4586 et
1080 4533 1419 4590 ceremonias
1462 4550 1598 4605 quas
1643 4537 1901 4609 prmcepit
1954 4538 2053 4603 tibi
2077 4537 2134 4628 1",-
2158 4540 2520 4600 bitrabantur.
2569 4538 2652 4594 Illi
2691 4537 3033 4602 aestimabant
3063 4535 3130 4592 de
3166 4533 3279 4590 ﬁde
3311 4531 3518 4588 Christi
3567 4528 3750 4583 νει-ιη

468 4639 485 4671 ι
531 4620 809 4678 Dominus.
843 4643 862 4676 ι
923 4623 1207 4682 Manifeste
1230 4627 1334 4684 hoc
1365 4628 1603 4699 capitulo
1623 4630 1952 4688 describitur
1973 4632 2052 4688 ls-

464 4713 775 4770 raelitarmn
801 4715 1029 4786 abjectio
1066 4730 1121 4775 et
1149 4721 1388 4794 gentium
1411 4721 1604 4778 electio
1643 4739 1657 4777 :
1704 4723 1829 4794 quia
1864 4740 2058 4780 secun-

462 4809 614 4884 dum,
643 4807 899 4868 Veritatis
945 4829 1156 4882 vocem,
1203 4833 1310 4886 qua
1345 4817 1414 4872 ad
1461 4817 1608 4888 ipsos
1656 4816 1873 4880 Judmos
1929 4821 2056 4882 ait;

467 4918 484 4949 ‹
529 4896 825 4954 Auferetur
852 4917 884 4954 a
910 4904 1063 4959 vobis
1108 4921 1338 4977 regnum
1392 4907 1516 4974 Dei,
1558 4917 1615 4963 et
1656 4907 1876 4967 dabitur
1903 4910 2056 4982 genti

460 4988 684 5047 iacieuti
711 4990 946 5050 fructum
973 4995 1091 5065 ejus
1115 5014 1130 5063 ;
1160 4999 1242 5054 sic
1271 5008 1434 5054 erunt
1456 5001 1621 5071 primi
1651 5002 1956 5069 novissimi,
1997 5011 2055 5059 et

462 5082 743 5144 novissimi
763 5083 929 5154 primi
966 5104 985 5137 ι
1022 5084 1239 5156 (Matth.
1273 5090 1432 5166 xxx);
1483 5101 1539 5148 et
1559 5093 1858 5149 secundum
1882 5093 2054 5151 Annae

460 5180 801 5248 prophetiam
834 5199 846 5234 :
905 5199 924 5234 ι
969 5179 1182 5238 Sterilis
1225 5188 1436 5256 peperit
1488 5188 1754 5260 plurimos
1782 5206 1796 5244 :
1828 5196 1882 5244 et
1931 5205 2054 5260 quia

461 5269 662 5325 multos
704 5271 940 5328 habebat
983 5271 1144 5340 ﬁlios,
1203 5276 1478 5334 infirmata
1499 5289 1607 5347 est,
1655 5295 1723 5336 eo
1749 5281 1892 5352 quod
1945 5298 2053 5339 non

465 5359 886 5419 audivitvocem
916 5363 1132 5420 Domini
1160 5365 1256 5420 Dei
1289 5367 1396 5432 sui,
1431 5376 1488 5424 et
1511 5371 1768 5432 mandata
1801 5372 1920 5443 ejus
1943 5388 2054 5430 non

465 5454 705 5510 servavit
739 5475 758 5518 φ
803 5454 1020 5530 (Matth.
1055 5457 1181 5532 xx);
1225 5458 1438 5515 ruinam
1473 5463 1652 5531 populi
1693 5464 1838 5521 illius
1868 5465 2052 5522 Domi-

462 5560 564 5602 nus
592 5548 914 5618 praavidens,
961 5551 1276 5608 miserando
1329 5565 1394 5606 ac
1421 5552 1616 5622 saepius
1645 5557 1916 5611 monendo
1957 5572 2056 5615 eos

460 5647 778 5695 convertere
822 5640 1015 5708 voluit,
1071 5642 1308 5714 primum
1332 5657 1435 5713 per
1463 5641 1659 5714 legem,
1695 5649 1935 5704 secundo
1957 5665 2056 5720 per

457 5730 775 5800 prophetas,
806 5735 969 5792 tertio
995 5750 1094 5808 per
1129 5737 1443 5804 sacerdotes
1466 5752 1534 5793 ac
1553 5736 1826 5807 doctores,
1870 5744 2052 5800 novis-

461 5820 602 5879 sime
651 5838 748 5894 per
768 5824 966 5883 Filium
999 5843 1160 5886 suum
1183 5829 1522 5902 unigenitum
1563 5839 1620 5887 et
1640 5845 1738 5902 per
1765 5834 2046 5902 apostolos

2159 4635 2264 4692 sibi
2291 4635 2569 4696 damnum,
2601 4647 2747 4690 cum
2771 4632 2878 4687 hoc
2898 4629 3074 4701 magis
3104 4628 3174 4684 de
3207 4624 3438 4698 perﬁdia
3467 4637 3566 4678 sua
3607 4620 3751 4676 etde

2158 4725 2538 4804 persecutione
2565 4725 2621 4779 in
2641 4722 2920 4778 Christum
2949 4729 3006 4776 et
3025 4718 3301 4791 apostolos
3324 4717 3465 4786 eius,
3501 4715 3618 4770 iliis.
3633 4728 3751 4769 ere-

2158 4821 2257 4875 nit.
2293 4841 2310 4871 ι
2355 4819 2424 4876 Et
2447 4819 2552 4874 erit
2571 4819 2680 4872 vita
2707 4827 2800 4882 tua
2831 4817 2986 4886 quasi
3023 4815 3265 4886 pendens
3293 4819 3416 4868 ante
3438 4820 3514 4874 te,
3539 4808 3754 4864 timens?

2165 4930 2184 4964 ι
2229 4918 2389 4966 nocte
2423 4908 2608 4974 etdie,
2624 4917 2680 4963 et
2703 4923 2811 4964 non
2837 4907 3032 4962 credes
3058 4906 3183 4960 vitae
3206 4913 3330 4960 tua.
3359 4921 3397 4955 ›-
3429 4897 3594 4967 Quasi
3621 4913 3754 4954 vero

2158 5003 2453 5073 quidquam
2479 5001 2552 5056 sit
2578 5000 2732 5070 pejus
2771 4999 2915 5055 inter
2937 4997 3226 5054 maledicta
3275 5009 3398 5066 quae
3419 4991 3614 5048 Iudaeis
3651 5006 3758 5060 pro

2156 5094 2351 5150 merito
2379 5093 2647 5164 superbiae
2667 5100 2723 5147 et
2741 5090 3037 5161 impietatis
3057 5089 3371 5146 acciderent
3384 5101 3548 5156 quam
3562 5083 3762 5139 viden

2155 5186 2327 5244 vitam
2355 5199 2530 5250 suam,
2573 5184 2630 5239 id
2660 5191 2764 5248 est,
2797 5181 2996 5238 Filium
3027 5182 3118 5238 Dei
3155 5180 3502 5250 pendentem,
3547 5184 3608 5231 et
3651 5191 3761 5232 non

2157 5277 2379 5332 credere
2405 5276 2531 5330 vita:
2559 5290 2690 5330 suae.
2735 5273 3024 5330 Maledicta
3042 5272 3190 5330 enim
3222 5286 3348 5328 cum
3372 5285 3444 5326 ex
3468 5268 3762 5340 prophetia

2158 5367 2430 5432 dicuntur,
2482 5379 2589 5424 non
2611 5373 2738 5422 sunt
2784 5364 2854 5420 de
2881 5364 3026 5420 male
3065 5372 3200 5421 voto
3234 5361 3618 5434 imprecantis,
3665 5359 3768 5416 sed

2159 5473 2190 5516 e
2222 5459 2449 5529 praescia
2485 5457 2679 5529 spiritu
2704 5458 3140 5528 praenuntiantis.
3172 5455 3313 5512 Nam
3342 5455 3434 5511 illa
3457 5469 3582 5525 qua:
3611 5453 3764 5510 male

2157 5561 2283 5610 voto
2311 5561 2462 5622 sunt,
2518 5551 2881 5621 prohibentur
2921 5567 3047 5608 cum
3079 5551 3280 5609 dicitur
3313 5568 3339 5603 :.
3377 5569 3398 5602 ι
3443 5546 3768 5604 Beriedieiu

2161 5666 2180 5698 ι
2223 5655 2277 5701 et
2299 5647 2468 5701 nolite
2497 5645 2840 5702 maledicere.
2877 5664 2895 5697 ι
2938 5644 3066 5702 Hac
3089 5653 3277 5702 autem
3295 5658 3440 5714 saepe
3468 5643 3770 5698 invenim-

2155 5740 2313 5796 turin
2326 5753 2579 5804 sermone
2603 5748 2936 5807 sanctorum,
2961 5740 3104 5797 sicut
3117 5739 3394 5810 apostolus
3412 5736 3628 5794 Paulus
3651 5737 3761 5792 ait:

2159 5857 2180 5890 ι
2221 5832 2553 5903 Alexander,
2589 5833 2785 5904 inquit,
2827 5833 3057 5891 aerarius
3099 5833 3271 5892 multa
3317 5830 3462 5889 mala
3492 5830 3638 5888 mihi
3681 5844 3771 5888 os—
