3930 6344
179 325 278 394 961,
941 314 1341 392 ENARRATIO
1381 313 1613 372 SUPER
1653 313 2280 394 DEUTERONQMIUM.
2319 343 2391 357 --
2426 315 2558 392 LIB.
2597 313 2689 394 ill.

3338 317 3458 402 9.5.3.

178 391 340 532 {$th
369 447 381 482 :
435 427 629 484 reddat
658 427 733 484 illi
766 405 1030 514 Dominus
1062 428 1359 484 secundum
1394 442 1559 497 Opera
1585 442 1682 522 sua
1724 448 1743 478 ι
1777 429 1831 532 At
1861 445 1880 477 ι
1910 429 2060 484 vobis
2100 429 2154 484 in
2183 438 2326 485 terra
2353 428 2574 504 [Egypti
2606 427 2876 496 Pharaoni
2899 435 2953 484 et
2978 429 3232 514 omnibus
3272 413 3452 516 servis

176 521 253 608 (II
277 511 412 588 Tim.
444 518 540 593 tv).
567 519 702 575 Nam
721 519 850 576 illud
873 511 1129 591 tanquam
1150 520 1518 575 stomachatus
1541 511 1598 574 et
1619 519 1756 574 indi-

175 607 359 690 gnatus
383 615 548 670 etiam
572 613 712 669 male
743 621 960 684 optasse
981 613 1195 668 videtur
1213 611 1502 683 Apostolus
1531 630 1542 667 :
1577 631 1594 662 ‹
1641 609 1756 667 Uti-

176 723 290 765 nam
331 717 386 761 et
412 706 802 761 abscindantur
845 706 938 775 qui
975 720 1072 760 vos
1100 703 1423 759 conturbant
1451 722 1468 756 ι
1505 699 1648 776 (Gal.
1676 701 1753 775 v).

177 797 318 867 Quod
365 798 553 868 utique
583 799 627 853 si
650 796 964 853 consideres
990 810 1280 867 personam
1310 794 1617 860 scribentis,
1641 809 1758 848 ma-

174 892 248 964 gis
292 887 414 946 eam
445 890 848 963 elegantissimo
876 888 1128 961 ambiguo
1169 889 1306 943 bene
1342 895 1558 958 optasse
1601 885 1759 941 intel-

174 982 319 1056 liges.
348 982 486 1038 Sunt
530 982 674 1036 enim
717 981 984 1052 spadones
1026 979 1120 1050 qui
1156 993 1214 1034 se
1244 979 1390 1050 ipsos
1432 978 1760 1035 abscindunt

174 1083 390 1146 propter
414 1068 638 1143 regnum
669 1071 951 1129 caelorum.
984 1069 1139 1138 Quod
1160 1069 1216 1123 in
1245 1071 1331 1126 his
1350 1084 1562 1141 quoque
1577 1059 1759 1125 verbis

173 1164 401 1219 Faustus
429 1165 719 1235 rapuisset,
774 1165 821 1220 si
850 1164 996 1234 pium
1028 1160 1268 1232 palatum
1295 1162 1361 1216 ad
1394 1177 1546 1217 escas
1573 1159 1759 1217 Domi—

174 1257 320 1313 nicas
346 1259 635 1314 attulisset.
664 1258 754 1313 Sic
779 1259 921 1312 enim
948 1256 1128 1312 sonuit
1149 1255 1378 1310 fortasse
1392 1254 1589 1310 ludat-is
1615 1253 1760 1324 quod

173 1350 371 1404 dictum
389 1359 503 1405 est:
537 1371 554 1402 ‹
586 1350 810 1406 Videbis
834 1351 1003 1405 vitam
1034 1356 1183 1402 tuam
1210 1347 1555 1416 pendentem,
1583 1353 1757 1400 etnon

175 1427 362 1497 credes
391 1444 515 1498 vitae
538 1451 662 1510 tuae,
701 1463 719 1495 ›
764 1452 824 1498 ut
857 1441 1000 1498 inter
1020 1443 1198 1498 minas
1228 1442 1313 1497 vel
1342 1441 1490 1497 dolos
1522 1441 1760 1496 hostium

173 1548 390 1587 suorum
421 1534 587 1589 vitam
610 1550 764 1589 suam
796 1535 1044 1590 videntes
1069 1551 1136 1589 ex
1161 1533 1369 1589 incerto
1394 1533 1650 1604 pendere,
1681 1531 1762 1586 vi-

172 1631 348 1679 ctores
385 1639 442 1680 se
483 1640 604 1682 esse
644 1643 752 1682 non
798 1627 1102 1682 crederent.
1159 1624 1264 1696 sed
1311 1624 1452 1681 ﬁlius
1486 1623 1762 1694 Evangelii

173 1725 290 1767 cum
316 1714 488 1781 audit,
544 1734 562 1767 ‹
597 1714 691 1770 llle
731 1717 877 1770 enim
903 1717 969 1771 de
991 1730 1077 1771 me
1099 1715 1336 1786 scripsit,
1370 1734 1388 1766 ›
1434 1714 1488 1769 in
1505 1715 1609 1770 hac
1646 1714 1761 1784 ipsa

1864 533 1884 568 ‹
1907 519 2024 600 ejus
2058 537 2072 574 :
2107 520 2482 594 universaeque
2501 531 2659 578 terrm
2686 523 2831 576 illius
2857 512 3454 600 tentationeSmagnas,

1864 625 1884 660 ‹
1911 599 2046 679 quas
2078 612 2326 668 viderunt
2368 615 2508 670 oculi
2540 615 2636 679 tui,
2683 615 2834 688 signa
2870 615 2958 668 illa
2989 612 3346 686 portentaque
3369 619 3450 674 in-

1863 719 1882 752 ι
1912 705 2114 773 gentia.
2152 725 2171 758 ι
2224 706 2578 779 Septuaginta
2625 725 2638 762 :
2691 726 2709 758 ι
2739 707 2805 762 Et
2851 723 2948 763 vos
3006 697 3226 765 vidistis.
3270 711 3450 768 omnia

1864 811 1884 845 ‹
1911 809 2248 868 quacunque
2275 798 2427 880 fecit
2472 789 2734 857 Dominus
2782 800 2925 858 Deus
2964 811 3146 859 vester
3197 805 3251 859 in
3307 789 3451 880 terra

1864 904 1882 938 ‹
1912 886 2134 960 Egypti
2175 877 2359 945 coram
2405 892 2581 960 vobis,
2631 893 2897 949 Pharaoni
2933 903 2988 950 et
3009 895 3260 953 omnibus
3280 877 3451 954 servis

1864 978 2047 1049 «ejus,
2091 981 2466 1053 universmque
2515 991 2678 1040 terrze
2732 983 2892 1051 illius,
2953 987 3279 1044 tentationes
3336 1004 3452 1044 ma-

1865 1063 1884 1122 i
1913 1087 2046 1143 gnas
2075 1089 2210 1144 quas
2235 1075 2489 1131 viderunt
2507 1076 2649 1132 oculi
2676 1077 2785 1144 tui;
2820 1079 2974 1149 signa
3003 1089 3057 1133 et
3092 1081 3334 1152 prodigia
3360 1079 3452 1136 illa

1866 1183 1885 1216 ‹
1915 1181 2132 1238 magna,
2161 1177 2216 1224 et
2235 1185 2455 1226 manum
2491 1171 2726 1226 validam
2758 1191 2770 1226 :
2801 1180 2856 1228 et
2881 1189 2987 1228 non
3019 1175 3166 1230 dedit
3191 1176 3453 1234 Dominus

1864 1276 1883 1310 ‹
1910 1259 2066 1315 vobis
2098 1277 2192 1317 eor
2221 1261 2383 1328 scire,
2410 1272 2466 1318 et
2485 1263 2672 1320 oculos
2716 1263 2927 1330 videre,
2979 1270 3034 1318 et
3070 1267 3256 1320 audire
3293 1282 3454 1321 aures

1867 1367 1884 1401 ι
1910 1365 2084 1421 usque
2107 1352 2163 1406 in
2185 1354 2327 1409 diem
2348 1355 2529 1410 istam.
2563 1375 2581 1408 ι
2613 1355 2895 1424 Quomodo
2920 1372 3048 1427 ergo
3065 1356 3140 1410 ait
3165 1359 3412 1427 Superius
3437 1375 3450 1410 :

1865 1457 1885 1491 ‹
1917 1440 2020 1496 Vos
2041 1441 2253 1498 vidistis
2285 1446 2614 1501 tentationcs
2635 1461 2858 1518 magnas
2885 1461 3018 1517 quas
3040 1447 3293 1504 viderunt
3314 1449 3454 1504 oculi

1866 1548 1884 1581 ι
1929 1532 2028 1596 tui,
2084 1552 2102 1584 ι
2149 1533 2195 1588 si
2235 1529 2344 1589 non
2384 1534 2531 1591 dedit
2574 1535 2655 1592 eis
2693 1536 2955 1593 Dominus
3000 1535 3186 1595 oculos
3232 1539 3453 1607 videre,

1860 1631 1914 1679 et
1937 1639 2098 1680 aures
2120 1625 2330 1693 audire,
2360 1627 2466 1682 nisi
2491 1627 2618 1697 quia
2652 1627 2906 1683 viderunt
2933 1643 3182 1699 corpore,
3212 1637 3268 1684 et
3289 1627 3457 1685 corde

1860 1705 1969 1770 non
2018 1717 2306 1773 viderunt?
2336 1719 2462 1789 quia
2504 1719 2648 1775 oculi
2677 1719 2932 1776 dicuntur
2979 1730 3034 1796 et
3075 1721 3286 1789 cordis;
3332 1735 3460 1792 pro-

171 1805 523 1876 ambiguitate
571 1809 811 1863 scientiae
847 1808 994 1864 videt
1067 1807 1194 1878 quid
1233 1808 1530 1879 prophetia:
1584 1808 1758 1876 portis
1785 1805 1833 1890 Ιξ
1860 1817 2045 1881 pterea
2081 1811 2207 1866 inde
2245 1814 2411 1883 coepit
2445 1832 2456 1867 :
2496 1831 2513 1863 ι
2544 1811 2614 1867 Et
2651 1829 2761 1868 non
2814 1814 2960 1870 dedit
3005 1813 3267 1869 Dominus
3314 1803 3459 1869 Deus

166 1895 477 1966 projiciant,
529 1899 659 1969 quid
696 1899 1010 1955 hominibus
1042 1899 1302 1964 innuant;
1334 1899 1626 1969 statimque
1670 1913 1763 1954 oc-

165 1988 343 2041 currit
368 1987 446 2042 illi
467 1989 582 2043 vita
609 1989 889 2046 hominum
914 1990 1160 2046 Christus
1177 1978 1632 2061 pendens,’eique’
1651 2005 1761 2045 non

163 2077 462 2133 credentes
487 2079 658 2134 Judaei
702 2081 772 2136 ob
812 2083 916 2138 hoc
947 2085 1124 2154 ipsum
1165 2085 1291 2156 quia
1321 2084 1643 2155 pendentem
1677 2071 1762 2138 vi-

163 2168 317 2222 dent.
374 2169 441 2224 Et
471 2170 608 2226 alius
631 2172 849 2241 quidem
880 2173 1078 2244 aliquis
1109 2171 1218 2230 cito
1249 2171 1454 2230 diceret
1489 2175 1633 2231 inter
1653 2190 1759 2230 ete-

161 2263 281 2314 tera
311 2263 597 2317 maledicta
615 2265 704 2319 illa
732 2279 853 2335 quae
873 2266 1107 2322 lectione
1140 2268 1209 2321 ad
1233 2267 1433 2338 aliquid
1454 2269 1518 2322 de
1539 2265 1758 2322 Christo

160 2352 576 2424 intelligendum
602 2372 711 2411 non
733 2359 1034 2428 pertinent,
1083 2358 1192 2416 hoc
1218 2361 1392 2415 solum
1422 2359 1497 2415 ibi
1532 2375 1653 2417 esse.
1689 2360 1757 2417 de

163 2441 380 2499 Christo
411 2447 555 2516 quod
603 2449 864 2519 scriptum
910 2460 1032 2506 est:
1072 2470 1092 2502 ‹
1137 2439 1358 2506 Videbis
1399 2451 1568 2506 vitam
1607 2462 1755 2508 tuam

160 2535 508 2606 pendentem,
541 2548 598 2595 et
637 2557 747 2595 non
774 2543 964 2598 credes
988 2543 1114 2598 vitm
1147 2553 1272 2598 tum.
1321 2563 1342 2596 ι
1399 2543 1583 2615 Neque
1612 2545 1757 2602 enim

161 2625 276 2702 fieri
297 2640 508 2697 posset,
535 2640 595 2686 ut
619 2632 761 2688 inter
783 2634 998 2689 diversa
1024 2633 1311 2690 maledicta
1336 2651 1454 2706 qum
1476 2635 1642 2706 impio
1663 2651 1756 2707 po-

159 2718 283 2789 pulo
306 2723 614 2792 prophetiae
654 2723 1013 2794 imputabant,
1053 2725 1156 2783 hoc
1185 2741 1399 2796 quoque
1435 2734 1753 2797 poneretur.

162 2809 269 2870 Sed
293 2827 424 2884 ego,
457 2824 513 2870 et
547 2817 640 2888 qui
677 2833 892 2874 mecum
921 2819 1199 2889 aliquanto
1226 2820 1484 2874 attentius
1515 2819 1758 2891 cogitant

164 2901 538 2975 Evangelicam
584 2905 732 2961 illam
756 2906 1200 2980 Dominicamque
1245 2911 1588 2976 sententiam,
1628 2912 1756 2982 quia

162 3005 277 3050 non
306 2994 386 3048 ait
415 3008 432 3048 :
466 3013 484 3046 ι
510 2994 603 3051 llle
627 2998 770 3052 enim
793 3008 846 3053 et
875 3001 941 3054 de
971 3015 1059 3054 me
1085 3002 1323 3074 scripsit,
1363 3023 1381 3056 ›
1415 3012 1473 3059 ιιι
1504 3003 1609 3058 alia
1636 3018 1757 3073 qum

157 3083 220 3138 ad
240 3083 528 3140 Christum
554 3102 662 3142 non
685 3089 958 3158 pertinent
987 3093 1272 3164 scripsisse
1301 3095 1633 3162 crederetur,
1659 3096 1755 3151 sed

1860 1903 2013 1959 vobis
2040 1919 2134 1960 cor
2165 1905 2323 1960 scire.
2363 1925 2382 1958 ›
2412 1907 2493 1961 Ad
2521 1907 2626 1962 hoc
2651 1908 2927 1979 pertinent
2956 1910 3063 1965 duo
3085 1925 3204 1982 quae
3226 1903 3460 1980 sequun-

1862 1999 1973 2059 tur,
2018 2014 2036 2045 ε
2070 2004 2126 2049 et
2154 1996 2340 2052 oculos
2385 1995 2592 2064 videre,
2639 2009 2695 2053 et
2739 2013 2900 2054 aures
2945 1998 3156 2065 audire,
3196 2017 3216 2052 ›
3258 1999 3312 2052 id
3354 2007 3458 2064 est,

1859 2085 2161 2157 intelligere
2195 2093 2250 2141 et
2277 2086 2676 2159 obtemperare.
2702 2089 2855 2157 Quod
2882 2104 3011 2145 vero
3041 2088 3192 2156 dicit,
3228 2108 3248 2142 ι
3281 2081 3456 2146 etnon

1860 2175 2007 2230 dedit
2039 2177 2194 2232 vobis
2224 2175 2487 2234 Dominus
2526 2177 2688 2244 Deus,
2730 2201 2748 2233 ι
2786 2181 2934 2237 nullo
2973 2173 3134 2237 modo
3169 2183 3458 2252 increpans

1857 2272 1914 2320 et
1943 2281 2175 2337 arguens
2202 2267 2308 2323 hoc
2329 2263 2561 2336 diceret,
2593 2271 2699 2326 nisi
2736 2272 2805 2327 ad
2831 2287 3019 2327 eorum
3064 2271 3278 2343 culpam
3321 2287 3456 2343 quo-

1857 2369 1962 2427 que
2002 2359 2279 2428 pertinere
2325 2359 2488 2416 vellet
2544 2357 2794 2431 intelligi,
2854 2377 2924 2417 ne
2961 2364 3249 2434 quiSquam
3297 2378 3356 2418 se
3394 2377 3461 2418 ex

1857 2449 1961 2504 hoc
2009 2451 2373 2506 excusabilem
2399 2449 2571 2524 putet.
2606 2451 2779 2508 Simul
2807 2455 2958 2510 enim
2988 2455 3226 2511 ostendit
3255 2463 3311 2510 et
3342 2443 3460 2509 sine

1859 2537 2133 2608 adiutorio
2164 2537 2381 2597 Domini
2411 2541 2511 2599 Dei
2541 2557 2634 2600 eos
2663 2543 2965 2618 intelligere
2993 2543 3049 2602 et
3089 2543 3311 2602 obedire
3353 2547 3461 2602 non

1858 2646 2020 2702 posse
2048 2635 2221 2690 oculis
2246 2635 2427 2691 cordis
2475 2645 2532 2691 et
2579 2637 2803 2693 auribus
2851 2639 3066 2706 cordis;
3099 2648 3154 2694 et
3182 2647 3367 2692 tamen
3412 2635 3459 2692 si

1861 2723 2187 2795 adiutorium
2228 2721 2630 2794 Domini’desit,
2677 2744 2788 2784 non
2832 2729 2954 2785 ideo
2995 2719 3117 2786 esse
3158 2725 3464 2808 excusabile

1860 2818 2096 2873 hominis
2124 2818 2340 2893 vitium,
2371 2820 2869 2890 'q‘uoniamjudicia
2912 2821 3031 2891 Dei,
3075 2822 3327 2892 quamvis
3365 2810 3461 2877 oc-

1861 2908 2026 2974 culta,
2065 2919 2244 2965 tamen
2271 2909 2417 2978 iusta
2447 2919 2594 2966 sunt.

1937 3021 1957 3053 ι
1984 3000 2197 3057 Adduxi
2220 3017 2317 3058 vos
2339 3004 2699 3074 quadraginta
2728 3004 2886 3062 annis
2905 3019 3006 3078 per
3028 3003 3322 3062 desertum.
3339 2997 3456 3062 Non

1867 3090 1894 3142 α’
1915 3099 2042 3148 sunt
2087 3091 2273 3148 attrita
2309 3096 2637 3150 vestimenta
2683 3106 2891 3164 vestra,
2949 3113 3054 3154 nec
3096 3099 3462 3155 calceamenta

157 3177 230 3230 ait
259 3197 272 3230 :
308 3196 327 3229 ι
356 3176 456 3264 De
485 3194 574 3234 me
606 3181 751 3235 enim
783 3182 873 3238 ille
901 3185 1142 3254 scripsit,
1181 3205 1200 3240 ι
1245 3197 1306 3244 ut
1341 3204 1558 3244 omnem
1603 3185 1754 3242 Scri-
1865 3205 1882 3239 ‹
1911 3189 2109 3258 pedum
2136 3195 2444 3243 vestrorum
2485 3181 2755 3245 vetustate
2809 3199 3127 3264 consumpta
3177 3199 3320 3246 sunt.
3362 3190 3464 3246 Pa4

152 3269 321 3331 ptime
349 3263 720 3338 intentionem
744 3281 850 3325 non
888 3272 993 3328 nisi
1025 3274 1093 3330 ad
1117 3275 1524 3350 intelligendum
1549 3275 1754 3332 Christi
1795 3261 1804 3266 ’

155 3358 385 3424 gratiam
441 3363 837 3429 perscrutando
886 3367 1314 3436 consuleremus,
1348 3370 1514 3425 etiam
1559 3373 1756 3423 Caetera

155 3445 206 3500 in
234 3447 608 3506 ista.lectione
632 3453 921 3510 maledicta
941 3467 1164 3528 propter
1187 3460 1466 3517 ChriStum
1494 3461 1756 3531 praedicta

155 3539 563 3607 Cognoscimus.

739 3650 970 3712 CAPUT
993 3656 1184 3713 XXVI.

151 3761 598 3846 Commemoratio
615 3772 877 3846 quomodo
901 3775 1083 3828 eduxit
1106 3775 1366 3832 Dominus
1403 3777 1545 3846 [ictos
1583 3776 1759 3834 Israel

214 3851 312 3904 per
326 3838 962 3911 desertumquadraginta
989 3847 1165 3911 annis,
1190 3865 1283 3901 nec
1308 3838 1427 3902 sunt
1452 3848 1756 3902 vestimenta

216 3921 413 4027 conm:
454 3908 639 3960 attrita
691 3908 853 3978 neque
903 3908 1255 3971 calceamenta
1320 3928 1571 3973 vetustate
1632 3936 1757 3972 con-

216 3991 380 4027 sumo
405 3991 460 4027 α.
1524 4011 1529 4018 ι

214 3991 460 4044 sumpta.
1524 4011 1529 4018 .

215 4085 394 4158 (ΙΟΑΡ.
426 4090 613 4163 xxxx.)
650 4109 670 4145 ι
702 4091 830 4151 Haec
859 4107 985 4152 sunt
1005 4099 1172 4155 verba
1202 4099 1424 4157 foederis
1452 4103 1597 4173 quod
1617 4119 1756 4175 prte-

152 4191 173 4226 ι
198 4177 351 4247 cepit
379 4176 645 4238 Dominus
681 4183 853 4257 Moysi
878 4195 940 4242 ut
973 4187 1162 4245 feriret
1201 4206 1325 4247 cum
1355 4192 1483 4248 ﬁliis
1513 4195 1679 4250 Israel
1698 4197 1754 4250 in

152 4283 174 4321 ι
197 4280 355 4326 terra
389 4271 570 4340 Moab,
596 4285 800 4346 praeter
829 4287 1214 4339 testamentum
1245 4287 1390 4356 quod
1425 4295 1653 4343 testatus
1672 4296 1760 4344 est

153 4375 174 4412 ί
189 4361 242 4416 in
257 4362 467 4418 Horeb.
490 4383 510 4418 ›
531 4364 912 4440 Septuaginta:
936 4391 955 4422 ι
975 4371 1100 4430 Haec
1111 4377 1277 4431 verba
1292 4381 1600 4434 testamenti
1614 4379 1757 4449 quod

155 4468 175 4501 ι
193 4453 479 4510 mandavit
497 4457 758 4516 Dominus
773 4461 939 4532 Moysi
962 4473 1198 4521 statuere
1212 4465 1336 4523 ﬁliis
1347 4468 1512 4524 Israel
1538 4470 1592 4524 in
1609 4477 1752 4524 terra

1869 3277 1889 3331 ἃ
1917 3294 2040 3334 nem
2060 3295 2168 3335 non
2193 3281 2526 3348 comedistis,
2554 3280 2738 3336 vinum
2756 3279 2810 3336 et
2827 3281 3058 3338 siceram
3079 3273 3187 3338 non
3211 3269 3460 3354 bibistis}

1869 3392 1889 3424 ‹
1913 3380 1975 3428 ut
2012 3373 2227 3428 sciretis
2259 3375 2388 3444 quia
2415 3387 2516 3445 ego
2552 3389 2672 3429 sum
2695 3359 2972 3429 Dominus
3009 3373 3153 3428 Deus
3194 3381 3396 3440 vester,
3435 3363 3456 3426 ἡ

1860 3473 1966 3520 etc.
1994 3463 2132 3520 Hinc
2167 3472 2391 3535 apparet
2419 3473 2631 3519 tantum
2671 3465 2784 3520 vini
2815 3465 2869 3519 i-n
2901 3465 3015 3519 suis
3055 3449 3462 3534 in'ipcdimentis

1862 3555 2103 3625 potuisse
2153 3555 2370 3624 portare
2432 3554 2728 3621 lsraelitas,
2787 3554 3004 3624 quando
3075 3554 3330 3608 exierunt
3394 3553 3464 3628 de

1861 3641 2119 3714 IEgypto,
2143 3645 2285 3712 quod
2309 3651 2533 3713 possent
2561 3645 2670 3699 cito
2699 3656 3043 3698 consumere.
3087 3641 3224 3697 Nam
3254 3643 3302 3698 si
3340 3643 3462 3698 om?-

1863 3735 1993 3790 nino
2015 3734 2153 3790 nihil
2188 3749 2372 3791 secum
2403 3734 2673 3801 tulissent,
2702 3734 2844 3789 unde
2870 3743 3014 3790 esset
3039 3732 3170 3789 illud
3192 3737 3337 3806 quod
3376 3733 3458 3790 di-

1863 3837 2009 3882 ctum
2037 3835 2122 3882 est
2148 3845 2161 3881 :
2193 3845 2214 3878 ‹
2244 3825 2397 3883 Sedit
2421 3825 2652 3897 populus
2674 3825 3008 3881 manducare
3046 3832 3103 3881 et
3151 3821 3373 3892 bibere,
3407 3833 3466 3882 et

1863 3909 2219 3976 Surrexerunt
2239 3913 2468 3974 ludere?
2494 3938 2514 3971 ι
2547 3915 2667 3972 Non
2702 3916 2848 3978 enim
2878 3917 2982 3972 hoc
3012 3915 3079 3972 de
3121 3931 3262 3988 aqua
3310 3916 3463 3973 dice-

1861 4018 2032 4077 retur,
2063 4019 2187 4067 cum
2208 4019 2265 4066 et
2293 4012 2465 4083 ipsius
2483 4011 2657 4082 Moysi
2681 4007 3126 4064 manifestissima
3139 4007 3306 4065 verba
3327 3999 3458 4076 sint,

1863 4115 1972 4157 non
2009 4102 2176 4158 fuisse
2199 4091 2357 4157 illam
2382 4116 2573 4158 vocem
2599 4099 2929 4173 principium
2979 4099 3129 4170 belli,
3176 4101 3273 4156 sed
3313 4100 3464 4172 prin-

1862 4195 2063 4266 cipium
2101 4195 2211 4250 vini
2242 4193 2448 4267 (Exeat.
2478 4187 2628 4249 xxxii
2653 4190 2710 4267 ).'
2742 4191 2764 4200 ”
2879 4191 2882 4196 ’
3057 4183 3060 4188 ’
3375 4255 3378 4258 .
3443 4193 3448 4198 ’

1917 4286 2172 4362 (1510.):
2211 4282 2321 4343 νος,
2384 4287 2532 4342 enim
2594 4285 2768 4342 nostis
2831 4294 2894 4341 ut
2943 4281 3371 4342 habitaverimus
3406 4285 3462 4340 in

1865 4397 1886 4431 ι
1911 4387 2056 4435 terra
2085 4377 2328 4451 Egypti,
2358 4386 2412 4434 et
2469 4379 2738 4448 quomodo
2782 4375 3162 4431 transierimus
3199 4387 3299 4443 per
3340 4365 3460 4431 me;

1867 4485 1885 4522 ι
1918 4472 2062 4526 dium
2081 4472 2381 4537 nationum,
2398 4485 2532 4540 quas
2553 4473 2918 4530 transeuntes,
2945 4462 3158 4519 vidistis
3181 4457 3460 4519 abominai

128 4555 176 4593 ‘t
201 4545 380 4614 Moab,
407 4557 611 4619 praeter
638 4560 1019 4610 testamentum
1041 4561 1184 4627 quOd
1218 4568 1448 4618 testatus
1474 4574 1557 4618 est
1585 4564 1664 4619 eis
1695 4566 1751 4618 in
1776 4534 1836 4602 Ι)
1863 4586 1881 4620 ς
1911 4570 2086 4626 tiones
2107 4578 2163 4625 et
2190 4569 2377 4625 sordes
2406 4568 2694 4632 idolorum,
2733 4563 2937 4635 lignum
2977 4569 3033 4617 et
3071 4549 3458 4631 lapidem,“ar'-

156 4651 174 4684 ι
203 4636 405 4696 Horeh.
433 4657 455 4692 ›
491 4641 746 4699 Ostendit
765 4646 909 4701 unde
933 4649 1233 4717 appellatus
1259 4653 1330 4707 sit
1375 4653 1515 4708 liber
1553 4656 1753 4711 Dente-

155 4733 380 4785 ronomii
405 4734 570 4802 quasi
596 4738 836 4791 secunda
864 4738 984 4804 lex;
1013 4741 1107 4795 ubi
1138 4740 1484 4811 magis'illius
1513 4745 1572 4798 fit
1595 4760 1752 4816 repe—

153 4820 267 4876 titio
293 4833 464 4893 quam
497 4825 701 4896 aliquid
734 4829 879 4884 aliud
912 4850 924 4885 :
954 4846 1127 4902 pauca
1152 4835 1298 4889 enim
1342 4844 1468 4895 sunt
1511 4852 1632 4907 quae
1675 4837 1748 4893 ibi

151 4923 252 4966 non
271 4915 387 4969 sint
407 4917 466 4970 in
499 4930 569 4970 eo
597 4919 741 4986 quod
771 4921 1009 4989 primum
1035 4925 1222 4980 datum
1263 4936 1366 4982 est.
1403 4927 1517 4984 Nec
1565 4929 1748 4985 tamen

151 5000 258 5060 haec
281 5007 634 5077 appellantur
672 5010 779 5065 duo
817 5011 1187 5084 Testamenta,
1229 5019 1479 5088 quamvis
1510 5019 1588 5074 ita
1631 5019 1748 5076 hmo

150 5087 303 5152 verba
336 5113 544 5154 sonare
561 5100 890 5169 Mdeantur.
924 5103 1228 5179 Utrumque
1272 5110 1419 5166 enim
1455 5125 1625 5168 unum
1663 5119 1748 5169 est

151 5182 582 5256 Testamentum,
613 5192 838 5261 quodin
873 5194 1118 5252 Ecclesia
1153 5199 1353 5255 dicitur
1384 5201 1567 5258 Vetus.
1605 5194 1764 5258 Nam

149 5276 193 5373 si
217 5288 440 5351 pmpter
464 5284 588 5339 haec
605 5285 770 5340 verba
797 5287 906 5343 duo
923 5287 1269 5346 Testamenta
1290 5292 1518 5350 dicenda
1539 5305 1759 5364 essent,

149 5379 251 5433 tam
283 5387 394 5428 non
421 5376 554 5442 duo,
586 5378 682 5432 sed
715 5378 868 5448 plura
895 5381 1348 5455 essent,'excepto
1388 5383 1559 5443 Novo.
1611 5375 1747 5444 Mulé

151 5458 219 5515 tis
241 5465 388 5520 enim
429 5465 572 5523 locis
606 5467 901 5541 Scriptura
933 5473 1068 5529 dicit
1117 5473 1525 5533 Testamentum
1557 5491 1574 5532 :
1605 5477 1756 5535 sicut

151 5547 276 5605 illud
294 5557 452 5626 tquod
482 5557 691 5614 factum
712 5571 799 5618 est
819 5564 887 5619 ad
913 5564 1192 5622 Abraham
1213 5567 1281 5624 de
1308 5568 1746 5639 circumcisione,

152 5642 234 5696 vel
251 5644 390 5702 illud
415 5651 669 5720 superius
697 5656 765 5710 ad
794 5655 923 5713 Noe.
1413 5666 1416 5668 ⁷

231 5754 250 5790 ι
276 5740 384 5797 Vos
399 5743 624 5801 vidistis
651 5747 900 5806 universa
928 5765 1051 5821 qua
1089 5753 1221 5811 fecit
1251 5754 1524 5812 Dominus
1557 5771 1742 5813 coram

1860 4680 1878 4712 ‹
1910 4669 2130 4731 gentum
2153 4663 2446 4725 etanrum,
2479 4673 2599 4728 quae
2623 4657 2892 4713 colebant.
2918 4653 2997 4711 Ne
3025 4653 3166 4710 forte
3207 4653 3279 4710 sit
3309 4641 3454 4709 inter

1860 4771 1880 4805 ‹
1908 4745 2005 4807 vos
2037 4752 2124 4806 vir
2153 4760 2246 4806 aut
2286 4749 2505 4817 mulier,
2551 4747 2758 4804 familia
2811 4755 2904 4802 aut
2938 4745 3113 4802 tribus
3159 4735 3317 4816 cujus
3361 4762 3458 4824 cor

1859 4861 1880 4895 ι
1906 4857 2156 4898 aversum
2185 4850 2269 4898 est
2297 4841 2457 4898 hodie
2485 4858 2517 4897 a
2544 4835 2777 4896 Domino
2807 4837 2924 4896 Deo
2953 4846 3162 4904 vestro,
3206 4829 3268 4893 ut
3295 4839 3457 4893 vadat

1858 4951 1879 4987 ‹
1903 4943 1959 4990 et
1993 4935 2197 4990 serviat
2229 4934 2334 4989 diis
2354 4933 2575 4989 illarum
2596 4929 2860 5004 gentium,
2890 4937 2946 4986 et
2978 4931 3050 4986 sit
3073 4931 3216 4985 inter
3245 4943 3343 4985 vos
3363 4921 3454 4984 ra-

1861 5044 1882 5078 ‹
1909 5027 1999 5082 dix
2025 5023 2336 5099 germinans
2370 5023 2442 5079 fel
2477 5031 2533 5080 et
2557 5023 3013 5079 amaritudinem.
3069 5021 3313 5090 Cumque
3351 5023 3451 5074 au-‘

1860 5135 1881 5170 ι
1910 5117 2072 5173 dierit
2109 5115 2277 5172 verba
2319 5113 2614 5186 juramenti
2672 5112 2854 5185 hujus,
2905 5110 3194 5168 benedicat
3241 5108 3342 5164 sibi
3393 5108 3450 5162 in

1859 5206 2071 5263 recrde
2114 5206 2434 5262 suodicens
2643 5202 2754 5258 erit
2774 5200 2934 5266 mihi,
2965 5208 3020 5255 et
3057 5197 3346 5254 ambulabo
3389 5197 3449 5253 in

1860 5313 1880 5351 ι
1907 5297 2175 5368 pravitate
2202 5295 2384 5352 cordis
2410 5294 2546 5350 mel."
2569 5293 2639 5349 Et
2667 5300 2912 5349 assumat
2959 5287 3109 5346 ebria
3150 5289 3451 5356 sitientem;

1860 5393 1965 5448 «et
1989 5390 2251 5446 Dominus
2272 5401 2382 5445 non
2405 5389 2653 5461 ignoscat
2675 5375 2750 5442 ei.
2780 5405 2801 5440 ι
2830 5381 3186 5455 Septuaginta
3211 5399 3224 5435 :
3259 5379 3451 5436 (Nun-

1857 5500 1879 5538 ι
1906 5482 2247 5556 quid-aliquis
2270 5487 2355 5538 est
2385 5483 2530 5538 inter
2547 5487 2651 5538 ves
2675 5479 2762 5534 vir
2782 5486 2876 5532 aut
2894 5476 3109 5542 mulier,
3133 5475 3218 5531 vel
3239 5467 3450 5530 familia"

1857 5593 1878 5628 ε
1902 5575 1990 5631 vel
2006 5575 2199 5639 tribus,
2223 5572 2376 5644 cujus
2413 5587 2570 5628 mens
2589 5565 2878 5627 declinavit
2899 5579 2931 5621 a
2951 5565 3182 5621 Domino
3204 5563 3320 5621 Deo
3353 5563 3452 5622 ve-'

1857 5682 1878 5719 ‹
1909 5674 2045 5733 stro,
2082 5665 2161 5720 ire
2197 5662 2404 5720 servire
2441 5662 2546 5719 diis
2573 5659 2790 5715 illarum
2827 5654 3106 5729 gentium?
3142 5667 3319 5726 neque
3358 5657 3446 5711 est

1858 5775 1882 5812 ‹
1907 5759 1964 5815 in
1987 5767 2053 5814 eo
2082 5756 2235 5813 radix
2261 5767 2477 5814 sursum
2509 5751 2820 5825 germinans
2859 5749 2916 5806 in
2943 5746 3070 5806 felle
3095 5755 3153 5806 et
3179 5747 3448 5806 amaritu-
