3930 6344
445 340 552 413 963

1085 346 1149 404 B.
1189 340 1445 403 assam
1483 341 1708 403 mum
1742 340 2070 401 ARCHIEP.
2109 326 2424 401 uocum.
2460 326 2751 398 orsum!
2786 326 2968 393 PARS
3003 333 3048 390 ι.

3636 330 3750 397 θοι

455 490 474 526 ι
503 465 662 529 dine?
702 462 768 525 Et
804 468 928 533 erit,
979 478 1103 522 cum
1148 463 1383 520 audierit
1433 460 1601 519 verba
1649 459 2047 517 maledictionis
2070 458 2127 525 Α
2149 454 2274 513 dolo
2304 462 2468 525 atque
2484 450 2718 520 fallacia,
2750 450 3017 508 seducunt
3038 453 3093 505 et
3114 446 3484 517 seducuntur;
3513 461 3745 521 quorum

455 584 475 619 ι
501 562 684 633 hujus,
709 571 764 616 et
788 559 1102 631 opinabitur
1123 559 1179 615 in
1210 558 1376 616 corde
1405 553 1525 626 ejus
1560 555 1748 612 dicens
1790 574 1802 608 :
1838 552 2040 611 Sancta
2143 550 2268 607 ﬁnis
2291 551 2458 607 etiam
2486 555 2694 604 certum
2718 544 2883 602 habet
2913 542 3216 600 interitum.

453 677 473 712 ι
500 657 634 714 mihi
660 656 814 723 ﬁant,
840 653 1099 726 quoniam
1132 653 1188 709 in
1221 668 1410 709 errore
1446 650 1627 708 cordis
1662 650 1772 705 mei
1826 646 2037 715 incedo,

453 768 473 803 ι
498 756 559 805 ut
584 763 693 804 non
722 746 883 803 simul
906 745 1096 818 perdat
1119 754 1378 817 peccator
1399 759 1520 798 eum
1545 742 1641 813 qui
1666 742 1787 797 sine
1808 747 2041 810 peccato

452 861 473 895 ι
495 848 610 907 est;
642 840 790 895 nolet
814 837 957 893 Deus
990 834 1275 907 propitiari
1305 834 1378 899 ei,
1404 834 1499 889 sed
1548 844 1677 889 tunc
1722 829 2045 888 incendetur

453 948 474 984 ς
502 932 583 986 ira
612 929 827 985 Domini
855 934 909 983 et
939 928 1087 983 zelus
1117 924 1234 997 ejus
1267 926 1322 981 in
1351 924 1568 980 homine
1594 923 1708 991 illo,
1760 929 1815 979 et
1869 920 2046 976 adhae-

454 1043 475 1077 ι
503 1025 701 1083 rebunt
727 1023 781 1079 in
811 1038 876 1078 eo
912 1022 1199 1078 maledicta
1253 1020 1435 1077 omnia
1473 1016 1809 1076 Testamenti
1860 1015 2039 1087 hujus,

457 1134 476 1168 ι
506 1130 627 1186 qua
653 1114 858 1186 scripta
880 1121 1004 1168 sunt
1035 1111 1088 1167 in
1120 1110 1255 1167 libro
1284 1110 1418 1189 legis
1443 1106 1623 1178 hujus.
1659 1128 1680 1162 ι
1723 1108 1803 1163 Ita
1836 1107 2042 1164 dictum

448 1217 574 1267 est:
609 1227 630 1260 ι
662 1207 916 1278 Nunquid
937 1205 992 1261 in
1013 1202 1166 1261 vobis
1192 1205 1311 1261 est?
1344 1224 1366 1257 ›
1398 1210 1739 1273 uttanquam
1758 1199 2044 1271 requiren-

449 1309 563 1359 tem
586 1299 969 1371 intelligamus,
991 1312 1062 1353 ne
1089 1296 1232 1352 forte
1264 1297 1356 1353 sit.
1388 1294 1447 1352 Si
1494 1295 1617 1366 quis
1653 1296 1798 1350 esset
1838 1300 2041 1355 autem,

450 1394 647 1451 terruit
666 1406 793 1448 eum
829 1390 1205 1456 vehementer,
1233 1404 1303 1446 ne
1324 1389 1611 1460 quisquam
1650 1385 1792 1443 forte
1842 1384 2047 1443 diceret

450 1487 505 1542 in
528 1485 695 1542 corde
732 1498 851 1549 suo,
879 1485 1109 1541 audiens
1129 1483 1220 1539 illa
1257 1478 1546 1540 maledicta
1574 1500 1586 1537 :
1622 1500 1642 1534 ί
1671 1479 1875 1538 Sancta
1910 1470 2044 1535 mihi

448 1586 595 1645 sunt,
634 1597 655 1632 ι
697 1576 754 1633 id
787 1585 895 1645 est,
938 1573 1229 1635 maledicta
1281 1583 1469 1633 sancta
1513 1573 1648 1631 mihi
1685 1574 1795 1630 sint
1820 1591 1834 1628 :
1862 1586 2044 1643 «quo-

2214 642 2377 717 (Car.
2405 639 2570 713 xxx.)
2604 659 2622 693 ι
2652 638 2897 696 Reducet
2919 636 3181 693 Dominus
3201 635 3347 692 Deus
3367 635 3744 706 captivitatem

2152 749 2172 789 ι
2202 744 2354 793 tuam
2374 752 2442 792 ac
2469 734 2815 793 miserebitur
2842 732 2920 789 tui
2947 751 2962 789 :
2991 742 3049 789 et
3076 747 3293 789 rursum
3317 732 3677 803 congregabit
3698 743 3746 791 Ie

2151 847 2172 882 ι
2198 829 2265 885 de
2297 830 2511 888 cunctis
2537 828 2768 900 populis,
2794 826 2849 883 in
2870 842 3006 899 quos
3033 837 3088 881 te
3113 833 3243 881 ante
3267 824 3555 894 dispersit.
3602 822 3660 879 Si
3682 825 3743 881 ad

2153 922 2455 978 icardines
2490 920 2614 977 coeli
2661 917 2830 975 fueris
2875 917 3193 988 dissipatus,
3244 914 3371 971 inde
3415 923 3475 970 te
3511 916 3744 972 retrahct

2152 1026 2173 1068 ι
2201 1014 2465 1079 Dominus
2492 1015 2636 1071 Deus
2672 1021 2819 1080 tuus,
2855 1020 2913 1068 et
2952 1018 3195 1068 assumat
3234 1020 3401 1081 atque
3444 1009 3743 1065 introdueet

2153 1120 2174 1159 ι
2196 1107 2257 1165 in
2290 1119 2491 1165 terram
2513 1122 2676 1178 quam
2705 1106 3066 1178 possederunt
3094 1112 3278 1178 patres
3298 1102 3402 1168 tui,
3454 1110 3514 1158 et
3541 1101 3744 1160 obtine-

2153 1216 2173 1252 ι
2200 1197 2286 1257 bis
2307 1214 2447 1256 eam.
2477 1198 2547 1254 Et
2570 1197 2897 1254 benedicens
2935 1197 3056 1265 tibi,
3097 1195 3324 1268 majoris
3362 1194 3587 1250 numeri
3633 1208 3742 1252 esse

2153 1306 2173 1345 ι
2203 1290 2369 1349 faciet
2407 1298 2462 1345 te
2511 1305 2677 1361 quam
2728 1289 2950 1346 buerunt
3007 1296 3194 1367 patres
3235 1287 3338 1344 tui.
3386 1286 3742 1344 Circumcidet

2154 1403 2174 1438 ι
2201 1386 2460 1443 Dominus
2490 1385 2633 1441 Deus
2665 1390 2791 1440 tuus
2819 1398 2914 1439 cor
2938 1391 3089 1439 tuum
3133 1390 3189 1438 et
3227 1397 3326 1439 cor
3380 1381 3608 1438 seminis
3649 1382 3740 1448 tui,

2155 1490 2175 1530 ι
2205 1485 2269 1533 ut
2303 1476 2495 1549 diligas
2541 1477 2831 1534 Dominum
2878 1474 3051 1531 Deum
3100 1483 3278 1542 tuum,
3326 1474 3387 1530 in
3422 1483 3529 1530 toto
3576 1475 3741 1531 corde

2157 1589 2177 1624 ι
2204 1579 2321 1638 tuo,
2356 1571 2494 1628 etin
2516 1578 2632 1629 tota
2650 1570 2833 1627 anima
2857 1578 2971 1637 tua,
3013 1577 3075 1625 ut
3115 1568 3295 1640 possis
3341 1569 3538 1624 vivere.
3569 1588 3593 1621 ι
3641 1569 3741 1625 Se-

448 1670 598 1727 niam
649 1669 705 1725 in
742 1682 932 1726 errore
964 1669 1145 1725 cordis
1193 1669 1304 1725 mei
1354 1668 1566 1732 incedo,
1603 1687 1625 1721 ι
1663 1667 1716 1724 id
1750 1668 1857 1733 est,
1903 1663 2048 1720 absit
2147 1666 2432 1740 ptuaginta
2462 1684 2476 1722 :
2512 1685 2530 1719 ι
2556 1666 2625 1721 Et
2652 1665 3114 1739 circumpurgabit
3148 1664 3414 1725 Dominus
3452 1679 3543 1721 cor
3572 1672 3737 1730 tuum,

447 1771 511 1820 ut
532 1763 669 1819 mihi
696 1763 970 1829 eveniant,
1006 1778 1119 1819 non
1146 1761 1279 1818 mihi
1316 1763 1427 1819 sint
1452 1758 1571 1818 hac
1603 1760 1765 1827 maia,
1799 1761 1897 1817 sed
1919 1777 2045 1816 san-

2157 1776 2176 1810 ι
2199 1766 2254 1814 et
2275 1773 2372 1815 cor
2401 1757 2625 1815 seminis
2656 1758 2758 1827 tui,
2784 1757 3011 1831 diligere
3048 1754 3339 1813 Dominum
3383 1758 3557 1813 Deum
3596 1764 3739 1811 tuum

449 1864 561 1920 cta,
587 1855 640 1910 id
662 1862 769 1921 est,
806 1855 1041 1926 propitia
1068 1864 1125 1911 et
1150 1854 1394 1925 innoxia,
1425 1872 1444 1905 ι
1474 1850 1730 1925 quoniam
1772 1852 1828 1908 in
1856 1868 2044 1909 errore
2070 1832 2122 1905 Β
2142 1867 2174 1905 ,ι
2202 1865 2271 1907 ex
2300 1859 2418 1907 toto
2451 1850 2615 1909 corde
2643 1859 2757 1918 tuo,
2780 1857 2837 1906 et
2870 1865 2938 1905 ex
2963 1856 3076 1907 tota
3103 1850 3287 1906 anima
3331 1857 3449 1917 tua,
3494 1856 3557 1903 ut
3602 1849 3741 1904 vivas

450 1947 632 2003 cordis
661 1947 767 2001 mei
813 1947 1030 2012 incedo,
1056 1967 1077 2002 ι
1107 1944 1286 2003 eundo
1333 1946 1543 2003 scilicet
1584 1956 1708 2019 post
1750 1946 1879 2002 deos
1919 1962 2045 2018 gen-

449 2039 610 2106 tium,
637 2046 693 2093 et
716 2039 797 2095 eis
833 2048 1091 2111 tanquam
1130 2040 1349 2113 impune
1401 2040 1711 2095 serviendo.
1764 2038 1906 2107 Non,
1958 2039 2043 2095 in—

453 2129 590 2201 quit,
628 2130 731 2185 erit
760 2130 859 2187 sic.
897 2150 914 2183 ι
938 2128 1053 2193 Non
1080 2131 1273 2204 perdat
1300 2131 1461 2191 simul
1486 2140 1742 2205 peccator
1785 2147 1911 2188 eum
1950 2131 2047 2204 qui

447 2220 567 2277 sine
594 2230 818 2291 peccato
844 2230 948 2278 est.
985 2240 1005 2276 ι
1041 2222 1325 2294 Tanquam
1345 2222 1555 2281 diceret
1580 2244 1593 2279 ε
1618 2224 1819 2280 Cavete
1842 2239 1912 2280 ne
1958 2223 2046 2280 cui

447 2320 690 2369 vestrum
722 2313 853 2369 talia
874 2315 1223 2384 persuadeat,
1282 2315 1376 2393 qui
1412 2316 1541 2373 talia
1588 2316 1808 2393 cogitat.
1838 2334 1856 2368 ‹
1890 2314 2049 2372 Nolet

448 2404 595 2460 Deus
630 2406 917 2478 pmpitiari
948 2407 1021 2473 ei,
1054 2427 1072 2461 ι
1107 2408 1223 2467 sive
1252 2408 1378 2467 talia
1409 2406 1693 2482 cogitanti,
1717 2410 1831 2465 sive
1854 2409 1929 2465 illi
1959 2410 2049 2468 cui

448 2497 578 2552 talia
598 2497 796 2555 fuerint
820 2512 1102 2569 persuasa,
1128 2501 1399 2574 sicutipse
1412 2502 1666 2575 opinatus
1690 2512 1773 2559 est
1795 2503 2043 2569 dicendo:

456 2606 476 2642 ι
504 2587 707 2645 Sancta
756 2588 889 2646 mihi
917 2592 1046 2659 sint,
1084 2612 1103 2645 ι
1133 2602 1191 2649 et
1213 2593 1370 2667 quasi
1402 2594 1507 2649 hoc
1544 2594 1709 2650 modo
1753 2594 2048 2651 avertendo

454 2694 486 2734 a
517 2695 576 2735 se
600 2679 712 2737 vim
736 2680 880 2737 illius
901 2680 1199 2740 maledicti.
1236 2702 1256 2735 ι
1299 2682 1407 2739 Sed
1433 2694 1563 2741 tunc
1601 2685 1931 2742 accendetur
1967 2686 2049 2743 ira

450 2767 692 2839 Domini,
732 2781 789 2827 et
821 2773 973 2837 zelus
1001 2772 1118 2844 ejus
1140 2776 1194 2839 in
1219 2775 1440 2835 homine
1470 2776 1583 2843 illo,
1619 2797 1639 2831 ι
1671 2779 2053 2851 quandoputa-

446 2861 530 2917 hit
565 2877 687 2918 eam
714 2879 746 2918 a
776 2878 836 2921 se
867 2875 1117 2922 avertere
1164 2868 1267 2924 ista
1307 2869 1363 2924 in
1406 2869 1573 2926 corde
1623 2884 1723 2926 suo
1770 2870 2001 2927 dicendo
2034 2888 2049 2925 :

457 2970 477 3003 ι
509 2952 581 3008 Ει
611 2955 967 3014 adhaerebunt
985 2959 1041 3013 in
1076 2972 1146 3015 eo
1187 2960 1371 3017 omnia
1412 2960 1701 3016 maledicta
1742 2958 2052 3017 testamenti

2153 1960 2174 1996 ι
2202 1951 2281 1999 ιιι.
2314 1962 2333 1997 ι
2369 1942 2606 2000 Evidens
2644 1941 2965 2017 pollicitatio
3017 1943 3226 2015 gratiae.
3276 1941 3568 2001 Promittit‘
3597 1940 3738 1995 enim

2146 2028 2410 2093 Dominus
2435 2051 2493 2094 se
2525 2052 2646 2093 esse
2668 2036 2941 2092 facturum
2982 2035 3128 2117 quod
3172 2033 3314 2093 solet
3352 2032 3545 2119 juvare
3579 2032 3698 2111 [AL
3719 2073 3736 2100 ,

2140 2125 2367 2207 jubere]
2394 2137 2455 2189 ut
2481 2129 2599 2186 ﬁat.

2727 2223 2958 2283 CAPUT
2984 2222 3200 2282 XXVII.

2153 2313 2310 2384 Quod
2366 2313 2680 2385 mandatum
2738 2314 2957 2440 Don‘tiini
2992 2331 3117 2442 agon
3152 2315 3232 2370 sit
3273 2311 3458 2388 procul
3489 2312 3739 2386 positu,

2799 2402 2855 2441 se
2933 2403 2990 2456 ιιι
3053 2403 3106 2441 a.

2222 2497 2429 2575 (Imm)
2467 2517 2486 2551 ι
2517 2496 2833 2556 Mandatum
2857 2498 3001 2573 quod
3029 2512 3130 2571 ego
3148 2497 3411 2575 praecipio
3455 2492 3550 2554 tibi
3592 2496 3739 2554 hodie

2160 2598 2179 2643 ι
2207 2603 2316 2647 non
2348 2602 2511 2661 supra
2533 2599 2590 2646 te
2608 2598 2694 2647 est
2712 2604 2889 2661 neque
2908 2590 3098 2662 procul
3115 2591 3380 2665 positum,
3406 2605 3510 2645 nec
3527 2590 3583 2645 in
3613 2588 3739 2646 ccelo

2158 2699 2179 2733 ι
2208 2681 2397 2749 situm,
2435 2689 2496 2738 ut
2528 2682 2708 2755 possis
2735 2681 2920 2738 dicere
2952 2700 2967 2738 :
2994 2681 3130 2751 Quis
3159 2690 3412 2749 nostrum
3444 2682 3513 2739 ad
3558 2681 3738 2737 coelum

2160 2780 2181 2826 ὰ
2208 2774 2351 2830 valet
2373 2775 2763 2843 conscendere,
2796 2783 2857 2830 ut
2882 2774 3092 2833 deferat
3117 2776 3248 2832 illud
3275 2777 3345 2832 ad
3375 2792 3477 2832 nos
3496 2785 3549 2832 et
3570 2775 3740 2833 audia-

2163 2885 2183 2919 ‹
2208 2882 2353 2933 mus,
2378 2876 2543 2940 atque
2566 2883 2730 2943 opere
2761 2868 3169 2955 compleamus?
3197 2867 3391 2963 Neque
3422 2876 3569 2933 trans
3602 2880 3741 2922 mare

2163 2978 2182 3012 ι
2214 2962 2476 3035 positum,
2501 2970 2563 3016 ut
2579 2961 2827 3018 causeris
2849 2964 2909 3019 et
2938 2962 3090 3020 dicas
3117 2977 3132 3017 :
3163 2961 3305 3039 Quis
3318 2979 3390 3025 ex
3405 2962 3563 3029 nobis
3579 2971 3740 3024 trans-

449 3045 635 3115 hujus,
674 3063 795 3119 qua:
835 3051 1038 3131 scripta
1067 3053 1268 3109 suntin
1292 3053 1432 3109 libro
1474 3053 1611 3126 legis
1660 3053 1846 3127 hujus.
1880 3074 1899 3109 ι
1934 3053 2052 3110 Νοιι
2164 3050 2419 3109 ςῐτθιειτθ
2448 3052 2653 3124 poterit
2683 3068 2852 3118 mare,
2890 3061 2948 3109 et
3007 3052 3142 3111 illud
3194 3055 3264 3110 ad
3310 3069 3416 3119 nos
3456 3069 3624 3139 usque
3664 3054 3732 3117 de

451 3149 683 3210 possunt
708 3142 927 3211 quidem
955 3145 1140 3199 munia
1166 3145 1387 3201 evenire
1407 3146 1501 3201 uni
1527 3145 2052 3203 bominimonenim
2094 3217 2126 3223 ﬂ
2164 3160 2185 3196 ι
2211 3141 2378 3211 ferre,
2415 3151 2476 3197 ut
2496 3144 2772 3216 possimus
2801 3143 2992 3203 audire
3039 3156 3097 3215 et
3142 3144 3325 3205 facere
3373 3146 3524 3223 quod
3564 3159 3740 3217 piare-

450 3231 617 3286 etiam
649 3233 812 3289 toties
850 3234 989 3290 mori
1026 3244 1227 3305 potest,
1272 3245 1406 3311 quot
1452 3252 1652 3311 genera
1703 3239 1898 3295 mortis
1960 3239 2053 3296 hic
2079 3217 2129 3285 (ἶ
2158 3254 2183 3290 ‹
2211 3242 2366 3309 ptum
2388 3237 2505 3293 est?
2535 3237 2633 3293 sed
2644 3234 2800 3311 juxta
2834 3247 2887 3296 te
2923 3247 3009 3297 est
3033 3256 3216 3303 sermo
3242 3217 3412 3307 valde
3524 3255 3616 3303 ore
3639 3249 3742 3309 tuo,

453 3318 599 3376 dicta
628 3332 783 3389 sunt;
819 3325 915 3380 sed
947 3343 967 3376 ι
991 3326 1176 3380 omnia
1209 3346 1228 3379 ι
1262 3327 1400 3382 dixit
1445 3344 1548 3399 pro
1600 3328 1947 3401 quibuslibet,
1995 3337 2057 3385 ut

454 3427 567 3469 non
597 3412 668 3468 sit
692 3412 954 3469 immunis
977 3412 1047 3469 ab
1072 3414 1350 3482 omnibus,
1401 3417 1490 3471 cui
1541 3418 1823 3473 evenerint
1874 3417 2057 3499 aliqua

453 3525 646 3568 eorum
676 3510 873 3585 quibus
898 3518 1108 3582 pereat.
1138 3512 1295 3581 Quod
1319 3522 1500 3581 autem
1530 3515 1626 3583 ait,
1658 3534 1679 3568 ι
1703 3515 1776 3573 Ut
1821 3533 1931 3574 non
1983 3517 2058 3574 si-

456 3602 573 3660 mul
596 3604 791 3674 perdat
825 3611 1083 3673 peccator
1127 3620 1254 3660 eum
1307 3607 1399 3683 qui
1436 3607 1556 3664 sine
1602 3617 1832 3680 peccato
1875 3618 1989 3679 est;
2028 3629 2049 3663 ι

455 3694 602 3766 quod
624 3691 848 3751 Graacus
862 3694 1028 3752 habet
1048 3698 1420 3778 ἀναμάρτητον,
1447 3716 1555 3759 non
1579 3702 1661 3757 sic
1678 3702 2057 3774 accipiendum

451 3794 539 3842 est
558 3794 818 3861 tanquam
854 3787 923 3843 ab
958 3791 1105 3846 omni
1155 3806 1381 3867 prorsus
1426 3804 1654 3871 peccato
1690 3795 1951 3861 mundum
2002 3804 2059 3853 et

454 3874 755 3935 immunem
799 3881 903 3937 hoc
956 3880 1156 3941 dixerit
1204 3886 1577 3966 ἀναμάρτητον,
1631 3887 1734 3951 hoc
1789 3896 1892 3967 est,
1940 3888 2059 3944 sine

453 3982 710 4043 peccato;
738 3974 832 4030 sed
862 3990 986 4031 eum
1013 3977 1108 4054 qui
1140 3977 1260 4034 sine
1283 3980 1389 4042 isto
1410 3991 1637 4061 peccato
1662 3988 1810 4037 esset
1834 3980 1901 4037 de
1950 3997 2060 4055 quo

454 4062 811 4136 loquebatur,
844 4067 987 4123 sicut
1013 4066 1146 4124 dicit
1175 4069 1438 4126 Dominus
1472 4071 1526 4125 in
1572 4071 1865 4146 Evangelia
1896 4092 1910 4129 :
1948 4091 1965 4126 ι
1999 4072 2058 4129 Si

454 4171 565 4210 non
594 4156 888 4222 venissem,
929 4167 984 4213 et
1012 4158 1228 4216 locutus
1250 4178 1359 4218 non
1386 4162 1609 4219 fuissem
1638 4165 1741 4235 eis,
1770 4175 2058 4237 peccatum

460 4260 569 4299 non
597 4246 908 4301 haberent»
947 4247 1143 4317 (Joan.
1171 4251 1443 4323 xv);non
1495 4254 1682 4325 utique
1728 4271 1908 4321 omne,
1963 4258 2059 4312 sed

458 4337 563 4394 hoc
587 4348 872 4409 peccatum
905 4355 1012 4411 quo
1062 4355 1167 4398 non
1223 4344 1570 4405 crediderunt
1613 4347 1669 4401 in
1715 4363 1860 4403 eum.
1918 4349 2061 4403 Dicit

415 4477 435 4508 ἓ
455 4432 623 4489 etiam
662 4432 808 4490 Deus
837 4435 905 4492 ad
932 4432 1249 4493 Abimelech
1278 4437 1344 4494 de
1376 4438 1512 4499 Sara
1536 4476 1540 4481 .
1561 4454 1731 4501 uxore
1778 4443 2010 4499 Abrahae
2040 4458 2055 4499 ε

462 4544 482 4577 ι
507 4524 635 4581 Scio
668 4528 797 4599 quia
851 4530 1052 4585 mundo
1091 4531 1253 4587 corde
1291 4529 1469 4589 fecisti
1517 4535 1624 4591 hoc
1656 4554 1674 4589 ι
1715 4534 1881 4607 (Gen.
1925 4538 2050 4609 xx).

2165 3348 2185 3383 ι
2213 3338 2270 3385 et
2295 3330 2351 3384 in
2385 3328 2547 3386 corde
2574 3339 2689 3397 tuo,
2722 3338 2785 3386 ut
2829 3330 3000 3389 facias
3040 3331 3212 3401 illum,
3245 3353 3267 3395 ι
3313 3342 3374 3399 et
3409 3334 3635 3407 reliqua.
3663 3331 3744 3388 Se-

2166 3441 2185 3474 ι
2214 3422 2493 3495 ptuaginta
2524 3442 2537 3479 :
2570 3444 2589 3478 ι
2617 3423 2756 3493 Quia
2785 3425 3107 3491 mandatum
3127 3425 3237 3483 hoc
3258 3427 3409 3498 quod
3434 3443 3542 3509 ego
3569 3424 3748 3485 mando

2167 3532 2186 3567 ι
2216 3515 2314 3571 tibi
2342 3512 2504 3573 hodie
2529 3534 2638 3575 non
2661 3525 2748 3575 est
2772 3532 2936 3588 supra
2968 3517 3211 3583 modum,
3249 3532 3428 3587 neque
3453 3517 3619 3591 longe
3664 3515 3753 3573 abs

2166 3626 2186 3660 ι
2217 3616 2270 3664 te
2294 3620 2380 3666 est
2410 3628 2423 3665 :
2450 3626 2559 3667 non
2593 3612 2650 3667 in
2684 3610 2825 3666 coelo
2863 3618 2968 3677 est,
3003 3610 3212 3675 dicens,
3241 3608 3293 3664 id
3319 3618 3424 3675 est,
3482 3618 3545 3664 ut
3582 3608 3755 3672 dicas,

2168 3720 2186 3755 ι
2214 3702 2348 3771 Quis
2392 3706 2648 3767 ascendet
2690 3704 2849 3761 nobis
2899 3704 2957 3760 in
3005 3702 3213 3767 malum,
3256 3710 3310 3756 et
3331 3700 3567 3770 accipiet
3613 3699 3755 3755 illud

2164 3812 2188 3849 ς
2213 3797 2392 3864 nobis,
2433 3806 2494 3855 et
2530 3797 2814 3854 audientes
2860 3796 2995 3853 illud
3041 3792 3321 3851 iacimus!
3356 3791 3558 3877 Neque
3604 3801 3758 3849 trans

2166 3906 2188 3942 ι
2216 3905 2367 3947 mare
2389 3900 2491 3960 est,
2538 3891 2745 3959 dicens,
2776 3891 2830 3947 id
2860 3898 2965 3959 est,
2997 3899 3057 3956 ut
3086 3886 3414 3958 dicaszQuis
3435 3886 3752 3957 transfreta-

2167 4001 2187 4035 ι
2214 3983 2294 4039 bit
2322 3984 2479 4041 nobis
2508 3992 2663 4041 trans
2700 4000 2872 4049 mare,
2920 3992 2977 4040 et
3021 3984 3256 4054 accipiet
3300 3981 3434 4038 illud
3482 3984 3661 4048 nolis,
3700 3988 3747 4035 et

2168 4094 2188 4128 ‹
2218 4076 2499 4134 audientes
2522 4078 2655 4137 illud
2692 4078 2997 4135 iaciemus?
3029 4077 3211 4155 Prope
3251 4083 3338 4133 est
3388 4075 3613 4133 verbum
3650 4072 3747 4127 hoc

2168 4186 2188 4221 ι
2214 4169 2372 4226 valde
2401 4169 2454 4225 in
2485 4186 2580 4227 ore
2606 4179 2718 4239 tuo,
2751 4180 2807 4229 et
2832 4171 2887 4227 in
2920 4169 3176 4237 nianibus
3202 4167 3315 4223 tuis
3340 4165 3525 4231 facere
3542 4162 3687 4221 illud.
3722 4181 3747 4223 ι

2160 4259 2278 4319 Hoc
2292 4262 2612 4320 estverbum
2629 4261 2779 4329 ﬁdei,
2804 4262 2935 4333 dicit
2954 4259 3268 4339 Apostolus,
3294 4256 3441 4329 quod
3469 4256 3538 4312 ad
3558 4254 3749 4331 Novum

2159 4356 2397 4429 pertinet
2431 4356 2862 4415 Testamentum.
2890 4354 2998 4412 Sed
3019 4353 3190 4426 quaari
3219 4360 3406 4425 potest
3444 4366 3546 4407 cur
3574 4365 3636 4405 ea
3670 4363 3741 4403 sn-

2159 4449 2346 4520 perius
2370 4450 2626 4507 mandata
2654 4448 2878 4515 dixerit,
2903 4462 3023 4521 quae
3049 4446 3253 4526 scripta
3276 4453 3411 4500 sunt
3438 4443 3497 4499 in
3521 4442 3652 4498 libm
3682 4440 3741 4494 le-

2157 4543 2240 4617 gis
2273 4542 2455 4613 hujus,
2501 4543 2609 4599 nisi
2644 4543 2769 4617 quia
2809 4543 2896 4598 his
2934 4541 3189 4598 omnibus
3234 4537 3507 4613 spiritalia
3558 4533 3745 4607 signiﬁ-

456 4615 575 4672 Non
602 4619 792 4689 utique
819 4621 1080 4681 mundum
1106 4637 1202 4678 cor
1227 4622 1373 4679 illius
1401 4624 1477 4679 ita
1504 4625 1673 4682 voluit
1704 4591 1950 4702 intelligi,
1994 4591 2056 4687 tit
2079 4591 2136 4654 Β
2157 4591 2371 4703 cantur:
2395 4591 2464 4693 ad
2493 4591 2704 4693 Novuin
2729 4636 3137 4705 Testamentum
3161 4591 3521 4708 periinentia,
3549 4591 3749 4685 siva

456 4708 898 4776 similiseisesset
918 4713 985 4783 de
1005 4715 1202 4786 quibus
1230 4716 1437 4773 dictum
1466 4728 1550 4774 est
1580 4736 1592 4773 :
1634 4737 1651 4771 ι
1681 4720 1831 4776 Beati
1852 4723 2052 4779 mundo

455 4802 640 4893 corde,
679 4805 933 4875 quoniam
965 4809 1067 4879 ipsi
1108 4811 1280 4866 Deum
1308 4811 1567 4869 videbunt
1600 4834 1621 4880 ρ
1672 4814 1899 4888 (Matth.
1948 4816 2051 4893 v);

455 4892 553 4951 sed
582 4893 652 4948 ab
676 4892 768 4949 illo
794 4907 1020 4966 peccato
1042 4900 1109 4956 de
1139 4916 1247 4975 quo
1290 4903 1575 4975 agebatur,
1637 4906 1899 4962 mundum
1956 4892 2054 4964 cor

457 4989 713 5061 habebat,
756 4989 1010 5061 quoniam
1061 4993 1129 5047 ad
1182 4995 1359 5067 ipsum
1410 5006 1672 5079 quantum
1719 5001 2050 5077 pertinebat,

446 5084 977 5161 nonnoncupiverat
1023 5087 1309 5169 coniugem
1359 5091 1616 5159 alienam.
1667 5092 1821 5161 Quod
1867 5103 2051 5161 autem

454 5176 555 5243 ait,
584 5195 602 5229 ι
621 5178 880 5241 Assumat
900 5176 1051 5234 ebria
1077 5178 1370 5249 sitientem,
1396 5193 1454 5243 et
1479 5184 1740 5249 Dominus
1764 5202 1874 5267 non
1897 5185 2050 5269 igno-

454 5277 575 5359 scat
602 5271 672 5338 ei,
704 5290 727 5327 ι
754 5271 899 5333 idem
917 5281 1004 5329 est
1023 5274 1167 5351 quod
1194 5275 1298 5331 alia
1326 5278 1493 5353 editio
1513 5280 1700 5350 habet,
1729 5300 1748 5339 ‹
1777 5280 1894 5349 Non
1922 5299 2051 5359 per-

455 5358 551 5415 dat
575 5369 831 5431 peccator
848 5377 978 5441 enm
1004 5364 1096 5445 qui
1126 5364 1245 5423 sine
1268 5379 1495 5449 peccato
1519 5380 1622 5437 est.
1658 5393 1678 5439 ι
1721 5371 1802 5431 Ac
1828 5373 1876 5432 si
1903 5358 2049 5447 dice-

454 5457 576 5511 ret:
607 5449 920 5511 Cavendum
945 5463 1143 5524 est,ne
1168 5455 1259 5535 ille
1292 5458 1385 5539 qui
1404 5460 1588 5521 ebrius
1609 5472 1694 5519 est
1718 5465 1927 5527 malitia
1965 5474 2044 5529 at-

452 5555 562 5615 que
592 5543 895 5623 idololatria
926 5549 1153 5617 seducat
1172 5566 1305 5625 eum
1344 5551 1401 5607 in
1433 5568 1699 5627 errorem,
1746 5559 1841 5631 qui
1883 5560 2049 5623 habet

452 5643 644 5713 νοωιη
932 5652 1099 5721 Ψ
1358 5646 1678 5717 Veritatem;
1705 5652 1833 5721 quia
1858 5654 2048 5730 hujus-

626 5732 887 5805 delictum
936 5754 1047 5834 non
1089 5738 1310 5807 facilem
1344 5740 1515 5801 habet
1560 5743 1775 5805 veniam
1804 5764 1819 5804 :
1853 5747 1911 5805 in
1938 5763 2049 5823 qua

458 5831 697 5883 maxime
726 5831 997 5886 sententia
1044 5833 1428 5903 percutiuntur
1467 5835 1709 5895 btet-stici
1756 5839 1871 5913 qui,
1898 5839 2048 5911 pleni

2157 4729 2551 4803 intelligantur.
2582 4731 2718 4786 Item
2749 4730 2917 4805 quaeri
2954 4737 3139 4800 potest
3182 4742 3282 4783 cur
3332 4728 3438 4782 hoc
3476 4722 3623 4795 quod
3672 4721 3750 4776 hit

2155 4824 2392 4895 positum
2416 4833 2522 4892 est,
2560 4842 2580 4876 ι
2613 4824 2798 4896 Neque
2822 4832 2977 4881 trans
3003 4836 3153 4879 mare
3179 4828 3286 4887 est,
3310 4828 3374 4875 ut
3392 4819 3546 4874 dicas
3572 4835 3586 4870 :
3625 4814 3752 4882 Qui!

2161 4914 2541 4993 transfretabit
2567 4917 2726 4972 nobis
2766 4924 2917 4973 trans
2952 4929 3129 4980 mare,
3150 4921 3206 4966 et
3228 4910 3462 4981 accipiet
3494 4906 3653 4963 nobis
3686 4904 3756 4963 il-

2156 5003 2289 5061 lud?
2319 5025 2339 5059 ι
2373 5006 2665 5077 Apostolus
2704 5006 2929 5077 dixerit,
2961 5022 2980 5058 ι
3024 5004 3137 5063 Aut
3189 5003 3314 5075 quis
3354 4997 3645 5063 descendet
3700 4997 3758 5063 ill

2154 5096 2445 5175 abyssum?
2473 5118 2494 5151 ι
2537 5107 2703 5177 atque
2722 5096 2781 5155 id
2808 5110 3090 5171 exponens
3114 5093 3450 5167 atijunxerit,
3482 5111 3502 5147 ι
3526 5088 3648 5153 Hoc
3668 5097 3761 5151 ei!»

2155 5186 2433 5265 Christum
2466 5206 2499 5251 a
2520 5190 2759 5251 mortuis
2788 5190 3080 5257 reducere;
3115 5208 3136 5259 ι
3176 5187 3285 5257 nisi
3313 5186 3441 5261 quia
3465 5198 3625 5245 mare
3667 5198 3762 5255 ap

2152 5284 2371 5355 pellavit
2397 5294 2566 5355 totam
2590 5287 2647 5349 in
2676 5288 2781 5343 hoc
2807 5287 3010 5349 saeculo
3031 5287 3221 5352 vitam,
3238 5292 3553 5356 quam
3574 5293 3767 5347 ﬂans-

2151 5376 2283 5451 iiur,
2319 5386 2381 5449 ut
2410 5379 2812 5450 quodammodo
2856 5395 3010 5437 mare
3046 5379 3291 5457 ﬁniatur,
3335 5388 3392 5441 et
3431 5391 3592 5437 mors
3645 5377 3766 5448 ipsa

2154 5480 2307 5541 trans
2333 5489 2486 5535 mare
2520 5474 2841 5546 appelletur,
2867 5473 3018 5541 velut
3038 5482 3197 5540 trans
3226 5473 3393 5533 istam
3414 5471 3613 5536 vita,
3638 5483 3767 5541 qui

2156 5568 2325 5629 maris
2361 5568 2627 5632 voeabula
2647 5569 3004 5642 signiﬁcatur.
3034 5567 3244 5628 Deinde
3264 5566 3408 5637 quod
3456 5564 3549 5622 hic
3600 5562 3766 5619 aﬂ-

2157 5663 2272 5715 tum
2294 5667 2401 5728 est,
2435 5678 2454 5711 ι
2482 5668 2538 5716 et
2570 5660 2629 5717 in
2651 5660 2905 5718 manibus
2942 5658 3073 5727 tuis,
3102 5676 3125 5721 υ
3174 5673 3289 5720 non
3315 5657 3405 5717 ait
3430 5653 3765 5727 Apum

2156 5749 3655 5825 nisiiinoretuoetincerdcmonihhocm
3698 5745 3769 5801 ³(ί

2157 5842 2324 5902 ﬁnem
2346 5853 2643 5905 exsecutus
2659 5854 2746 5904 est
2765 5847 2991 5904 dicens:
3028 5862 3047 5898 ι
3075 5842 3254 5903 Corde
3281 5840 3524 5903 creditur
3564 5840 3649 5896 ad
3683 5839 3769 5912 ju-
