3930 6344
505 344 614 405 967

509 457 750 518 nomium
777 451 1043 520 scribens,
1073 449 1278 507 Levitis
1315 442 1716 503 commendavit
1743 444 1806 493 ut
1831 438 2092 506 ponerent
2115 432 2171 496 Α
2194 442 2336 492 rum,

509 551 638 607 illud
677 548 734 603 in
762 546 934 602 latere
978 559 1119 600 arca:
1144 541 1381 606 Domini,
1437 543 1706 609 quatenus
1733 532 1887 586 ﬁeret
1914 527 1990 582 ibi
2037 525 2092 579 in

505 641 898 701 testimonium.
951 637 1279 708 Spiritaliter
1307 632 1542 689 ostendit
1568 628 1712 700 quod
1738 621 2092 694 Evangelium

507 736 736 801 Christi,
766 731 920 802 cujus
945 726 1426 799 Deuteronomium
1454 731 1615 794 typus
1640 725 1744 783 est,
1788 731 1888 786 per
1916 727 2094 768 sacer-

509 829 696 884 dotum
720 801 982 889 ﬁdelium,
1032 822 1138 878 hoc
1177 825 1282 884 est,
1313 827 1568 870 verorum
1595 809 1906 867 Levitarum
1935 801 2094 858 mini-

509 921 737 977 sterium
765 958 783 986 ,
831 917 888 973 in
925 913 1189 971 memoria
1242 904 1646 966 recondendum
1691 901 1764 956 sit
1815 894 2091 960 Ecclesiaa,

507 1028 628 1084 qua:
674 1009 945 1066 veraciter
992 1012 1078 1061 est
1106 1017 1235 1058 arca
1288 996 1522 1059 Domini,
1569 993 1695 1063 quia
1749 989 1822 1044 ibi
1856 982 2094 1042 thesauri

507 1079 759 1163 cmlestes
795 1099 1182 1158 reconduntur.
1237 1093 1316 1147 lbi
1357 1103 1486 1160 ergo
1538 1085 1656 1141 dua:
1692 1079 1888 1137 tabula:
1925 1085 2093 1132 testa-

509 1200 699 1267 menti,
749 1199 852 1253 hoc
897 1199 1004 1256 est,
1051 1187 1179 1244 libri
1229 1183 1364 1254 legis
1401 1174 1675 1247 Evangelii
1724 1176 2092 1226 reservantur.

509 1294 585 1350 lbi
617 1300 701 1347 est
732 1301 868 1344 urna
898 1297 1017 1354 qua:
1045 1278 1289 1334 continet
1312 1284 1537 1334 manna,
1584 1263 1710 1335 quia
1741 1260 1816 1315 ibi
1847 1259 2097 1313 incarna-

511 1389 585 1443 tio
614 1379 835 1443 Christi,
859 1348 1144 1432 continens
1165 1369 1346 1424 cibum
1365 1364 1487 1418 vitae
1513 1367 1750 1420 mternar,
1773 1348 2090 1407 custoditur.

611 1477 764 1546 virga
791 1441 973 1526 Aaron
1007 1480 1127 1536 qua:
1155 1461 1490 1520 fronduerat,
1527 1450 1653 1523 quia
1677 1447 1752 1502 ibi
1781 1441 1983 1546 Christi
2011 1454 2096 1539 sa-

507 1527 813 1624 cerdotium
861 1527 1248 1632 perpetualiter
1302 1558 1528 1603 manens
1571 1540 1802 1595 locatur.
1863 1551 1881 1584 ‹
1917 1531 1988 1586 Ut
2027 1527 2100 1583 sit

509 1659 608 1723 ibi,
632 1655 827 1726 inquit,
861 1619 1052 1706 contra
1079 1655 1132 1700 te
1159 1644 1214 1698 in
1264 1635 1652 1695 testimonium.
1688 1649 1706 1682 ι
1757 1625 1933 1681 Verba
1964 1619 2097 1692 legis

509 1748 606 1805 Dei
635 1739 1064 1803 reservantibus,
1109 1750 1173 1790 ea
1203 1733 1340 1787 ﬁunt
1371 1728 1438 1782 ad
1469 1723 1699 1781 salutem
1731 1728 1786 1774 et
1813 1716 1880 1770 ad
1922 1726 2097 1776 reme-

509 1841 659 1895 dium
689 1836 994 1892 animarum
1021 1839 1263 1890 suarum,
1310 1815 1772 1888 contemptoribus
1816 1818 1996 1863 autem
2041 1795 2170 1858 etB

510 1927 808 1986 incredulis
853 1929 1014 1981 erunt
1058 1920 1114 1974 in
1153 1911 1523 1972 testimonium
1556 1901 1870 1977 pertinaciae
1897 1911 2008 1952 sua:
2041 1902 2096 1949 et

511 2021 568 2076 in
593 2015 945 2090 approbrium
973 2006 1372 2066 inobedientize.
1407 2000 1560 2057 Unde
1582 1996 1832 2051 Salvator
1852 1992 1904 2045 in
1925 1988 2098 2044 Evan-

511 2084 796 2184 gelia-ait:
850 2125 868 2158 ‹
902 2102 1054 2160 Beati
1097 2099 1190 2172 qui
1236 2096 1464 2153 audiunt
1508 2091 1734 2145 verbum
1776 2084 1896 2148 Dei,
1925 2088 1980 2136 et
2002 2095 2097 2134 cu-

511 2173 757 2260 stodiunt
784 2197 916 2254 illud
947 2217 966 2249 ι
1003 2191 1224 2265 (Matth.
1253 2186 1373 2261 vn).
1412 2205 1430 2238 ›
1465 2184 1534 2237 Et
1561 2182 1726 2235 item:
1759 2173 1947 2230 Omnis
1970 2183 2099 2240 ergo

511 2295 604 2368 qui
634 2293 785 2349 audit
827 2291 994 2346 verba
1015 2263 1141 2342 mea
1169 2286 1285 2339 haec
1313 2288 1369 2336 et
1407 2277 1538 2332 facit
1578 2288 1664 2338 ea,
1715 2263 2102 2325 assimilabitur

512 2386 632 2440 viro
673 2382 942 2454 sapienti,
991 2377 1085 2449 qui
1123 2370 1414 2431 aadiﬁcavit
1465 2369 1684 2422 domum
1736 2375 1889 2417 suam
1937 2370 2139 2425 supra-

512 2448 753 2550 petram,
773 2483 828 2530 et
848 2448 1128 2528 descendit
1148 2463 1351 2537 pluvia,
1394 2468 1450 2516 et
1475 2461 1744 2513 venerunt
1777 2448 2019 2514 flumina,
2047 2452 2104 2500 et

514 2567 785 2623 ilaverunt
817 2563 988 2626 venti,
1041 2567 1096 2614 et
1143 2558 1421 2612 irruerunt
1454 2551 1511 2606 in
1560 2549 1781 2604 domum
1808 2540 1954 2596 illam
1982 2578 1996 2604 ,
2049 2543 2105 2590 et

513 2675 622 2714 non
649 2656 867 2713 cecidit.
909 2625 1155 2708 Fundata
1185 2647 1330 2702 enim
1373 2648 1496 2698 erat
1543 2651 1706 2708 supra
1749 2641 1980 2704 petram.
2038 2625 2106 2680 Et

513 2750 693 2808 omnis
723 2746 814 2816 qui
844 2743 995 2798 audit
1019 2740 1185 2796 verba
1215 2751 1333 2792 mea
1367 2733 1486 2788 haec
1517 2737 1574 2784 et
1625 2741 1734 2782 non
1762 2722 1894 2777 facit
1917 2734 2003 2784 ea,
2034 2717 2107 2771 si-

514 2840 661 2896 milis
713 2815 818 2892 erit
859 2836 978 2890 viro
1019 2829 1185 2887 stulto
1229 2826 1321 2897 qui
1353 2817 1642 2878 aediﬁcavit
1681 2815 1898 2870 domum
1945 2823 2108 2878 super

517 2945 763 2995 arenam,
797 2935 853 2982 et
877 2923 1156 2981 descendit
1189 2918 1389 2990 pluvia,
1417 2923 1472 2970 et
1489 2918 1755 2968 venerunt
1779 2905 2023 2967 flumina,
2054 2909 2109 2955 et

517 3023 790 3078 (laverunt
814 3017 985 3083 venti,
1035 3025 1092 3070 et
1119 3013 1398 3067 irruerunt
1427 3007 1482 3061 in
1511 3006 1731 3060 domum
1758 2999 1907 3055 illam
1934 3003 1989 3050 et
2020 3007 2109 3048 ce-

516 3112 683 3168 cidit:
707 3119 764 3166 et
785 3109 889 3164 fuit
908 3107 1066 3162 ruina
1089 3103 1205 3172 ejus
1227 3113 1443 3172 magna.
1467 3116 1487 3149 ›
1515 3095 1584 3151 Et
1605 3095 1800 3148 iterum
1826 3107 1838 3142 :
1871 3105 1889 3138 ι
1909 3087 2102 3149 Amen,

518 3220 677 3260 amen
710 3204 830 3259 dico
863 3200 1039 3265 vobis,
1091 3196 1218 3267 quia
1257 3193 1349 3264 qui
1375 3189 1600 3246 verbum
1628 3198 1810 3240 meum
1836 3179 2006 3243 audit,

521 3295 696 3352 credit
729 3295 779 3348 ei
810 3293 904 3362 qui
936 3306 1022 3344 me
1049 3288 1217 3352 misit,
1248 3285 1411 3340 habet
1451 3281 1620 3335 vitam
1645 3284 1907 3332 aaternam
1932 3287 1946 3336 ;
1975 3267 2111 3325 etin

521 3387 783 3460 iudicium
813 3399 922 3438 non
942 3381 1146 3445 veniet,
1163 3378 1258 3433 sed
1284 3373 1510 3429 transiet
1531 3387 1563 3424 a
1592 3376 1768 3423 morte
1794 3365 1850 3419 in
1868 3361 2055 3416 vitam.
2087 3377 2106 3410 ι

523 3481 566 3536 Ε
592 3475 870 3535 contrario
894 3483 1073 3527 autem
1105 3465 1402 3525 incredulis
1423 3472 1478 3518 et
1515 3453 1972 3527 contemptoribus
1998 3449 2073 3504 ait
2096 3465 2108 3500 :

532 3591 552 3625 ί
586 3569 764 3625 Nolite
790 3574 985 3638 putare
1029 3563 1152 3634 quia
1192 3564 1548 3614 accusaturus
1578 3567 1678 3622 ego
1725 3547 1827 3602 sim
1853 3560 1950 3598 vos
1975 3539 2116 3611 apud

523 3661 767 3718 Patrem.
799 3658 896 3713 Est
926 3656 1017 3726 qui
1041 3659 1261 3709 accusat
1288 3663 1385 3705 vos
1413 3646 1644 3715 Moyses,
1671 3641 1724 3698 in
1753 3653 1858 3708 quo
1879 3649 1974 3689 vos
1996 3647 2116 3702 spe-

525 3754 680 3810 ratis.
731 3749 791 3805 Si
826 3749 972 3804 enim
999 3743 1297 3802 crederetis
1329 3738 1530 3809 Moysi,
1564 3731 1860 3790 crederetis
1889 3725 2116 3783 forsitan

531 3852 588 3898 et
609 3841 762 3897 mihi.
797 3839 876 3894 De
901 3853 988 3893 me
1014 3836 1158 3890 enim
1188 3833 1278 3887 ille
1301 3828 1539 3899 scripsit.
1573 3823 1630 3879 Si
1659 3830 1838 3875 autem
1866 3817 2005 3872 illius
2031 3814 2120 3866 lit-

531 3933 665 3988 teris
695 3945 805 3985 non
833 3927 1078 3992 creditis,
1117 3921 1387 3994 quomodo
1411 3917 1548 3973 meis
1575 3913 1756 3968 verbis
1781 3903 2057 3963 credetis?
2093 3921 2112 3956 ι

527 4022 599 4078 Et
623 4021 751 4077 alibi
781 4039 794 4074 :
836 4039 853 4070 ι
882 4019 1016 4090 Ego,
1051 4016 1250 4087 inquit,
1278 4028 1385 4066 non
1430 4008 1614 4079 judico
1636 4014 1981 4074 quemquam,
2026 3994 2121 4050 sed

530 4123 617 4169 est
662 4087 1026 4183 qui.judicat.
1078 4106 1270 4161 Sermo
1318 4117 1479 4172 quem
1528 4099 1740 4153 locutus
1784 4107 1904 4148 sum
1947 4087 2118 4152 vobis,

536 4204 652 4273 ipse
673 4201 940 4270 iudicabit
966 4215 1090 4254 eum
1122 4199 1176 4253 in
1200 4194 1497 4252 novissimo
1521 4193 1608 4248 die
1641 4210 1659 4243 ι
1688 4188 1870 4259 (Joan.
1902 4181 2023 4253 xu).

615 4312 633 4344 ι
671 4293 910 4347 Locutus
932 4297 1018 4343 est
1041 4303 1172 4358 ergo
1195 4286 1404 4355 Moyses
1432 4282 1684 4336 audiente
1704 4277 1956 4332 universo
1979 4277 2125 4325 cmtu

534 4383 738 4447 Israel,
789 4381 954 4436 verba
1001 4375 1261 4433 carminis
1308 4372 1506 4441 hujus,
1558 4378 1615 4424 et
1659 4369 1726 4422 ad
1763 4366 1927 4421 ﬁnem
1955 4375 2126 4431 usque

536 4473 848 4548 complevit.
891 4491 910 4526 ι
969 4469 1201 4527 Carmen
1247 4465 1393 4521 istud
1445 4461 1589 4533 quod
1641 4459 1853 4530 Moyses
1885 4457 1940 4510 in
1972 4453 2123 4508 testi-

536 4567 780 4624 monium
811 4562 979 4619 Israel
1007 4557 1355 4622 decantavit,
1404 4569 1512 4608 non
1541 4549 1839 4622 simplicem
1888 4553 2124 4600 tantum-

541 4657 704 4714 modo
737 4655 1020 4710 historiam
1048 4658 1227 4716 sonat,
1259 4647 1354 4702 sed
1380 4642 1610 4716 spiritali
1640 4637 1989 4710 intelligentia
2014 4633 2125 4703 ple-

543 4747 830 4803 nissimum
870 4756 973 4802 est.
1025 4744 1233 4799 Partim
1286 4741 1432 4796 enim
1479 4737 1773 4794 secundum
1821 4730 2124 4793 historiam,

545 4835 913 4893 lsraelitarum
943 4850 1042 4906 pro
1069 4833 1350 4889 beneﬁciis
1392 4827 1797 4900 opulentissime
1825 4823 1931 4879 sibi
1967 4836 1998 4874 a
2024 4818 2131 4873 Do—

550 4932 700 4990 mino
725 4927 936 4985 collatis
956 4968 972 4993 ,
1023 4928 1317 4996 exprobrat
1343 4921 1647 4994 perﬁdiam.
1697 4915 1902 4972 Partim
1931 4929 2029 4983 per
2059 4911 2134 4964 al-

550 5023 834 5096 legoriam,
865 5020 931 5074 de
968 5018 1244 5087 mysteriis
1275 5011 1586 5072 ccelestibus
1627 5015 1873 5064 sanctam
1909 5001 2130 5058 instruit

553 5111 875 5172 Ecclesiam.
929 5107 1133 5162 Partim
1174 5115 1356 5162 autem
1411 5104 1479 5158 ad
1530 5103 1872 5156 honestatem
1916 5107 2130 5147 morum

555 5215 996 5276 unumquemque
1022 5197 1258 5252 ﬁdelium
1306 5203 1565 5268 provocat
1610 5206 1708 5262 per
1752 5184 2128 5257 trepologiam.

557 5297 714 5357 Unde
741 5293 982 5352 sobrium
1010 5289 1266 5345 lectorem
1291 5289 1446 5342 decet
1463 5327 1478 5351 ,
1521 5292 1583 5338 ut
1612 5285 1666 5337 in
1699 5278 1929 5335 historia
1955 5280 2136 5332 servet

560 5391 854 5463 Scripturae
895 5387 1221 5450 veritatem;
1268 5382 1323 5436 in
1355 5379 1611 5450 allegoria
1658 5391 1789 5433 vero
1827 5372 2138 5430 consideret

559 5483 943 5555 mysteriorum
969 5475 1274 5536 caelestium
1302 5471 1566 5527 rationem
1590 5486 1606 5536 ;
1655 5469 1788 5524 etin
1816 5463 2138 5535 tropologia,

563 5578 830 5631 bonarum
852 5571 1256 5644 disciplinarum
1283 5565 1490 5621 ediscat
1510 5562 1841 5617 utilitatem:
1875 5567 2142 5629 quatenus

563 5666 838 5737 tripartita
864 5666 967 5720 hac
993 5662 1342 5719 distinctione
1354 5655 1578 5711 edoctus
1602 5654 1670 5707 ad
1694 5652 1841 5706 illam
1864 5650 2144 5706 caelestem

567 5756 854 5831 theoriam,
907 5757 1011 5812 hoc
1037 5762 1139 5820 est,
1177 5755 1245 5809 ad
1274 5747 1666 5821 inspectionem
1698 5753 2031 5802 secretarum
2059 5754 2146 5797 re-

1143 309 1780 389 Bt'mism'mum'
1799 313 2120 376 ARCHIEP.
2165 306 2474 370 uocum.
2513 301 2799 364 OPEBUM
2831 297 3015 357 rans
3044 297 3091 352 1.

3666 293 3772 350 968

2372 433 2426 479 et
2451 422 2516 477 ad
2543 415 3013 488 contemplationis
3051 409 3244 468 divinae
3279 407 3616 478 provehatur
3644 408 3771 464 sub-

2195 519 2498 574 limitatem.
2546 511 2658 566 Nec
2682 526 2790 564 non
2819 515 2876 562 et
2902 504 3033 560 illud
3063 502 3349 574 diligenter
3375 498 3770 568 inspiciendum

2193 618 2296 674 est,
2328 609 2468 679 quod
2497 605 2691 660 dicitur
2716 600 2862 672 loqui
2895 599 3106 669 Moyses
3133 595 3297 650 verba
3325 592 3591 648 carminis
3623 600 3680 646 et
3713 593 3772 648 ad

2194 704 2356 760 ﬁnem
2391 715 2559 771 usque
2602 695 2923 768 complesse,
2977 691 3024 746 si
3055 689 3193 744 forte
3233 687 3338 742 hoc
3368 684 3685 747 admoneat,
3720 695 3774 740 ut

2194 797 2288 868 qui
2319 810 2413 850 ore
2440 793 2608 848 Deum
2634 789 2855 845 laudare
2904 784 3154 846 studeat,
3211 778 3463 849 operibus
3494 793 3612 833 non
3658 791 3774 831 eon-

2195 889 2445 944 tradicat.
2494 884 2610 939 Non
2640 890 2724 937 est
2752 879 2897 935 enim
2943 875 3171 948 pulchra
3199 872 3343 926 datio
3368 870 3424 924 in
3455 884 3558 925 ore
3587 883 3769 939 pecu-

2195 975 2350 1030 toris.
2405 973 2530 1028 Ideo
2566 971 2679 1040 ipse
2723 965 2984 1022 Dominus
3033 962 3088 1016 in
3139 955 3434 1026 Evangelia
3471 955 3591 1010 ait:
3629 973 3648 1004 ‹
3680 953 3771 1020 Qui

2194 1065 2415 1122 solverit
2437 1078 2601 1117 unum
2629 1061 2694 1114 de
2721 1057 2807 1112 his
2833 1051 3102 1110 mandatis
3149 1049 3287 1103 meis
3318 1046 3588 1110 minimis,
3619 1044 3770 1099 mini-

2196 1172 2315 1211 mus
2342 1152 2625 1209 vocabitur
2653 1150 2709 1203 in
2736 1161 2904 1217 regno
2941 1141 3225 1198 cmlorum.
3258 1137 3363 1204 Qui
3386 1145 3573 1190 autem
3599 1133 3769 1190 fecerit

2197 1254 2252 1298 et
2300 1243 2565 1305 docuerit,
2610 1239 2700 1294 hic
2733 1250 2962 1306 magnus
3010 1231 3294 1286 vocabitur
3330 1228 3386 1281 in
3423 1241 3596 1298 regno
3623 1225 3768 1281 αιτιο-

2195 1351 2316 1391 rum
2347 1353 2366 1387 ι
2405 1331 2618 1406 (Matth.
2663 1326 2740 1400 ν).
2764 1325 3098 1394 Principium
3124 1329 3308 1376 autem
3330 1315 3504 1388 1hujus
3529 1315 3770 1372 carminis

2197 1427 2305 1482 tale
2329 1434 2431 1480 est.

2826 1484 3056 1543 CAPUT
3086 1485 3152 1539 ll.

2199 1607 2472 1664 Canticum
2498 1604 2668 1675 Moysi
2692 1600 3004 1675 prwsogittm
3029 1597 3337 1675 futurorum
3375 1599 3424 1647 et
3451 1588 3632 1645 Christi
3655 1605 3774 1659 mg-

2693 1667 2878 1726 steriis'
2902 1667 3282 1739 plenissimum.

2269 1793 2419 1865 (Cu.
2456 1786 2655 1859 χχχιι.)
2714 1803 2733 1836 ι
2765 1782 2981 1846 Audite,
3015 1779 3160 1844 coeli,
3193 1793 3316 1847 qua:
3343 1776 3570 1845 loquar;
3602 1771 3770 1826 audiat

2206 1906 2224 1940 ‹
2257 1895 2406 1941 terra
2447 1883 2612 1938 verba
2640 1879 2750 1934 oris
2794 1875 2920 1930 mei.
2955 1894 2972 1926 ι
3024 1872 3188 1929 Juxta
3231 1868 3593 1940 primordium
3630 1864 3769 1919 Isaiae

2198 1980 2500 2049 prophetae,
2525 1975 2600 2029 ita
2630 1971 2888 2040 scriptum
2917 1974 3001 2022 est
3032 1983 3044 2019 :
3092 1983 3110 2016 ‹
3149 1963 3312 2028 Audi,
3343 1960 3564 2024 caelum,
3599 1967 3649 2013 et
3679 1972 3766 2014 au-

2199 2073 2348 2127 ribus
2376 2068 2614 2140 percipe,
2648 2075 2815 2131 terra,
2844 2062 2969 2132 quia
2993 2059 3255 2114 Dominus
3271 2056 3486 2111 locutus
3508 2061 3589 2107 est
3607 2049 3767 2122 (Isaia

2201 2161 2263 2232 ι).
2296 2158 2471 2230 Supra
2501 2171 2628 2228 ergo
2657 2156 2712 2210 in
2756 2153 2945 2208 eodem
2971 2150 3112 2206 libro
3142 2149 3264 2219 quis
3305 2146 3588 2217 propheta,
3632 2140 3770 2210 cujus

2201 2229 2518 2320 ﬁlius,quid
2548 2253 2737 2303 contra
2761 2242 2955 2299 Judam
2983 2247 3040 2297 et
3059 2238 3386 2302 Jerusalem,
3430 2239 3541 2292 sive
3565 2250 3660 2306 per
3690 2229 3772 2288 Ju-

2205 2344 2328 2399 dam
2357 2349 2414 2395 et
2440 2336 2761 2399 Jerusalem,
2786 2342 2840 2389 et
2862 2348 2968 2402 quo
2995 2340 3238 2400 tempore
3266 2328 3476 2393 viderit,
3505 2325 3654 2380 titulo
3685 2324 3774 2378 de-

2203 2438 2560 2487 monstratum
2597 2434 2700 2483 est.
2751 2423 2906 2478 Nunc
2936 2421 3134 2478 ccelum
3159 2427 3215 2476 et
3243 2429 3446 2474 terram
3467 2417 3536 2470 ad
3560 2415 3770 2470 audien-

2204 2522 2332 2578 dum
2356 2525 2616 2590 provocat
2645 2534 2657 2569 :
2689 2516 2744 2570 in
2779 2513 2917 2569 caelo
2955 2525 3222 2582 supernas
3245 2508 3559 2578 signiﬁcans
3587 2502 3769 2574 angeli-

2206 2626 2402 2683 casque
2427 2611 2691 2673 virtutes;
2746 2607 2800 2660 in
2845 2613 2990 2660 terra
3031 2601 3346 2658 mortalium
3391 2612 3582 2668 genus,
3624 2616 3769 2666 μετω-

2205 2711 2430 2777 νυμικῶς
2459 2702 2526 2756 ab
2561 2701 2646 2755 his
2691 2713 2808 2768 qua:
2838 2697 3141 2759 continent,
3179 2708 3244 2748 ea
3272 2706 3396 2760 quze
3447 2688 3772 2744 continentur

2207 2796 2516 2853 ostendens.
2560 2792 2697 2848 Nam
2727 2792 2854 2862 quia
2901 2806 2996 2860 per
3035 2787 3258 2857 Moysen
3311 2793 3482 2838 testes
3508 2786 3776 2836 vocaverat

2208 2888 2469 2944 Dominus
2499 2883 2695 2940 coelum
2718 2890 2774 2937 et
2794 2890 3016 2944 terram,
3050 2878 3186 2932 dans
3208 2874 3412 2946 populo
3439 2870 3597 2927 Israel
3615 2869 3774 2939 legem

2210 2996 2361 3038 suam
2388 2989 2444 3035 et
2463 2978 2674 3034 dixerat
2700 2993 2712 3029 :
2747 2992 2766 3026 ‹
2793 2972 3044 3037 Attende,
3069 2968 3293 3034 coelum,
3309 2975 3365 3022 et
3387 2965 3600 3035 loquar,
3619 2961 3775 3016 audiat

2212 3080 2359 3128 terra
2389 3070 2553 3123 verba
2573 3067 2684 3122 oris
2710 3063 2858 3130 mei,’
2872 3082 2892 3116 ι
2925 3069 3051 3131 post
3067 3058 3582 3131 praevaricationem
3600 3048 3773 3124 pepuli,

2055 3183 2111 3232 ει
2135 3156 2181 3219 C
2212 3161 2430 3219 eosdem
2485 3172 2702 3213 rursum
2739 3155 2798 3210 in
2850 3151 3219 3208 testimonium
3264 3158 3467 3213 vocat,
3506 3155 3566 3200 ut
3613 3149 3777 3198 cuncta

2214 3255 2481 3310 elementa
2515 3253 2846 3321 cognoscant
2865 3286 2879 3311 ,
2903 3243 3054 3315 juste
3080 3242 3248 3296 Deum
3274 3241 3329 3294 in
3362 3241 3624 3294 ultionem
3647 3248 3777 3288 man-

2214 3347 2462 3401 datorum
2520 3354 2741 3397 suorum
2805 3337 2873 3392 ad
2921 3333 3254 3390 iracundiam
3301 3332 3655 3386 concitatum.
3694 3324 3781 3378 Pro

2215 3435 2354 3490 caalo
2378 3432 2702 3488 Hebraicum
2732 3437 2904 3489 nim
2929 3426 3095 3480 caelos
3134 3429 3294 3479 sonat
3320 3421 3522 3491 plurali
3562 3428 3783 3479 numero,

2215 3526 2452 3582 maxime
2497 3539 2620 3579 cum
2674 3521 2881 3584 audire,
2935 3516 3153 3578 dixerit,
3189 3513 3243 3568 id
3286 3521 3390 3578 est,
3430 3519 3626 3597 Nm,
3664 3504 3790 3577 quod

2216 3615 2411 3688 plurali
2439 3613 2660 3669 effertur
2687 3623 2935 3672 numero,
2985 3621 3096 3660 non
3134 3601 3408 3672 singulari.
3445 3600 3558 3652 Sed
3585 3598 3797 3666 quidam

2222 3707 2408 3762 volunt
2431 3703 2713 3775 pluraliter
2746 3700 2964 3770 quidem
2991 3697 3100 3752 dici
3127 3694 3296 3755 caelos,
3323 3690 3421 3744 sed
3441 3689 3800 3758 singulariter

2219 3797 2466 3867 intelligi,
2490 3795 2646 3864 juxta
2693 3791 2823 3846 illud
2851 3788 2995 3860 quod
3042 3784 3263 3855 singulas
3295 3780 3556 3834 civitates
3583 3778 3799 3832 Thebas

2219 3900 2274 3946 et
2318 3890 2559 3943 Athenas
2587 3899 2865 3940 vocamus.
2925 3881 3130 3948 Estque
3172 3872 3420 3930 llebraici
3469 3867 3796 3925 characteris

2220 3982 2436 4043 idioma,
2475 3986 2534 4032 ut
2557 3975 2739 4032 omnia
2757 3989 2877 4043 qua:
2900 3971 2956 4025 in
2981 3969 3184 4040 syllaba
3211 3966 3282 4019 im
3304 3962 3590 4023 ﬁniuntur,
3619 3961 3671 4013 in
3695 3973 3795 4013 ma-

2222 4073 2433 4128 sculina
2467 4070 2576 4124 sint
2597 4076 2652 4122 et
2703 4062 2956 4136 pluralia,
2987 4069 3046 4114 ut
3072 4056 3340 4113 cherubim
3366 4064 3423 4109 et
3442 4052 3708 4119 semp/tim.
3732 4047 3796 4101 Et

2221 4181 2342 4236 quae
2372 4163 2427 4218 in
2459 4161 2569 4226 oth,
2616 4156 2876 4213 feminina
2911 4150 3140 4224 pluralia
3167 4190 3182 4213 ,
3225 4156 3288 4202 ut
3313 4144 3549 4200 sabaoth.
3591 4140 3658 4194 Et
3699 4154 3795 4192 no-

2225 4229 2448 4309 tandum
2498 4248 2641 4319 quod
2695 4245 2848 4302 cadis
2877 4242 3073 4298 dicitur
3120 4254 3219 4309 per
3265 4237 3488 4300 Isaiam,
3541 4249 3560 4281 ι
3596 4229 3794 4288 Audite,

2225 4353 2405 4406 terrae,
2439 4340 2662 4396 auribus
2684 4335 2920 4408 percipe.
2958 4352 2976 4385 ι
3011 4331 3087 4384 Ea
3109 4329 3258 4384 enim
3282 4341 3404 4398 qua:
3423 4323 3638 4379 excelsa
3665 4328 3796 4381 sunt,

2227 4435 2486 4506 majorem
2517 4433 2720 4488 habent
2749 4425 3159 4496 intelligentiam
3186 4439 3201 4488 ;
3230 4435 3354 4491 quae
3373 4418 3678 4476 humiliora,
3707 4423 3800 4465 ter-

2146 4511 2201 4572 Ῑ)
2228 4533 2373 4588 renis
2400 4528 2649 4585 sensibus
2673 4524 3038 4580 involvuntur.
3092 4518 3245 4574 Unde
3281 4514 3535 4572 Salvator
3562 4512 3616 4564 in
3637 4509 3797 4561 Evano

2230 4623 2367 4695 gelio
2382 4621 2456 4675 ait
2481 4635 2496 4674 :
2525 4637 2543 4670 ι
2569 4617 2672 4685 Qui
2694 4616 2856 4670 habet
2877 4625 3034 4667 aures
3055 4605 3329 4672 audiendi,
3359 4597 3546 4658 audiat
3566 4620 3586 4652 ι
3606 4595 3799 4669 (Matth.

2232 4693 2332 4786 in).
2365 4712 2424 4767 Si
2446 4711 2566 4781 quis
2598 4709 2764 4780 igitur
2789 4713 2873 4761 est
2910 4703 3106 4759 coelum
3133 4707 3190 4755 et
3225 4698 3391 4752 habet
3432 4693 3804 4759 municipatum

2236 4778 2301 4862 in.
2319 4778 2650 4867 coelestibus,
2683 4799 2867 4853 audiat
2892 4795 3120 4867 mystice
3148 4806 3270 4860 quae
3293 4789 3566 4843 dicuntur.
3621 4782 3677 4835 Si
3706 4778 3808 4848 quis

2241 4908 2487 4954 terrenus
2513 4935 2528 4961 ,
2595 4891 2895 4960 simplicem
2937 4893 3195 4955 sequatur
3240 4877 3548 4935 historiam.
3600 4871 3809 4939 Quidam

2237 4991 2435 5046 cmlum
2463 4995 2519 5041 et
2551 4994 2786 5046 terram,
2845 4978 3001 5050 quasi
3049 4971 3346 5029 animantia
3389 4968 3456 5023 ad
3503 4962 3814 5020 audiendum

2235 5091 2534 5152 provocare
2562 5081 2786 5145 putant,
2829 5072 2984 5142 juxta
3018 5067 3147 5122 illud
3176 5063 3320 5136 quod
3355 5061 3419 5116 de
3452 5068 3602 5114 terra
3651 5057 3705 5110 in
3736 5051 3819 5105 alio

2240 5171 2359 5227 loco
2389 5168 2586 5224 dicitur
2621 5184 2634 5218 :
2695 5182 2714 5216 ι
2750 5163 2852 5230 Qui
2901 5158 3124 5230 respicit
3158 5165 3384 5217 terram,
3447 5159 3504 5205 et
3531 5146 3674 5202 facit
3721 5155 3822 5196 eam

2243 5269 2509 5324 tremere;
2555 5255 2648 5326 qui
2702 5252 2875 5322 tangit
2927 5258 3140 5306 montes
3196 5254 3252 5302 et
3287 5243 3550 5314 fumigant
3607 5257 3629 5290 ι
3670 5230 3825 5308 (Pati.

2245 5350 2370 5424 cm)
2430 5367 2444 5404 :
2496 5322 2627 5403 cum
2675 5345 2781 5400 hoc
2825 5341 3112 5414 potestatis
3156 5337 3253 5394 Dei
3307 5335 3414 5400 sit,
3471 5344 3586 5388 non
3647 5322 3830 5384 intelli—

2249 5441 2441 5514 gentiae
2470 5446 2720 5493 terrenae.

2329 5571 2348 5604 ι
2382 5551 2708 5608 Concrescat
2754 5547 2811 5601 in
2834 5544 3075 5617 pluviam
3127 5539 3375 5598 doctrina
3401 5549 3543 5598 mea,
3605 5532 3745 5585 ﬂuat
3790 5531 3837 5577 ut

2257 5665 2275 5698 ι
2313 5662 2404 5701 ros
2431 5644 2707 5714 eloquium
2741 5655 2920 5696 meum
2948 5657 2960 5691 :
3010 5635 3165 5706 quasi
3195 5634 3367 5690 imber
3393 5641 3562 5698 super
3597 5623 3836 5679 herbam.

2259 5757 2279 5792 ι
2319 5747 2375 5793 et
2399 5737 2555 5807 quasi
2578 5734 2734 5792 stilla:
2764 5747 2925 5803 super
2954 5728 3236 5803 gramina:
3262 5725 3389 5795 quia
3416 5735 3630 5777 nomen
3643 5709 3842 5772 Domini
