3930 6344
193 364 290 436 9'69

967 379 1365 442 ENARRATIO
1402 380 1628 440 SUPER
1665 383 2278 449 DEUTERONOMIUM.
2319 422 2388 434 -—
2424 393 2550 450 LIB.
2592 395 2678 452 Ν.

3316 411 3422 468 970

193 509 212 545 1
243 491 520 546 invocabo.
559 507 579 544 1
645 488 930 561 Eloquium
967 492 1102 563 legis
1139 495 1234 549 Dei
1262 503 1539 565 comparat
1565 493 1757 566 pluviae
1781 496 1837 557 Α
1858 493 2071 557 Iudaeos
2097 499 2174 555 ait
2202 520 2214 556 :
2257 521 2275 552 1
2311 501 2498 560 Patres
2517 507 2682 562 vestri
2721 522 2880 578 quem
2909 511 3292 582 prophetarum
3317 536 3427 581 non

184 581 375 636 attritas
405 596 470 636 ac
499 581 629 647 rori,
678 583 805 653 quia
851 585 1093 654 germina
1120 587 1440 655 spiritalium
1479 588 1752 649 fructuum

183 689 214 729 a
237 673 469 728 fidelium
497 675 755 730 cordibus
784 677 1007 746 expetit.
1055 677 1174 749 Ipsa
1201 681 1347 735 enim
1377 692 1504 739 sunt
1541 699 1670 756 ager
1697 694 1752 743 et

181 764 330 818 vinea
360 764 593 833 Domini,
619 767 758 822 unde
789 767 878 823 ille
910 768 1144 826 fructum
1169 772 1272 828 sibi
1313 775 1623 845 amabilem,
1645 779 1750 836 hoc

178 863 254 911 est
274 855 540 910 bonorum
570 873 794 928 operum
813 861 1036 930 expetit.
1098 860 1236 918 Iiuic
1265 863 1499 922 similem
1531 881 1750 939 compa-

177 949 526 1016 rationem,et
551 949 706 1006 Isaia:
729 953 1006 1022 prophetae
1033 953 1358 1013 invenimus.
1396 957 1745 1028 (Quomodo,

172 1043 359 1114 inquit,
393 1045 669 1101 descendit
689 1045 864 1102 imber
889 1055 944 1103 et
975 1047 1070 1104 nix
1094 1049 1162 1105 de
1182 1049 1339 1119 coelo,
1375 1059 1430 1107 et
1455 1051 1583 1108 illuc
1604 1053 1748 1111 ultra

171 1147 272 1188 non
294 1134 606 1202 revertitur,
637 1135 732 1191 sed
758 1136 995 1193 inebriat
1022 1145 1226 1194 terram
1254 1147 1310 1197 et
1336 1140 1573 1198 infundit
1601 1157 1742 1214 eam,

170 1232 220 1279 et
248 1225 554 1297 germinare
597 1241 720 1283 eam
755 1228 930 1296 facit,
965 1239 1021 1287 et
1053 1232 1146 1287 dat
1180 1247 1366 1290 semen
1417 1235 1639 1304 serenti,
1689 1245 1746 1293 et

165 1327 351 1383 panem
402 1315 744 1384 comedenti,
799 1319 879 1375 sic
920 1320 1028 1378 erit
1076 1323 1302 1379 verbum
1349 1341 1551 1392 meum,
1599 1327 1744 1397 quod

165 1403 466 1474 egredietur
485 1406 549 1461 de
561 1420 658 1462 ore
677 1422 819 1464 meo.
851 1408 968 1464 Non
982 1419 1285 1468 revertetur
1303 1414 1372 1469 ad
1391 1430 1478 1472 me
1491 1430 1740 1485 vacuum,

165 1493 256 1548 sed
286 1493 448 1550 faciet
479 1511 816 1568 quaecunque
841 1499 1005 1565 volui,
1032 1510 1088 1558 et
1109 1506 1521 1575 prosperabitur
1548 1507 1605 1562 in
1632 1508 1741 1577 his,

159 1584 226 1640 ad
269 1601 389 1656 quae
420 1589 543 1645 misi
590 1589 722 1646 illud
760 1590 896 1664 (Isa.
927 1593 1034 1666 ιν).
1076 1614 1094 1648 1
1151 1588 1351 1652 Verum
1380 1597 1508 1668 quia
1533 1597 1743 1672 Moyses

161 1672 466 1733 doctrinam
513 1693 668 1735 suam
714 1681 770 1736 in
799 1681 1038 1753 pluviam
1083 1699 1440 1745 concrescere
1487 1691 1645 1759 dixit,
1680 1700 1742 1748 ut

149 1770 398 1832 patenter
429 1782 551 1838 quae
579 1768 697 1825 haec
743 1769 926 1840 pluvia
955 1781 1097 1830 esset
1147 1775 1558 1845 demonstraret,
1609 1783 1739 1839 sub-

1854 596 1982 643 sunt
2014 593 2324 660 persecuti?
2365 603 2420 648 et
2461 596 2774 652 occiderunt
2819 613 2914 656 eos
2965 603 3059 672 qui
3100 612 3430 675 praenuntia-

1850 677 1982 735 bant
2004 682 2069 736 de
2115 683 2347 738 adventu
2369 683 2500 753 justi
2528 687 2706 758 hujus.
2751 688 2914 759 Cujus
2952 708 3050 750 vos
3073 709 3217 754 nunc
3243 703 3427 770 prodi-

1850 776 1993 827 tores
2012 782 2068 827 et
2089 772 2370 830 homicidae
2390 775 2589 844 fuistis,
2611 779 2702 850 qui
2726 781 3010 852 accepistis
3034 785 3208 858 legem
3233 789 3292 846 in
3315 793 3429 851 dis-

1846 861 2112 930 positione
2149 865 2482 937 angelorum,
2508 876 2565 924 et
2599 885 2709 924 non
2736 873 3047 932 custodistis
3077 876 3218 948 (Act.
3248 881 3370 956 vlt).
3399 904 3421 940 1

1848 949 1950 1020 Qui
1985 967 2115 1026 ergo
2158 953 2599 1027 incorrigibiliter
2634 970 2843 1030 peccat,
2881 979 2942 1022 se
2988 964 3159 1026 ﬁlium
3195 970 3291 1028 Dei
3315 949 3425 1031 non

1845 1057 1964 1101 esse
1985 1045 2198 1115 probat.
2229 1046 2324 1102 Illa
2359 1059 2538 1106 autem
2575 1051 2739 1108 editio
2771 1067 2935 1124 quam
2964 1055 3316 1135 Septuaginta
3339 1065 3423 1121 in-

1844 1139 2106 1204 terpretes
2128 1135 2428 1205 ediderunt,
2473 1139 2550 1196 ita
2578 1141 2775 1200 habet.
2832 1161 2854 1198 ¢
2883 1145 3258 1209 Peccaverunt
3309 1169 3450 1213 non‘

1841 1224 1894 1280 ei
1940 1224 2037 1282 ﬁlii
2074 1227 2496 1300 vituperabiles,
2531 1250 2553 1288 1
2603 1236 2748 1304 quod
2790 1244 2873 1294 est
2916 1237 2974 1295 111
3018 1238 3228 1310 Gnaeo,
3273 1247 3424 1305 τέκνα

1841 1323 2079 1392 nupera.
2125 1319 2354 1387 Quidam
2388 1323 2730 1396 interpretati
2757 1339 2881 1386 sunt
2927 1330 3060 1401 hoc,
3093 1333 3150 1390 id
3174 1345 3278 1404 est,
3323 1339 3421 1396 11111

1841 1409 2262 1480 vituperabiles;
2313 1415 2529 1484 quidam
2576 1418 2674 1475 filii
2731 1423 3152 1494 commaculati;
3198 1429 3417 1498 quidam

1841 1499 1938 1555 ﬁlii
1956 1501 2158 1558 vitiosi.
2183 1503 2338 1561 Unde
2365 1521 2474 1563 non
2502 1524 2698 1581 magna
2729 1514 2979 1583 quaestio,
3006 1516 3118 1574 imo
3137 1519 3284 1576 nulla
3309 1531 3416 1580 est.

1841 1589 1949 1648 Sed
1973 1592 2105 1650 illud
2140 1596 2336 1653 merito
2374 1598 2443 1654 ad
2461 1605 2812 1670 quaerendum
2842 1615 3045 1676 movet,
3075 1610 3123 1667 si
3151 1613 3418 1683 generali-

1839 1688 1926 1737 ter
1951 1682 2155 1741 dictum
2183 1694 2300 1754 est,
2359 1706 2378 1740 1
2404 1703 2769 1760 peccaverunt
2814 1713 2924 1754 non
2974 1700 3048 1768 ei,
3078 1721 3098 1757 1
3157 1682 3416 1773 quoniam

1837 1773 1930 1844 qui
1957 1784 2172 1847 peccat,
2215 1794 2324 1836 non
2349 1779 2461 1838 Deo
2486 1793 2711 1853 peccat,
2755 1788 2809 1844 id
2829 1799 2933 1858 est,
2959 1807 3066 1848 non
3093 1793 3206 1851 Deo
3232 1803 3415 1866 nocet,

141 1849 326 1921 junxit
373 1857 596 1915 dicens:
653 1877 674 1912 1
710 1860 846 1929 Quia
896 1877 1094 1922 nomen
1141 1865 1354 1924 Domini
1388 1869 1672 1928 invocabo.
1707 1893 1727 1928 ι
1759 1878 1808 1940 Β
1836 1867 1931 1922 sed
1953 1867 2078 1937 sibi,
2109 1873 2378 1941 quomodo
2401 1849 2806 1948 intelligendum
2831 1883 2903 1939 sit
2933 1887 3078 1956 quod
3107 1888 3160 1944 in
3195 1888 3414 1948 Psalmo

141 1941 355 2003 Nomen
393 1963 522 2022 ergo
550 1949 768 2008 Domini
788 1953 1042 2013 invocare
1077 1965 1160 2014 est
1192 1960 1544 2034 Evangelium
1567 1963 1727 2022 Chri-

137 2035 210 2089 sti
248 2038 592 2106 praadicare:
628 2045 772 2113 quod
807 2047 900 2116 qui
927 2048 1074 2103 audit
1103 2058 1158 2105 et
1185 2050 1317 2108 facit
1366 2053 1495 2112 boni
1547 2056 1728 2128 operis

133 2123 412 2196 fructum,
440 2131 605 2189 caelos
633 2134 751 2191 sine
779 2136 942 2194 dubio
964 2140 1278 2209 possidebit.
1319 2161 1339 2196 1
1362 2144 1497 2201 Date
1517 2123 1728 2220 magni-

131 2213 416 2272 ﬂcentiam
430 2219 540 2276 Deo
569 2231 791 2280 nostro:
814 2225 912 2282 Dei
939 2228 1085 2285 enim
1112 2231 1354 2300 perfecta
1379 2244 1508 2291 sunt
1534 2213 1720 2307 opera,

130 2310 188 2358 et
221 2320 416 2362 omnes
448 2310 551 2365 via:
578 2312 696 2383 ejus
717 2313 943 2383 judicia.
977 2336 1001 2374 1
1059 2319 1406 2393 Magnificare
1433 2326 1722 2386 Dominum

128 2402 214 2448 est
244 2396 590 2466 majestatem
641 2401 946 2465 Salvatoris
979 2411 1143 2467 corde
1177 2415 1418 2482 credulo,
1474 2431 1571 2475 ore
1605 2419 1720 2490 pio,

131 2484 294 2540 simul
335 2503 460 2546 cum
515 2493 675 2553 bonis
704 2498 912 2556 actibus
965 2504 1284 2573 praedicare.
1337 2507 1491 2567 Unde
1549 2484 1721 2571 Maria

129 2583 304 2632 mater
329 2577 545 2639 Domini
588 2585 646 2642 in
689 2587 912 2646 Cantico
950 2593 1028 2648 ait
1061 2611 1074 2648 :
1130 2613 1151 2648 1
1183 2595 1492 2668 Magnificat
1537 2604 1719 2660 anima

129 2679 246 2722 mea
276 2668 568 2730 Dominum
602 2689 618 2731 :
655 2686 710 2735 et
745 2682 1040 2740 exsultavit
1063 2687 1288 2757 spiritus
1315 2705 1470 2748 meus
1507 2693 1564 2748 in
1602 2695 1715 2753 Deo

127 2756 346 2815 salutari
373 2777 502 2820 meo
535 2764 689 2837 (Luc.
718 2767 782 2842 1).
821 2790 841 2825 1
895 2771 1015 2843 Dei,
1057 2756 1268 2849 inquit,
1316 2781 1560 2851 perfecta
1589 2796 1716 2845 sunt

128 2859 306 2949 apem.
353 2853 488 2922 Quae
513 2871 644 2931 ergo
678 2861 772 2919 illa
807 2874 936 2922 sunt
987 2872 1194 2941 opera?
1227 2875 1352 2930 audi
1382 2875 1601 2949 Moysen
1658 2880 1714 2938 in

125 2933 403 2995 Geneseos
448 2947 590 3006 libro
647 2953 966 3013 dicentem:
1023 2933 1251 3033 ilgitur
1301 2933 1532 3036 perfecti
1585 2979 1714 3029 sunt

124 3029 241 3084 οωιί
280 3039 338 3087 et
370 3039 543 3102 terra.
585 3045 641 3093 et
668 3047 845 3097 omnis
871 3059 1094 3109 ornatus
1111 3029 1330 3111 eorum.
1387 3057 1712 3131 Complevit-

1829 1956 2040 2029 legitur.
2079 1977 2100 2013 1
2140 1961 2262 2018 Tibi
2295 1965 2394 2020 soli
2425 1969 2644 2037 peccavi
2691 1968 2865 2032 (Paul.
2901 1975 2976 2045 ι).
3009 1993 3030 2030 1
3069 1977 3139 2039 Ε1
3166 1977 3222 2032 111
3254 1977 3409 2036 Jere-

1826 2049 1937 2105 mia
1965 2065 1979 2103 :
2015 2065 2038 2102 1
2066 2049 2185 2108 Tibi
2212 2058 2575 2127 peccavimus,
2595 2061 2856 2132 patientia
2879 2063 3062 2134 Israel,
3095 2069 3342 2127 Domine.
3379 2090 3400 2127 1

1825 2136 1894 2194 Et
1916 2141 2114 2196 iterum
2151 2143 2206 2198 in
2231 2141 2488 2204 Psalmo:
2543 2168 2564 2204 1
2600 2149 2744 2212 Sana
2780 2157 3017 2214 animam
3052 2173 3247 2227 meam,
3279 2163 3408 2233 quia

1823 2232 2042 2300 peccavi
2073 2232 2172 2288 tibi
2223 2235 2396 2306 (Paul.
2428 2240 2540 2311 111).
2579 2261 2600 2297 1
2643 2243 2712 2300 Et
2737 2255 2922 2303 utrum
2958 2250 3065 2306 hoc
3085 2251 3158 2308 sit
3178 2232 3406 2324 peccare

1822 2319 1955 2388 Deo,
1979 2325 2122 2392 quod
2147 2339 2374 2396 peccare
2396 2330 2452 2386 in
2469 2331 2658 2389 Deum.
2693 2335 2848 2395 Unde
2868 2337 2986 2396 Heli
3009 2319 3284 2415 sacerdos,
3313 2365 3332 2400 1
3353 2348 3402 2404 si

1821 2411 1876 2467 in
1900 2413 2069 2470 Deum
2085 2420 2416 2488 peccaverit,
2438 2424 2561 2494 quis
2585 2427 2764 2484 orabit
2791 2445 2890 2499 pro
2904 2434 3016 2489 eo?
3045 2433 3099 2507 (1
3117 2434 3243 2510 Reg.
3262 2411 3348 2512 ii.)
3375 2459 3395 2494 1

1821 2500 2005 2559 Dicam
2029 2519 2159 2579 ergo
2182 2509 2420 2579 interim,
2441 2516 2569 2584 quid
2588 2518 2643 2572 in
2660 2522 2951 2590 praesentia
2974 2500 3108 2582 mihi
3129 2500 3399 2587 videatur.

1817 2591 2126 2667 Intelligunt
2149 2598 2383 2658 fortasse
2409 2603 2613 2676 aliquid
2633 2608 2824 2668 melius
2845 2615 2940 2684 qui
2952 2615 3146 2673 melius
3172 2617 3289 2675 haec
3313 2637 3402 2678 sa-

1815 2685 2005 2754 piunt;
2037 2695 2132 2744 aut
2155 2690 2322 2747 etiam
2345 2709 2445 2750 nos
2466 2697 2571 2753 alio
2595 2708 2854 2772 tempore,
2896 2709 3112 2777 quando
3134 2712 3402 2783 adiuverit

1817 2775 2097 2836 Dominus.
2143 2779 2380 2840 Peccare
2409 2785 2467 2840 in
2492 2786 2682 2856 Deum,
2726 2799 2810 2847 est
2834 2793 2892 2848 in
2913 2775 3028 2864 his,
3072 2775 3280 2870 quaa'ad
3300 2801 3401 2859 Dei

1814 2870 2019 2929 cultum
2054 2879 2346 2947 pertinent.
2379 2884 2514 2941 Nam
2541 2889 2646 2946 hoc
2670 2891 2816 2960 quod
2842 2899 3286 2966 commemoravi,
3315 2901 3401 2957 ni-

1814 2958 1892 3016 hil
1917 2963 2064 3021 aliud
2092 2969 2320 3028 indicat.
2364 2974 2456 3031 Sic
2484 2978 2630 3034 enim
2672 2958 3086 3051 peccabantiilii
3111 2987 3247 3056 Heli,
3272 2958 3396 3061 qui-

1811 3053 1912 3113 bus
1940 3057 2055 3114 haec
2079 3059 2241 3117 Pater
2261 3079 2450 3122 eorum
2477 3069 2632 3125 dixit.
2675 3069 2766 3130 Sic
2789 3075 2935 3130 enim
2974 3077 3397 3135 existimandum

122 3133 221 3188 que
252 3121 403 3178 Deus
433 3123 522 3182 die
554 3129 786 3198 septimo
817 3146 955 3204 opus
984 3150 1166 3207 suum,
1194 3149 1339 3212 quod
1365 3121 1603 3217 fecerat;
1652 3163 1709 3206 οι
1742 3223 1778 3232 _
1809 3155 1920 3209 est;
1938 3154 2151 3216 peccari
2174 3155 2337 3211 etiam
2360 3159 2412 3210 in
2437 3159 2684 3214 homines
2705 3161 2796 3232 qui
2822 3163 3094 3232 pertinent
3117 3168 3185 3224 ad
3199 3167 3391 3228 Deum.

120 3211 390 3279 requievit
416 3213 503 3272 die
533 3219 760 3288 septimo
789 3223 858 3278 ab
891 3225 1145 3286 universo
1187 3211 1349 3302 opem
1395 3251 1515 3306 suo,
1563 3211 1706 3311 quod
1733 3223 1778 3288 C
1808 3211 1955 3291 Nam—
1972 3238 2075 3294 hoc
2097 3241 2238 3298 Deus
2269 3243 2468 3316 legitur
2489 3211 2690 3307 dixisse
2710 3211 2778 3309 id
2797 3211 3114 3314 Arbimelech
3133 3259 3200 3317 de
3224 3259 3392 3319 Sara:

115 3307 356 3400 patrarat
410 3301 563 3376 (Gen.
602 3309 685 3381 11).
720 3330 741 3364 1
801 3312 946 3385 Opus
982 3332 1112 3391 ergo
1167 3301 1264 3378 Dei
1294 3301 1597 3400 redemptio
1621 3340 1704 3389 est

117 3387 336 3494 humani
386 3399 636 3468 generis:
692 3417 854 3474 quam
900 3387 1118 3480 quando
1167 3416 1398 3486 perfecit
1459 3387 1702 3494 spiritale

113 3478 424 3552 sabbatum,
474 3488 528 3542 in
557 3491 805 3562 sepulcro
854 3478 1200 3569 requiescens
1234 3508 1389 3564 nobis
1439 3478 1726 3585 ostendit.

113 3567 313 3631 Omnes
341 3577 448 3634 via:
480 3579 597 3648 ejus
623 3581 850 3654 judicia,
914 3591 1041 3658 quia
1075 3595 1259 3652 omnia
1289 3601 1542 3658 mandata
1582 3605 1700 3674 ejus

113 3672 256 3717 vera.
283 3663 443 3720 Unde
461 3668 749 3728 Psalmista
777 3677 854 3731 ait
879 3696 891 3732 :
926 3697 945 3731 1
981 3680 1093 3739 Lex
1121 3683 1334 3743 Domini
1357 3663 1702 3762 irreprehen—

107 3752 280 3812 sibilis
298 3799 315 3822 ,
379 3769 702 3821 convertens
757 3767 996 3838 animas,
1063 3776 1434 3837 testimonium
1484 3784 1698 3844 Domini

106 3839 284 3911 ﬁdele,
320 3849 647 3918 sapientiam
674 3867 936 3924 praestans
964 3863 1203 3932 parvulis
1247 3866 1421 3940 (Psal.
1453 3839 1689 3948 ulin

106 3930 168 3988 Et
199 3935 377 3991 item:
413 3957 432 3991 1
463 3939 694 4010 Judicia,
733 3946 927 4016 inquit,
965 3930 1082 4009 ﬁDei
1117 3930 1268 4024 vera,
1290 3930 1604 4028 justificatal
1635 3967 1696 4024 in

99 4025 424 4094 semetipsa.
492 4030 882 4093 Desiderabilia
938 4054 1101 4114 super
1147 4025 1340 4104 aurum
1373 4059 1429 4106 et
1457 4053 1693 4126 lapidem

102 4114 411 4181 pretiosum
439 4121 692 4188 multum,
717 4134 773 4181 et
800 4127 1042 4188 dulciora
1081 4149 1246 4207 super
1276 4139 1381 4195 mel
1407 4149 1461 4197 et
1484 4114 1687 4203 favum.

104 4199 237 4259 Nam
259 4213 321 4262 et
343 4221 536 4266 servus
556 4218 681 4268 tuus
714 4220 952 4274 cuStodit
975 4236 1063 4290 ea,
1109 4199 1169 4280 in
1195 4199 1560 4290 custodiendis
1582 4199 1691 4294 illis

101 4298 392 4354 retributio
412 4302 602 4359 multa.
631 4323 652 4357 1
675 4305 745 4362 Ε1
767 4308 896 4367 alibi
927 4327 944 4367 :
977 4332 999 4366 1
1015 4313 1075 4370 111
1095 4315 1278 4387 labiis,
1305 4321 1506 4395 inquit,
1528 4328 1684 4398 meis,

103 4390 448 4454 pronuntiavi
477 4395 660 4451 omnia
689 4397 894 4468 judicia
942 4403 1054 4463 oris
1082 4409 1182 4466 tui.
1234 4390 1579 4475 Deus—ﬁdelis

1809 3343 1832 3379 1
1873 3327 2166 3400 Propterea
2181 3337 2454 3409 'fpeperci;
2479 3341 2578 3397 tibi
2603 3359 2672 3400 ne
2716 3360 2973 3416 peccares
3015 3349 3072 3406 in
3117 3367 3206 3409 me
3234 3353 3389 3426 (Gen.

1802 3415 1921 3490 xx).
1953 3437 1972 3472 1
2013 3418 2249 3480 Peccare
2289 3437 2468 3484 autem
2504 3415 2760 3502 Domino,
2804 3438 2891 3494 vel
2930 3442 3110 3510 potius
3132 3459 3391 3515 peccasse

1801 3507 2051 3579 Domino,
2091 3517 2196 3572 nisi
2230 3518 2371 3576 forte
2398 3523 2596 3580 alicubi
2641 3529 2905 3600 scriptum
2930 3507 3210 3604 occurrat,
3243 3542 3386 3608 quod

1799 3597 1928 3655 huic
1947 3605 2128 3659 sensui
2158 3609 2398 3678 resistat,
2440 3613 2497 3668 hi
2520 3616 2653 3671 mihi
2681 3619 2936 3676 videntur
2970 3640 3076 3680 non
3113 3625 3388 3688 immerito

1799 3688 1924 3759 dici,
1967 3693 2059 3762 qui
2086 3698 2461 3765 paenitentiam
2496 3705 2644 3775 piam
2682 3713 2893 3780 peccati
2921 3715 3006 3770 sui
3035 3732 3143 3773 non
3196 3729 3384 3790 agunt,

1795 3789 1859 3838 ut
1883 3782 2213 3854 glorificetur
2259 3789 2545 3861 ignescens
2590 3798 2872 3859 Dominus.
2919 3803 3148 3862 Causam
3186 3782 3386 3883 quippe

1795 3875 2027 3934 reddens
2059 3876 2230 3936 David
2259 3884 2347 3939 cui
2375 3884 2612 3944 dixerit:
2673 3907 2694 3944 1
2728 3891 2847 3949 Tibi
2893 3895 2994 3952 soli
3029 3875 3380 3969 peccavi,"et

1793 3971 1996 4028 malum
2018 3990 2203 4033 coram
2244 3987 2299 4035 te
2336 3979 2462 4050 feci,
2493 4002 2512 4040 1
2548 3985 2778 4058 subjecit
2803 3998 2858 4046 et
2877 3992 2993 4049 ait:
3040 4013 3060 4047 1
3095 3995 3381 4069 0111181111-

1790 4061 1935 4116 ceris
1957 4063 2029 4119 ~in
2062 4069 2404 4128 sermonibus
2437 4073 2566 4143 tuis,
2617 4085 2674 4134 et
2719 4080 2906 4139 vincas
2953 4100 3078 4142 cum
3113 4087 3380 4156 judicaris

1791 4148 1965 4223 (Paul.
2003 4154 2077 4228 1.).
2114 4177 2135 4211 1
2189 4158 2316 4216 Sive
2340 4177 2464 4220 cum
2495 4166 2626 4224 dicit
2647 4170 2824 4228 Deus:
2888 4192 2908 4226 1
2944 4148 3190 4236 Iudicate
3231 4148 3377 4240 inter

1788 4258 1877 4300 me
1897 4253 1952 4301 et
1975 4247 2192 4306 vineam
2213 4269 2392 4312 meam
2411 4256 2546 4330 (Isa.
2577 4260 2656 4333 v).
2693 4281 2713 4316 1
2752 4264 2878 4322 Sive
2899 4267 2966 4324 de
2991 4268 3222 4330 Domino
3244 4274 3375 4334 Jesu

1784 4331 2006 4395 Christo
2031 4339 2398 4414 intelligatur,
2445 4349 2540 4419 qui
2576 4331 2724 4410 solus
2746 4357 3028 4414 verissime
3055 4362 3236 4419 dicere
3275 4331 3374 4434 po;

1785 4427 1926 4483 tuit:
1963 4447 1985 4482 1
2018 4430 2177 4489 Venit
2205 4436 2350 4493 enim
2389 4441 2644 4493 princeps
2671 4448 2854 4493 mundi
2885 4449 2974 4493 111ιῖ

1663 4567 1677 4578 ,
1786 4567 1896 4573 -γ-
1918 4567 2084 4577 ..ν-..συν
2153 4567 2241 4579 ...υ
2284 4567 2406 4581 uuln
2452 4567 2616 4586 vvuuo
2642 4567 2727 4588 Αιν
2763 4573 2776 4588 ο
2811 4567 2830 4587 1
2862 4567 2920 4590 ιιι
2939 4567 3023 4592 ῠῦι
3073 4567 3090 4592 ι
3114 4567 3202 4595 υιυ
3243 4567 3368 4598 uuln

103 4567 222 4633 quia
251 4574 405 4642 quod
435 4577 684 4644 promisit
734 4585 924 4650 procul
954 4588 1118 4642 dubio
1147 4592 1409 4660 implevit.
1462 4599 1683 4672 Absque
1705 4569 1761 4632 Β
1783 4612 1996 4678 peccati
2022 4567 2164 4681 quod
2190 4567 2365 4672 erie
2392 4567 2464 4672 si\t
2504 4567 2755 4691 dignum.)
2800 4642 2820 4673 1
2859 4625 2965 4680 Sed
2993 4577 3053 4681 ut
3077 4567 3369 4700 dogntbscat

103 4656 198 4700 nlla
227 4661 521 4700 ίηίηιιῖίοίο
570 4669 693 4700 mh.
721 4673 945 4700 ,νυ-..ξιιμ-
977 4691 1178 4700 -..μ-μ-
1245 4681 1460 4700 ἐμέ-ηομ
1479 4686 1512 4700 -ο
1933 4699 1945 4700 ί

101 4656 202 4713 ulla
226 4661 542 4735 iniquitate,
568 4669 696 4740 quia
719 4673 948 4743 aequitas
975 4691 1206 4747 summa,
1223 4656 1544 4754 “iniquitatis

98 4755 257 4811 Sortia
289 4758 449 4816 nullo
477 4762 638 4819 modo
659 4765 883 4836 recepit.
931 4767 1138 4840 Justus,
1172 4773 1299 4845 quia
1329 4780 1684 4848 peccantibus

99 4854 197 4897 non
226 4851 629 4918 paenitentibus
681 4870 781 4924 pro
806 4858 962 4916 malis
1006 4862 1118 4918 suis
1142 4865 1406 4924 retribuet
1437 4883 1677 4941 poenam.

98 4927 312 5030 licetne,
363 4939 498 5011 quia
525 4942 686 5015 digne
731 4951 1080 5018 operantibus
1105 4963 1162 5010 et
1195 4956 1334 5012 bene
1369 4927 1682 5030 poenitenti-

97 5018 210 5120 hiis,
254 5031 438 5088 vitam
472 5045 813 5107 perpetuam.
865 5059 888 5094 1
918 5042 1284 5105 Peccaverunt
1325 5018 1398 5120 ei,
1441 5069 1550 5111 non
1578 5055 1674 5113 11111

95 5109 204 5179 ejus
234 5119 295 5177 in
315 5123 598 5183 sordibus.
629 5149 650 5182 1
694 5129 973 5198 Quomodo
999 5151 1110 5194 non
1143 5139 1242 5195 ﬁlii
1270 5109 1396 5210 Dei,
1409 5109 1527 5202 nisi
1545 5109 1672 5218 quia

95 5215 194 5305 non
215 5224 284 5266 ex
311 5213 468 5271 ﬁde?
513 5235 532 5269 1
560 5217 834 5291 Quotquot
851 5233 1033 5282 autem
1049 5243 1368 5302 receperunt
1395 5252 1542 5305 eum,
1560 5213 1671 5296 de—

94 5291 169 5347 dit
197 5301 276 5392 eis
312 5313 650 5375 potestatam
678 5309 819 5368 filios
845 5314 942 5370 Dei
963 5315 1102 5384 fieri,
1133 5291 1219 5376 his
1244 5323 1337 5392 qui
1355 5291 1669 5385 magian

95 5386 306 5475 nonnae
333 5406 458 5461 ejus
479 5397 658 5465 (Joan.
685 5402 749 5474 1).
780 5422 802 5456 1
829 5404 982 5462 Unde
1003 5386 1486 5472 Dominus-ludatis
1505 5417 1666 5475 fidem

1781 4699 2038 4762 mundus,
2067 4702 2192 4768 quia
2213 4704 2376 4773 diligo
2394 4713 2644 4775 patrem;
2671 4718 2728 4765 et
2754 4712 2895 4769 sicut
2919 4699 3233 4777 mandatum
3267 4723 3365 4780 de-

1783 4783 1864 4839 dit
1907 4786 2040 4841 mihi
2079 4787 2277 4859 Pater,
2329 4794 2410 4849 sic
2450 4794 2612 4854 facio.
2658 4797 2894 4874 Surgite,
2918 4821 3104 4864 eamus
3151 4811 3297 4868 hinc.
3337 4835 3358 4868 1
3451 4847 3455 4850 -

1783 4871 2062 4947 Tanquam
2089 4880 2326 4940 diceret:
2373 4884 2550 4943 Etiam
2573 4889 2618 4944 si
2650 4871 2920 4951 levissima
2959 4908 3180 4970 peccata
3208 4919 3359 4959 mor-

1782 4967 1852 5024 tis
1885 4971 2143 5041 supplicio
2159 4987 2534 5048 persequatur,
2560 4983 2814 5057 princeps
2836 4967 3022 5048 mundi
3045 4993 3101 5050 in
3132 5010 3219 5050 me
3245 5013 3355 5053 non

1777 5060 1941 5119 habet
1967 5065 2280 5138 quidquam.
2313 5069 2422 5127 Sed
2451 5075 2676 5146 surgite,
2706 5091 2892 5136 eamus
2918 5082 3063 5151 hinc,
3095 5085 3150 5141 id
3184 5096 3268 5143 est
3297 5097 3359 5143 ut

1773 5152 1972 5220 patiar.
2021 5154 2157 5222 Quia
2207 5157 2264 5214 in
2295 5175 2360 5216 eo
2389 5164 2532 5232 quod
2560 5167 2756 5236 patior,
2788 5170 3118 5231 voluntatem
3155 5176 3355 5248 impleo

1775 5240 1955 5297 Patris
1995 5245 2124 5312 mei,
2154 5261 2261 5303 non
2286 5263 2503 5319 plenam
2539 5255 2688 5312 solvo
2722 5263 2932 5330 peccati
2962 5264 3089 5319 mei.
3116 5265 3184 5320 Et
3207 5240 3352 5337 quod

1771 5330 2036 5391 Jeremias
2080 5338 2195 5394 ait:
2254 5359 2274 5392 1
2310 5342 2428 5399 Tibi
2461 5339 2821 5418 peccavimus,
2851 5354 3116 5418 patientia
3157 5330 3345 5425 Israel,

1773 5425 1997 5482 Domine
2026 5428 2242 5500 (Jerem.
2284 5434 2397 5504 xw)
2431 5454 2442 5490 :
2480 5457 2500 5490 1
2552 5441 2739 5510 utique
2783 5443 3096 5512 suppliciter
3145 5447 3346 5503 dicitur

1767 5517 1825 5573 in
1853 5519 2168 5589 paenitentia
2194 5538 2317 5580 cum
2342 5541 2436 5598 spe
2461 5529 2652 5586 salutis
2679 5546 2743 5586 ex
2777 5533 2953 5601 venia,
2991 5542 3047 5590 et
3088 5539 3232 5607 quod
3258 5539 3346 5594 111-

1767 5619 1915 5667 ctum
1938 5623 2058 5671 est:
2094 5635 2113 5669 1
2153 5617 2296 5676 Sana
2323 5623 2563 5680 animam
2608 5643 2781 5682 meam
2827 5630 3084 5700 quoniam
3121 5636 3343 5704 peccavi

1764 5704 1862 5758 tibi
1905 5704 2076 5776 (Psal.
2108 5711 2236 5783 XL);
2274 5733 2292 5766 1
2347 5715 2449 5772 hoc
2500 5719 2638 5771 idem
2676 5720 2873 5789 agitur,
2910 5729 2970 5775 ut
3019 5722 3161 5778 Deus
3193 5725 3344 5796 igno-

1761 5798 1960 5853 scendo
1984 5799 2327 5870 glorificctur.
2379 5805 2512 5874 Quia
2550 5824 2744 5880 magna
2768 5819 2852 5865 est
2894 5810 3008 5882 ejus
3032 5815 3340 5876 miseriter.

2744 5904 2815 5967 3i

94 5471 203 5540 ejus
224 5481 478 5552 recipere
502 5471 827 5559 nolentibus,
863 5504 919 5550 et
942 5498 1243 5558 doctrinam
1261 5505 1378 5575 ejus
1405 5521 1666 5577 spernen-

95 5563 250 5635 tibus,
281 5573 361 5628 ait
391 5592 407 5630 :
445 5595 464 5628 1
504 5578 611 5634 Vos
629 5593 696 5636 ex
719 5593 872 5652 patre
900 5588 1111 5647 diabolo
1130 5563 1366 5662 estis,'et
1393 5563 1661 5658 desideria

94 5659 256 5750 patris
281 5667 453 5722 vestri
483 5669 646 5727 vultis
682 5672 878 5734 facere.
919 5679 1012 5738 Ille
1042 5659 1312 5744 homicida
1344 5689 1660 5750 111111111ίηὶ-

96 5743 164 5802 tio
186 5760 241 5808 et
267 5753 410 5812 latro
451 5758 632 5829 (Joan.
656 5765 794 5836 vm).
831 5787 851 5822 1
902 5771 968 5827 Ε1
1012 5774 1316 5849 Stephanus

366 5853 641 5921 PATROL.
687 5861 901 5928 CVlll.
