3976 6340
491 332 594 403 ςῗὶ

1167 319 2176 390 ’ΒΤΒἏΒἉΝΓΜΑΗΒΓΑΒΟΗΙΕΕ
2199 319 2525 386 uocum;
2543 324 2833 384 omnem
2865 323 3047 410 rans
3080 327 3122 383 ι.
3681 337 3783 396 9η

491 461 600 524 dia,
644 464 706 512 ut
731 453 957 510 redeant
993 454 1064 507 ad
1104 459 1230 502 eum
1257 443 1352 514 qui
1383 442 1514 500 dicit
1552 456 1612 498 se
1663 441 1806 498 nolle
1853 449 2085 516 mortem
2113 440 2167 504 Α
2189 436 2280 495 hic
2308 453 2417 494 non
2451 436 2679 508 quilibet
2702 436 2925 492 hebetes
2973 445 3029 490 et
3062 435 3256 504 stulti,
3300 441 3397 498 sed
3425 441 3690 504 doctores
3716 448 3784 506 lae

489 542 812 621 peccatoris,
851 543 1060 594 tantum
1090 544 1151 590 ut
1195 542 1506 590 revertatur
1545 541 1600 587 et
1639 533 1807 588 vivat.
1857 529 1992 585 lline
2028 536 2084 586 et

490 645 603 715 ipse
624 637 795 696 David
813 649 923 692 non
949 631 1125 690 solum
1164 630 1219 686 in
1245 628 1491 694 Psalmo,
1537 642 1728 682 verum
1756 625 1925 680 etiam
1959 638 2082 680 cum

491 732 759 794 Dominus
787 731 1044 800 argueret
1063 737 1189 780 eum
1215 735 1315 792 per
1348 721 1690 796 prophetam,
1716 734 1825 775 non
1851 717 1968 774 sine
1989 731 2085 790 spe

489 822 897 898 propitiationis
925 817 1142 876 Domini
1180 815 1488 888 respondit:
1541 831 1561 868 t
1596 812 1824 872 Peccavi
1855 811 2086 868 Domino

494 921 582 996 (11
635 920 766 990 Reg.
826 915 949 989 xu).
986 933 1007 968 ι
1074 911 1282 968 Medico
1329 909 1474 968 enim
1518 907 1831 968 vulneratus
1874 905 2085 964 videtur

491 1008 916 1085 quodammodo,
967 1005 1061 1076 qui
1103 1013 1162 1062 ut
1211 1008 1472 1070 sanetur,
1511 1001 1696 1058 subdit
1729 1014 1790 1056 se
1836 997 2086 1058 manibus

493 1103 711 1171 medici,
764 1099 910 1158 utin
941 1111 1010 1156 eo
1047 1109 1186 1166 opus
1209 1093 1492 1152 medicinae
1538 1090 1844 1163 impleatur.
1896 1089 1957 1146 ln
1983 1089 2086 1146 hoc

492 1203 675 1258 autem
704 1191 916 1250 cantico
934 1187 1256 1260 providebat
1277 1185 1544 1258 prepheta
1557 1182 1780 1240 futuros
1799 1182 2086 1254 quosdam,

493 1287 587 1358 qui
617 1285 698 1344 sic
723 1288 882 1342 erant
907 1278 1187 1352 peccaturi
1236 1275 1489 1342 Domino,
1523 1273 1842 1334 etl‘endendo
1875 1272 2088 1346 magnis

494 1375 872 1450 iniquitatibus
891 1373 1030 1438 suis,
1057 1379 1119 1428 ut
1145 1383 1246 1428 nec
1271 1368 1648 1440 penitentiam
1675 1382 1839 1440 agere
1865 1367 2085 1433 vellent,

492 1480 548 1532 et
589 1469 662 1528 ad
688 1466 980 1530 Dominum
1008 1462 1220 1528 redire,
1279 1469 1346 1517 ut
1377 1467 1724 1518 sanarentur.
1775 1458 1854 1517 De
1893 1459 2088 1531 quibus

492 1563 660 1620 etiam
681 1560 920 1620 dicitur:
955 1576 974 1610 ι
1006 1555 1276 1626 Quoniam
1299 1569 1429 1611 caro
1457 1560 1606 1620 sunt,
1631 1561 1691 1612 et
1717 1552 1945 1624 spiritus
1969 1565 2087 1608 am-

490 1654 686 1714 bulans
737 1660 798 1710 et
846 1667 956 1712 non
1005 1657 1286 1706 revertens
1337 1646 1516 1719 (Paul.
1569 1645 1798 1716 Lxxvu).
1834 1663 1856 1699 ι
1905 1643 2090 1702 Potest

492 1740 658 1802 etiam
676 1739 760 1798 sic
791 1735 1053 1808 intelligi,
1081 1740 1447 1804 peccaverunt
1469 1745 1578 1788 non
1619 1731 1672 1788 ei
1695 1728 1995 1788 secundum
2035 1727 2089 1783 id

2184 530 2266 602 gis
2290 537 2345 584 et
2368 529 2753 599 praedicatores
2776 527 3052 600 Evangelii
3084 528 3416 601 intelligendi
3450 544 3620 602 sunt;
3657 555 3786 610 quo-

2186 633 2307 674 rum
2343 615 2602 672 doctrinis
2634 623 2689 672 et
2718 615 2982 684 exemplis
3009 623 3189 687 potest
3205 615 3370 673 homo
3389 624 3456 677 ad
3478 623 3784 696 intelligen-

2185 709 2319 766 tiam
2343 707 2580 764 divinam
2603 705 2890 782 proﬁcere.
2913 705 3068 764 Unde
3080 708 3374 782 Apostolus
3390 714 3461 769 ad
3473 713 3783 776 Corinthios

2185 801 2431 882 scribens
2457 801 2572 858 ait:
2612 818 2632 853 t
2667 799 2806 856 Nam
2837 798 2885 855 si
2928 799 3117 856 decem
3162 802 3330 857 millia
3366 805 3785 880 predagogorum

2184 893 2432 950 habeatis
2469 893 2525 951 in
2550 891 2790 958 Christo,
2833 891 2928 947 sed
2954 907 3066 948 non
3097 892 3298 950 multos
3319 905 3525 954 patres.
3574 897 3718 956 Nam
3738 902 3783 956 in

2187 981 2404 1043 Christo
2423 984 2546 1042 Jesu
2579 999 2679 1055 per
2705 983 3086 1058 Evangelium,
3111 985 3227 1055 ipse
3251 1001 3346 1043 vos
3375 989 3542 1060 genui
3573 989 3626 1050 (ι
3671 991 3782 1047 Cor.

2186 1078 2283 1152 tv).
2318 1099 2336 1132 ι
2379 1079 2450 1135 Ει
2479 1079 2546 1135 ad
2583 1075 2842 1135 Hebraeos
2878 1095 2891 1133 :
2916 1113 2920 1116 -
2948 1097 2968 1132 ‹
2999 1079 3196 1137 Patres
3225 1081 3448 1154 quidem
3476 1084 3674 1142 carnis
3702 1101 3784 1148 no-

2187 1181 2320 1232 strae
2343 1171 2649 1229 eruditores
2677 1171 2989 1239 habuimus,
3014 1180 3072 1228 et
3098 1173 3487 1230 reverebamur
3509 1191 3610 1233 eos
3636 1194 3649 1230 :
3692 1193 3784 1234 non

2187 1265 2359 1323 multo
2397 1268 2570 1339 magis
2597 1265 3094 1338 obtemperabimus
3119 1266 3270 1326 Patri
3306 1270 3608 1342 spirituum
3639 1279 3696 1327 et
3718 1273 3782 1330 vi-

2187 1357 2421 1416 vemus?
2452 1357 2518 1416 Et
2553 1357 2631 1414 illi
2654 1357 2876 1432 quidem
2903 1358 2960 1414 in
2984 1367 3229 1430 tempore
3257 1374 3564 1431 paucorum
3590 1365 3784 1422 dierum

2189 1449 2488 1508 secundum
2511 1449 2848 1507 voluntatem
2870 1464 3028 1506 suam
3052 1435 3375 1510 erudiebant
3394 1469 3537 1510 nos:
3577 1454 3676 1511 hic
3702 1472 3783 1511 au-

2189 1549 2301 1600 tem
2326 1540 2395 1598 ad
2414 1539 2468 1596 id
2494 1540 2638 1612 quod
2663 1537 2796 1596 utile
2821 1547 2938 1607 est,
2966 1539 3024 1598 in
3063 1540 3376 1612 recipiendo
3405 1545 3784 1605 sanctiﬁcatio.

2189 1649 2317 1694 nem
2342 1631 2457 1704 ejus
2485 1631 2672 1706 (Hebr.
2697 1631 2820 1707 xu).
2863 1651 2883 1685 ι

2269 1747 2289 1779 ι
2326 1725 2553 1795 Quando
2583 1725 2859 1782 dividebat
2883 1724 3195 1784 Altissimus
3222 1736 3436 1800 gentes,
3464 1731 3694 1803 quando
3714 1747 3783 1790 se-

809 1794 1116 1886 nocue‘run-t
1139 1833 1364 1900 peccato
1411 1839 1530 1889 suo,
1568 1821 1664 1880 sed
1692 1822 1814 1880 sibi.
1849 1839 1868 1870 ε
1911 1818 2089 1878 Genc-
2115 1816 2166 1881 Β
2191 1794 2218 1876 it
2251 1818 2478 1892 parabat
2521 1815 2660 1874 ﬁlios
2698 1815 2868 1872 Adam
2901 1833 2916 1872 :
2956 1794 3251 1874 Constituit
3275 1794 3547 1878 terminos
3575 1824 3782 1896 populo-

492 1923 636 1980 ratio
653 1935 821 1993 prava
849 1927 1014 1989 atque
1029 1933 1306 1989 perversa.
1331 1915 1570 1974 haeccine
1590 1914 1773 1972 reddis
1791 1912 2043 1970 Domino?
2064 1931 2085 1966 ι

497 2012 672 2070 Simili
696 2011 870 2084 elogio
902 2025 1091 2067 eorum
1122 2007 1407 2082 perﬁdiam
1434 2005 1683 2064 Salvator
1713 2004 1769 2064 in
1795 2004 2094 2077 Evangelia

500 2102 908 2175 denotavitgqui
937 2100 1273 2157 tentantibus
1297 2097 1578 2170 etsignum
1603 2113 1636 2154 a
1651 2113 1708 2152 se
1727 2096 2095 2170 qumrentibul

499 2193 778 2266 respondit
817 2191 1044 2250 dicens:
1090 2207 1110 2242 ι
1138 2189 1431 2248 Generatio
1453 2203 1620 2260 prava
1645 2194 1811 2256 atque
1833 2200 2095 2257 perversa

495 2286 707 2361 signum
735 2284 956 2356 qumrit,
976 2291 1032 2340 et
1049 2283 1262 2357 signum
1284 2295 1396 2338 non
1409 2279 1626 2336 dabitur
1648 2279 1720 2346 ei,
1747 2277 1854 2334 nisi
1879 2277 2095 2348 signum

495 2377 646 2436 lente
673 2363 1183 2450 prophetmullotth.
1207 2372 1328 2445 xu).
1359 2391 1376 2428 ›
1404 2371 1495 2428 Sic
1521 2379 1577 2426 et
1591 2370 1831 2430 Joannes
1850 2369 2096 2440 Baptista

499 2468 675 2528 turbis
699 2465 1010 2526 Judteorum
1031 2465 1102 2520 ad
1131 2476 1192 2520 se
1225 2461 1587 2532 venientibus,
1613 2461 1691 2516 ait
1717 2480 1730 2518 :
1761 2478 1781 2512 ι
1809 2460 2096 2518 Genimina

496 2563 824 2633 viperarum,
856 2559 980 2632 quis
1000 2559 1238 2620 ostendit
1265 2559 1419 2620 vobis
1442 2557 1630 2630 fugere
1655 2574 1686 2614 a
1713 2566 1942 2616 ventura
1978 2557 2098 2614 ira?

498 2652 684 2708 Facite
710 2667 844 2722 ergo
874 2649 1086 2710 fruetus
1113 2651 1306 2723 dignos
1340 2649 1710 2720 pmnitentite:
1739 2657 1796 2708 et
1821 2663 1890 2706 ne
1920 2647 2100 2724 velitis

497 2743 700 2814 dicere,
727 2741 946 2800 Patrem
969 2742 1234 2798 habemus
1254 2741 1552 2798 Abraham.
1573 2739 1760 2798 Potest
1783 2737 1926 2794 enim
1956 2737 2098 2796 Deus

497 2836 565 2892 de
600 2835 871 2910 lapidibus
929 2834 1050 2894 istis
1094 2832 1360 2892 suscitare
1411 2831 1550 2890 ﬁlios
1599 2830 1832 2888 Abrahae
1877 2827 2097 2902 (Matth.

2199 1931 2219 1965 ε
2255 1928 2374 1970 rum
2407 1907 2564 1982 juxta
2589 1922 2877 1967 numerum
2914 1909 3149 1968 ﬁliorum
3183 1907 3397 1968 Israel:
3441 1912 3587 1970 Pars
3619 1923 3781 1972 autem

2199 2022 2220 2060 ι
2253 2002 2488 2069 Domini,
2517 2000 2750 2076 populus
2778 1999 2930 2071 dus;
2959 2001 3127 2060 Jacoh
3153 2001 3431 2062 funiculus
3456 2005 3783 2064 hereditatis

2200 2114 2220 2149 ‹
2256 2096 2392 2169 ejus.
2426 2113 2445 2150 ι
2476 2092 2734 2151 Historiae
2755 2092 3149 2151 ordinationem
3173 2094 3267 2152 dat
3289 2094 3356 2152 de
3379 2095 3616 2154 humani
3641 2113 3783 2172 geno-

2195 2187 2271 2246 ris
2321 2185 2703 2245 distributione
2757 2201 2770 2240 :
2823 2184 2952 2257 quia
3003 2199 3132 2242 eum
3176 2183 3468 2244 multitudo
3513 2188 3784 2246 hominm

2198 2291 2348 2342 tanta
2375 2285 2480 2354 sit,
2522 2290 2585 2342 ut
2611 2298 2802 2342 eorum
2840 2283 3204 2342 numerositas
3241 2283 3483 2340 humana
3509 2292 3786 2354 computa-

2197 2377 2348 2434 tione
2367 2375 2754 2450 comprehendi
2782 2389 2892 2432 non
2921 2373 3126 2446 possit,
3171 2373 3318 2430 solos
3347 2373 3484 2432 ﬁlios
3524 2373 3700 2430 Israel
3725 2373 3788 2431 de

2200 2479 2352 2530 tanta
2402 2470 2750 2528 multitudine
2793 2469 2852 2526 in
2899 2484 3060 2528 suam
3109 2467 3487 2530 haereditatem
3531 2467 3787 2524 Dominus

2198 2562 2378 2634 elegit,
2411 2569 2474 2618 ut
2489 2575 2698 2619 nomen
2719 2574 2880 2618 suum
2909 2567 2964 2616 et
2986 2559 3286 2630 potentiam
3309 2573 3470 2616 suam
3496 2565 3690 2616 notam
3713 2556 3786 2612 t‘a—

2199 2657 2370 2716 ceret,
2395 2658 2454 2708 et
2474 2649 2770 2708 voluntatis
2797 2663 2911 2706 suae
2942 2656 3158 2706 secreta
3191 2662 3292 2721 per
3333 2647 3475 2720 legis
3511 2646 3718 2717 judicia
3739 2654 3786 2702 et

2197 2743 2592 2818 prophetarum
2616 2743 2818 2814 scripta
2847 2740 3226 2812 manifestaret
3248 2758 3266 2794 :
3293 2739 3444 2800 sicut
3463 2740 3718 2811 superius
3740 2739 3788 2794 ia

2198 2835 2454 2912 praesenti
2481 2833 2626 2892 libro
2653 2831 3026 2890 manifestavit
3056 2832 3243 2892 dicens
3277 2850 3292 2885 :
3337 2849 3359 2886 ι
3395 2829 3474 2888 Te
3505 2831 3674 2904 elegit
3697 2829 3788 2886 De

498 2926 609 3000 tu).
645 2909 665 2979 ί
698 2924 991 2984 Generatio
1020 2925 1220 2998 quippe
1252 2922 1560 2980 Judaeorum
1589 2935 1760 2994 prava
1793 2925 1958 2990 atque
1980 2932 2100 2989 pero
2133 2909 2136 2912 ’
2200 2909 2382 2986 minus
2425 2925 2571 2984 Deus
2613 2935 2760 2992 tuus,
2801 2933 2864 2982 ut
2903 2925 2979 2980 sis
3005 2924 3060 2981 ei
3089 2923 3334 2998 populus
3375 2923 3692 2995 paciﬁcis,
3731 2918 3788 2974 de

495 3030 655 3072 versa
680 3030 894 3090 semper
917 3016 1042 3084 fuit,
1070 3031 1189 3086 qum
1209 3014 1426 3090 ingrata
1444 3010 1838 3070 beneﬁciist
1857 3008 2098 3078 exatitit;
2201 3017 2414 3074 cunctis
2435 3015 2649 3088 populis
2687 3017 2785 3090 qui
2823 3023 2952 3074 amt
2977 3029 3142 3080 super
3166 3023 3371 3066 terram
3399 3007 3592 3081 (Deut.
3618 3009 3732 3080 vn).
3763 3028 3782 3064 ι

497 3121 529 3162 e
559 3103 835 3162 contrario
861 3115 1076 3174 semper
1115 3107 1576 3174 transgressiones
1604 3104 1806 3170 varias,
1831 3101 2101 3160 idolorum
2203 3105 2322 3164 Non
2347 3108 2476 3174 quia
2517 3113 2742 3158 cunctas
2773 3105 2972 3174 gentes
3009 3114 3242 3158 numero
3272 3099 3606 3170 vincdiatis,
3641 3101 3788 3158 vobis

497 3196 688 3256 sordes
708 3203 870 3268 atque
889 3192 1226 3250 irritationes
1251 3192 1604 3264 rependebat.
1655 3208 1676 3242 ε
1709 3189 1912 3264 Popule
1938 3189 2102 3247 stulte
2127 3177 2175 3240 (ἶ
2199 3193 2422 3270 junctus
2445 3198 2531 3250 est
2553 3190 2818 3250 Dominus
2841 3199 2898 3248 et
2917 3185 3081 3262 elegit
3103 3206 3228 3260 vos.I
3243 3206 3378 3250 cum
3402 3194 3658 3252 omnibus
3681 3194 3792 3252 sitis

497 3293 557 3342 et
601 3284 865 3356 insipiens
891 3323 906 3350 ,
945 3282 1193 3354 nunquid
1222 3298 1330 3341 non
1358 3281 1476 3354 ipse
1513 3287 1598 3337 est
1620 3288 1779 3353 pater
1805 3287 1959 3348 tuus,
2006 3281 2101 3352 qui
2203 3283 2417 3360 populis
2444 3283 2750 3358 pauciores,
2782 3283 2880 3342 sed
2907 3282 3036 3353 quia
3063 3283 3256 3342 dilexit
3293 3301 3394 3344 vos
3435 3287 3720 3352 Domus,
3741 3295 3792 3342 et

498 3373 744 3447 possedit
779 3379 835 3428 et
869 3371 1000 3432 fecit
1031 3380 1090 3428 et
1113 3371 1319 3428 creavit
1344 3372 1438 3428 te?
1474 3391 1493 3428 ι
1537 3370 1699 3428 Pater
1719 3371 2102 3432 universorum
2205 3375 2887 3448 custodivitjuramentnm
2909 3377 3058 3449 quod
3073 3376 3284 3448 iuravit
3307 3381 3561 3450 patrihus
3581 3382 3790 3445 vestris,

499 3475 556 3530 et
599 3465 850 3524 conditor
895 3463 1194 3522 secundum
1225 3470 1436 3522 natura:
1481 3463 1785 3536 potentiam
1828 3465 1974 3546 Deus
2019 3470 2102 3532 est
2205 3473 2262 3522 et
2283 3466 2473 3523 eduxit
2495 3482 2593 3524 vos
2627 3467 2682 3526 in
2711 3483 2874 3534 manu
2899 3466 3052 3538 forti,
3082 3476 3142 3527 et
3167 3470 3400 3528 redemit
3419 3486 3523 3530 vos
3545 3473 3616 3530 de
3639 3487 3796 3530 manu

498 3573 680 3624 unus,
731 3574 750 3612 ‹
777 3555 906 3626 quia
935 3556 1004 3612 ab
1033 3555 1150 3630 ipso
1184 3563 1242 3612 et
1283 3569 1380 3626 per
1425 3555 1602 3630 ipsum
1630 3563 1687 3614 et
1729 3555 1786 3632 in
1825 3553 1952 3628 ipse
1975 3561 2103 3614 sunt
2205 3557 2510 3616 Pharaonis
2555 3559 2698 3630 regis
2763 3558 3021 3632 Egypti,
3074 3567 3134 3616 et
3181 3561 3322 3618 scies
3361 3563 3494 3636 quia
3541 3562 3801 3621 Dominus

503 3649 708 3704 omnia.
749 3667 768 3701 ι
803 3647 1022 3706 Creavit
1069 3661 1198 3720 ergo
1229 3647 1372 3706 Deus
1414 3648 1689 3706 hominem
1733 3648 1951 3720 quando
1980 3663 2101 3707 πηι-
2205 3650 2352 3714 Deus
2374 3658 2525 3718 tuus,
2550 3649 2666 3724 ipse
2691 3657 2776 3708 est
2797 3649 2942 3710 Deus
2966 3659 3118 3720 tuus,
3146 3651 3296 3710 fortis
3317 3663 3372 3708 et
3391 3652 3592 3717 ﬁdelis,
3618 3665 3804 3711 custo-

501 3741 700 3800 teriam
738 3737 882 3800 unde
905 3737 1131 3798 formari
1171 3747 1389 3812 posset,
1419 3739 1674 3798 condidit.
1706 3739 1860 3798 Fecit
1883 3738 2106 3814 quando
2206 3739 2362 3798 dicas
2396 3747 2614 3814 pactum
2651 3747 2706 3796 et
2747 3739 3175 3796 misericordiam
3209 3739 3554 3812 diligentibus
3596 3757 3664 3801 ac
3685 3783 3707 3809 ,
3753 3755 3804 3803 α

501 3832 652 3888 illum
677 3832 748 3892 ad
779 3831 1070 3908 imaginem
1101 3841 1160 3888 et
1188 3831 1601 3892 similitudinem
1638 3847 1793 3890 suam
1821 3831 2102 3890 formavit.
2205 3831 2311 3896 his,
2346 3831 2438 3904 qui
2465 3831 2779 3890 custodiunt
2815 3839 3154 3903 praceme
3179 3831 3316 3904 eius,
3352 3833 3412 3892 in
3436 3833 3598 3892 mille
3635 3849 3800 3908 gene-

499 3923 796 3992 Possedit,
851 3923 1068 3994 quando
1102 3923 1344 3994 expulsis
1391 3924 1672 3980 erroribus
1710 3939 1808 3996 per
1847 3924 2010 3984 ﬁdem
2048 3932 2106 3984 et
2206 3925 2484 3992 rationes;
2514 3932 2572 3982 et
2591 3923 2830 3980 reddens
2853 3924 3164 3990 odientibus
3186 3939 3266 3991 se,
3291 3925 3480 3984 statim
3503 3936 3570 3984 ut
3595 3927 3799 3996 disper-

503 4014 738 4086 gratiam
767 4028 924 4068 suam
951 4013 1268 4070 vindicavit.
1311 4011 1551 4086 Populus
1573 4029 1704 4087 ergo
1724 4015 1922 4078 stultus
1943 4023 1998 4070 et
2023 4015 2106 4076 in—
2207 4015 2304 4074 dat
2327 4029 2441 4086 eos,
2470 4022 2528 4072 et
2553 4011 2698 4070 ultra
2721 4028 2831 4072 non
2857 4012 3094 4082 diderat,
3119 4017 3374 4086 pretim
3391 4017 3477 4074 eis
3509 4018 3797 4076 meum

504 4104 708 4176 sipiens
732 4103 1154 4160 fuitJudaeorum
1176 4119 1332 4176 gens,
1352 4122 1474 4178 quae
1498 4121 1599 4164 nec
1622 4116 1925 4166 creatorem
1947 4121 2105 4168 sulm
2208 4105 2356 4180 quod
2389 4112 2690 4168 merentur.
2719 4103 2942 4164 Custodi
2977 4119 3108 4178 ergo
3137 4115 3424 4178 praetenta
3465 4115 3522 4163 et
3541 4121 3801 4166 cereno»

506 4202 562 4250 et
591 4192 855 4247 factorem
881 4207 1042 4261 quem
1085 4193 1174 4250 lex
1223 4195 1666 4258 manifestissime
1691 4199 1794 4258 sibi
1844 4200 2104 4272 ostendit,
2208 4200 2331 4260 nias
2359 4208 2524 4270 atque
2543 4197 2752 4270 judicia
2769 4237 2784 4266 ,
2812 4212 2932 4272 quae
2953 4211 3058 4268 ego
3085 4198 3288 4256 mande
3309 4197 3412 4256 tibi
3449 4199 3614 4258 δοιῇ
3633 4209 3700 4256 at
3719 4199 3798 4256 fa-

506 4285 668 4358 digno
689 4283 838 4344 cultu
863 4286 1226 4342 venerabatur
1253 4306 1268 4346 :
1323 4303 1424 4344 nec
1452 4289 1570 4360 ejus
1589 4290 1842 4350 beneﬁcii
1875 4305 2106 4362 memor,
2209 4293 2346 4356 cias.
2374 4293 2685 4354 Secundum
2715 4291 2880 4352 aliam
2909 4300 3091 4352 autem
3115 4291 3416 4351 editionem
3441 4294 3795 4366 nhilqitnr:

505 4391 612 4452 quo
636 4377 789 4438 illum
810 4377 866 4434 in
885 4373 1126 4453 Egypto
1150 4392 1248 4450 per
1277 4379 1538 4439 miracula
1574 4389 1739 4454 atque
1766 4384 2012 4456 prodigia
2039 4385 2107 4444 de
2213 4403 2236 4438 ι
2273 4384 2480 4446 Statuit
2503 4384 2556 4446 ei
2598 4383 2860 4448 mutinae
2893 4383 3136 4456 centium
3163 4384 3486 4442 aculmina
3519 4401 3796 4443 nulla-II

504 4490 671 4532 manu
702 4472 1048 4532 inimicorum
1083 4487 1303 4540 eruens,
1331 4474 1640 4544 specialiter
1681 4477 1943 4550 possedit,
1973 4478 2107 4538 dans
2133 4535 2184 4550 _
2213 4478 2528 4550 angelorum
2560 4476 2678 4536 Dei.
2709 4496 2732 4530 ι
2763 4477 2832 4534 Et
2855 4476 2912 4532 in
2935 4475 3172 4536 Danielis
3199 4475 3428 4541 visione,
3457 4477 3553 4534 ubi
3583 4477 3796 4549 agdn

508 4564 587 4624 illi
615 4564 682 4620 de
702 4564 842 4624 coelo
868 4578 1088 4630 manna,
1112 4573 1170 4619 et
1194 4535 1449 4622 ducatum
1481 4566 1538 4624 in
1567 4535 1706 4626 mari
1735 4535 2104 4641 Rubro-atque
2131 4535 2189 4604 θ
2211 4535 2544 4642 dept'incipe
2559 4535 2854 4630 Persarum
2871 4569 2979 4625 albi
2992 4535 3290 4625 resistente
3305 4535 3798 4638 utramuis-lett

509 4658 565 4716 in
593 4657 812 4713 deserto
839 4670 940 4732 per
959 4653 1262 4726 angelicum
1287 4657 1649 4714 ministerium
1667 4662 1934 4726 praebens.
1961 4663 2104 4718 idola
2207 4663 2360 4716 aliud
2375 4655 2536 4716 nobis
2553 4655 2834 4718 insinuare
2851 4655 3175 4730 (Demitur).
3190 4659 3523 4734 Angelormn
3545 4665 3696 4718 mili
3709 4663 3798 4717 ἠ-

510 4745 616 4808 sibi
642 4744 965 4818 fabricavit;
1013 4752 1179 4818 atque
1200 4745 1306 4802 illis
1336 4745 1577 4804 divinum
1618 4748 1884 4810 honorem
1911 4759 2104 4814 contu-
2209 4748 2434 4812 historia
2455 4757 2832 4826 superstantes
2845 4751 3087 4823 singulas
3103 4760 3162 4810 et
3175 4765 3344 4824 super
3359 4754 3618 4811 homines
3633 4757 3800 4826 silp-

509 4838 596 4906 lit,
634 4845 690 4895 et
727 4836 1006 4897 sacriﬁcia
1041 4837 1360 4899 stultissime
1385 4839 1652 4912 impendit
1695 4842 1880 4923 dicens
1907 4861 1920 4897 :
1977 4861 1999 4896 ι
2034 4841 2102 4902 ω
2210 4840 2298 4904 les
2310 4841 2562 4900 ordinata
2581 4842 2894 4909 creduntur,
2917 4850 3184 4913 quatenus
3204 4844 3306 4900 sub
3327 4847 3800 4918 margini:

511 4939 637 4994 sunt
657 4931 732 4990 dii
761 4930 860 4998 tui,
890 4930 1078 4999 Ismel,
1105 4933 1198 5004 qui
1231 4933 1538 4994 eduxerunt
1575 4941 1630 4994 te
1658 4933 1724 4992 de
1763 4944 1909 4994 terra
1935 4934 2102 5008 Egyv:
2209 4939 2376 5004 aleae
2403 4932 2716 4993 defensione
2745 4936 2982 4995 human!
2999 4933 3368 5005 malum
3390 4937 3802 5011 ἀφείη

509 5026 608 5100 pti.
668 5024 940 5088 Memento
968 5025 1179 5084 dierum
1229 5028 1581 5096 antiquorum
1602 5065 1618 5092 ,
1663 5025 1842 5102 cogita
1885 5043 2109 5101 genera-
2214 5025 2601 5098 emnipetentis
2626 5027 2726 5087 Dei
2747 5027 3086 5100 adiiciatur,
3109 5036 3272 5098 atque
3294 5029 3370 5085 ab
3387 5028 3637 5086 iniu‘eis
3665 5039 3804 5088 tle-

512 5115 692 5174 tiones
715 5115 980 5187 singulas.
1027 5115 1308 5188 Interroga
1351 5121 1565 5187 patrem
1596 5121 1772 5184 tuum,
1817 5123 1874 5174 et
1901 5132 2110 5180 annun—
2215 5127 2324 5176 tur.
2374 5117 2530 5176 Unde
2571 5119 2839 5178 Dominus
2869 5119 2942 5178 de
2971 5119 3216 5189 pet-vidis
3260 5119 3318 5176 in
3356 5119 3670 5192 Evangelia
3705 5135 3807 5180 III

515 5207 672 5268 tiabit
697 5207 826 5278 tibi;
853 5208 1090 5282 majores
1108 5217 1252 5276 tuos,
1267 5219 1322 5268 et
1343 5209 1523 5266 dicent
1545 5209 1641 5266 tibi
1659 5208 1858 5284 (Exod.
1873 5213 2101 5285 μιν).
2211 5209 2646 5270 scandalisandis
2673 5211 2896 5277 docens,
2922 5225 3050 5270 mox
3074 5209 3354 5280 “tinuit
3378 5211 3576 5268 dicunt
3603 5230 3624 5268 :
3647 5231 3676 5266 1
3709 5211 3808 5266 Δ»

511 5299 574 5354 ln
604 5301 926 5358 memoriam
949 5304 1030 5360 eis
1057 5301 1267 5358 reducit
1309 5301 1451 5356 facta
1487 5302 1732 5374 antiqua,
1766 5301 1964 5374 iubens
2014 5318 2110 5362 eos
2211 5301 2318 5374 geli
2358 5315 2550 5362 eorum
2593 5302 2649 5362 in
2679 5302 2856 5368 cmlis,
2902 5315 3117 5374 semper
3157 5302 3342 5359 vident
3381 5303 3594 5360 ﬁdem
3637 5302 3810 5360 Pan's

515 5391 856 5464 interrogare
881 5402 1068 5464 patres
1092 5402 1147 5452 et
1173 5393 1241 5454 ab
1275 5394 1354 5448 eis
1401 5395 1614 5452 discere
1662 5398 1898 5468 qualiter
1921 5398 2104 5458 divina
2212 5397 2345 5463 mei,
2371 5397 2468 5466 qui
2490 5395 2548 5454 in
2567 5395 2730 5454 edis
2753 5402 2842 5452 est
2863 5395 3084 5467 (Matth.
3110 5395 3289 5462 xvm).
3321 5415 3344 5450 ι
3376 5394 3518 5459 ρει
3541 5394 3712 5449 ab
3729 5407 3809 5448 u-

517 5492 645 5542 sunt
673 5503 776 5558 ope
797 5487 1037 5555 liberati,
1082 5496 1244 5558 atque
1267 5489 1462 5558 saepius
1501 5490 1570 5546 ab
1597 5491 1831 5550 inimicis
1851 5494 2105 5564 protecti,
2206 5503 2378 5560 perna
2414 5487 2506 5546 ina
2535 5487 2735 5544 u’vitas
2773 5503 2844 5544 ex
2883 5487 3090 5558 angelis
3119 5493 3178 5542 et
3211 5483 3526 5540 homini!!!
3567 5495 3812 5550 CIII“

518 5587 786 5650 quatenus
815 5578 901 5634 vel
932 5580 1036 5636 hoe
1059 5580 1218 5636 modo
1248 5580 1318 5636 ad
1364 5582 1734 5651 pmnitentiam
1761 5593 2106 5652 peccatorum
2207 5581 2278 5638 ad
2302 5594 2464 5650 quam
2495 5585 2704 5636 tantum
2731 5579 3006 5635 credimus
3029 5581 3308 5636 hominum
3338 5593 3512 5650 genus
3537 5595 3813 5638 eum

518 5681 966 5741 provocarentur,
1017 5683 1074 5731 et
1115 5677 1184 5732 ab
1213 5675 1360 5730 omni
1399 5690 1585 5730 errore
1634 5691 1691 5732 se
1717 5680 1990 5745 exuendo,
2037 5679 2107 5736 ad
2209 5670 2360 5738 dem.
2381 5679 2650 5740 quatenus
2675 5670 2786 5728 illic
2814 5672 3070 5742 contigit,
3099 5672 3302 5727 electos
3329 5672 3558 5743 angelos
3595 5687 3818 5730 reman-

520 5763 804 5818 veritatem
830 5766 1264 5835 appropinquare
1285 5767 1437 5822 ocius
1457 5767 1887 5838 meditarentur:
1919 5770 2108 5830 Patres
2210 5764 2348 5824 31880
2368 5803 2382 5831 ›
2421 5762 2564 5820 Sicut
2595 5763 2859 5833 δοτὶριυω
2887 5772 2980 5834 est
3020 5781 3036 5817 ε
3080 5783 3099 5817 ε
3145 5763 3346 5820 δεῖωῆ
3375 5765 3664 5825 ιεηιιίηοϐ
3691 5780 3816 5838 ειν
