3930 6344
182 422 279 483 οιδ

870 452 881 463 .
917 412 1317 471 suaenam
1352 412 1581 471 serua
1605 409 2237 471 ‘DEUTERONOMIUM.
2277 436 2350 454 ε.-
2384 376 2529 469 uo.
2553 412 2639 468 ιν.

3320 419 3425 477 974

180 539 335 598 tium,
370 528 671 587 secundum
704 541 992 584 numenun
1024 526 1339 599 ungebam
1368 525 1485 582 Dei.
1524 543 1544 579 ι
1578 524 1749 581 Debe-
1774 523 1828 585 Α
1851 531 2042 579 contra
2068 526 2353 583 haereticos
2376 535 2541 596 atque
2582 536 2958 598 persecutores
2997 538 3198 586 servat.
3232 532 3427 603 Sequi-

179 639 288 682 mus
316 631 379 677 et
413 632 514 678 nos
540 619 742 689 aliquid
770 633 839 679 ex
870 618 980 683 illis
1011 618 1451 674 distinctionibus
1484 631 1755 687 superno-o
1848 626 1937 670 tur
1964 615 2069 671 alia
2094 620 2443 686 comparatio.
2473 637 2493 671 ι
2522 618 2673 675 Sicut
2695 620 2893 688 aquila,
2916 636 3224 692 provocans
3245 627 3313 680 ad
3334 642 3431 682 vo-

180 733 287 773 mm
310 714 517 770 civium
540 713 609 769 ad
642 727 801 768 usum
824 719 1028 767 nostra
1050 712 1478 769 conversationis
1506 712 1753 778 trahere,-
1777 745 1782 748 -

175 816 376 877 nasque
408 807 557 877 ipsos
594 805 666 861 ad
702 804 1037 861 incretuenta
1072 804 1334 862 virtutum
1366 804 1523 863 bonis
1555 805 1755 862 studiis

177 900 522 958 inﬂammare.
553 897 691 965 Quia
722 898 873 953 enim
905 896 1034 953 illuc
1060 912 1351 955 senatus
1380 906 1536 955 tanta
1564 898 1746 954 credi-

176 1000 257 1046 tur
280 988 570 1046 ulmeis
598 987 913 1053 hminum,
938 996 1143 1058 quam
1170 987 1459 1045 multitudo
1486 988 1751 1045 remansit

174 1076 505 1148 angelorum,
546 1084 822 1147 διηθοῦσι,
858 1083 921 1133 ut
954 1077 1060 1147 ipsi
1092 1090 1312 1149 quoque
1346 1077 1617 1144 homines,
1655 1077 1751 1147 qui

173 1169 233 1224 ad
252 1168 534 1230 caelestem
560 1168 794 1238 patriam
826 1167 1084 1235 redeunt.
1112 1179 1183 1225 ex
1208 1168 1290 1225 eis
1316 1166 1626 1239 agmiriibus
1646 1166 1751 1223 ali-

174 1261 295 1333 Quid
337 1260 467 1318 illuc
486 1268 827 1319 revertentes
868 1261 1165 1319 imitentur.
1194 1248 1478 1319 Distinetc
1518 1275 1755 1330 uanique

174 1358 607 1415 universam-es
624 1359 917 1415 hominum
938 1357 1276 1428 singulorum
1301 1356 1577 1427 agminum
1600 1356 1753 1412 ordi-

174 1450 325 1507 nibus
349 1458 679 1521 oongrmmt,
701 1459 760 1506 et
799 1450 855 1505 in
876 1464 1069 1506 eorum
1090 1456 1299 1507 sortem
1334 1462 1433 1519 per
1461 1458 1752 1505 conversa-

175 1541 330 1597 tionis
348 1543 684 1611 deputantur
709 1540 1137 1601 similitudinem.
1168 1540 1304 1596 Pars
1329 1548 1512 1597 autem
1539 1538 1754 1595 Domini

172 1630 465 1699 spiritualis
498 1630 701 1698 Iacob,
740 1648 763 1684 ι
800 1637 860 1686 et
883 1629 1154 1687 funiculus
1181 1628 1514 1686 hereditatis
1545 1628 1682 1698 ejus.
1729 1647 1753 1682 ι

168 1720 327 1779 Israel
350 1732 532 1790 vomat
560 1721 811 1779 Ecclesia
830 1721 1085 1779 videlicet
1108 1720 1401 1787 catltolica,
1432 1721 1499 1777 de
1523 1736 1629 1792 qua
1656 1736 1755 1792 per

165 1815 515 1874 Psalmistam
562 1816 762 1873 dicitur
796 1835 817 1866 ι
872 1832 894 1871 ι
937 1815 1119 1873 Funus
1161 1815 1472 1872 ceciderunt
1514 1814 1655 1871 mihi
1698 1815 1754 1871 in

1855 725 1877 760 ι
1908 707 2128 769 landum
2154 710 2327 780 pullos
2359 727 2507 779 suos,
2538 720 2591 767 ct
2617 713 2665 767 si
2692 728 2790 782 per
2816 729 2912 770 eos
2942 716 3193 786 volitans,
3222 733 3428 790 expan-

1856 817 1875 851 ι
1908 801 1991 856 dit
2019 801 2133 857 alas
2161 817 2309 869 suas,
2338 811 2393 858 et
2432 805 2723 875 assumpsit
2751 819 2866 873 eos,
2903 816 3067 878 atque
3107 788 3426 879 portavltdn

1859 908 1881 945 ι
1912 892 2157 949 humeris
2181 894 2310 949 suis.
2348 914 2369 947 ι
2404 893 2637 950 Narrant
2662 897 2869 967 physici
2896 900 3042 969 quod
3071 901 3274 971 aquila,
3306 918 3428 973 qum

1858 982 1927 1038 ah
1951 984 2200 1039 acumine
2222 992 2307 1040 est
2342 986 2623 1042 oculorum
2663 986 2829 1055 dicta,
2863 997 2972 1044 tam
3015 991 3159 1049 acuti
3198 992 3431 1051 intuitus

1850 1073 1944 1139 sit,
1970 1081 2030 1129 ut
2053 1062 2367 1145 cum-super
2392 1075 2564 1133 maria
2590 1076 2851 1135 immobili
2874 1094 3051 1151 penna
3076 1081 3306 1153 feratur,
3328 1099 3430 1141 nec

1853 1163 1921 1218 ab
1948 1163 2203 1220 humanis
2229 1165 2503 1222 obtutibus
2530 1168 2798 1235 videatur,
2824 1169 2890 1225 de
2922 1178 3071 1228 tanta
3094 1174 3429 1232 sublimitate

1852 1255 2143 1327 pisciculos
2172 1267 2359 1315 natare
2385 1259 2607 1332 in'aqua
2634 1262 2842 1327 videat,
2880 1271 2937 1318 et
2968 1268 3223 1325 tormenti
3258 1269 3432 1327 instar

1856 1346 2189 1404 descendens
2216 1358 2427 1420 raptam
2465 1353 2737 1423 praedam,
2778 1354 2971 1426 pennis
3001 1355 3069 1411 ad
3114 1357 3264 1416 littus
3306 1375 3435 1433 per-

1858 1440 2054 1494 trahat.
2100 1438 2235 1495 Nam
2258 1449 2313 1496 et
2336 1450 2526 1498 contra
2555 1444 2765 1500 radium
2788 1445 2940 1511 solis,
2971 1445 3147 1503 fertur
3185 1449 3433 1507 obtutum

1856 1545 2015 1589 suum
2038 1530 2275 1588 ﬂectere.
2314 1533 2466 1589 Unde
2502 1542 2558 1591 et
2588 1535 2762 1607 pullos
2785 1552 2914 1595 suos
2938 1552 3117 1610 ungue
3145 1553 3437 1614 suspensos

1856 1622 2027 1691 radiis
2048 1624 2180 1680 solis
2205 1623 2411 1694 objicit,
2434 1633 2491 1681 et
2512 1641 2649 1697 quos
2673 1627 2870 1684 viderit
2888 1629 3227 1687 immobilem
3250 1640 3437 1689 tenere

1859 1715 2055 1785 aciem,
2081 1724 2145 1773 ut
2167 1716 2357 1787 dignos
2376 1732 2578 1789 genere
2604 1730 2910 1777 conservat.
2936 1722 2998 1777 Si
3022 1722 3160 1795 quos
3183 1739 3315 1781 vero
3343 1726 3439 1782 ob-

1858 1815 2035 1865 tutum
2074 1807 2353 1866 inﬂectere
2382 1810 2554 1876 videt,
2583 1813 2738 1882 quasi
2774 1813 3067 1885 degeneres
3109 1815 3313 1888 abjicit.
3351 1814 3441 1873 Di-

156 1907 442 1977 praeclaris
474 1921 489 1962 t
521 1906 723 1963 etenim
754 1906 1193 1965 medius-mea
1216 1905 1478 1977 praeclara
1508 1913 1594 1962 est
1620 1906 1753 1967 mihi

1856 1907 2055 1959 cuum
2080 1907 2138 1956 et
2174 1899 2368 1972 aquilae
2398 1900 2578 1972 pullos
2617 1916 2764 1969 suos,
2810 1884 2934 1959 cum
2975 1884 3257 1962 vident'in
3296 1906 3441 1965 nidis

154 1999 332 2071 (Paul.
362 2001 488 2071 xv).
524 2018 544 2052 ι
574 1999 683 2057 Per
725 1998 885 2055 times
935 1997 1218 2069 Scriptura
1263 2013 1418 2057 saera
1462 1998 1753 2069 aliquando

147 2091 565 2148 dimemionum
598 2096 817 2156 sortes,
853 2088 1144 2159 “ﬂuendo
1166 2096 1422 2158 peccata.
1464 2088 1755 2158 aliquando

146 2191 335 2239 autem
367 2182 544 2239 ﬁdem
574 2181 865 2251 designare
882 2179 1187 2237 consuevit.
1222 2178 1363 2241 Nam
1390 2186 1610 2248 propter
1642 2179 1756 2239 hm-

145 2274 381 2333 reditari
396 2288 458 2329 ss
479 2272 876 2329 dissensionum
899 2277 1095 2337 sortes,
1126 2270 1327 2329 dicitur
1352 2285 1367 2325 :
1388 2289 1424 2337 ,ι
1453 2269 1635 2329 Funes
1660 2286 1753 2327 ce—

150 2364 417 2425 eidem
440 2362 578 2417 mihi
602 2361 661 2417 in
702 2360 1025 2431 praeclaris:
1067 2360 1268 2421 etenim
1304 2361 1597 2419 hereditas
1634 2375 1755 2421 mea

160 2453 429 2527 praeclara
462 2460 553 2511 ω
588 2452 744 2513 mihi.
781 2471 801 2506 ι
835 2451 1018 2513 Fmes
1042 2452 1246 2524 Quippe
1272 2453 1332 2509 in
1358 2452 1637 2524 praenimis
1664 2468 1756 2510 oa-

162 2543 292 2601 dant
323 2544 455 2601 dum
494 2556 595 2612 per
627 2542 989 2604 humilitatem
1020 2542 1177 2609 vitae,
1208 2552 1387 2600 sortes
1427 2559 1529 2607 nos
1566 2544 1758 2614 patriae

160 2634 406 2691 melioris
442 2633 740 2704 excipiunt.
782 2633 1021 2691 Rursum
1062 2635 1190 2705 quia
1235 2634 1365 2690 fune
1410 2643 1634 2705 peccata
1683 2635 1759 2691 εἰσ

1853 1990 2211 2061 plumeseere,
2257 1991 2360 2051 alis
2390 2002 2695 2063 percutere,
2730 2002 2787 2049 et
2829 1996 2898 2051 ad
2923 1995 3211 2053 velandum
3237 2012 3333 2054 eos
3374 1999 3441 2055 de

1850 2084 1984 2145 nido
2009 2098 2326 2155 provocare.
2353 2083 2644 2141 Nidiﬁcant
2663 2093 2844 2142 autem
2872 2087 2927 2142 in
2954 2090 3126 2159 petris
3153 2095 3208 2145 et
3231 2089 3442 2146 arbori-

1854 2174 1958 2232 but
2000 2175 2059 2230 in
2101 2189 2335 2246 quarum
2376 2174 2505 2232 nido
2544 2175 2682 2247 lapis
2721 2177 2895 2234 anites
2935 2177 3231 2245 invenitur,
3276 2192 3438 2250 quem

1855 2268 2023 2339 aliqui
2062 2278 2394 2327 vocaverunt
2437 2280 2682 2344 gagatem
2719 2292 2731 2327 :
2763 2273 2857 2344 qui
2886 2274 2955 2328 ad
2993 2274 3163 2330 multa
3202 2276 3443 2331 remedia

1857 2359 2006 2417 utilis
2032 2370 2145 2426 est,
2172 2360 2310 2417 nihil
2342 2362 2465 2433 igne
2491 2363 2810 2434 deperdens.
2839 2362 3077 2419 Narrant
3110 2373 3292 2423 autem
3319 2366 3444 2424 inde

1852 2460 2069 2511 naturae
2111 2454 2483 2526 inquisitores,
2526 2456 2671 2526 quod
2716 2456 2910 2526 aquila:
2950 2471 3058 2513 non
3097 2464 3211 2512 tam
3246 2458 3449 2514 obeant

1854 2547 2011 2601 senio
2051 2560 2214 2616 quam
2258 2546 2434 2613 fame,
2479 2548 2536 2603 in
2586 2556 2795 2604 tantum
2840 2550 3119 2621 superiore
3166 2560 3446 2609 crescente

1854 2644 2057 2703 rostro,
2098 2644 2160 2692 ut
2204 2637 2486 2693 aduncitas
2532 2638 2735 2707 aperiri
2780 2654 2888 2695 non
2936 2647 3118 2711 queat.
3166 2641 3273 2698 Sed
3320 2658 3446 2699 cum

158 2732 414 2795 (nuntur,
443 2714 557 2796 iper
588 2726 911 2795 prophetam
938 2726 1139 2785 dicitur
1167 2744 1182 2781 :
1221 2745 1242 2779 ι
1289 2727 1398 2793 Vae,
1424 2727 1515 2796 qui
1542 2726 1760 2785 trahitis
1852 2728 1987 2784 inde
2009 2728 2209 2784 viderit
2244 2727 2346 2783 sibi
2385 2728 2685 2798 periculum
2724 2729 3028 2794 imminere.
3069 2732 3321 2788 obtundit
3357 2749 3448 2790 ro-

160 2816 433 2875 .vanitates
460 2817 520 2874 in
544 2809 805 2874 funiculis
838 2818 1140 2889 iniquitatis
1165 2818 1303 2892 (Ita.
1332 2818 1412 2891 ν).
1442 2840 1463 2874 ι
1497 2820 1759 2891 iniquitas
1849 2826 2037 2877 atrum
2054 2820 2114 2879 in
2136 2826 2291 2891 petra
2315 2820 2623 2888 durissima,
2652 2820 2825 2877 donec
2846 2821 3044 2877 iterum
3070 2824 3126 2877 in
3154 2823 3444 2892 pristinum

160 2924 397 2979 namque
453 2915 515 2971 in
564 2911 822 2972 funiculis
868 2917 1126 2974 vanitati.
1171 2918 1439 2986 trahitur,
1485 2918 1613 2975 dum
1659 2930 1760 2989 per
1850 2924 2019 2967 usum
2039 2917 2378 2966 revertatur:
2408 2919 2465 2966 et
2491 2910 2616 2966 inde
2638 2911 2869 2983 mystico
2889 2926 3138 2969 sermone
3155 2913 3213 2969 in
3231 2912 3448 2973 Psalmo

158 3000 517 3071 Iugm'eﬁtﬁ’m
545 3004 703 3071 culpa
728 3005 1045 3077 ριυοιριιιιιιο.
1085 3007 1239 3065 Unde
1272 3022 1372 3080 per
1408 3007 1756 3069 Psalmis“.
1854 3001 2125 3071 scriptum
2148 3008 2236 3056 est
2268 3002 2483 3059 dicente
2517 3002 2781 3072 propheta
2811 3006 2882 3058 ad
2908 3003 3147 3060 animam
3177 3004 3392 3062 ﬁdelem
3428 3022 3446 3062 :

160 3093 396 3151 ﬁcitur:
428 3111 455 3147 ε
486 3093 670 3151 Funes
696 3106 1049 3167 peccatorum
1064 3100 1418 3171 circumplexi
1444 3108 1575 3157 sunt
1592 3115 1701 3157 me.
1729 3120 1751 3156 ι
1846 3110 1889 3145 .1
1916 3091 2284 3157 Renovabitur
2306 3092 2449 3149 sicut
2470 3091 2936 3163 aquilaejuventus
2957 3101 3049 3151 tua
3071 3093 3247 3165 (Paal.
3271 3095 3389 3168 cu).
3421 3117 3442 3151 ι

154 3181 296 3250 Quia
324 3185 480 3241 enim
513 3181 663 3241 ft’inis
687 3185 936 3243 addendo
965 3194 1253 3257 torquetur
1278 3198 1338 3244 ut
1379 3197 1618 3257 crescat,
1646 3204 1757 3247 non
1799 3251 1830 3257 _
1854 3183 1968 3242 Per
1998 3185 2193 3257 aquilas
2229 3185 2641 3249 similitudinem
2667 3186 2964 3243 sectlndum
2994 3186 3234 3243 litteram
3260 3195 3444 3245 osten-

152 3274 438 3332 ‘irnmerito
487 3282 771 3347 pecuum
806 3276 938 3334 fune
986 3251 1268 3351 ﬁguratur,
1312 3283 1458 3353 quod
1498 3251 1759 3353 perverso
1783 3251 1832 3319 ο
1858 3275 2031 3344 ditur,
2048 3251 2204 3348 quod
2235 3275 2498 3334 Dominus
2523 3276 2781 3348 populum
2808 3292 2973 3332 suum
2999 3279 3343 3348 provocando
3379 3280 3449 3335 ad

158 3366 323 3421 corde
346 3379 513 3436 ,saaps
540 3366 668 3423 dum
695 3367 1022 3437 defenditur,
1062 3370 1474 3443 multiplicatur.
1514 3373 1760 3432 Rursum
1858 3375 2063 3429 terram
2087 3368 2344 3427 Chanaan
2381 3368 2539 3426 bellis
2573 3367 2974 3439 possidendam,
2998 3366 3169 3441 iuvit;
3206 3377 3265 3427 ct
3297 3371 3450 3441 adju-

161 3450 289 3510 fuue
310 3454 454 3513 ﬁdes
480 3457 825 3527 exprimitur,
862 3457 1153 3517 Salomone
1176 3470 1491 3530 attestante,
1520 3466 1616 3535 qui
1642 3466 1756 3532 ait;
1859 3462 2055 3526 vendo,
2103 3462 2175 3519 ab
2217 3460 2454 3521 inimicis
2497 3461 2754 3531 protexit.
2799 3459 3110 3518 Secundum
3157 3462 3446 3532 mysticum

162 3557 186 3590 ι
216 3543 523 3604 Funiculus
560 3547 761 3617 triplex
800 3548 1020 3607 difﬁcile
1065 3552 1336 3621 rumpitur
1376 3554 1553 3624 (Eccl.
1589 3556 1687 3627 tv).
1730 3576 1754 3611 ο
1862 3565 1992 3606 vero
2019 3564 2275 3618 sensum,
2306 3551 2489 3621 aquila
2517 3551 2635 3611 haec
2669 3549 2961 3606 Dominum
3003 3550 3335 3606 Salvatorem
3368 3552 3449 3607 si-

156 3630 299 3700 Quia
326 3635 591 3697 videlicet
614 3638 774 3705 “es,
798 3639 1016 3708 quaede
1034 3640 1349 3711 cognitione
1374 3642 1658 3705 Trinitah's
1690 3645 1762 3705 ab
1860 3643 2101 3714 gniﬁcat,
2135 3644 2231 3713 qui
2256 3643 2453 3714 aquila
2478 3641 2885 3699 similitudinem
2912 3642 2969 3697 in
2999 3655 3065 3697 eo
3096 3649 3275 3709 tenet,
3306 3644 3452 3712 quod

157 3740 252 3784 om
291 3728 721 3799 praedicandum
751 3732 974 3798 texitur,
1018 3733 1178 3789 fortis
1220 3734 1280 3790 in
1321 3733 1512 3793 electis
1548 3752 1763 3808 per-a-
1860 3734 2102 3804 pmdam
2127 3733 2199 3789 ab
2220 3734 2378 3790 hoste
2403 3732 2640 3803 maligno
2666 3741 2844 3788 morte
2869 3746 2969 3788 sua
2993 3732 3213 3804 eripuit,
3244 3740 3302 3789 et
3328 3741 3453 3805 post

134 3833 313 3885 .nens,
336 3820 399 3876 in
430 3820 556 3875 solo
578 3820 935 3891 reprohorum
958 3823 1124 3881 corde
1148 3823 1464 3896 dissipatur.
1499 3844 1521 3881 ι
1550 3827 1762 3887 Invenit
1864 3823 2322 3881 resurrectionem
2346 3837 2503 3879 suam
2528 3836 2771 3895 carnem,
2797 3837 2965 3893 quam
2988 3836 3087 3893 Ρτο
3113 3822 3333 3895 humani
3360 3838 3451 3894 Εἶθ’·

146 3929 171 3964 ι
202 3922 337 3968 eum
376 3912 436 3967 in
473 3919 632 3968 terra
672 3913 915 3985 deserta,
961 3914 1023 3971 in
1047 3914 1172 3974 loco
1210 3916 1457 3977 horroris
1499 3928 1557 3977 et
1595 3929 1762 3979 vastae
1860 3917 2012 3973 neris
2038 3916 2413 3988 redemptione
2442 3916 2715 3987 suscepit,
2746 3915 2815 3971 ad
2863 3914 2973 3971 alta
3016 3914 3278 3973 caelorum
3321 3929 3451 3986 pro-

138 4018 165 4054 s
201 4000 558 4058 solitudinis.
588 4001 963 4063 Clreumduit
985 4020 1112 4063 eum
1139 4014 1196 4064 et
1214 4008 1419 4076 docuit,
1448 4020 1505 4067 et
1525 4015 1763 4071 custodi-
1863 4012 2014 4069 vexit
2047 4031 2060 4066 :
2093 4024 2193 4071 nos
2234 4010 2395 4067 dictis
2438 4017 2601 4081 atque
2628 4009 2891 4081 exemplis
2913 4010 3231 4077 exhortans,
3261 4016 3455 4079 quate-

138 4109 172 4145 .r
208 4090 296 4146 vit
340 4092 518 4160 quasi
558 4092 819 4163 pupillam
842 4095 1003 4155 .‘oeuli
1048 4096 1154 4153 sui.
1184 4114 1213 4153 οι
1252 4097 1464 4157 Invenit
1498 4103 1763 4165 Dominus
1844 4119 1968 4167 Anus
1992 4102 2122 4163 illnc
2150 4116 2447 4173 sequamur
2474 4101 2580 4156 ﬁde
2605 4101 3000 4171 tendamusque
3026 4100 3330 4165 devotione,
3357 4100 3451 4157 ubi

150 4180 325 4239 Israel
356 4180 428 4262 .iu
469 4180 598 4239 loco
637 4183 899 4259 horroris.
929 4194 988 4261 et
1022 4195 1189 4247 vastat
1231 4190 1561 4260 solitudinis,
1603 4203 1662 4252 et
1704 4197 1761 4252 in
1863 4196 1981 4266 ipso
2006 4193 2253 4250 ascendit
2275 4192 2335 4248 in
2363 4206 2610 4263 corpore.
2641 4192 2797 4259 Unde
2824 4201 2880 4250 et
2914 4193 2970 4248 in
2998 4192 3294 4265 Evangelio
3324 4193 3403 4249 ait
3432 4210 3448 4249 :

156 4281 344 4331 monts
366 4270 509 4329 Sina
527 4271 703 4344 legem
725 4273 884 4342 dans,
910 4284 1131 4346 pactum
1154 4294 1282 4337 cum
1304 4296 1371 4339 eo
1396 4283 1538 4351 iniit,
1558 4300 1762 4345 manna
1838 4303 1893 4347 ,ι
1927 4284 2028 4342 Ubi
2069 4283 2235 4347 fuerit
2258 4298 2476 4354 corpus,
2522 4282 2653 4339 illuc
2676 4284 3150 4355 congregabantur
3175 4292 3230 4340 et
3259 4286 3453 4355 aquilae

158 4362 223 4420 de
246 4364 394 4421 dele
424 4362 548 4421 illis
584 4365 805 4433 tribuit,
839 4375 897 4423 et
920 4382 1128 4440 aquam
1169 4372 1239 4429 de
1282 4381 1437 4447 petra
1470 4378 1758 4447 produxit,
1862 4374 2017 4447 (Luc.
2048 4373 2205 4446 xvn).
2240 4394 2260 4428 ι
2307 4374 2427 4433 Alia
2467 4374 2635 4435 etiam
2671 4373 2954 4447 exempla,
2995 4390 3116 4444 qum
3161 4374 3228 4429 de
3272 4376 3452 4444 aquila

158 4456 517 4515 coturnicum
555 4470 749 4516 carnes
785 4457 936 4516 dedit
971 4469 1028 4516 et
1063 4462 1122 4517 in
1162 4462 1353 4523 eadem
1391 4480 1595 4536 eremo,
1627 4485 1762 4541 qua—
1862 4466 2120 4534 diximus,
2150 4473 2379 4537 possunt
2406 4466 2659 4523 similiter
2682 4466 2750 4521 ad
2775 4466 2952 4535 ipsum
2978 4471 3035 4519 et
3055 4463 3125 4518 ad
3147 4461 3285 4518 ﬁlios
3311 4464 3448 4534 ejus,

160 4546 416 4618 δηϐίηω
448 4546 613 4611 annis
634 4560 732 4605 eos
758 4548 1237 4622 circumducendo,
1276 4566 1546 4627 pmoepta
1576 4559 1763 4619 docuit
1785 4614 1836 4630 Ἀ
1864 4557 2168 4630 ﬁguraliter
2189 4556 2491 4613 transferri.
2520 4556 2656 4613 Nam
2681 4556 2824 4611 sicut
2847 4552 3025 4623 aquila
3052 4552 3195 4609 acuti
3226 4552 3452 4609 intuitus

162 4614 285 4695 sua:
327 4638 443 4697 Sed
470 4636 629 4699 illud
673 4638 869 4708 quaerit
910 4639 1125 4706 merito,
1172 4614 1633 4711 quomodo-dicit
1783 4614 1839 4677 Β
1864 4614 1970 4711 est,
1995 4614 2072 4703 ita
2102 4655 2164 4703 ut
2189 4661 2353 4715 super
2382 4646 2554 4701 maria
2583 4644 2847 4700 immobili
2876 4614 3055 4712 penna
3085 4642 3321 4713 sublata,
3348 4661 3450 4702 nec

164 4731 475 4800 protexisse
494 4730 649 4793 sicut
672 4729 937 4801 pupillam
963 4730 1107 4797 oculi
1132 4732 1239 4799 sui,
1268 4749 1392 4790 cum
1420 4736 1639 4807 plurimi
1666 4753 1762 4797 eo-
1840 4736 2120 4804 ,humanis
2138 4749 2414 4806 apparens
2440 4736 2750 4807 aspectibus
2772 4734 3062 4806 pisciculos
3090 4735 3162 4799 de
3191 4744 3340 4809 tanta
3363 4754 3451 4797 su-

166 4835 283 4881 mtu
302 4820 585 4896 mostruti
610 4828 742 4885 sitat
764 4820 821 4878 in
844 4820 1175 4880 solitudine?
1202 4821 1320 4893 Nisi
1351 4823 1491 4881 forte
1517 4826 1761 4897 dicamus
1834 4829 2132 4887 .blimitate
2155 4836 2407 4889 natantes
2426 4827 2619 4885 videns
2649 4828 2706 4884 in
2730 4813 2941 4900 pelago,
2970 4825 3262 4899 prmdando
3308 4832 3451 4903 rapit

164 4926 255 4971 eas
301 4915 499 4975 tamin
555 4920 835 4984 protectos
886 4930 955 4975 ac
1005 4917 1306 4999 custpditos
1352 4932 1475 4981 esse
1520 4920 1761 4992 quandiu
1836 4929 1921 4979 .et
1955 4921 2026 4976 ad
2060 4920 2214 4977 littus
2246 4920 2544 4991 pertrahit;
2588 4919 2670 4977 sic
2702 4919 3033 4992 Redemptor
3072 4929 3259 4979 noster
3285 4936 3451 4993 super

163 5006 421 5065 mandata
446 5012 815 5069 servaverunt
837 5004 956 5063 Dei.
976 5005 1110 5071 Cum
1132 5014 1313 5065 autem
1340 5023 1407 5067 ea
1431 5012 1761 5082 transgressi
1838 5028 2054 5080 ,omnes
2091 5013 2259 5071 caelos
2295 5013 2600 5081 exaltatus,
2641 5018 2697 5068 et
2736 5012 2804 5068 ab
2845 5012 3099 5071 humanis
3139 5013 3451 5086 aspectibus

164 5106 287 5153 sunt
309 5099 504 5157 statim
547 5095 730 5169 plagis
762 5096 1063 5166 percussit,
1096 5105 1261 5169 atque
1280 5100 1357 5165 ab
1396 5100 1630 5158 inimicis
1661 5102 1756 5158 de-
1861 5106 2220 5177 corporaliter
2250 5106 2515 5173 sublatus,
2547 5106 2602 5161 in
2623 5104 2814 5178 pelago
2842 5112 3025 5163 tamen
3054 5105 3211 5162 istius
3235 5104 3447 5174 mundi,

164 5191 359 5251 vastati
392 5198 547 5249 sunt.
592 5188 818 5260 Mystiee
841 5199 1023 5248 autem
1054 5190 1314 5249 Dominus
1334 5192 1498 5251 lsrael
1528 5194 1584 5249 in
1615 5203 1760 5252 terra
1842 5198 2169 5269 maiestatis
2210 5213 2323 5255 sua:
2348 5197 2548 5254 intuitu
2577 5197 2724 5255 videt
2748 5214 2886 5269 quos
2910 5213 3009 5269 per
3034 5197 3272 5269 praedam
3300 5196 3449 5252 salu-

165 5278 376 5343 deserta
420 5278 681 5349 invenit,
726 5297 855 5341 cum
896 5281 1198 5338 Ecclesiam
1238 5283 1307 5339 de
1344 5285 1531 5343 mundi
1573 5301 1760 5349 errore
1860 5290 2079 5349 tiferam
2114 5299 2297 5356 eruat,
2338 5297 2503 5361 atque
2545 5290 2617 5346 ad
2656 5290 2809 5347 littus
2832 5299 3050 5347 aeternae
3072 5288 3442 5359 beatitudinls,

169 5367 319 5437 tulit.
362 5374 461 5447 ubi
502 5374 709 5435 horror
753 5371 1090 5440 idololatriae,
1128 5380 1185 5437 et
1226 5373 1372 5431 nulla
1419 5376 1624 5435 mentio
1663 5377 1760 5435 Dei
1858 5381 2064 5445 amoris
2090 5379 2176 5437 sui
2202 5378 2334 5435 fune
2357 5379 2617 5435 attrahat.
2651 5380 2803 5437 Unde
2828 5386 2884 5434 et
2909 5379 3023 5451 ipse
3061 5375 3118 5432 in
3152 5377 3445 5449 Evangelia

168 5458 283 5521 fuit.
315 5462 700 5521 Cir'eumduoit
733 5479 865 5535 ergo
897 5463 1197 5521 Eeclesiam
1222 5464 1507 5533 Dominus,
1538 5483 1663 5525 cum
1699 5470 1760 5536 in
1860 5471 1978 5528 ait:
2016 5486 2037 5524 ι
2070 5469 2142 5537 Et
2164 5483 2266 5543 ego
2305 5470 2354 5526 si
2382 5469 2650 5526 exaltatus
2688 5468 2839 5524 fuero
2881 5482 2914 5522 a
2946 5475 3112 5534 terra,
3151 5466 3330 5522 omnia
3373 5467 3443 5524 ad

144 5557 436 5623 universis
476 5553 675 5615 mundi
714 5555 962 5626 partibus
998 5571 1121 5625 eam
1162 5557 1466 5627 dilatando,
1513 5560 1569 5616 in
1613 5560 1758 5621 viam
1858 5579 1950 5620 me
1970 5562 2146 5634 ipsum
2172 5561 2387 5618 traham
2408 5561 2593 5634 (Ioau.
2619 5560 2739 5632 xu).
2770 5579 2790 5613 ι
2823 5558 3006 5615 Pullos
3028 5573 3179 5625 suos,
3205 5558 3309 5615 hoc
3335 5568 3442 5626 est,

171 5653 555 5713 mandatorum
596 5665 819 5709 suorum
859 5651 1067 5722 dirigit,
1104 5659 1165 5711 et
1196 5667 1294 5724 per
1336 5651 1597 5724 Spiritum
1632 5672 1758 5713 san-
1859 5655 2001 5711 ﬁlios
2046 5669 2144 5727 per
2182 5650 2415 5726 gratiam
2458 5650 2800 5721 baptismatis
2838 5649 2942 5705 sibi
2988 5656 3227 5715 renatos,
3274 5649 3445 5733 radiis

177 5750 319 5799 ctum
364 5743 710 5803 voluntatem
752 5758 909 5807 suam
954 5743 1006 5799 ei
1053 5744 1297 5813 indicans
1318 5786 1334 5811 ,
1387 5747 1586 5820 ubique
1623 5763 1757 5830 'cam
1860 5750 1989 5806 solis
2032 5749 2221 5806 aeterni
2262 5763 2361 5819 per
2405 5744 2913 5816 contemplationem
2943 5738 3162 5812 objicit,
3207 5749 3263 5799 et
3302 5757 3439 5814 quos

172 5834 329 5902 plena
350 5837 633 5903 custodia,
659 5836 803 5906 quod
829 5851 928 5907 per
965 5836 1224 5919 pupillam
1249 5838 1392 5895 oculi
1420 5840 1754 5913 designatur,
1858 5843 2054 5899 viderit
2092 5849 2429 5899 constantem
2462 5836 2719 5893 intuendo
2760 5832 2961 5892 habere
3001 5833 3175 5892 aciem
3213 5836 3439 5902 mentis,
