3930 6344
469 405 578 480 975

1111 400 1182 472 n;
1211 395 2084 474 nassutmum'sacmar.
2124 409 2434 469 noscar.
2474 405 2761 465 ornavit
2799 405 2980 463 rans
3008 405 3052 464 ι.

3610 445 3612 447 ›
3628 408 3725 469 976

469 549 566 591 seu
589 531 779 604 dignos
807 544 905 588 suo
934 543 1131 603 genere
1169 529 1556 601 perpetualiter
1580 535 1780 586 servat.
1821 525 1881 582 Si
1913 539 2049 597 quos
2073 529 2129 592 Α
2151 521 2536 581 dominationis
2557 520 2746 594 jugum
2773 519 3002 594 putrnit.
3029 537 3049 572 ‹
3076 517 3342 591 Butyrum
3364 521 3436 578 de
3460 533 3728 591 armenw,

467 641 599 682 vero
637 623 705 680 ad
747 623 854 679 ima
899 631 954 679 et
992 622 1234 678 carnalia
1267 621 1534 700 desideria
1565 621 1812 678 obtutum
1853 618 2050 674 mentis

469 717 750 775 reﬁectere
779 716 1064 787 conspicit,
1095 716 1195 772 hos
1224 714 1382 787 quasi
1411 716 1706 786 degeneres
1746 712 1950 786 abjicit.
1991 711 2052 768 In

465 808 642 881 petris
669 814 850 865 autem
880 816 938 864 et
963 807 1248 864 arboribus
1275 808 1393 863 haec
1418 805 1599 877 aquila
1624 805 1898 872 nidiﬁcat,
1925 804 2053 875 quia

469 916 609 973 quos
648 901 835 956 ﬁrmos
863 898 968 956 ﬁde
992 907 1048 955 et
1082 898 1468 955 fructiﬁcantes
1497 896 1716 952 virtutis
1741 895 1966 967 aspicit,
1995 894 2054 951 in

470 993 552 1051 eis
600 992 859 1064 spiritalis
909 992 1166 1066 germinis
1209 990 1593 1048 fecunditatem
1638 990 1823 1060 parit,
1873 989 2054 1061 ibique

471 1101 687 1158 gemma
714 1085 804 1141 illa
833 1092 995 1156 atque
1019 1084 1312 1157 margarita
1352 1083 1749 1156 pretiosissima
1787 1084 2050 1152 nascitur,

471 1192 635 1248 quam
675 1191 832 1233 sacer
877 1175 1150 1248 Evangelii
1192 1183 1373 1231 textus
1416 1182 1622 1242 narrat,
1665 1173 2054 1246 negotiatorem

471 1266 771 1341 spiritalem
802 1267 1053 1326 omnibus
1095 1267 1340 1339 pecuniis
1383 1267 1497 1322 suis
1539 1264 1794 1332 venditis,
1840 1263 2059 1330 sibimet

472 1376 788 1438 comparare
829 1363 1045 1438 (Matth.
1073 1361 1186 1437 xv).
1235 1362 1390 1430 Quod
1427 1370 1607 1418 autem
1648 1361 1829 1433 aliqua
1870 1371 2057 1432 super-

468 1455 635 1512 ﬁuum
661 1464 898 1512 rostrum
927 1455 983 1510 in
1011 1462 1163 1527 petra
1192 1455 1392 1521 tundit,
1423 1461 1582 1524 atque
1615 1452 1687 1508 ita
1727 1453 1795 1508 ad
1819 1452 2057 1525 priorem

468 1549 690 1605 modum
711 1548 955 1613 reducit,
995 1545 1267 1619 signiﬁcat
1295 1545 1439 1617 quod
1457 1544 1643 1616 jsancti
1668 1543 1772 1599 viri
1798 1542 2059 1614 quidquid

467 1640 525 1697 in
548 1641 960 1698 conversatione
989 1655 1084 1695 sua
1104 1635 1435 1709 superﬂuum
1461 1651 1528 1692 ac
1555 1635 1658 1692 sibi
1687 1634 1908 1692 noxium
1930 1650 2060 1691 con-

468 1733 725 1807 Spiciunt,
750 1732 1018 1789 allidendo
1039 1731 1106 1787 ad
1135 1738 1343 1802 petram
1366 1728 1665 1796 Christum,
1691 1727 2056 1798 confringant,

469 1833 634 1895 atque
665 1831 838 1879 semet
877 1838 975 1894 per
1001 1821 1230 1893 gratiam
1257 1820 1353 1876 Dei
1380 1827 1436 1874 et
1466 1833 1566 1890 per
1592 1818 1826 1875 studium
1854 1817 2059 1873 bonum

2158 632 2177 667 ι
2209 621 2265 670 et
2297 613 2383 670 lac
2419 614 2486 669 de
2517 613 2708 669 ovibus
2743 626 2868 668 cum
2894 611 3051 682 adipe
3080 625 3341 681 agnorum
3381 622 3441 668 et
3480 615 3729 687 arietum,

2157 727 2178 764 ι
2211 709 2447 766 ﬁliorum
2477 709 2689 779 Basan,
2719 720 2776 768 et
2806 708 2992 766 hircos
3020 724 3144 765 cum
3176 710 3414 768 medulla
3444 713 3649 782 tritici,
3684 728 3735 774 et

2157 821 2178 856 ι
2210 804 2531 877 sanguinem
2556 819 2726 862 uvae.»
2753 802 2882 861 Haec
2903 803 3032 860 licet
3049 803 3203 875 juxta
3225 803 3519 862 historiam
3547 807 3733 866 fenili-

2152 903 2319 953 tatem
2342 903 2504 953 terra:
2525 894 2782 953 Chanaan
2813 895 3117 962 insinuent,
3149 903 3334 952 tamen
3363 897 3549 954 altiori
3581 915 3733 957 sensa

2152 987 2341 1060 gratiae
2352 981 2685 1044 demonstrat
2697 987 3103 1055 abundantiam,
3116 1003 3282 1059 quam
3293 997 3489 1046 sancta
3500 990 3731 1049 Ecclesia

2152 1093 2375 1134 munere
2401 1077 2677 1150 largitoris
2705 1078 2790 1135 sui
2819 1079 3046 1150 accepit.
3085 1078 3352 1151 Butyrum
3377 1080 3451 1137 de
3496 1089 3732 1139 armento

2153 1169 2412 1237 tulerunt,
2438 1170 2529 1241 qui
2551 1170 2942 1242 plenitudinem
2966 1171 3090 1228 ﬁdei
3119 1171 3186 1227 de
3213 1167 3484 1244 exemplis
3510 1175 3734 1245 patriar-

2152 1261 2379 1330 charum
2426 1261 2749 1318 didicerunt.
2797 1263 2908 1320 Lac
2953 1264 3021 1320 de
3062 1263 3257 1320 ovibus
3304 1273 3607 1336 ceperunt,
3648 1267 3731 1339 qui

2153 1352 2556 1424 simplicitatem
2597 1353 2797 1411 mentis
2834 1356 2950 1412 sive
2986 1355 3300 1413 facultatem
3346 1357 3630 1426 doctrinae,
3674 1359 3732 1418 de

2155 1446 2428 1504 innocenti
2456 1449 2566 1504 vita
2607 1457 2858 1519 patrum,
2905 1453 2975 1506 ad
3013 1449 3430 1507 aediﬁcationem
3461 1452 3545 1508 sui
3592 1467 3736 1509 sum-

2154 1547 2402 1611 pserunt,
2429 1547 2484 1596 et
2509 1540 2626 1596 haec
2649 1555 2774 1596 cum
2799 1540 2958 1612 adipe
2983 1556 3250 1613 agnorum
3275 1549 3335 1598 et
3358 1542 3602 1611 arietum,
3628 1545 3736 1602 hoc

2157 1640 2272 1699 est,
2301 1645 2425 1689 cum
2454 1632 2778 1704 pinguedine
2809 1633 3178 1706 apostolorum
3213 1635 3521 1704 charitatis,
3553 1648 3612 1695 et
3641 1651 3736 1696 eo-

2156 1735 2439 1796 rum'quos
2467 1724 2569 1795 ipsi
2603 1723 2671 1779 ad
2704 1723 2868 1781 ﬁdem
2907 1725 3244 1793 imbuerant,
3289 1728 3360 1783 ad
3389 1726 3734 1788 refectionem

2157 1816 2359 1872 mentis
2382 1829 2494 1872 sua:
2520 1824 2902 1888 perceperunt.
2934 1817 3180 1875 Arietum
3201 1818 3348 1876 enim
3369 1822 3589 1879 nomine
3616 1837 3736 1895 apo-

468 1922 814 1980 renovantes,
855 1913 923 1968 ad
957 1913 1246 1984 pristinum
1287 1909 1523 1967 oﬁicium
1563 1907 1775 1966 habiles
1799 1907 2052 1964 reddunt.
2081 1902 2132 1965 Β
2159 1909 2283 1966 stoli
2320 1917 2376 1964 et
2407 1909 2716 1981 apostolica:
2750 1911 3030 1983 dignitatis
3059 1911 3165 1968 viri
3201 1912 3588 1987 designantur:
3617 1918 3735 1988 quia

469 2005 734 2062 Dominus
772 2004 920 2062 solus
961 2005 1069 2060 dux
1109 2002 1215 2058 fuit
1251 2000 1388 2072 ejus,
1429 2010 1488 2058 et
1525 2015 1633 2058 non
1676 2008 1794 2057 erat
1830 2015 1957 2057 cum
1994 2015 2060 2058 eo

468 2097 614 2154 Dens
657 2097 884 2153 alienus.
938 2095 1280 2152 Manifestum
1327 2103 1411 2151 est
1452 2096 1596 2166 quod
1628 2111 1769 2151 unus
1815 2103 1871 2150 et
1915 2095 2062 2152 solus

466 2189 633 2257 Dens,
665 2191 826 2247 Israel
859 2195 924 2246 de
955 2188 1192 2262 Egypto
1219 2187 1490 2254 liberavit,
1517 2195 1573 2245 et
1599 2204 1706 2244 non
1734 2188 1877 2244 idola
1902 2188 2058 2256 falsa,

466 2299 588 2354 quae
608 2283 892 2338 coluerunt
924 2281 1186 2352 Egyptii.
1226 2279 1317 2336 Sic
1360 2289 1416 2336 et
1457 2280 1513 2335 in
1555 2280 1835 2348 ereptione
1876 2287 2060 2335 nostra

468 2376 536 2430 dc
561 2373 789 2445 spiritali
820 2373 1077 2446 Egypto,
1110 2388 1220 2428 non
1261 2373 1400 2428 alius
1431 2377 1514 2427 est
1537 2387 1701 2442 quam
1727 2372 1870 2427 idem
1895 2370 2058 2440 Deus,

468 2469 560 2539 qui
593 2464 722 2522 olim
753 2467 1029 2522 lsraelitas
1056 2466 1257 2536 eripuit
1285 2483 1299 2519 :
1333 2464 1498 2520 Pater
1525 2463 1782 2520 videlicet
1808 2472 1862 2520 et
1888 2463 2060 2520 Filius

466 2566 523 2614 et
553 2555 786 2628 Spiritus
814 2566 1057 2622 sanctus,
1089 2571 1230 2611 unus
1258 2565 1312 2612 et
1334 2556 1531 2621 trinus,
1557 2567 1784 2627 magnus
1805 2562 1861 2611 et
1886 2554 2061 2611 omni-

465 2658 660 2720 potens
699 2649 861 2713 Deus,
895 2649 987 2719 qui
1027 2663 1126 2720 per
1164 2647 1590 2703 incarnationem
1630 2644 1846 2702 Domini
1887 2647 2060 2703 nostri

465 2739 595 2797 Jesu
626 2736 848 2805 Christi,
880 2735 1071 2794 salutis
1097 2741 1296 2794 nostrae
1321 2736 1498 2794 effecit
1524 2737 1867 2808 mysterium.
1903 2735 2060 2793 Unde

467 2838 766 2902 agnoscant
801 2829 1052 2885 haeretici
1082 2827 1264 2900 quam
1290 2828 1679 2885 miserabiliter
1722 2844 1753 2883 a
1793 2839 1921 2883 vera
1951 2827 2060 2885 ﬁde

467 2925 664 2976 errent
691 2919 990 2985 deviantes,
1017 2925 1146 2974 'cu‘m
1189 2920 1258 2974 se'
1289 2933 1387 2990 per
1423 2919 1660 2974 schisma
1705 2917 1787 2973 ab'
1817 2917 2060 2975 Ecclesia

465 3009 740 3066 catholica
758 3015 1124 3081 sequestram,
1157 3010 1248 3080 qui
1293 3009 1754 3081 quot'erroribus,
1791 3015 1874 3064 tot
1900 3009 2059 3066 idolis

466 3102 689 3159 obnoxii
725 3111 869 3157 sunt.
908 3120 926 3152 ι
963 3101 1258 3156 Constituit
1285 3115 1410 3154 eum
1448 3115 1610 3171 super
1643 3101 1913 3157 excelsam
1946 3109 2062 3156 ter—

475 3212 495 3245 ‹
533 3210 682 3259 ram,
728 3201 790 3246 ut
838 3191 1087 3246 comedat
1132 3190 1341 3245 fructus
1387 3205 1665 3261 agrorum.
1708 3209 1728 3244 ›
1775 3181 2106 3246 Εχοειεειη·’

2160 2001 2264 2074 ipsi
2292 2003 2458 2059 duces
2485 2011 2612 2058 sunt
2633 2003 2816 2075 gregis
2840 2003 2958 2059 Dei.
2989 2003 3144 2061 Unde
3177 2004 3381 2061 dicitur
3407 2007 3466 2062 in
3491 2007 3732 2064 Psalmo:

2165 2113 2184 2146 ι
2207 2093 2410 2151 Aﬁerte
2435 2093 2684 2162 Domino,
2714 2093 2810 2149 ﬁlii
2831 2093 2952 2160 Dei,
2976 2093 3166 2150 all'erte
3184 2095 3419 2153 Domino
3448 2097 3584 2154 ﬁlios
3607 2098 3736 2154 arie-

2155 2194 2274 2241 tum
2303 2184 2473 2258 (Paul.
2493 2183 2711 2259 xxvut).
2741 2204 2760 2238 ι
2787 2185 2941 2254 Quod
2967 2193 3145 2242 autem
3168 2187 3534 2260 subjungitur,
3563 2209 3584 2242 ι
3607 2192 3737 2249 ﬁlio-

2159 2292 2279 2334 rum
2315 2276 2526 2344 Basan,
2566 2297 2584 2331 ι
2631 2275 2700 2333 ad
2739 2276 2988 2332 eumdem
3029 2277 3270 2349 pertinet
3317 2295 3526 2336 sensum
3555 2299 3573 2336 :
3610 2285 3736 2356 quia

2159 2367 2334 2425 Basan
2361 2370 2629 2440 pinguedo
2659 2369 3076 2440 interpretatur;
3106 2369 3205 2426 ﬁlii
3227 2371 3372 2426 enim
3403 2373 3738 2445 pinguediuis

2159 2471 2314 2528 sunt,
2348 2462 2441 2532 qui
2471 2455 2778 2533 disciplinis
2799 2461 2935 2517 Novi
2963 2460 3301 2519 Testamenti
3329 2465 3735 2536 snnt.instituti,

2158 2553 2251 2609 ubi
2287 2551 2528 2610 scientia:
2559 2551 2852 2608 multitudo
2888 2561 2944 2609 et
2969 2553 3235 2609 virtutum
3265 2555 3584 2627 magnitudo
3618 2570 3737 2613 oon-

2160 2647 2321 2703 sistit.
2358 2645 2478 2703 Nec
2498 2647 2837 2703 suﬂicicbant
2863 2647 2980 2702 haec
3017 2646 3181 2714 dona,
3199 2646 3318 2702 nisi
3348 2647 3668 2704 adderentur
3689 2656 3737 2704 et

2156 2733 2318 2796 hirci.
2351 2737 2499 2795 Hirci
2525 2739 2678 2794 enim'
2699 2737 3344 2810 ﬁguram‘pmnitentium
3371 2739 3595 2804 habent,
3624 2739 3737 2811 quia

2158 2827 2262 2905 pro
2282 2837 2507 2904 peccato
2536 2832 2591 2886 in
2614 2829 2736 2902 lege
2756 2827 3144 2886 offerebantur.
3176 2827 3298 2885 Non
3327 2829 3479 2886 enim
3513 2831 3636 2886 satis
3659 2837 3739 2884 est

2160 2924 2299 2980 dona
2336 2919 2600 2978 virtutum
2643 2921 2848 2977 habere
2892 2919 3170 2984 ﬁdelibus,
3224 2921 3340 2977 nisi
3383 2921 3736 2992 panitentiam

2159 3009 2396 3071 habeant
2420 3027 2521 3084 pro
2549 3012 2662 3068 suis
2684 3011 3015 3069 excessibus.
3049 3011 3205 3067 Unde
3233 3011 3327 3067 ille
3351 3012 3449 3079 qui
3473 3009 3579 3066 rex
3601 3005 3737 3066 ﬁmo!

2159 3111 2217 3160 et
2242 3103 2509 3176 propheta
2534 3101 2635 3155 fuit
2651 3143 2666 3168 ,
2695 3110 2749 3156 et
2777 3101 2866 3154 cui
2891 3096 2958 3153 de
2984 3091 3370 3154 incarnatione
3401 3098 3609 3157 Christi
3635 3101 3738 3173 pro-

2157 3195 2386 3250 missum
2423 3200 2543 3258 est,
2580 3192 2725 3262 quod
2760 3203 2830 3246 ex
2865 3186 2984 3261 ejus
3025 3189 3238 3246 semine
3277 3201 3624 3260 nasceretur,
3657 3207 3740 3265 pro

470 3285 671 3338 terram
709 3282 1051 3337 Palaestinam
1089 3289 1247 3337 vocat
1277 3300 1290 3335 :
1324 3281 1453 3350 quia
1491 3282 1560 3336 ad
1599 3283 2062 3353 comparationem
2089 3279 2136 3343 C
2165 3285 2280 3343 suis
2307 3285 2518 3341 delictis
2540 3283 2828 3339 Dominum
2847 3282 3176 3353 deprecatur
3200 3282 3396 3340 dicens
3423 3301 3437 3338 :
3471 3301 3492 3335 ι
3520 3283 3747 3355 Amplius

469 3383 632 3430 teme
661 3373 902 3444 Egypti,
931 3387 1051 3442 quae
1076 3371 1236 3440 plana
1265 3379 1320 3425 et
1345 3371 1549 3442 irrigua
1584 3380 1688 3438 est,
1723 3381 2058 3428 montosa‘et

469 3480 662 3536 aspera
699 3463 932 3519 videtur.
964 3463 1158 3528 Aliter,
1198 3461 1413 3518 excelsa
1446 3470 1612 3529 terra,
1652 3462 1895 3519 Ecclesia
1935 3477 2062 3519 san-

469 3565 579 3622 cta,
607 3571 727 3626 quae
746 3555 1039 3611 virtutibus
1067 3562 1123 3610 et
1149 3554 1377 3610 scientia
1403 3555 1654 3612 sublimis
1681 3565 1767 3612 est
1781 3555 1960 3612 valde.
1982 3557 2061 3614 lbi

468 3648 656 3705 ﬁdeles
681 3648 883 3719 quique
909 3648 1212 3711 constituti,
1235 3650 1533 3703 comedunt
1571 3649 1784 3706 fructus
1806 3664 2060 3722 agrorum

468 3741 816 3813 spiritalium,
845 3742 969 3811 quia
996 3741 1068 3796 ibi
1097 3742 1368 3811 germinat
1391 3743 1597 3798 bonum
1622 3757 1809 3800 semen
1836 3745 2062 3800 verbum

374 3905 384 3914 κ
470 3835 603 3901 Dei,
646 3834 791 3889 aliud
835 3835 1202 3900 tricesimum,
1249 3835 1396 3890 aliud
1441 3837 2063 3908 sexagesimum,-aliud

471 3927 830 3982 centesimum
857 3925 1090 3981 fructum
1121 3945 1134 3980 :
1161 3934 1222 3981 ut
1245 3927 1616 3998 unusquisque
1639 3943 1742 3999 pro
1763 3929 2064 3999 capacitate

470 4033 590 4083 sua,
622 4017 802 4073 cibum
833 4017 1192 4074 sufﬁcientem
1232 4019 1336 4074 sibi
1375 4019 1635 4075 inveniat.
1675 4037 1695 4072 ι
1735 4019 1804 4076 Ut
1843 4029 2063 4092 sugeret

470 4111 577 4165 mel
613 4111 677 4165 de
706 4119 891 4180 petra,
922 4109 1210 4178 oleumque
1247 4111 1315 4166 de
1350 4125 1482 4167 saxo
1519 4112 1832 4170 durissimo.
1878 4133 1898 4166 ι
1941 4114 2062 4168 Alia

455 4201 654 4256 autem
691 4201 858 4255 editio
896 4201 976 4254 sic
1018 4203 1222 4256 habet:
1261 4219 1281 4252 ‹
1316 4201 1592 4258 Suxerunt
1632 4204 1740 4260 mel
1773 4205 1841 4258 de
1882 4215 2060 4274 petra,

470 4299 526 4346 et
547 4290 723 4345 oleum
745 4289 813 4344 de
841 4288 997 4342 ﬁrma
1021 4298 1198 4359 petra.
1231 4309 1250 4342 ›
1302 4288 1412 4345 Sed
1435 4306 1701 4361 nusquam
1725 4293 1832 4349 tale
1860 4295 2064 4366 aliquid

463 4379 620 4451 juxta
669 4379 954 4436 historiam
995 4378 1213 4450 legitur,
1257 4379 1303 4435 si
1350 4386 1463 4436 tota
1509 4381 1844 4438 Testamenti
1883 4384 2064 4442 series

469 4473 686 4530 Veteris
729 4478 1100 4529 recensentur.
1144 4469 1420 4541 Nusquam
1467 4472 1540 4528 de»
1579 4482 1738 4543 petra
1774 4475 1905 4541 mel,
1934 4493 2065 4532 nus-

468 4577 637 4634 quam
683 4564 861 4619 oleum
924 4563 1158 4635 populus
1210 4564 1300 4620 ille
1343 4565 1512 4620 suxit.
1569 4566 1679 4622 Sed
1734 4569 1861 4637 quia
1903 4567 2059 4638 juxta

467 4654 623 4710 Pauli
649 4669 866 4722 vocem,
898 4666 1050 4726 petra
1088 4664 1209 4711 erat
1233 4655 1508 4722 Christus,
1543 4657 1649 4712 mel
1677 4659 1744 4712 de
1779 4669 1935 4729 petra
1961 4676 2058 4714 su~

469 4753 703 4812 xerunt,
753 4749 845 4820 qui
883 4747 1126 4819 ejusdem
1163 4747 1545 4819 Redemptoris
1587 4749 1762 4805 nostri
1812 4749 1955 4806 facta
2002 4759 2060 4807 et

471 4837 734 4894 miracula
770 4839 1042 4896 viderunt.
1083 4839 1273 4895 Oleum
1311 4853 1442 4895 vero
1477 4841 1546 4894 de
1580 4839 1736 4895 ﬁrma
1771 4850 1926 4911 petra
1967 4857 2059 4898 su-

469 4937 694 4994 xerunt,
734 4927 828 4998 qui
871 4927 1136 4985 effusione
1163 4931 1335 4986 sancti
1379 4929 1617 5001 Spiritus
1653 4940 1777 5000 post
1815 4948 2060 4989 resurre-

470 5023 709 5078 ctionem
748 5022 868 5094 ejus
898 5021 1028 5089 ungi
1065 5031 1398 5078 meruerunt.
1438 5021 1611 5089 Quasi
1643 5036 1774 5094 ergo
1809 5023 1866 5079 in
1898 5025 2056 5081 ﬁrma

470 5125 628 5189 petra
659 5117 766 5174 mel
808 5116 984 5182 dedit,
1035 5119 1250 5187 quando
1293 5119 1470 5174 adhuc
1505 5117 1754 5174 mortalis
1794 5117 2056 5174 Dominus

471 5207 860 5264 miraculorum
881 5221 1103 5263 suorum
1128 5207 1468 5265 dulcedinem
1489 5209 1772 5280 discipulis
1796 5210 2052 5265 ostendit.

453 5299 582 5356 Sed
609 5300 767 5357 ﬁrma
800 5309 956 5374 petra
989 5299 1169 5356 oleum
1195 5299 1360 5366 fudit,
1387 5302 1515 5371 quia
1544 5309 1671 5372 post
1703 5303 2058 5359 resurrectio-

470 5407 597 5447 nem
634 5407 790 5448 suam
828 5391 1002 5448 factus
1032 5389 1145 5460 jam
1181 5389 1554 5462 impassibilis,
1593 5407 1694 5464 per
1725 5391 2057 5450 alliationem

471 5481 729 5554 Spiritus,
761 5485 960 5541 donum
991 5490 1192 5540 sanctas
1217 5481 1488 5538 unctionis
1517 5486 1815 5541 emanavit.
1846 5485 1925 5543 De
1953 5489 2059 5544 hoc

472 5576 594 5632 oleo
620 5591 718 5648 per
755 5579 1073 5648 prophetam
1104 5577 1304 5633 dicitur
1332 5591 1345 5628 :
1381 5593 1399 5626 ε
1432 5574 1840 5646 Computrescet
1868 5581 2060 5652 jugum

475 5681 509 5720 a
545 5667 682 5723 facie
719 5669 824 5725 olei
854 5669 990 5742 (Ita.
1023 5670 1102 5741 x).
1139 5690 1158 5722 ι
1203 5669 1318 5726 Sub
1346 5668 1478 5739 jugo
1513 5669 1711 5742 quippe
1743 5675 2062 5730 tenebamur

456 5749 826 5814 'daemoniacae
875 5760 1299 5827 dominationis;
1357 5760 1451 5815 sed
1507 5760 1656 5816 uncti
1706 5776 1893 5819 sumus
1940 5765 2061 5822 oleo

452 5843 714 5918 'Spiritus
745 5850 943 5917 sancti,
981 5857 1034 5904 et
1069 5851 1197 5921 quia
1225 5866 1324 5908 nos
1360 5851 1535 5924 gratia
1573 5852 1841 5912 libertatis
1869 5858 2056 5926 unxit,

2160 3377 2281 3433 lava
2321 3391 2434 3443 me,
2488 3375 2745 3442 Domine,
2799 3373 2866 3429 ab
2897 3371 3167 3442 injustltia
3211 3389 3357 3440 mea,
3405 3382 3464 3431 et
3503 3390 3537 3430 a
3564 3374 3746 3431 delicto

2159 3483 2283 3525 meo
2325 3469 2526 3524 munda
2567 3477 2676 3524 me.
2723 3465 2991 3534 Quoniam
3036 3464 3387 3535 iniquitatem
3436 3483 3620 3523 meam
3663 3465 3747 3538 ego

2157 3577 2454 3635 cognosco.
2481 3569 2538 3617 et
2571 3559 2827 3616 delictum
2861 3573 3044 3614 meum
3069 3569 3263 3614 contra
3298 3573 3390 3614 me
3423 3567 3514 3614 est
3549 3557 3751 3629 Semper

2161 3653 2338 3727 (Ptol.
2367 3653 2453 3725 L);
2490 3671 2511 3705 ι
2544 3660 2602 3708 et
2619 3659 2690 3706 ut
2714 3650 2834 3706 hac
2854 3648 3044 3705 omnia
3065 3647 3324 3704 beneﬁcia
3347 3661 3476 3714 qua:
3488 3647 3756 3716 ian-edicta

2141 3755 2318 3812 sunt,
2367 3745 2727 3802 eminentiora
2771 3744 2916 3800 dono
2960 3737 3442 3803 accumulareneur,
3503 3736 3724 3797 addidit
3737 3777 3755 3804 ,

2149 3855 2189 3891 ιι
2223 3837 2513 3894 meduﬁam
2552 3835 2716 3891 tritici
2757 3842 2819 3890 et
2847 3831 3168 3906 sanguinem
3199 3843 3336 3885 uva.
3361 3843 3395 3882 ’δ
3429 3827 3585 3896 Quid
3611 3829 3751 3885 enim

2159 3945 2262 4002 per
2294 3927 2585 3985 medullam
2621 3926 2824 3993 tritici,
2867 3925 2976 3981 nisi
3005 3938 3205 3996 corpus
3245 3921 3510 3979 Christi!
3535 3921 3607 3978 Et
3629 3919 3751 3992 quid

2161 4040 2261 4096 per
2285 4024 2603 4095 sanguinem
2631 4035 2750 4076 uva:
2768 4060 2783 4087 ,
2818 4019 2927 4075 nisi
2963 4018 3103 4075 calix
3133 4015 3272 4074 Novi
3299 4015 3669 4080 Testamenti,
3693 4016 3748 4068 ὴ

2160 4115 2426 4187 sanguine
2457 4112 2661 4170 Christi
2687 4111 2984 4182 ﬁguratur?
3037 4107 3298 4164 Plurimis
3317 4107 3482 4162 enim
3509 4104 3655 4160 donis
3679 4116 3750 4159 ex

2160 4207 2362 4277 pietate
2395 4203 2490 4258 Dei
2525 4201 2898 4258 ecclesiastico
2921 4199 3122 4270 populo
3145 4198 3450 4263 concessis,
3475 4197 3576 4252 hoc
3611 4195 3752 4250 inter

2160 4295 2347 4351 omnia
2376 4293 2624 4358 excellit,
2658 4291 2804 4362 quod
2837 4289 3086 4361 corporis
3125 4297 3182 4344 et
3219 4288 3504 4358 sanguinis
3545 4286 3628 4342 sui
3667 4299 3752 4340 sa-

2161 4395 2475 4452 cramenta,
2509 4386 2563 4440 in
2595 4385 2752 4455 panis
2784 4393 2840 4439 et
2869 4383 2982 4438 vini
3011 4380 3388 4446 confectione,
3429 4378 3502 4434 ad
3529 4377 3750 4433 salutant

2162 4490 2422 4537 anternam
2459 4479 2538 4533 illi
2573 4476 2922 4532 ministravit.
2957 4474 3262 4545 Sequitur:
3299 4491 3322 4523 ι
3352 4471 3614 4526 Biberent
3643 4483 3749 4524 me-

2165 4575 2526 4630 racissimum.
2573 4593 2592 4626 »
2644 4571 2782 4639 Quia
2820 4570 3073 4624 universa
3127 4568 3270 4622 dona
3321 4567 3422 4623 Dei
3469 4567 3590 4623 sine
3623 4565 3750 4621 faece

2163 4669 2399 4735 alicujus
2421 4661 2680 4733 nequitias
2711 4675 2807 4717 seu
2844 4659 3162 4732 i-mproperii
3203 4657 3557 4716 credentibus
3589 4666 3648 4712 et
3672 4656 3750 4713 di-

2134 4771 2270 4831 ‘gne
2287 4757 2356 4812 de
2382 4755 2464 4810 eis
2498 4751 2890 4818 sentientibus,
2917 4750 3296 4808 conferuntur.
3330 4748 3441 4806 Sed
3465 4748 3614 4804 sicut
3638 4762 3752 4803 ear-

2161 4849 2314 4905 nales
2345 4845 2620 4920 quondam
2644 4843 2906 4900 lsraelitte
2928 4842 3084 4899 donis
3108 4842 3204 4898 Dei
3240 4840 3396 4898 abusi
3423 4849 3584 4904 sunt,
3613 4845 3755 4894 etex

2161 4938 2444 4998 beneﬁciis
2479 4934 2801 5008 largissimis
2835 4933 3052 5006 pejores
3087 4933 3250 5001 facti,
3285 4931 3357 4988 ad
3391 4929 3761 4988 idololatrian

2162 5032 2403 5105 prolapsi
2433 5037 2589 5096 sunt,
2621 5028 2696 5083 ita
2721 5028 2861 5098 proh
2907 5027 3089 5082 dolor!
3122 5040 3237 5082 non
3257 5023 3422 5095 pauci
3447 5019 3632 5094 pupilli
3669 5020 3763 5076 ὴ-

2163 5123 2303 5196 grati
2328 5122 2608 5180 beneﬁciis
2631 5120 2748 5186 Dei,
2772 5121 2842 5176 ad
2863 5119 2996 5175 vitia
3015 5117 3372 5182 relabuntur;
3401 5123 3458 5171 α
3479 5115 3590 5170 hoc
3613 5112 3766 5184 Quod

2135 5217 2267 5273 isibi
2311 5216 2379 5270 ad
2421 5213 2649 5270 salutem
2676 5211 2932 5267 collatum
2961 5218 3076 5275 est,
3125 5209 3181 5265 in
3211 5207 3582 5278 perditionem
3611 5218 3766 5262 suam

2165 5314 2509 5364 convertunt.
2541 5304 2698 5361 Unde
2727 5303 3114 5375 subiungitur:
3154 5319 3176 5354 ι
3216 5301 3566 5358 lacrassatus
3601 5305 3772 5356 estet

2171 5417 2192 5451 ι
2226 5395 2593 5454 recalcitravit
2635 5393 2887 5451 dilectus.
2936 5393 3272 5450 lncrassatus
3289 5431 3306 5458 ,
3356 5389 3766 5459 impingunt“,

2172 5511 2192 5543 ε
2226 5490 2500 5549 dilatatus.
2531 5487 2832 5560 Dereliquit
2857 5485 3149 5542 Dominum
3194 5482 3454 5538 factorem
3481 5494 3688 5548 suum,
3721 5489 3774 5536 et

2168 5604 2187 5637 ε
2221 5585 2452 5641 recessit
2494 5599 2526 5638 a
2574 5582 2687 5638 Deo
2731 5579 2956 5637 salutari
3001 5594 3122 5635 suo.
3163 5576 3626 5634 Provocavemnt
3653 5587 3771 5631 eu

2165 5697 2189 5731 ί
2223 5679 2279 5733 ἱη
2316 5677 2421 5733 diis
2453 5675 2668 5742 alienis,
2698 5683 2755 5731 et
2787 5675 2844 5730 in
2883 5671 3375 5743 abominationihus
3410 5667 3538 5725 suis
3562 5668 3647 5725 ad
3673 5670 3775 5724 ira—

2168 5788 2188 5822 ‹
2221 5769 2475 5825 cundiam
2523 5766 2954 5823 concitaverunt.
3006 5763 3432 5820 immolaverunt
3477 5759 3774 5817 (lautumiis

2170 5880 2188 5914 ‹
2223 5868 2407 5918 etnon
2432 5860 2563 5928 Deo,
2585 5858 2692 5916 diis
2711 5873 2851 5930 quos
2873 5856 3216 5930 ignorabant.
3241 5853 3377 5913 Novi
3401 5862 3778 5922 recentesque
