3976 6340
252 307 361 369 977

1006 293 1405 357 ENARRATIO
1443 294 1672 353 SUPER
1708 288 2333 353 DEUTERONOMIUM.
2366 322 2438 334 —
2476 292 2606 351 LIB.
2645 295 2728 353 iV.

3412 302 3513 362 978

246 440 278 485 ς
306 426 596 487 venerunt,
615 430 753 491 quos
777 430 890 474 non
914 415 1197 474 coluerunt
1216 422 1401 489 patres
1426 429 1637 473 eorum.
1670 434 1691 472 ι
1716 414 1839 473 Hoc
1856 420 1909 483 Α
1930 424 2057 487 apte
2093 416 2197 475 hoc
2246 415 2517 474 subditur.
2547 434 2567 468 ι
2601 416 2671 472 Et
2712 415 2925 475 ardebit
2960 430 3131 489 usque
3181 419 3251 475 ad
3309 418 3514 481 inferos

243 524 463 587 veteres
493 510 753 569 lsraelitse
779 508 1135 567 historialiter
1161 508 1441 575 Iccemnt,
1471 508 1617 565 sicut
1648 508 1702 565 in
1733 522 1828 564 θο-

244 620 371 663 rum
396 602 551 659 libris
591 600 916 659 suﬂicienter
942 614 1259 671 expressum
1298 609 1405 656 est.
1447 598 1554 659 Sed
1592 604 1648 657 et
1686 613 1831 654 nunc

243 692 521 767 apiritales
555 690 835 755 Israelitaa,
876 688 1092 762 quando
1116 690 1258 746 dona
1294 688 1392 745 Dei
1429 688 1486 747 in
1523 688 1751 751 scientia
1775 696 1831 744 et

240 774 574 854 virtutibus,
608 785 711 843 sibi
734 784 802 840 ad
832 783 1072 849 divinum
1095 783 1413 855 obsequium
1439 797 1731 850 concessa,
1761 781 1832 839 ad

242 879 499 947 haeresim
513 878 627 937 sive
640 876 969 950 hypocrisitn
988 884 1331 944 convertunt,
1348 876 1503 933 idolis
1522 884 1578 932 et
1596 891 1704 933 non
1717 874 1830 937 Deo

244 972 469 1033 servire
498 969 829 1042 probantur,
874 968 1155 1037 dmmoniis
1199 970 1386 1039 utique
1429 969 1633 1031 cultum
1678 968 1831 1025 exhi-

238 1062 423 1133 bendo
451 1070 507 1120 et
526 1078 638 1137 non
664 1062 998 1133 Deosquod
1018 1060 1211 1125 Patres
1236 1062 1441 1128 nostri,
1464 1062 1570 1118 hoc
1594 1068 1699 1128 est,
1733 1075 1831 1133 pa-

242 1157 600 1225 triarch:e,.et
622 1155 919 1229 prepbetae.
946 1163 1003 1212 et
1025 1155 1255 1227 apostoli
1277 1164 1441 1226 atque
1466 1152 1828 1225 evangelista,

241 1263 587 1321 nequaquam
624 1248 892 1311 fecerunt.
947 1247 1077 1303 inde
1102 1248 1303 1315 ,evenit
1347 1246 1469 1307 istis
1508 1245 1828 1315 idololatris,

242 1340 392 1411 quod
414 1340 895 1399 clementissimum
936 1341 1224 1403 Dominum
1266 1339 1423 1403 malis
1456 1339 1577 1397 suis
1608 1338 1831 1401 irritan-

242 1438 352 1498 tes,
380 1446 537 1502 quem
563 1432 857 1505 propitium
879 1432 1080 1488 habere
1109 1438 1353 1502 possent.
1387 1445 1636 1489 severum
1666 1437 1829 1499 atque

241 1523 562 1581 destrictum
585 1525 905 1595 perpensuri
930 1532 1057 1582 sunt
1088 1544 1099 1578 :
1139 1542 1158 1589 ι
1205 1524 1399 1589 Deum,
1440 1523 1533 1593 qui
1562 1529 1614 1579 te
1642 1523 1829 1595 genuit

247 1631 271 1683 ᾳ
306 1614 678 1686 dereliquisti,
710 1625 773 1673 .et
801 1615 1000 1672 oblitus
1028 1631 1086 1671 es
1114 1614 1328 1675 Domini
1366 1614 1627 1675 creatoris
1663 1614 1761 1668 tui.
1800 1616 1821 1667 ι

241 1703 440 1761 Genuit
465 1705 727 1771 Dominus
769 1707 1167 1780 quodammodo
1202 1706 1493 1767 Israelitas
1514 1721 1611 1776 per
1636 1705 1823 1779 legem

1930 508 2203 565 deorsum.
2240 528 2259 563 ι
2293 508 2447 565 Licet
2476 524 2507 564 a
2532 507 2856 579 quibusdam
2884 509 3020 566 solet
3065 510 3173 569 dici
3209 510 3344 568 illud
3364 514 3512 585 quod

1931 600 2192 672 scriptum
2231 607 2314 657 est
2349 618 2363 656 :
2402 618 2421 651 ι
2457 599 2576 656 Non
2619 599 2915 656 vindicabit
2979 600 3124 657 Deus
3189 602 3275 659 bis
3324 603 3384 659 in
3431 604 3517 663 id-

1930 690 2106 765 ipsum
2136 690 2394 764 (Nahum.
2425 691 2487 764 ι),
2516 691 2609 762 qui
2645 699 2826 747 tamen
2854 691 2978 758 hoc,
3002 694 3147 763 quod
3175 695 3244 750 ad
3277 698 3512 770 pr0phe-

1931 793 2044 851 tam
2076 784 2276 842 dicitur
2298 785 2367 842 de
2403 783 2621 856 iniquis,
2648 798 2757 840 non
2804 784 3110 840 attendunt.
3135 785 3219 851 Et,
3257 804 3276 839 ‹
3310 788 3515 862 duplici

1930 876 2257 934 contritione
2299 884 2520 933 contere
2552 890 2669 942 eos,
2708 894 2727 931 ι
2757 883 2809 932 et
2834 875 2887 933 id
2910 875 3055 948 quod
3081 876 3218 935 alias
3249 879 3516 951 scriptum

1929 979 2015 1029 est
2050 988 2069 1024 :
2108 988 2127 1022 ι
2154 968 2312 1025 Jesus
2339 968 2593 1041 populum
2619 968 2687 1025 de
2726 976 2874 1023 terra
2898 968 3114 1025 salvans
3146 969 3395 1043 Egypti,
3422 987 3514 1031 se-

1930 1060 2105 1119 eundo
2136 1074 2232 1117 eos
2259 1060 2351 1131 qui
2389 1076 2499 1121 non
2525 1060 2870 1121 crediderunt
2902 1061 3154 1132 perdidit.
3194 1060 3398 1132 Quibus
3428 1073 3517 1121 ta-

1920 1150 2056 1211 men
2103 1154 2155 1211 si
2199 1169 2523 1209 consensum
2564 1155 2918 1224 praebeamus,
2968 1154 3266 1224 quamlibet
3299 1156 3516 1229 culpam

1924 1246 2015 1302 bis
2036 1244 2179 1300 ferre
2198 1259 2306 1301 non
2347 1259 2508 1314 posse
2547 1245 2652 1300 hoc
2694 1252 2920 1316 peccato
2947 1245 3242 1314 percussis,
3273 1255 3435 1318 atque
3460 1247 3517 1303 in

1931 1345 2155 1409 peccato
2182 1351 2281 1391 suo
2305 1335 2680 1401 morientibus,
2705 1335 3303 1409 debetaestlmat‘i,quia
3323 1352 3516 1394 eorum

1930 1429 2209 1500 percussio
2234 1429 2323 1483 hic
2366 1437 2576 1501 coepta,
2610 1429 2722 1484 illic
2761 1428 2987 1484 ﬁnitur:
3018 1437 3077 1484 ut
3106 1429 3160 1484 in
3197 1430 3518 1487 incorrectis

1931 1540 2099 1581 unum
2128 1524 2395 1595 ﬂagellum
2449 1525 2540 1587 sit,
2573 1523 2717 1594 quod
2756 1524 3129 1592 temporaliter
3179 1522 3390 1594 incipit,
3422 1525 3519 1580 sed

1931 1616 1987 1673 in
2016 1616 2235 1673 aeternis
2270 1615 2569 1685 suppliciis
2613 1623 2986 1680 consumatur,
3015 1623 3285 1687 quatenus
3315 1614 3395 1670 eis
3425 1614 3519 1685 qui

1930 1708 2152 1765 omnino
2188 1707 2389 1785 corrigi
2432 1716 2696 1777 renuunt,
2721 1707 2835 1779 jam
2876 1707 3226 1778 praesentium
3273 1706 3520 1780 ﬂagello-

238 1803 297 1867 et
319 1796 809 1873 circumcisionem.
832 1797 1053 1867 .Genuit
1093 1808 1148 1855 et
1192 1797 1549 1865 Israeliticum
1568 1797 1825 1869 populum
1853 1795 1901 1855 B
1930 1818 2051 1865 rum
2076 1800 2375 1873 percussio,
2402 1799 2842 1873 sequentiumsit
2870 1799 3083 1855 initium
3099 1808 3516 1873 tormentorum.

232 1900 340 1961 per
380 1870 635 1965 baptismi
684 1890 913 1961 gratiam
961 1897 1016 1953 et
1058 1889 1551 1963 sanctiﬁcationem
1591 1889 1873 1961 Spiritus,

237 1976 575 2049 sancti.,Sed
601 1979 695 2049 qui
720 1978 971 2043 oblivisci
991 1994 1099 2045 non
1116 1977 1468 2051 .timet.,juste
1498 1978 1598 2034 sibi
1629 1978 1826 2047 iratum

237 2066 528 2135 Dominum
552 2084 651 2142 per
680 2069 979 2149 vindictam
1004 2070 1221 2129 sentiet.
1259 2068 1414 2143 Unde
1444 2068 1781 2140 subiungitur
1808 2081 1823 2122 :

238 2176 264 2215 ι
304 2160 449 2227 Vidit
483 2162 745 2219 Dominus
786 2170 841 2218 et
880 2163 950 2219 ad
987 2161 1323 2221 iracundiam
1361 2160 1661 2223 concitatus
1695 2168 1822 2219 est:

239 2266 263 2305 ι
299 2253 425 2323 quia
464 2260 899 2327 provocaverunt
925 2268 1051 2309 eum
1085 2252 1180 2307 ﬂlii
1207 2252 1291 2309 sui
1334 2259 1389 2305 et
1428 2250 1571 2306 ﬁliae.
1606 2251 1673 2311 Et
1700 2250 1779 2306 ait
1808 2268 1823 2307 :

242 2338 641 2415 (Abscondam
682 2343 876 2401 faciem
923 2358 1099 2399 meam
1131 2344 1201 2401 ab
1242 2343 1355 2413 eis,
1386 2350 1443 2399 et
1468 2343 1827 2405 considerabo

242 2450 265 2488 ι
299 2435 595 2493 novissima
641 2428 908 2495 eorumfa
954 2437 1100 2493 Nihil
1138 2437 1365 2510 gravius
1412 2446 1496 2495 est
1545 2438 1602 2494 in
1649 2438 1828 2508 poenis

235 2539 399 2597 quam
428 2529 716 2598 praesentia
747 2537 804 2585 et
833 2528 1043 2585 visione
1070 2528 1167 2585 Dei
1211 2529 1436 2600 privari.
1485 2528 1641 2587 Unde
1683 2529 1830 2601 psal-

234 2618 398 2679 mista
432 2619 719 2677 Dominum
760 2621 1083 2693 deprecatur
1119 2621 1348 2679 dicens:
1392 2641 1412 2675 ι
1456 2621 1535 2679 Ne
1571 2624 1828 2697 projicias

234 2724 327 2768 me
352 2727 383 2766 a
408 2710 548 2781 facie
575 2721 662 2769 tua
688 2712 862 2785 (Psal‘.
890 2713 968 2787 ι).
1010 2733 1030 2768 ι
1066 2714 1134 2770 Et
1170 2715 1298 2771 item
1329 2733 1343 2771 :
1384 2714 1468 2771 Ne
1494 2728 1716 2783 auertat,
1746 2716 1829 2774 i1-

226 2801 391 2875 ‘quit,
418 2803 609 2874 faciem
636 2814 783 2863 tuam
819 2823 853 2861 a
892 2821 993 2861 me.
1039 2805 1177 2863 llinc
1207 2814 1263 2863 et
1292 2804 1393 2864 Job
1429 2806 1497 2862 ad
1539 2806 1827 2863 Dominum

237 2887 476 2962 loquitur
504 2893 693 2952 dicens
726 2913 741 2951 :
787 2913 808 2948 ι
838 2895 886 2950 Α
913 2894 1055 2952 facie
1088 2904 1183 2951 tua
1209 2911 1318 2953 non
1354 2896 1656 2953 abscondar
1682 2893 1824 2967 μοι.

234 2980 380 3054 χιιι).
414 3002 435 3036 ι
468 2983 605 3051 Quia
635 3000 767 3056 ergo
808 2987 907 3043 ﬂlii
954 2996 1010 3044 et
1050 2987 1198 3055 tiliae,
1243 2988 1348 3044 hoc
1390 2996 1493 3054 est,
1545 2986 1829 3058 utriusque

236 3084 402 3129 sexus
427 3074 677 3132 homines
704 3077 981 3136 irritantes
1025 3093 1150 3135 eum
1186 3094 1289 3150 pro
1330 3079 1490 3137 malis
1529 3080 1665 3146 suis,
1707 3094 1829 3151 qua:

1932 1895 2230 1967 Sequitur:
2264 1912 2284 1946 ι
2318 1894 2577 1955 ,Comedit
2618 1902 2841 1963 terram
2881 1902 2938 1949 et
2987 1893 3269 1961 nascentia
3304 1892 3449 1963 ejus.
3488 1911 3513 1951 ι

1931 1984 2155 2053 ,Tcrram
2181 1985 2417 2043 comedit
2438 1992 2497 2039 et
2515 1985 2797 2053 nascentia
2834 1984 2981 2054 ejus,
3000 1999 3123 2051 cum
3156 1998 3375 2055 carnem
3398 1999 3522 2055 pee-

1931 2076 2191 2143 catricem
2222 2082 2444 2149 propter
2477 2088 2642 2145 opera
2664 2072 2927 2141 libidinis,
2955 2074 3168 2139 ﬂamma
3198 2083 3416 2147 mternae
3444 2075 3522 2147 ul-

1931 2164 2097 2231 tionis
2149 2164 2437 2229 comburit.
2501 2163 2790 2221 Nascentia
2839 2165 2985 2229 enim
3029 2165 3245 2233 carnis,
3299 2164 3520 2236 proprie

1930 2274 2098 2330 opera
2126 2267 2256 2315 sunt
2283 2258 2735 2328 concupiscentia:
2771 2258 3027 2322 carnalis,
3060 2276 3078 2308 ι
3116 2274 3236 2329 qum
3259 2266 3388 2314 sunt
3414 2257 3524 2313 for-

1930 2350 2257 2416 nicationes,
2279 2348 2663 2415 immunditite,
2688 2348 3059 2421 impudicitiae,
3084 2348 3320 2416 luxuria,
3351 2347 3522 2403 idolo-

1929 2460 2053 2502 rum
2098 2444 2372 2510 servitus,
2411 2441 2707 2508 veneﬁcia,
2750 2440 3074 2506 inimicitiae,
3120 2440 3519 2507 contentiones,

1929 2536 2320 2603 aemulationes,
2346 2535 2461 2602 irae,
2480 2535 2633 2603 rixae,
2661 2534 3047 2601 dissensiones,
3070 2541 3255 2599 sectae,
3285 2531 3521 2598 invidiae,

1929 2630 2243 2696 homicidia,
2292 2630 2605 2696 ebrietates,
2656 2629 3100 2694 comessationes,
3140 2637 3197 2683 et
3234 2627 3322 2682 bis
3370 2625 3524 2682 simi-

1928 2722 2023 2781 lia.
2053 2722 2186 2791 Quae
2213 2723 2308 2793 qui
2346 2728 2531 2795 agunt,
2570 2729 2632 2777 ut
2661 2719 2866 2777 Paulus
2887 2726 3138 2784 testatur,
3170 2732 3398 2790 regnum
3422 2715 3523 2771 Dei

1928 2830 2039 2873 non
2071 2823 2477 2884 consequentur
2506 2810 2650 2883 (Gal.
2687 2811 2767 2884 v).
2803 2831 2823 2865 ι
2862 2828 2880 2863 ι
2919 2809 2987 2865 Ει
3022 2809 3287 2865 montium
3331 2804 3524 2861 funda-=

1929 2916 2113 2967 menta
2138 2908 2443 2964 comburet.
2479 2925 2499 2960 ι
2526 2905 2661 2961 Cum
2697 2904 3056 2976 superborum
3082 2903 3269 2974 iniqua
3292 2898 3523 2957 consilia

1929 3001 2128 3072 quibus
2149 3014 2209 3056 se
2243 3000 2465 3071 impune
2495 3012 2656 3069 posse
2693 3011 2921 3069 peccare
2960 2994 3275 3061 credebant,
3303 2992 3524 3050 aeternis

1930 3093 2263 3150 cruciatibus
2327 3098 2671 3148 consument.
2719 3106 2740 3141 ι
2788 3088 3144 3160 Cdngregabo
3205 3100 3370 3158 super
3427 3099 3525 3142 eos

235 3162 468 3234 faciunt,
509 3167 627 3238 ejus
669 3169 1097 3231 misericordiam
1127 3186 1239 3228 non
1282 3180 1581 3239 merentur,
1626 3173 1724 3229 sed
1757 3172 1826 3229 ab
1854 3157 1899 3223 C
1930 3187 2096 3244 mala.
2136 3206 2156 3241 ,
2191 3184 2421 3254 Quando
2441 3199 2550 3241 non
2580 3182 2757 3241 solum
2788 3157 2931 3238 mali
2971 3157 3158 3252 opera,
3196 3157 3294 3237 sed
3331 3186 3389 3236 et
3424 3191 3522 3236 co-

238 3254 333 3311 illo
359 3256 579 3326 deserti,
611 3260 677 3321 in
691 3261 1003 3319 novissimis
1027 3277 1218 3321 eorum
1241 3263 1582 3335 probabitur,
1608 3263 1826 3336 quando

1932 3279 2220 3352 gitationes
2256 3287 2421 3348 atque
2446 3290 2616 3348 prava
2639 3290 2742 3344 pro
2765 3273 2966 3345 quibus
2996 3272 3295 3344 puniantur
3323 3269 3379 3325 in
3400 3282 3522 3325 me-

237 3348 432 3450 Ραξηθε
454 3350 748 3450 διιεξίξὶθηιν
772 3352 917 3450 quoq
942 3352 1113 3450 Ῑξειιῐη
1140 3354 1342 3411 Μίδεω
1369 3356 1591 3450 mullus
1617 3357 1722 3450 ho“:
1747 3365 1831 3414 θεῖ
1930 3348 2160 3431 moriam
2181 3374 2416 3430 adducet
2442 3370 2630 3427 verba.
2661 3367 2898 3439 Sagittas
2944 3381 3072 3422 suas
3102 3365 3157 3420 in
3186 3363 3269 3420 eis
3288 3360 3526 3434 comple-

238 3441 389 3542 enim
413 3441 762 3542 considerare
788 3444 1084 3502 novissima
1112 3459 1325 3513 eorum,
1354 3445 1693 3503 manifestari
1720 3457 1833 3504 tor-
1931 3469 2033 3535 δίε,
2064 3467 2282 3539 quando
2302 3466 2442 3521 iram
2480 3463 2874 3535 indignationis
2923 3474 3037 3516 sua,
3089 3472 3190 3527 per
3215 3454 3371 3511 varia
3418 3461 3528 3508 ιοιο-

239 3537 426 3586 menta
454 3530 693 3613 illorum.

1932 3530 2119 3618 menta
2175 3559 2451 3615 ostendit:
2488 3574 2509 3609 ι
2538 3530 2946 3612 consumuntur
2985 3551 3151 3607 fame.
3200 3569 3221 3603 ι
3258 3546 3372 3603 Hoc
3416 3552 3523 3611 est,

234 3645 251 3700 l
308 3657 337 3695 η(
362 3640 653 3701 Generatio
675 3645 821 3702 enim
845 3661 1105 3718 perversa
1124 3656 1287 3705 estet
1314 3648 1560 3708 infideles
1584 3650 1702 3706 lilii.
1727 3651 1835 3723 Ipsi
1933 3664 2036 3706 nec
2053 3650 2183 3714 cibi,
2227 3662 2329 3704 nec
2357 3654 2538 3717 potus,
2568 3645 2665 3701 sed
2683 3651 2946 3715 perpetua
2988 3642 3255 3698 bonorum
3297 3649 3526 3706 operum

246 3750 269 3788 ι
298 3747 734 3806 provocaverunt
760 3754 850 3797 me
888 3740 946 3796 in
986 3756 1074 3809 eo,
1110 3742 1203 3814 qui
1235 3758 1346 3800 non
1373 3752 1458 3800 est
1494 3744 1747 3817 populus,
1779 3753 1835 3801 et
1934 3739 2243 3806 sterilitate,
2276 3756 2295 3791 ι
2323 3748 2382 3795 et
2419 3734 2759 3794 devorabunt
2784 3749 2881 3790 eos
2909 3746 3037 3788 aves
3078 3745 3265 3786 morsu
3293 3726 3525 3782 amaris-

242 3843 267 3881 ι
302 3827 359 3883 in
388 3837 548 3900 gente
570 3829 738 3887 stulta
764 3831 994 3889 irritabo
1018 3832 1159 3890 illos.
1193 3854 1214 3890 ι
1247 3834 1385 3903 Quia
1413 3851 1542 3908 ergo
1579 3834 1838 3893 Israelita:
1936 3834 2074 3891 simo
2105 3850 2118 3890 :
2159 3852 2180 3887 ι
2212 3829 2437 3902 maligni
2461 3828 2715 3886 videlicet
2744 3827 2968 3899 spiritus
2998 3832 3224 3896 peccata
3251 3819 3526 3894 praeterita

216 3940 225 3973 ς
238 3916 502 3975 derelicto
552 3919 667 3976 Deo
718 3921 859 3978 idola
913 3923 1228 3993 coluerunt,
1275 3926 1593 3985 deserentes
1646 3942 1837 3985 verum

236 4016 298 4064 et
346 4024 515 4066 unum
562 4011 767 4080 Deum,
813 4013 1191 4072 deservierunt
1230 4018 1496 4084 vanitati,
1546 4018 1797 4090 gentibus
1818 4059 1835 4087 ,

220 4101 334 4171 ,qui
372 4103 556 4174 populi
600 4105 699 4161 Dei
740 4108 961 4163 nomine
997 4110 1227 4166 necdum
1261 4125 1326 4166 eo
1368 4119 1617 4183 tempore
1651 4113 1837 4170 vocari

222 4202 588 4261 vnter-uerunt,
636 4195 690 4251 in
739 4196 1095 4269 direptionem
1145 4200 1331 4257 traditi
1382 4211 1527 4258 sunt.
1576 4202 1839 4260 Similiter

240 4284 629 4355 ecclesiastici,
656 4289 749 4359 qui
792 4290 1007 4347 deserta
1046 4293 1280 4350 veritate
1304 4294 1372 4350 ad
1398 4310 1643 4353 errorem
1667 4297 1835 4354 decli-

240 4387 544 4446 naverunt,
585 4381 634 4436 si
659 4396 761 4452 pro
795 4384 953 4440 malis
981 4385 1096 4441 suis
1126 4400 1234 4442 non
1262 4387 1646 4459 poenituerint,
1679 4389 1839 4446 mali-

243 4467 367 4583 suis
751 4473 845 4544 qui
885 4475 1245 4583 superbientis
1282 4479 1633 4583 perdiderunt
1667 4495 1833 4553 ange-
1858 4521 1915 4583 Β

1936 3927 2370 3998 improperantes
2396 3963 2412 3991 ,
2456 3936 2553 3979 ore
2595 3921 2843 3977 lacerant
2895 3917 3217 3976 saevissimo.
3260 3932 3280 3967 ς
3327 3915 3526 3969 Dentes

1936 4017 2230 4074 bestiarum
2257 4015 2550 4071 immittam
2580 4012 2636 4069 in
2661 4027 2780 4080 eos,
2810 4026 2932 4067 cum
2972 4008 3162 4065 furore
3186 4004 3523 4062 trahentium

1938 4123 2102 4180 super
2123 4115 2327 4163 terram
2360 4114 2524 4177 atque
2545 4103 2904 4175 serpentium.
2942 4121 2961 4156 ι
2994 4100 3189 4156 Bestiae
3220 4104 3386 4169 atque
3408 4108 3523 4150 scr-

1936 4207 2151 4273 pentes,
2200 4196 2421 4268 maligni
2470 4195 2693 4268 spiritus
2743 4202 2888 4250 sunt.
2914 4192 3020 4261 Qui
3050 4191 3241 4248 bcstire
3269 4188 3524 4245 dicuntur

1938 4301 2162 4366 propter
2182 4290 2539 4355 ferocitatem,
2572 4294 2856 4359 serpentes
2893 4292 3119 4356 propter
3141 4281 3521 4339 calliditatem.

1939 4387 2189 4445 Trahunt
2221 4384 2409 4442 bestiae
2448 4390 2613 4454 atque
2649 4387 2932 4452 serpentes
2962 4378 3227 4449 reprobos
3274 4372 3528 4427 dentibus

1939 4496 2105 4553 super
2128 4489 2333 4536 terram
2381 4492 2506 4535 cum
2539 4476 2747 4541 furore,
2774 4472 2994 4545 quando
3037 4469 3144 4526 hoc
3183 4465 3329 4539 quod
3372 4464 3527 4536 prius

228 4558 406 4616 licam
460 4563 810 4635 dignitatem,
867 4566 939 4620 ad
964 4568 1340 4636 puniendum,
1402 4568 1600 4629 interni
1648 4586 1835 4629 carce-
1858 4558 1913 4583 ν
1939 4571 2267 4629 blandiendo
2310 4568 2623 4627 carnalibus
2653 4568 3041 4638 persuaserant
3079 4567 3144 4615 ut
3179 4558 3524 4625 seducerent,

244 4650 398 4707 ribus
445 4652 745 4708 tradentur.
798 4652 947 4710 Bene
990 4668 1122 4725 ergo
1171 4655 1443 4712 daemones
1488 4673 1621 4729 gens
1669 4659 1859 4717 stulta
1938 4660 2285 4732 postmodum
2329 4655 2623 4714 furibundo
2666 4654 2848 4711 animo
2872 4667 2904 4708 a
2936 4649 3315 4723 peccatoribus
3356 4663 3523 4720 expc-

240 4742 354 4800 dici
417 4752 683 4814 possunt,
742 4744 873 4814 quia
931 4743 1123 4801 odiunt
1173 4743 1441 4815 iustitiam
1466 4787 1481 4814 ,
1538 4756 1598 4803 et
1648 4757 1835 4806 amant
1912 4761 2082 4820 tum,
2132 4761 2194 4808 ut
2230 4750 2500 4808 crncient.
2533 4766 2554 4801 ι
2586 4747 2743 4804 Foris
2790 4744 3027 4802 vastabit
3072 4757 3165 4800 eos
3213 4743 3443 4815 gladius,
3470 4749 3527 4797 et

244 4836 613 4907 iniquitatem.
648 4856 667 4889 ‹
699 4836 845 4910 ignis
879 4852 1177 4895 succensus
1214 4847 1307 4894 est:
1339 4838 1395 4894 in
1439 4837 1626 4897 furore
1680 4857 1829 4910 meo,
1938 4843 2087 4900 intus
2108 4856 2298 4915 pavor.
2337 4860 2357 4896 ι
2397 4839 2555 4897 Foris
2582 4836 2820 4895 vastabit
2859 4835 3054 4908 impios
3090 4834 3324 4907 gladius,
3351 4843 3407 4892 et
3435 4835 3522 4889 in-

226 4948 273 4985 'c
306 4937 367 4984 et
407 4928 621 4985 ardebit
660 4943 832 5000 usque
872 4930 943 4986 ad
978 4929 1179 4988 inferni
1232 4930 1547 4989 novissima.
1586 4952 1605 4988 ι
1639 4932 1717 4990 De
1742 4934 1830 4991 his
1939 4945 2029 4993 tus
2061 4951 2252 5007 pavor,
2282 4934 2499 5005 quando
2523 4933 2579 4990 in
2604 4938 2846 4988 extrema
2871 4928 3095 4996 ultione,
3119 4927 3359 4999 undique
3396 4939 3521 4981 cor-

246 5022 675 5095 quos-damnant
693 5021 902 5093 ﬂagella
926 5030 1114 5081 etnon
1144 5024 1395 5092 liberant,
1417 5027 1683 5098 scriptum
1708 5036 1831 5084 est:
1936 5042 2060 5099 pus,
2085 5026 2226 5098 ignis
2250 5024 2440 5082 :eterni
2468 5030 2685 5094 torquet
2716 5020 2950 5087 exustio,
2983 5027 3039 5078 et
3084 5018 3230 5076 intus
3275 5026 3514 5072 mentem

257 5132 276 5168 ι
302 5115 637 5173 Ρθινοιιεεὶειί
667 5130 784 5183 eos,
807 5123 864 5173 et
899 5133 1011 5174 non
1048 5119 1337 5177 doluerunt
1366 5141 1379 5178 :
1416 5120 1673 5177 attrivisti
1712 5134 1831 5189 eos,
1938 5120 2202 5192 angustiae
2247 5117 2506 5188 opprimit
2546 5112 2885 5185 magnitudo.
2914 5111 3073 5168 Unde
3105 5109 3367 5179 scriptum
3392 5114 3477 5161 est
3508 5121 3522 5159 :

250 5215 309 5267 et
337 5223 443 5264 non
480 5217 775 5265 renuerunt
806 5210 1054 5280 accipere
1082 5210 1426 5282 disciplinam
1448 5211 1668 5284 (larem.
1696 5210 1779 5283 v).
1807 5228 1830 5265 ι

252 5301 352 5359 llis
374 5302 578 5376 ﬂagella
616 5303 686 5360 ab
709 5305 811 5360 hac
842 5304 955 5361 vita
1000 5304 1278 5372 inchoant,
1309 5313 1365 5361 et
1390 5304 1455 5378 in
1480 5311 1683 5362 aeterna
1712 5318 1837 5375 per-

253 5394 505 5455 cussione
534 5397 850 5467 perdurant.
873 5397 1013 5455 Hinc
1055 5399 1200 5454 enim
1229 5414 1328 5470 per
1355 5397 1575 5470 Moysen
1601 5398 1834 5455 dicitur:

260 5507 281 5545 ι
318 5488 462 5559 ignis
480 5488 682 5545 exarsit
712 5490 780 5546 ab
810 5491 892 5546 ira
918 5506 1061 5559 mea,
1089 5500 1144 5549 et
1170 5491 1380 5548 ardebit
1401 5505 1574 5562 usque
1596 5490 1665 5546 ad
1697 5489 1837 5546 infe-

256 5597 349 5638 ros
375 5582 644 5638 deorsum.
684 5602 703 5635 ι
738 5583 1007 5650 Quantum
1038 5586 1105 5642 ad
1146 5594 1466 5655 praesentem
1489 5586 1689 5642 etenim
1716 5599 1841 5656 per-

255 5674 564 5731 cussionem
594 5681 828 5744 spectat,
858 5684 1007 5732 recte
1039 5677 1238 5733 dicitur
1268 5697 1282 5733 :
1322 5697 1342 5729 ‹
1377 5678 1519 5750 ignis
1540 5678 1744 5732 exarsit
1768 5675 1838 5731 ab

257 5765 339 5825 ira
367 5779 506 5823 mea.
542 5784 564 5820 ι
593 5763 862 5833 Quantum
883 5781 1014 5826 vero
1040 5769 1105 5827 ad
1126 5777 1385 5827 aeternam
1412 5768 1835 5839 damnationem,

1945 5228 1967 5265 ι
2000 5209 2215 5266 Vermis
2243 5221 2435 5265 eorum
2464 5220 2573 5262 non
2600 5203 2885 5270 morietur,
2923 5211 2982 5259 et
3017 5200 3157 5272 ignis
3190 5212 3300 5253 non
3324 5194 3527 5251 exstin-

1942 5309 2157 5376 guetur.
2189 5297 2452 5356 Juvenem
2472 5295 2635 5353 simul
2666 5310 2731 5354 ac
2755 5295 3047 5368 virginem,
3079 5292 3375 5347 lactentem
3400 5299 3525 5376 cum

1941 5375 2160 5451 homine
2204 5404 2335 5450 sene
2386 5389 2523 5463 (Iac.
2567 5387 2736 5463 uvr).
2792 5406 2810 5440 ι
2863 5381 3206 5442 Enumeratis
3254 5375 3524 5434 universis

1941 5486 2212 5551 aetatibus,
2241 5482 2479 5541 ostendit
2514 5480 2644 5538 nulli
2676 5478 2824 5536 aetati
2860 5476 2916 5531 in
2946 5481 3133 5530 exerta
3172 5470 3378 5526 ultione
3404 5479 3525 5523 esse

1941 5578 2295 5651 parcendum,
2337 5590 2474 5645 quos
2523 5573 2665 5629 idem
2721 5566 3038 5625 idololatria:
3082 5562 3387 5620 fmdaverat
3411 5558 3525 5651 cul-

1943 5679 2049 5727 tus.
2077 5668 2377 5738 Allegorice
2432 5673 2610 5721 autem
2645 5662 2699 5716 in
2743 5658 2959 5727 juvene,
2989 5656 3249 5712 lascivum
3274 5663 3329 5709 et
3355 5650 3523 5707 libidi-

1943 5776 2168 5829 nosum;
2193 5759 2247 5816 in
2289 5758 2531 5831 virgine,
2575 5769 2607 5810 a
2662 5750 2817 5810 bonis
2858 5747 3113 5822 operibus
3147 5744 3421 5813 sterilem;
3468 5742 3524 5800 in
