3930 6344
203 305 291 366 981

935 298 1338 358 ENARRATIO
1378 297 1607 358 SUPER
1646 297 2273 358 DEUTERONOMIUM.
2316 327 2385 340 ο-
2424 300 2552 358 LIB.
2596 302 2688 358 IV.

201 417 412 488 vascrit,
448 415 556 473 nisi
587 430 646 472 se
676 413 801 472 inde
841 413 1172 482 liberaverit,
1203 420 1322 474 sine
1355 416 1518 473 dubio
1545 415 1602 470 in
1626 423 1779 472 atten-
1803 414 1856 476 A
1882 415 2194 472 servissuis
2223 415 2590 472 miserebitur.
2635 435 2656 468 ι
2695 413 2834 483 Quia
2861 414 2921 470 in
2967 413 3182 474 calcati
3230 417 3470 477 beatitas

202 533 319 576 num
342 513 584 587 perimit.
619 532 639 567 ι
685 513 874 570 Nonne
912 513 1029 570 haec
1076 515 1294 572 condita
1318 523 1446 571 sunt
1486 515 1630 586 apud
1665 528 1775 581 me,

201 621 249 670 et
273 611 488 680 signata
529 608 612 665 in‘
639 609 910 664 thesauris
947 607 1118 664 meis?
1161 629 1181 664 ι
1227 606 1394 664 Moris
1427 614 1512 664 est
1550 604 1780 664 humani

202 703 428 779 generis,
467 710 528 757 ut
552 702 830 773 praeterita
866 702 975 759 cito
1014 701 1422 768 obliviscantur,
1452 710 1510 756 et
1535 716 1655 774 quae
1679 700 1780 756 ali-

201 795 408 868 quando
427 793 653 868 grandia
675 792 1016 859 videbantur,
1050 795 1227 864 spatio
1257 793 1516 864 temporis
1537 792 1780 859 labente,

201 884 352 966 simul
374 885 490 956 ipsa
515 883 574 942 in
602 884 980 941 recordatione
1005 882 1284 940 deiicrant.
1310 883 1416 940 Sed
1442 899 1550 938 non
1590 881 1668 938 ita
1697 887 1784 938 est

199 979 332 1051 apud
355 978 548 1043 Deum,
575 975 668 1036 ubi
696 977 1036 1048 praeteritum
1069 983 1124 1032 et
1151 975 1394 1031 futurum
1421 989 1531 1030 non
1556 981 1660 1040 est,
1686 970 1784 1028 sed

198 1084 432 1142 pnnsens
453 1082 669 1138 semper
704 1067 876 1124 adest.
918 1068 1049 1135 Quae
1076 1067 1224 1123 enim
1267 1066 1424 1124 nobis
1451 1069 1786 1138 praetereunt

200 1158 269 1215 ibi
305 1165 688 1224 reservantur,
729 1173 832 1216 nec
867 1157 1125 1214 oblivioni
1179 1156 1482 1213 tradentur.
1525 1155 1655 1211 inde
1687 1169 1784 1210 ne—

201 1267 346 1308 cesso
382 1259 485 1320 est,
513 1261 573 1307 ut
599 1259 844 1322 peccata,
868 1266 988 1320 quae
1037 1250 1236 1306 dudum
1285 1247 1680 1314 commisimus,
1705 1247 1786 1302 in-

200 1343 362 1400 stanti
389 1343 714 1414 paenitentia
730 1342 910 1399 delere
923 1357 1109 1398 coram
1125 1340 1298 1397 oculis
1314 1340 1413 1396 Dei
1434 1339 1783 1395 studeamus:

202 1452 267 1492 ne
287 1435 430 1492 forte
453 1435 512 1492 in
543 1434 727 1494 futuro
756 1435 975 1508 quando
1006 1442 1221 1504 tempus
1248 1433 1504 1489 vindicta:
1540 1431 1668 1496 erit,
1697 1445 1788 1486 re-

1881 507 2005 564 dine
2031 506 2280 562 fidelibus
2299 507 2414 564 suis
2435 505 2869 564 misericordiam
2883 505 3167 576 praestabit
3179 513 3463 567 atteruntur

1878 596 2068 664 Potest
2099 607 2156 652 et
2187 598 2292 654 iste
2322 614 2516 657 versus
2537 599 2608 656 ad
2643 595 2960 654 Judaeorum
2989 600 3470 659 conversationem

1880 689 2134 748 ultimam.
2173 688 2385 757 referri,
2437 690 2658 760 quando
2701 689 3002 747 miserante
3047 691 3164 748 Deo
3211 694 3474 764 populum

1881 798 2062 852 suum,
2088 791 2214 854 post
2246 783 2638 854 plenitudinem
2685 784 2932 854 gentium
2968 785 3374 843 subintrantcm
3403 785 3469 851 ad

1883 877 2068 944 fidem,
2093 878 2274 936 omnis
2300 877 2465 935 Israel
2491 891 2592 948 per
2614 878 2853 946 gratiam
2873 877 3112 934 divinam
3133 879 3203 936 ad
3223 881 3475 938 eamdem

1884 967 2046 1028 (idem
2072 983 2390 1035 conversus,
2420 966 2602 1031 salvus
2629 967 2746 1026 list.

1962 1081 1982 1118 ι
2015 1063 2232 1123 Videbit
2254 1063 2397 1132 quod
2415 1062 2692 1120 inﬁrmam
2718 1064 2792 1120 sit
2813 1079 3030 1133 manus,
3052 1073 3109 1121 et
3135 1064 3309 1122 clausi
3339 1077 3476 1136 quo-

1891 1173 1912 1212 t
1945 1170 2052 1225 quo
2103 1153 2419 1211 defecerunt
2458 1173 2473 1210 :
2514 1155 2828 1226 residuique
2867 1158 3176 1228 consumpti
3227 1165 3374 1212 sunt.
3406 1155 3477 1212 Et

1892 1268 1918 1304 ι
1947 1251 2094 1305 dicet
2131 1267 2145 1305 :
2189 1248 2296 1305 Ubi
2344 1260 2471 1305 sunt
2506 1249 2582 1305 dii
2605 1263 2819 1317 eorum,
2857 1249 2915 1306 in
2960 1251 3158 1320 quibus
3192 1251 3474 1306 habebant

1894 1359 1913 1394 ι
1948 1341 2236 1398 fiduciam?
2265 1341 2348 1398 Ex
2359 1357 2592 1412 quorum
2611 1342 2848 1398 victimis
2869 1341 3228 1399 comedebant
3257 1341 3472 1411 adipes,

1896 1451 1918 1488 ι
1946 1441 2007 1488 et
2029 1433 2290 1489 bibebant
2331 1434 2520 1490 vinum
2555 1433 2897 1490 libaminum.
2930 1434 3172 1504 Surgant
3198 1441 3256 1489 et
3293 1431 3476 1502 opitu—

198 1538 352 1601 putet
373 1529 530 1588 nobis
564 1531 745 1586 debita
783 1538 972 1586 nostra
1001 1536 1060 1583 ct
1097 1527 1264 1583 dicat.
1303 1544 1323 1578 ι
1354 1525 1482 1582 Haec
1516 1523 1698 1580 fecisti
1732 1531 1792 1580 et
1895 1543 1916 1580 ι
1951 1525 2134 1582 lentur
2169 1525 2344 1592 vobis,
2371 1536 2430 1582 et
2462 1526 2519 1580 in
2545 1525 2964 1583 necessitatibus
2985 1539 3084 1582 vos
3112 1531 3419 1597 protegant.
3452 1541 3474 1576 ι

206 1640 227 1676 ι
261 1624 429 1681 tacui.
451 1623 790 1682 Existimasti
842 1623 1026 1694 inique
1059 1619 1205 1693 quod
1229 1634 1407 1677 essem
1434 1619 1531 1674 tibi
1559 1618 1784 1684 similis;
1891 1615 2128 1683 Videbit,
2155 1616 2352 1686 inquit,
2387 1618 2532 1688 quod
2563 1616 2840 1673 infirmata
2870 1618 2943 1672 sit
2991 1630 3205 1685 manus,
3241 1629 3368 1672 cum
3400 1614 3483 1669 vi-

205 1734 225 1774 t
263 1732 492 1788 arguam
545 1724 602 1772 te
645 1725 705 1772 et
752 1722 988 1772 statuam
1019 1715 1112 1770 illa
1137 1722 1332 1772 contra
1368 1713 1563 1770 faciem
1614 1721 1783 1768 tuam.
1814 1782 1854 1788 _
1891 1707 2008 1762 deri
2037 1707 2232 1764 fecerit
2279 1708 2430 1779 quod
2460 1723 2628 1779 opera
2667 1709 2956 1775 malorum,
2995 1721 3118 1779 quae
3144 1708 3396 1763 fecerunt
3423 1704 3480 1760 in

203 1826 222 1860 ε
257 1782 380 1865 Mea
398 1816 484 1865 est
509 1808 643 1863 ultio
680 1815 738 1864 et
757 1823 858 1879 ego
887 1806 1190 1864 retribuam
1210 1806 1300 1861 eis
1341 1805 1400 1860 in
1425 1813 1692 1874 tempore,
1724 1812 1786 1859 ut
1813 1782 1864 1846 Β
1890 1803 2198 1860 idololatria
2253 1804 2341 1860 vel
2381 1805 2598 1861 caeteris
2650 1803 3203 1874 transgressionibus,
3264 1799 3482 1855 infirma

201 1917 230 1960 ι,
257 1899 480 1956 labatur
514 1913 616 1970 pes
642 1913 853 1956 eorum.
893 1917 916 1951 ι
947 1896 1112 1954 Certa
1137 1906 1268 1952 sunt
1290 1896 1435 1967 apud
1472 1895 1786 1962 Dominum,
1887 1897 2110 1963 fuerint,
2133 1899 2352 1968 quando
2375 1899 2445 1954 ad
2463 1899 2694 1954 nihilum
2723 1900 2963 1966 redacta,
2997 1895 3134 1953 nihil
3157 1895 3259 1962 eis,
3296 1893 3390 1965 qui
3417 1907 3482 1949 ea

190 1999 252 2048 et
277 1999 494 2062 tempus
517 1998 576 2046 et
595 1991 788 2046 modus
816 1989 1089 2046 vindictae.
1119 1987 1226 2045 Sed
1253 1988 1382 2060 quia
1407 1987 1594 2045 multa:
1618 1986 1786 2044 mise-
1889 1991 2152 2058 feeerant,
2195 1990 2521 2062 profuerint.
2559 1993 2628 2048 Et
2669 1991 2842 2048 clausi
2873 2005 3090 2062 quoque
3143 1988 3480 2046 defecerunt.

190 2082 446 2138 rationes
485 2080 604 2152 ejus
638 2090 784 2149 sunt,
816 2100 836 2134 ι
870 2095 1316 2154 praeoccupemus
1355 2081 1550 2137 faciem
1583 2080 1702 2150 ejus
1731 2081 1790 2137 in
1890 2081 2007 2138 Hoc
2028 2091 2131 2148 est,
2159 2082 2273 2140 sive
2300 2081 2471 2139 Judazi
2499 2084 2567 2139 ad
2609 2085 2981 2157 captivitatem
3015 2083 3084 2139 ab
3115 2080 3355 2137 inimicis
3386 2079 3483 2135 du—

189 2173 566 2238 confessione,
594 2182 650 2234 et
677 2175 732 2230 in
750 2173 978 2244 psalmis
992 2174 1289 2243 jubilemus
1326 2174 1397 2229 ei.
1425 2171 1790 2230 Humiliemus
1889 2176 1991 2241 eti,
2031 2176 2232 2232 ibidem
2251 2177 2554 2248 consumpti
2584 2186 2730 2245 sunt,
2765 2175 2850 2233 vel
2882 2188 3074 2232 omnes
3109 2172 3262 2245 impii
3298 2173 3352 2230 in
3386 2185 3484 2243 po-

188 2264 248 2319 in
271 2263 490 2333 ieiunio
512 2266 724 2320 alii!!!“
764 2274 1015 2331 1108⁸ηεὶ
1049 2285 1067 2318 ³
1104 2265 1392 2335 vigilemus
1433 2272 1492 2320 ei
1544 2279 1786 2332 01⁵⁸111118,
1889 2279 2144 2327 testatum
2172 2271 2480 2330 daemonum
2521 2273 2730 2341 traditi,
2773 2271 2916 2328 ultra
2946 2287 3055 2327 non
3087 2265 3480 2342 praevalebunt.

193 2373 214 2408 ι
244 2356 648 2426 (ιιιοιιίειιηίιυίε
672 2356 796 2422 εοὶιν
827 2357 874 2412 Si
893 2365 1246 2415 convertam?
1269 2364 1328 2412 ει
1348 2357 1596 2426 ignoscat
1618 2357 1786 2424 Dens,
1891 2362 2226 2435 Residuique
2253 2365 2560 2437 consumpti
2584 2373 2728 2430 sunt,
2765 2365 2895 2436 quia
2926 2365 2993 2420 ab
3008 2363 3114 2419 hac
3143 2361 3253 2446 yita
3284 2373 3486 2415 exeun-

139 2457 144 2462 '
190 2456 247 2512 et
275 2448 557 2518 relinquat
582 2457 706 2519 post
733 2464 794 2506 se
842 2451 1316 2507 benedictionem?
1357 2448 1522 2506 Juxta
1546 2459 1632 2506 est
1673 2450 1790 2507 dies

1903 2466 1996 2522 tes,
2032 2469 2141 2512 non
2188 2457 2466 2514 habebunt
2508 2457 2738 2515 ulterius
2766 2463 3096 2528 potestatem
3120 2461 3283 2523 atque
3316 2447 3485 2504 facul—

189 2541 543 2612 perditionis,
570 2549 626 2597 et
673 2542 866 2600 adesse
889 2541 1151 2599 festinant
1182 2548 1447 2612 tempore.
1474 2560 1496 2596 ο
1521 2541 1686 2597 Juxta
1705 2549 1794 2597 est
1892 2554 2060 2603 tatem
2091 2547 2295 2617 aliquid
2342 2548 2598 2603 faciendi.
2637 2547 2846 2603 Idcirco
2896 2546 2952 2601 in
3004 2541 3333 2600 Ecclesiaste
3360 2536 3490 2594 scrii

137 2672 146 2680 ο
190 2635 495 2702 unicuique
523 2634 638 2690 dies
663 2635 902 2701 ultioni,
945 2637 1073 2705 quia
1097 2643 1281 2692 certus
1309 2643 1416 2702 est,
1444 2650 1550 2692 nec
1584 2635 1793 2691 diutur‘
1891 2644 2046 2708 ptum
2067 2645 2195 2692 est:
2231 2653 2252 2688 ι
2287 2636 2659 2707 Quodcunque
2681 2644 2865 2708 potest
2908 2647 3104 2690 manus
3136 2639 3231 2688 tua
3281 2629 3482 2692 facere,

188 2739 322 2781 num
368 2738 496 2779 esse
519 2732 701 2795 potest
737 2725 888 2794 quod
923 2725 1213 2795 aliquando
1267 2725 1472 2781 ﬁnitur.
1515 2723 1793 2794 Quidquid

1903 2732 2164 2787 instanter
2179 2743 2429 2803 operare,
2463 2729 2591 2800 quia
2629 2745 2731 2785 nec
2759 2743 2914 2800 opus,
2939 2739 3040 2782 nec
3065 2725 3229 2791 ratio,
3263 2736 3367 2778 nec
3402 2735 3491 2776 sa-

188 2813 342 2870 enim
373 2814 681 2885 temporale
699 2823 762 2876 ut
787 2815 1136 2876 esthominis
1159 2824 1315 2883 aetas,
1343 2816 1434 2872 vel
1455 2816 1641 2872 mundi
1669 2827 1792 2871 eur-
1892 2823 2121 2894 pientis,
2151 2837 2253 2878 nec
2301 2822 2556 2888 scientia,
2611 2827 2774 2877 erunt
2825 2819 2964 2889 apud
3003 2814 3227 2882 inferos,
3271 2828 3379 2884 quo
3429 2819 3491 2866 tu

185 2920 304 2975 sus,
329 2905 406 2961 ad
451 2907 818 2967 aeternitatem
844 2916 1215 2979 comparatur,
1233 2924 1463 2980 parvum
1495 2909 1557 2964 iit
1585 2908 1641 2964 in
1672 2909 1796 2980 ejus
1893 2913 2154 2984 properas
2201 2909 2427 2984 (Eccles.
2473 2911 2574 2982 rx).
2619 2929 2640 2964 ι
2683 2909 2839 2976 Quod
2897 2915 3079 2962 autem
3125 2902 3488 2974 subiungitur,

185 2998 635 3068 comparatione.
687 2999 816 3058 Meo
859 3001 1078 3068 dicitur,
1122 3021 1150 3054 ι
1180 3009 1240 3058 et
1286 3001 1480 3058 adesse
1525 3001 1794 3057 festinant
1901 3023 1924 3058 ι
1955 3006 2049 3062 ubi
2067 3013 2194 3060 sunt
2217 3004 2292 3062 dii
2320 3017 2510 3060 eorum
2534 3005 2590 3059 in
2616 3003 2813 3074 quibus
2845 3000 3117 3056 habebant
3161 2995 3434 3058 fiduciam,
3462 3012 3481 3045 ο

184 3101 476 3165 tempora,
494 3112 516 3148 ι
540 3094 668 3163 quia
695 3095 803 3151 cito
830 3095 1092 3152 {innitimur
1117 3095 1457 3166 temporalia.
1477 3093 1788 3152 Secundum
1818 3146 1864 3169 η
1895 3107 1952 3155 et
1970 3097 2200 3169 reliqua,
2233 3095 2527 3169 significat,
2572 3093 2717 3166 quod
2743 3089 3040 3150 idololatrte
3071 3087 3281 3144 nullum
3332 3083 3487 3154 adju-

183 3146 504 3243 meum
521 3146 1788 3260 etiamsunt;istaistam:
1817 3146 1864 3211 C
1896 3146 2200 3247 {atr'giz
2211 3146 2673 3246 manus;
2689 3146 2933 3242 intra.
2967 3183 3037 3238 ab
3071 3179 3266 3246 idolis,
3291 3146 3489 3247 quibus

180 3276 314 3345 quia
337 3290 416 3333 ex
451 3287 562 3346 quo
583 3277 850 3334 rebellare
896 3288 1198 3350 creperum,
1241 3294 1519 3350 nunquam
1553 3279 1794 3351 perfecte
1897 3289 2058 3339 antea
2079 3281 2285 3338 cultum
2313 3281 2695 3337 exhibuerant.
2718 3275 2829 3334 Sed
2850 3292 2949 3334 nec
2975 3273 3164 3332 mundi
3192 3273 3486 3338 au'iatores,

184 3365 558 3434 destiterunt,
569 3367 742 3425 donec
761 3370 918 3441 regni
939 3370 1120 3426 locum
1137 3379 1194 3426 et
1214 3370 1790 3443 vitaeprosperitatem,
1897 3376 1990 3448 qui
2010 3390 2112 3448 per
2136 3374 2445 3441 avaritiam,
2477 3388 2600 3445 quae
2647 3380 2732 3429 est
2786 3371 3057 3428 idolorum
3111 3365 3371 3432 servitus,
3397 3375 3492 3434 pe-

185 3459 412 3527 pariter
436 3459 813 3530 perdiderunt.
843 3461 983 3518 Nam
1007 3471 1298 3532 postquam
1324 3462 1622 3534 prophetas
1641 3464 1791 3520 occi-
1897 3469 2089 3528 cunias
2122 3469 2180 3524 in
2221 3466 2428 3524 mundo
2482 3464 2911 3538 congregabant,
2944 3461 3039 3533 qui
3086 3459 3296 3515 deliciis
3325 3463 3492 3525 atque

187 3550 423 3619 derum,
472 3559 534 3609 ει
586 3551 924 3610 Salvam
967 3555 1386 3621 crueiﬁlemni,
1437 3555 1794 3612 seditionibus
1897 3561 2129 3618 luxuria:
2167 3559 2570 3625 deserviebant,
2622 3571 2853 3627 quorum
2884 3555 3028 3611 Deus
3051 3560 3245 3609 venter
3272 3556 3409 3613 erat,
3438 3555 3494 3601 ct

184 3642 450 3712 antiquis
477 3657 620 3700 nova
643 3643 1146 3714 superadiicientes,
1184 3643 1462 3701 Romanos
1481 3645 1798 3702 rebellando

182 3733 248 3790 in
296 3749 364 3790 se
400 3745 860 3805 provocassem,
917 3738 1015 3808 φὶ
1067 3737 1202 3794 urbe
1253 3739 1552 3806 destructa,
1594 3739 1798 3810 templo

176 3840 492 3892 succenso,
520 3828 722 3899 populo
755 3831 906 3888 fame
941 3839 998 3885 et
1031 3831 1214 3902 gladio
1271 3830 1483 3898 necato,
1536 3831 1802 3905 reliquias

175 3931 403 3974 eorum
439 3931 540 3985 per
567 3924 745 3974 totum
788 3918 980 3976 orbem
1024 3921 1417 3991 disperserunt,
1449 3923 1543 3979 ubi
1573 3924 1800 3981 incertis

173 4008 426 4064 sedibus
450 4008 717 4077 vagando,
741 4023 838 4081 spe
857 4009 1393 4069 futumrummanent
1413 4015 1631 4072 incerti.
1661 4033 1680 4067 ι
1705 4014 1799 4071 Je-

174 4095 408 4159 dicabit
433 4094 704 4154 Dominus
742 4100 1002 4170 populum
1045 4117 1226 4169 suum,
1253 4112 1310 4158 et
1350 4104 1406 4159 in
1455 4105 1628 4161 servis
1682 4106 1798 4163 suis

178 4186 581 4246 miserebitur.
633 4207 654 4242 ι
709 4189 986 4248 Judicabit
1031 4207 1163 4265 ergo
1226 4195 1489 4253 Dominus
1537 4197 1797 4268 populum

181 4298 374 4348 suum,
408 4281 639 4352 quando
657 4282 863 4342 electos
887 4301 1016 4344 suos
1034 4302 1066 4342 a
1096 4288 1344 4360 rein-nbis
1363 4291 1620 4346 secernit.
1656 4291 1796 4346 Nam

177 4374 448 4448 judicare
493 4373 784 4445 aliquando
829 4391 929 4448 pm
967 4379 1303 4447 discernere,
1343 4381 1635 4452 aliquando
1663 4395 1796 4440 vero

181 4484 287 4539 pro
308 4468 592 4523 damnare
613 4469 896 4539 accipitur.
931 4470 1083 4527 ﬁnde
1103 4473 1158 4526 iu
1188 4473 1397 4542 psalmo
1427 4473 1696 4545 Propheta
1725 4475 1795 4532 ad

184 4561 504 4617 Dominum
528 4559 669 4615 dixit
693 4573 710 4614 :
733 4576 755 4612 ι
774 4559 965 4618 iudica
989 4578 1096 4630 me,
1118 4563 1282 4632 Deus,
1307 4575 1362 4621 et
1391 4563 1640 4624 discerne
1660 4583 1795 4624 cau-

183 4669 306 4710 sam
326 4667 534 4709 meum
550 4651 622 4707 de
639 4659 800 4723 gente
831 4668 938 4710 non
965 4665 1174 4721 sancta,
1201 4658 1270 4713 ab
1295 4657 1512 4714 homine
1538 4659 1724 4730 iniquo
1741 4667 1799 4716 ct

183 4743 382 4802 doioso
412 4742 578 4812 eripe
607 4739 780 4812 (Ρεαι.
812 4743 970 4816 mi).
1012 4762 1031 4797 ι
1069 4745 1169 4801 llic
1186 4745 1431 4816 judicare
1454 4761 1556 4818 pro
1595 4751 1800 4806 discre-

183 4834 335 4892 tione
360 4832 624 4906 ponitur.
654 4831 798 4888 Alibi
837 4843 1018 4890 autem
1067 4833 1340 4907 Propheta
1389 4837 1458 4893 ad
1507 4839 1796 4897 Dominum

183 4923 446 4981 chmans
474 4923 563 4978 ait
591 4936 606 4975 :
640 4939 662 4974 ι
690 4919 901 4990 iudica,
926 4924 1170 4991 Domine,
1199 4935 1461 4984 nocentes
1487 4943 1595 4996 me,
1627 4943 1797 5002 expu-

183 5031 292 5087 gna
359 5018 770 5088 impugnantes
808 5029 896 5071 me
923 5015 1098 5088 (Paul.
1125 5020 1336 5093 xxxiv).
1371 5039 1392 5076 ι
1425 5021 1534 5078 Sed
1575 5024 1666 5080 hic
1712 5025 1802 5098 ju-

183 5107 395 5165 dicium
421 5122 540 5179 pro
586 5106 938 5164 damnatione
970 5109 1206 5178 positum
1235 5121 1339 5168 est.
1395 5112 1670 5171 Judicahit
1694 5118 1802 5174 Do-

182 5199 374 5258 minus
403 5206 646 5257 sanetos
671 5213 822 5266 suos,
854 5198 1072 5269 quando
1096 5213 1192 5256 eos
1212 5201 1269 5256 in
1293 5202 1382 5258 die
1401 5202 1594 5272 judicii
1617 5220 1806 5278 segre-

183 5306 324 5364 guis
349 5309 388 5348 ιι
409 5291 808 5363 peccatoribus
855 5291 1146 5348 collocabit
1190 5293 1248 5349 in
1289 5294 1513 5351 dextera
1550 5311 1666 5354 sua.
1694 5299 1806 5358 lio-

184 5390 332 5440 stem‘
361 5394 571 5440 autem
587 5397 778 5444 eorum
788 5389 1235 5454 etpersecutores
1255 5401 1286 5440 a
1309 5386 1546 5444 sinistris
1576 5397 1798 5460 statuet,

152 5517 156 5520 -
184 5484 250 5532 ut
271 5475 706 5533 damnationem
733 5484 940 5531 certam
959 5490 1086 5532 cum
1107 5476 1321 5535 diabolo
1350 5485 1405 5533 et
1430 5480 1636 5550 angelis
1662 5481 1802 5551 ejus,

186 5568 244 5624 in
272 5568 508 5625 nilei-no
533 5566 818 5637 recipiant,
854 5575 910 5623 et
934 5567 1091 5624 ibunt
1111 5569 1168 5624 hi
1209 5568 1262 5624 in
1291 5568 1615 5641 supplicium
1639 5581 1802 5630 aeter-

187 5675 349 5727 num,
374 5659 528 5729 justi
553 5666 732 5714 autem
759 5659 815 5713 in
837 5659 1005 5715 vitam
1026 5669 1302 5718 aeternam.
1331 5661 1484 5718 Tunc
1501 5663 1804 5734 perfectum

189 5754 321 5837 crit,
345 5753 510 5834 quod
562 5752 617 5810 in
642 5749 902 5823 praebeto
950 5767 1112 5813 versu
1161 5753 1510 5829 subsequitur
1544 5773 1558 5815 :
1597 5776 1617 5813 ι
1647 5758 1717 5819 Et
1743 5760 1839 5847 in,

1901 3651 2075 3724 gloria
2105 3650 2162 3705 in
2186 3649 2509 3707 confusione
2540 3663 2732 3705 eorum
2778 3648 2870 3718 qui
2928 3655 3149 3703 terrena
3185 3633 3503 3712 sepiebant,

1899 3742 2038 3801 nihil
2065 3755 2249 3799 secum
2269 3739 2558 3798 conferunt
2583 3740 2649 3796 de
2670 3739 2931 3795 universo
2949 3725 3147 3794 labore
3163 3747 3286 3801 suo,
3315 3746 3488 3803 quan-

1901 3838 1972 3896 do
2003 3851 2102 3908 pro
2131 3834 2372 3908 peccatis
2402 3833 2515 3890 suis
2551 3830 2620 3890 ad
2642 3837 2911 3889 tartarum
2935 3844 2968 3887 a
2999 3827 3252 3902 malignis
3278 3823 3487 3898 spiriti-

1901 3928 2004 3986 bus
2029 3927 2438 4000 pertrahuntur.

1941 4051 1946 4056 ο
1980 4035 2002 4074 t
2041 4020 2236 4076 Videte
2264 4017 2408 4091 quod
2430 4033 2531 4092 ego
2554 4015 2658 4074 sim
2687 4015 2860 4086 solus,
2883 4026 3070 4074 etnon
3095 4013 3167 4071 sit
3189 4011 3326 4069 alius
3352 4009 3497 4068 Deus

1901 4118 2104 4183 printer
2123 4123 2231 4166 me.
2281 4127 2300 4164 ι
2346 4109 2473 4165 Haec
2503 4108 2804 4166 admonitio
2839 4103 3166 4180 generaliter
3203 4104 3270 4160 ad
3304 4117 3494 4159 omnes

1901 4201 2152 4258 homines
2192 4202 2451 4272 pertinet,
2488 4209 2550 4256 ut
2585 4201 2778 4257 relicta
2808 4200 3047 4256 falsitate
3085 4196 3375 4262 idolorum,
3409 4195 3508 4276 at?

1903 4308 2012 4366 que
2047 4293 2368 4366 deceptione
2417 4293 2824 4361 haereticorum,
2875 4305 2979 4349 nec
3009 4307 3118 4348 non
3148 4298 3204 4346 et
3250 4287 3513 4366 omnium:

1901 4387 2253 4458 iniquitatum
2275 4385 2547 4452 sordibus,
2584 4384 2653 4441 ad
2686 4398 2856 4441 unum
2886 4393 2939 4439 et
2966 4383 3140 4438 solum
3187 4378 3359 4433 Deum
3386 4376 3493 4430 Pa-

1902 4489 2047 4535 trem
2074 4486 2130 4534 et
2158 4475 2426 4550 Spiritum
2473 4483 2742 4543 sanctum,
2806 4488 2906 4544 per
2961 4473 3124 4527 fidem
3169 4467 3496 4525 catholicam

1907 4571 2195 4630 colendum
2224 4578 2634 4636 convertantur,
2665 4579 2898 4638 eumque
2925 4578 2996 4620 ex
3022 4570 3136 4620 toto
3169 4558 3354 4627 corde,
3385 4567 3497 4614 tota

1907 4661 2108 4728 anima,
2165 4667 2384 4731 totaque
2437 4658 2642 4715 virtute
2690 4657 2942 4734 diligant,
2997 4662 3054 4710 et
3090 4652 3341 4738 mandata
3378 4650 3499 4722 ejus

1908 4763 2074 4824 atque
2110 4750 2317 4822 judicia
2342 4749 2632 4823 diligenter
2681 4752 3026 4815 conservent,
3059 4754 3325 4818 quatenus
3345 4743 3498 4818 regni

1907 4844 2146 4902 ctelestis
2164 4839 2409 4901 hmredes
2429 4841 2566 4898 eliici
2588 4828 2921 4898 mereantur.
2961 4858 2980 4894 ‹
3020 4828 3143 4912 Εεό
3165 4839 3409 4895 occidam
3436 4845 3493 4893 et

1907 4949 2010 5005 ego
2034 4933 2218 4990 vivere
2241 4933 2476 5000 faciam;
2517 4931 2820 5004 percutiam
2848 4938 2904 4986 et
2927 4943 3027 5001 ego
3051 4929 3275 4994 sanabo,
3303 4933 3494 4982 etnon

1905 5035 2011 5096 est,
2048 5027 2140 5099 qui
2179 5026 2430 5084 demanu
2451 5038 2574 5082 mea
2615 5024 2790 5097 possit
2816 5028 3032 5079 eruere.
3070 5041 3088 5074 )
3117 5009 3338 5076 Duobus
3380 5031 3499 5072 mo-

1907 5122 1993 5179 dis
2011 5121 2357 5193 omnipotens
2379 5119 2522 5178 Deus
2549 5117 2819 5185 vulnerat,
2861 5131 2997 5188 quos
3018 5115 3280 5170 reducere
3310 5109 3377 5165 ad
3405 5125 3495 5165 sa-

1906 5212 2076 5269 lutem
2107 5218 2280 5268 curat.
2330 5209 2636 5284 Aliquando
2676 5209 2822 5266 enim
2877 5221 3096 5264 carnem
3142 5199 3399 5276 percutit,
3441 5209 3500 5258 et

1910 5301 2111 5358 mentis
2136 5299 2336 5356 duritia
2374 5299 2432 5355 in
2482 5314 2580 5356 suo
2623 5312 2825 5371 pavore
2873 5295 3123 5352 tabescit.
3150 5289 3499 5348 Vulnerando

1911 5407 2044 5464 ergo
2071 5392 2140 5447 ad
2174 5390 2402 5448 salutem
2441 5400 2680 5456 revocat,
2718 5404 2842 5446 cum
2882 5388 3083 5444 electos
3119 5391 3263 5442 'suos
3310 5380 3501 5452 afﬂigit

1911 5485 2154 5541 exterius
2207 5491 2264 5540 et
2302 5484 2532 5540 interius
2564 5482 2824 5539 vivificat.
2859 5479 3027 5538 Recte
3055 5495 3153 5551 per
3175 5476 3394 5549 Moysen
3419 5473 3500 5529 lo-

1913 5575 2136 5644 quitur:
2169 5592 2188 5625 ι
2221 5574 2334 5646 Ego
2364 5575 2607 5631 occidam
2637 5581 2691 5629 et
2714 5573 2900 5627 vivere
2925 5571 3154 5636 faciam;
3192 5564 3500 5639 percutiam

1913 5675 1969 5723 et
1997 5682 2096 5739 ego
2128 5667 2350 5723 sanabo.
2381 5687 2400 5720 ι
2438 5667 2648 5724 Occidit
2682 5665 2828 5719 enim
2878 5672 2940 5718 ut
2980 5663 3237 5727 viviﬁcet,
3264 5655 3502 5729 percutit

1914 5771 1974 5819 ut
2002 5767 2156 5818 sanet
2188 5775 2201 5817 :
2232 5759 2360 5834 quia
2384 5758 2602 5846 idcirco.
2628 5755 2778 5819 foras
2808 5755 3083 5835 admonet,
3120 5759 3183 5816 ut
3215 5749 3361 5826 intus
3382 5743 3504 5814 Vult
