3930 6344
1086 327 1149 384 s.
1188 323 1442 387 unum
1475 325 1698 389 MAURI
1731 299 2047 386 metuar.
2085 305 2395 386 nooUNr.
2432 323 2712 386 OPERUM
2743 295 2923 383 mus
2961 323 3005 381 r.

3571 317 3682 382 984

432 461 567 506 nera
595 455 704 503 non
740 441 964 516 inligat.
995 439 1135 510 Quia
1165 443 1366 501 mentis
1397 453 1599 504 nostra:
1618 444 1873 502 duritiam
1902 459 2000 500 suo
2027 445 2080 508 Α
2103 441 2364 514 sanguine
2389 441 2646 511 peccasti,
2679 448 2734 497 et
2760 437 2977 511 sanguis
2999 443 3050 493 te
3074 412 3452 511 persequetur:
3490 455 3511 492 ι
3545 433 3690 497 Lau—

433 537 706 598 desiderio
737 534 990 608 percutit,
1021 537 1116 591 sed
1143 535 1494 606 percutienda
1545 544 1723 604 sanat,
1745 535 1871 607 quia
1892 545 2006 593 ter-

431 628 575 685 roris
600 628 684 683 sui
705 625 888 697 jaculo
908 624 1198 681 transﬁxos
1231 626 1299 681 ad
1343 641 1564 684 sensum
1591 643 1692 684 nos
1724 627 2004 684 rectitudi—

433 717 523 774 nis
546 723 790 772 revocat.
821 713 997 771 Corda
1041 714 1187 772 enim
1223 715 1499 773 malesana
1553 723 1680 774 sunt
1705 732 1828 774 eum
1855 717 2004 774 nullo

324 860 330 864 _
434 805 534 862 Dei
549 821 738 862 amore
757 805 1054 874 satiantur;
1075 819 1202 862 cum
1216 808 1666 879 peregrinationis
1678 824 1791 866 sum
1813 824 2008 865 aerum-

431 912 564 954 nam
590 911 700 952 non
723 896 1008 963 sentiunt;
1055 909 1178 952 cum
1216 911 1345 970 erga
1377 898 1746 956 inﬁmitatem
1771 901 2003 972 proximi

434 988 520 1044 sui
538 1001 640 1044 nec
657 986 898 1058 quolibet
921 985 1143 1042 minimo
1161 986 1355 1044 aﬁ'ectu
1381 987 1752 1061 languescunt,
1780 992 1876 1047 sed
1895 991 2008 1047 vul-

434 1090 733 1148 nerantur;
762 1095 887 1137 cum
915 1081 1116 1136 amoris
1144 1081 1226 1136 sui
1258 1082 1478 1152 spiculis
1506 1093 1716 1141 mentes
1743 1083 1888 1140 Deus
1925 1083 2006 1139 in-

433 1170 724 1228 sensibiles
757 1171 1010 1242 percutit,
1030 1170 1265 1242 moxque
1286 1173 1387 1230 has
1422 1175 1706 1232 sensibiles
1736 1191 1837 1248 per
1858 1191 2008 1232 amo-

433 1277 551 1318 rem
594 1262 875 1318 oharitatis
913 1262 1107 1318 reddit.
1145 1281 1164 1316 ι
1207 1261 1424 1320 Levabo
1449 1267 1520 1322 ad
1547 1267 1742 1322 coelum
1787 1281 2008 1322 manum

436 1367 616 1407 meam
639 1367 659 1410 :
685 1352 882 1418 dicam,
913 1352 1050 1408 Vivo
1078 1368 1180 1425 ego
1219 1355 1276 1409 in
1308 1364 1592 1412 aeternum.
1629 1375 1650 1410 ι
1680 1356 1797 1412 Alia
1825 1365 2007 1414 autem

435 1441 603 1496 editio
623 1441 702 1496 sic
727 1441 931 1498 habet:
961 1460 980 1494 ι
1017 1442 1154 1512 Quia
1203 1444 1390 1502 tollam
1439 1447 1497 1502 in
1543 1447 1750 1504 cmlum-
1785 1463 2007 1504 manum

431 1547 634 1598 meam,
675 1541 734 1588 et
779 1532 975 1603 jurabo
999 1549 1099 1604 per
1135 1536 1413 1593 dexteram
1465 1553 1662 1605 meam,
1690 1547 1747 1596 et
1789 1540 2005 1596 dicam:

433 1619 571 1677 Vivo
613 1637 716 1694 ego
773 1623 829 1678 in
888 1632 1172 1682 teter-num.
1203 1646 1224 1680 ι
1255 1628 1314 1684 in
1343 1629 1541 1684 caelum
1583 1645 1804 1686 manum
1830 1631 2012 1688 levare

430 1709 550 1768 sive
566 1711 839 1780 attollere,
887 1723 971 1771 est
1011 1719 1306 1787 potentiam
1361 1722 1681 1778 aeternitatis
1707 1736 1819 1778 sum
1844 1737 2009 1794 super

2105 535 2248 602 date,
2288 543 2493 606 gentes,
2524 533 2779 606 populum
2807 531 2941 604 ejus,
2972 531 3098 604 quia
3148 533 3471 608 sanguinem
3501 549 3690 590 servo-

2104 639 2226 682 rum
2282 639 2503 681 suorum
2525 624 2820 681 ulciscetur
2846 664 2861 692 ,
2915 630 2970 680 et
2997 621 3289 680 vindictam
3336 623 3611 680 retribuet
3635 625 3688 680 in

2103 719 2288 776 hostes
2311 734 2518 775 eorum.
2553 736 2576 772 ν
2619 717 2942 774 Laudabunt
2990 730 3179 772 omnes
3208 724 3397 788 gentes
3424 717 3690 788 populum

2104 810 2224 878 Dei,
2259 811 2474 881 quando
2495 810 2732 867 viderint
2785 809 3076 882 gloriosam
3131 825 3399 881 apparere
3451 811 3513 866 in
3558 827 3686 868 eon-

2104 909 2297 975 spectu
2325 900 2619 958 conditoris
2666 901 2749 956 sui
2786 901 3089 958 Ecclesiam
3137 902 3254 968 Dei,
3286 909 3345 957 et
3371 912 3688 973 persecuto-

2105 1010 2196 1052 res
2223 994 2342 1067 ejus
2367 1007 2466 1065 pro
2494 994 2664 1051 eﬁ'uso
2693 995 2952 1066 sanguine
2987 1009 3017 1049 a
3047 1010 3106 1051 se
3132 1001 3461 1066 martyrum,
3497 1002 3556 1050 et
3579 1011 3686 1052 ma-

2107 1085 2175 1143 lis
2211 1085 2463 1142 omnibus
2490 1101 2611 1157 quae
2639 1086 2694 1140 in
2739 1085 2843 1140 hac
2884 1084 2994 1140 vita
3038 1094 3342 1156 gesserunt,
3401 1101 3506 1156 per
3540 1086 3687 1141 mali-

2107 1193 2335 1251 gnorum
2364 1177 2650 1249 spirituum
2699 1177 3062 1233 ministerium
3092 1177 3322 1244 recludi,
3375 1178 3437 1232 in
3491 1178 3684 1247 gehen-

2107 1284 2234 1326 nam
2259 1269 2400 1340 ignis
2429 1268 2634 1324 aeterni.
2667 1265 2822 1324 Tunc
2857 1268 3000 1324 enim
3051 1275 3107 1323 et
3152 1267 3283 1323 boni
3309 1267 3517 1323 bonum
3546 1266 3681 1338 quod

2107 1359 2291 1414 vident
2334 1357 2654 1424 laudabunt,
2687 1357 2812 1428 quia
2841 1356 3128 1428 prtemium
3181 1357 3365 1427 placet
3421 1358 3566 1425 quod
3595 1357 3684 1410 ha-

2107 1450 2275 1515 bent;
2313 1455 2368 1504 et
2391 1449 2540 1520 impii
2571 1449 2624 1503 in
2652 1449 2827 1519 poenis
2871 1449 3185 1516 constituti,
3226 1448 3406 1503 dicent
3453 1448 3600 1502 intra
3625 1461 3685 1510 se

2110 1541 2489 1612 paenitentiam
2528 1550 2794 1611 agentes:
2837 1558 2857 1591 ‹
2899 1537 2970 1594 lii
3025 1548 3152 1594 sunt
3201 1553 3340 1608 quos
3393 1537 3679 1608 aliquando

2111 1621 2401 1688 habuimus
2425 1631 2480 1686 in
2507 1633 2769 1698 derisum,
2800 1638 2856 1686 et
2883 1630 2938 1685 in
2968 1630 3377 1686 similitudinem
3403 1628 3676 1699 imprope-

2113 1723 2202 1778 rii.
2231 1721 2344 1778 Nos
2374 1721 2631 1778 insensati
2683 1721 2852 1776 vitam
2887 1719 3103 1777 illorum
3159 1721 3564 1777 aestimabamus
3596 1719 3681 1774 in-

433 1803 618 1859 omnia
643 1805 999 1862 excellentem
1029 1810 1334 1865 ostendere.
1359 1809 1552 1867 Jurare
1581 1827 1684 1883 per
1709 1815 2009 1882 dexteram,
2040 1803 2088 1866 B
2117 1812 2347 1880 saniam,
2375 1819 2433 1868 et
2483 1811 2647 1867 ﬁnem
2697 1811 2912 1867 illorum
2955 1811 3072 1866 sine
3124 1811 3353 1867 honore.
3405 1809 3684 1876 Quomodo

431 1900 517 1948 est
539 1908 640 1963 per
661 1893 876 1959 Filium,
907 1898 998 1966 qui
1025 1898 1243 1955 dextera
1270 1900 1365 1956 Dei
1387 1902 1716 1971 nominatur,
1741 1905 2010 1975 promissa

434 1985 608 2056 ipsius
627 1986 684 2042 in
701 1997 994 2060 conspectu
1021 1992 1299 2049 hominum
1331 1997 1678 2063 conﬁrmare,
1712 2005 1767 2054 et
1795 1999 2010 2056 aster-ni-

436 2083 606 2131 tatem
633 2091 789 2134 suam
833 2081 1174 2138 credentibus
1217 2084 1323 2141 sibi
1360 2099 1460 2157 per
1483 2086 1836 2160 Evangelium
1864 2103 2012 2147 reve-

377 2180 390 2191 '
432 2165 550 2223 lare
581 2187 596 2224 :
629 2170 754 2238 quia
777 2178 1016 2242 potestas
1057 2173 1175 2245 ejus
1195 2184 1441 2246 potestas
1460 2185 1545 2234 est
1568 2185 1792 2244 aeterna,
1819 2186 1877 2236 et
1923 2194 2030 2235 re--

431 2275 600 2334 gnum
619 2262 736 2332 ejus
761 2264 906 2334 quod
927 2279 1035 2320 non
1063 2276 1460 2340 corrumpetur.
1499 2287 1519 2322 ς
1557 2270 1615 2326 Si
1651 2285 1922 2327 exacuero
1948 2279 2030 2328 ut-

435 2369 455 2405 ι
492 2352 674 2424 fulgur
697 2354 931 2426 gladium
959 2371 1158 2423 meum,
1185 2367 1243 2414 et
1281 2359 1575 2429 arripuerit
1603 2359 1870 2430 judicium
1892 2376 2010 2417 ma-

435 2457 457 2494 t
492 2456 596 2496 nus
630 2457 776 2509 mea,
801 2441 1024 2500 reddam
1055 2445 1319 2503 ultionem
1349 2449 1595 2506 hostibus
1617 2451 1778 2518 meis,
1811 2461 1870 2508 et
1911 2453 2010 2524 qui

437 2552 459 2590 ι
496 2536 727 2591 oderunt
752 2551 840 2593 me
878 2540 1196 2597 retribuam.
1230 2561 1249 2596 ι
1280 2543 1562 2603 Exacucre
1593 2557 1654 2603 ut
1689 2547 1872 2620 fulgur
1898 2550 2016 2620 gia-

431 2622 582 2679 dium
622 2625 726 2680 Dei
778 2635 865 2683 est
906 2630 1246 2700 repentinam
1295 2633 1587 2692 vindictam
1642 2637 1698 2693 in
1765 2637 2032 2696 hostibus

429 2725 707 2769 exercere.
729 2713 798 2771 Et
819 2714 1335 2789 arriperejudicium
1350 2737 1544 2781 manus
1563 2726 1774 2793 divinae,
1800 2736 1887 2784 est
1909 2741 2014 2800 per

423 2800 632 2873 justam
688 2805 1101 2866 retributionem
1164 2810 1396 2883 singulis
1443 2817 1738 2874 secundum
1793 2821 2013 2891 propria

427 2895 624 2952 marita
663 2898 914 2966 reddere,
939 2899 1100 2957 sicut
1132 2905 1395 2976 scriptum
1438 2916 1522 2965 est
1541 2927 1564 2974 -_:
1597 2926 1622 2962 ι
1647 2909 1820 2968 Filius
1867 2913 2014 2970 enim

429 2984 668 3044 hominis
697 2991 868 3046 est-in
891 2991 1064 3062 gloria
1093 2993 1271 3053 Patris
1293 2999 1377 3054 sui
1403 3014 1526 3056 cum
1550 3002 1756 3073 angelis
1780 3005 1926 3070 suis;
1959 3012 2022 3061 et-

430 3083 560 3135 tunc
606 3081 794 3138 reddet
822 3083 1120 3156 unicuique
1161 3090 1460 3146 secundum
1489 3106 1653 3163 opera
1676 3093 1792 3162 ejus
1814 3093 2010 3167 (Marc.

2114 1920 2242 1978 ergo
2270 1904 2565 1976 computati
2595 1911 2722 1960 sunt
2782 1904 2920 1959 inter
2958 1901 3121 1986 ﬁlios.
3150 1902 3246 1958 Dei
3277 1909 3338 1958 et
3393 1901 3542 1957 inter
3566 1915 3684 1956 san-

2112 2006 2229 2054 ctos
2264 2011 2382 2053 sors
2435 1994 2651 2051 illorum
2703 1995 2831 2050 est?
2858 1993 2926 2050 Et
2949 1993 3218 2065 propitius
3272 1993 3381 2048 erit
3433 1992 3686 2047 Dominus

2111 2096 2273 2144 terra
2306 2069 2489 2158 populi
2538 2085 2623 2140 sui
2678 2083 2832 2155 (δαν.
2881 2084 2959 2155 v).
3018 2103 3039 2138 ι
3097 2083 3328 2150 Quando
3389 2081 3683 2138 Ecclesiam

2112 2185 2382 2243 sanctam,
2411 2190 2573 2247 quam
2626 2177 2888 2231 hactenus
2916 2175 3139 2242 regebat
3163 2173 3222 2228 in
3273 2172 3540 2237 adversis,
3568 2187 3685 2242 per-

2112 2268 2400 2340 petualiter
2429 2266 2712 2324 collocabit
2735 2265 2790 2321 in
2820 2264 3116 2337 prosperis,
3148 2263 3205 2317 in
3229 2277 3403 2334 regno
3429 2260 3677 2316 videlicet

2114 2358 2346 2424 calenti,
2380 2357 2475 2414 ubi
2505 2357 2621 2413 sine
2678 2356 2786 2411 ﬁne
2826 2355 3102 2426 gaudebit,
3132 2361 3188 2410 et
3212 2353 3399 2410 laudes
3448 2351 3678 2408 Domino

2114 2450 2276 2508 simul
2301 2464 2425 2506 cum
2479 2449 2683 2506 sanctis
2735 2448 2940 2519 angelis
2989 2447 3048 2503 in
3098 2454 3363 2502 aeternum
3425 2444 3684 2502 cantabit.

2122 2559 2142 2596 ι
2167 2523 2528 2611 ἰοαιιιιιειιιιθ
2563 2548 2648 2596 est
2706 2538 2968 2596 Dominus
3009 2537 3087 2594 ad
3132 2538 3357 2610 Moysen
3408 2538 3469 2594 in
3503 2537 3686 2594 eadem

2121 2650 2141 2685 ι
2182 2632 2270 2688 die
2297 2632 2521 2688 dicens:
2552 2630 2800 2687 Ascende
2827 2631 2884 2685 ia
2929 2637 3174 2686 montem
3217 2630 3392 2685 istum
3448 2629 3687 2694 Abarim,

2121 2741 2145 2779 ς
2189 2723 2267 2797 (id
2294 2731 2379 2780 est
2399 2723 2739 2794 transitum),
2793 2724 2849 2778 in
2883 2731 3123 2780 montem
3174 2721 3351 2790 Nebo,
3387 2722 3484 2792 qui
3515 2730 3596 2779 est
3633 2721 3690 2777 in

2122 2835 2143 2871 ι
2193 2823 2343 2872 terra
2367 2815 2530 2872 Moab-
2553 2823 2745 2872 contra
2771 2813 3024 2881 Jericho;
3054 2822 3110 2871 et
3132 2815 3260 2871 vide
3320 2823 3521 2871 ten-am
3539 2813 3686 2872 Cha-

2125 2927 2146 2962 ι
2188 2923 2350 2976 naan,
2378 2923 2540 2979 quam
2565 2923 2666 2980 ego
2688 2907 2901 2964 trudam
2929 2907 3056 2964 ﬁliis
3102 2905 3272 2964 Israel
3320 2906 3690 2971 obedientiam,

2123 3019 2143 3053 ι
2189 3008 2245 3056 et
2269 3014 2486 3056 morere
2509 3000 2567 3055 in
2604 3007 2809 3057 monte.
2853 2999 3028 3067 Quem
3076 2997 3483 3060 conscendens,
3505 2994 3718 3067 iungor

2126 3109 2145 3144 ι
2188 3091 2267 3147 ris
2289 3090 2504 3163 populis
2530 3090 2656 3158 tuis,
2687 3090 2831 3146 sicut
2857 3097 3106 3146 mortuus
3160 3099 3247 3144 est
3302 3087 3495 3143 Aaron
3531 3086 3698 3142 frater

428 3167 573 3239 νηίδα
620 3188 647 3226 ι
696 3171 765 3226 Et
799 3155 1090 3244 Apostolus
1125 3190 1144 3232 :
1193 3194 1218 3230 ι-
1255 3178 1474 3248 Omnes,
1505 3155 1719 3253 inquit;
1747 3155 2013 3242 stabimus
2041 3155 2088 3221 (ἶ
2123 3200 2143 3235 ι
2187 3155 2316 3238 tuus
2344 3155 2402 3238 in
2427 3190 2614 3238 monte
2644 3155 2797 3246 Ἠοῖ,
2835 3189 2892 3236 et
2935 3179 3216 3250 appositus
3262 3178 3487 3250 populis
3535 3178 3687 3232 suis:

431 3270 562 3318 ante
581 3263 820 3322 tribunal
829 3265 1054 3335 Christi,
1077 3271 1376 3342 utrecipiat
1398 3276 1770 3346 unusquisque
1787 3278 2011 3348 propria

431 3355 680 3425 corporis
700 3365 865 3428 prout
884 3359 1069 3430 gessit,
1097 3362 1212 3418 sive
1236 3365 1437 3420 bonum
1470 3367 1586 3422 sive
1605 3367 1808 3424 malum
1835 3368 2012 3440 (Rom.

430 3445 568 3517 xiv).
604 3463 626 3502 ι
659 3446 948 3506 inebriabo
965 3451 1193 3522 sagittas
1223 3467 1378 3512 meas
1402 3457 1685 3528 sanguine,
1711 3465 1770 3513 et
1806 3459 2015 3530 gladius

431 3551 588 3594 meus
607 3539 889 3597 devorahit
909 3555 1119 3600 carnes.
1149 3541 1358 3617 Sagitta
1386 3547 1532 3603 enim
1572 3549 1848 3608 hominem
1885 3551 2014 3608 dum

431 3643 541 3687 non
569 3631 824 3700 attendit,
850 3636 1117 3706 percutit;
1157 3647 1214 3694 et
1244 3641 1373 3696 dum
1397 3640 1488 3697 illa
1519 3656 1630 3699 non
1660 3642 2011 3714 praevidetur,

432 3719 616 3777 subito
644 3720 930 3780 interimit.
962 3722 1188 3799 Sagitta;
1223 3729 1437 3787 Domini
1478 3741 1607 3789 sunt
1649 3733 1859 3792 celeres
1900 3736 2018 3792 vin-

431 3811 626 3868 dicta:
657 3829 780 3886 quae
813 3815 938 3875 licet
975 3823 1142 3879 modo
1169 3824 1397 3882 occultae
1445 3835 1572 3882 sunt
1612 3841 1798 3885 coram
1841 3829 2016 3888 oculis

427 3900 759 3974 iniquorum,
783 3908 968 3968 subito
992 3919 1176 3970 tamen
1197 3916 1697 3974 manifestabuntur
1719 3919 1778 3975 in
1798 3920 2017 3977 damna-

430 3992 584 4050 tione
630 3999 990 4068 perditorum,
1035 4012 1092 4060 et
1139 4005 1235 4063 Dei
1283 4007 1497 4080 gladius
1525 4023 1720 4067 carnes
1754 4013 2011 4080 comedit,

429 4087 559 4155 quia
583 4089 639 4144 in
663 4095 908 4152 extremo
927 4095 1132 4165 judicio
1161 4098 1278 4170 ejus
1319 4104 1588 4160 sententia
1621 4119 1748 4173 eos,
1775 4105 1870 4178 qui
1894 4121 2016 4164 car-

432 4179 632 4233 naliter
655 4183 891 4252 sapiunt,
920 4188 1142 4244 occidit.

433 4358 450 4372 .
494 4275 534 4372 ,ι’
683 4285 877 4328 cmorc
911 4277 1236 4348 occisorum,
1264 4291 1320 4338 et
1369 4283 1436 4339 de
1464 4287 1777 4356 captivitate
1826 4288 2016 4344 nudati

431 4358 776 4465 inimicorum
803 4365 1018 4437 capitis.
1057 4387 1076 4421 ι
1108 4366 1192 4425 Ad
1244 4370 1348 4427 hoc
1375 4375 1518 4443 quod
1548 4375 1698 4442 dicit,
1728 4376 1796 4432 de
1821 4393 2015 4435 cruore

431 4457 797 4523 inimicorum,
840 4457 1160 4516 subauditur
1205 4458 1338 4518 illud
1365 4464 1509 4534 quod
1545 4467 1883 4536 praemissum
1908 4477 2011 4534 est,

437 4560 457 4592 ε
489 4541 776 4646 inebriabo
812 4551 1042 4620 sagittas
1069 4567 1221 4610 meas
1269 4557 1548 4628 sanguine.
1589 4577 1608 4611 ι
1647 4558 1884 4616 inebriat
1908 4561 2014 4617 Do-

431 4639 618 4689 minus
649 4639 876 4707 sagittas
925 4657 1055 4701 suas
1099 4645 1157 4702 in
1203 4661 1398 4705 cruore
1431 4650 1738 4708 occisorum
1793 4654 2012 4723 quando

432 4725 692 4817 ultionem
748 4742 967 4790 exercet
1021 4736 1080 4793 in
1135 4740 1297 4796 turba
1333 4739 1697 4800 inimicorum.
1751 4743 2012 4817 Tuncque
2055 4743 2059 4748 ’

433 4815 785 4874 nudabuntur
810 4825 1033 4880 consilia
1065 4826 1375 4900 iniquarum
1402 4832 1690 4899 mentium,
1721 4815 2009 4905 quibus‘se

433 4906 652 4978 impune
677 4925 910 4982 peccare
943 4915 1306 4976 conﬁdebant.
1343 4920 1584 4978 Possunt
1611 4930 1667 4978 et
1703 4924 1882 4994 capita
1908 4925 2013 4981 irri-

432 5014 666 5071 quorum
721 5002 968 5074 magistri
1025 5009 1196 5080 accipi
1253 5011 1575 5078 errantium,
1607 5012 1664 5068 in
1714 5029 1851 5084 quos
1877 5015 2014 5072 uitio

431 5091 728 5147 novissima
756 5094 1044 5162 redundat,
1101 5100 1228 5169 quia
1257 5101 1349 5172 qui
1379 5103 1602 5158 fuerunt
1625 5118 1793 5160 causa
1822 5119 2015 5175 pecca-

430 5186 634 5248 torum,
663 5183 900 5238 senticnt
953 5183 1152 5241 damna
1188 5189 1245 5244 in
1292 5193 1649 5250 retributione
1700 5209 2011 5266 prunarum.

433 5268 586 5326 Unde
635 5273 695 5332 in
735 5273 1063 5349 Apocalypsi
1093 5279 1352 5351 scriptum
1396 5293 1480 5341 est
1513 5303 1526 5340 :
1567 5305 1587 5337 ι
1627 5286 1696 5342 Et
1721 5287 1857 5344 exiit
1882 5302 2014 5344 san-

429 5363 551 5432 guis
577 5365 643 5421 de
707 5367 850 5435 lacu,
913 5385 1088 5443 usque
1114 5373 1185 5430 ad
1244 5373 1428 5432 frenos
1489 5393 1751 5447 equorum
1816 5380 2004 5452 (Apoc.

428 5455 562 5521 xrv).
594 5477 615 5510 ι
657 5457 772 5516 Hoc
802 5471 907 5528 est,
927 5465 1193 5534 processit
1218 5465 1353 5522 ultio
1382 5477 1796 5536 tormentorum,
1835 5486 2009 5542 usque

428 5548 495 5601 ad
524 5557 763 5607 rectores
786 5555 1127 5624 populorum.
1162 5555 1346 5627 Usque
1385 5557 1529 5611 enim
1555 5560 1622 5614 ad
1651 5560 1923 5615 diabolum
1952 5569 2010 5616 et

427 5638 545 5706 ejus
571 5643 808 5712 angelos,
847 5647 1139 5704 novissimo
1197 5649 1498 5703 certamine
1526 5648 1671 5703 exict
1723 5649 1856 5705 ultio
1885 5667 2008 5705 sarr-

428 5728 608 5792 guinis
661 5745 972 5796 sanctorum
1026 5737 1202 5805 ell‘usi,
1260 5739 1401 5796 sicut
1448 5738 1710 5805 scriptum
1766 5749 1844 5797 est
1881 5758 1892 5796 :
1935 5740 1993 5795 ln

2120 3291 2140 3326 ι
2193 3273 2321 3343 quia
2347 3271 2692 3343 praevaricati
2720 3272 2854 3329 estis
2891 3279 3082 3327 contra
3109 3285 3198 3326 me
3243 3270 3301 3325 in
3353 3270 3539 3326 medio
3565 3266 3696 3323 ﬁlio-
3771 3261 3774 3264 ’

2121 3383 2142 3418 ι
2182 3380 2306 3420 rum
2331 3363 2528 3429 israei,
2559 3373 2616 3420 et
2664 3364 2732 3420 ad
2781 3379 2949 3436 aquas
2981 3361 3463 3428 contradictionis,
3523 3369 3582 3415 et
3606 3373 3702 3415 creo

2122 3475 2142 3508 ι
2184 3464 2324 3512 tera.
2364 3475 2383 3510 ι
2416 3455 2641 3512 Abarim
2692 3468 2848 3510 mons
2885 3460 2990 3520 est,
3046 3454 3103 3508 in
3152 3467 3264 3524 quo
3313 3457 3569 3508 mortuus
3621 3458 3704 3504 est

2117 3548 2450 3620 Moyses,'et
2472 3548 2866 3619 interpretatur
2911 3546 3209 3614 transitus;
3239 3552 3298 3602 et
3349 3544 3506 3600 Nubo
3535 3544 3709 3599 inter-

2115 3646 2366 3710 pretatur
2398 3637 2652 3695 inciusio.
2682 3638 2894 3695 Dicitur
2925 3646 3108 3694 autem
3138 3647 3193 3693 et
3214 3649 3369 3692 mons
3394 3646 3520 3689 esse
3544 3633 3706 3689 Nubo

2117 3733 2176 3789 in
2209 3742 2358 3789 terra
2392 3732 2549 3788 Moab
2576 3739 2766 3790 contra
2827 3730 3050 3789 Iericho
3089 3742 3244 3800 supra
3276 3725 3603 3791 Iordanem,
3635 3727 3728 3782 in

2118 3823 2411 3895 supercilio
2435 3824 2668 3896 Phasga,
2726 3823 3139 3896 ostenditnrque
3179 3818 3608 3876 ascendentibus
3633 3818 3709 3874 de

2114 3917 2283 3990 Libya
2313 3917 2380 3975 de
2417 3917 2555 3974 urbe
2585 3935 2604 3972 :
2653 3918 3052 3989 antiquumque
3103 3914 3311 3972 habens
3367 3911 3705 3968 vocabulum

2110 4007 2533 4081 juxta-montem
2576 4008 2808 4080 Phogor,
2859 4022 3060 4064 nomen
3112 4005 3408 4078 pristinum
3459 4002 3730 4058 retines--

2116 4112 2251 4169 tem,
2278 4118 2309 4158 a
2338 4118 2446 4174 quo
2471 4103 2616 4159 circa
2644 4116 2770 4157 eum
2800 4101 2970 4173 regio,
2999 4113 3178 4170 usque
3219 4111 3374 4153 nunc
3399 4094 3694 4166 appeﬁatar

2115 4195 2350 4268 Phasga.
2376 4194 2584 4267 Moyses
2619 4209 2748 4265 ergo
2802 4194 2859 4249 in
2887 4191 3110 4248 Abarim
3147 4197 3204 4244 et
3251 4189 3309 4243 in
3337 4192 3523 4243 monte
3546 4182 3701 4239 Nebo

2117 4295 2308 4343 contra
2329 4285 2548 4342 Jerrcho
2573 4292 2764 4342 contra
2798 4282 3093 4340 Jordanem
3143 4278 3405 4343 moritur,
3457 4275 3586 4346 quia
3609 4283 3696 4328 rex

2119 4388 2176 4435 et
2203 4379 2545 4436 circumcisio
2587 4393 2762 4448 usque
2815 4376 2884 4432 ad
2933 4373 3137 4430 Christi
3177 4371 3477 4426 adventum
3530 4374 3589 4423 et
3607 4367 3700 4421 ba—

2039 4517 2095 4579 D
2119 4472 2305 4542 ptismi
2331 4478 2738 4526 sacramentum
2764 4465 3050 4540 processit,
3080 4462 3269 4534 ibique
3313 4459 3572 4515 conclusa
3595 4463 3696 4520 est,

2196 4565 2208 4576 ο
2276 4563 2304 4579 η
2351 4563 2384 4579 ο-
2425 4561 2464 4579 a,
2503 4561 2548 4579 .9,
2597 4571 2666 4579 4-.
2699 4560 2947 4579 nL__2-.___
3002 4555 3068 4579 -.Ι
3101 4551 3370 4579 ζημιῶν..
3401 4548 3551 4579 ...ιιι-ἕ
3576 4559 3696 4579 Α...

2119 4565 2246 4634 quia
2273 4563 2396 4619 ﬁnis
2425 4561 2562 4633 legis
2587 4571 2672 4617 est
2698 4560 2970 4622 Christus,
2999 4555 3068 4610 ad
3098 4551 3371 4624 justitiam
3400 4548 3555 4605 omni
3575 4559 3698 4602 ere-

2119 4656 2290 4712 denti.
2336 4655 2484 4711 Vidit
2507 4655 2716 4725 Moyses
2743 4660 2945 4708 terram
2969 4644 3430 4719 repromissionis,
3585 4655 3696 4696 non

2117 4747 2392 4818 ingressus
2416 4753 2500 4801 est
2528 4746 2582 4800 in
2611 4757 2754 4809 eam,
2811 4742 2942 4812 quia
2974 4737 3226 4810 praevidit
3259 4736 3318 4790 in
3347 4733 3617 4805 spiritum,
3645 4737 3708 4786 es

2117 4837 2174 4893 in
2202 4837 2318 4910 lege
2345 4836 2597 4909 praedixit
2632 4833 2834 4890 Christi
2881 4831 3115 4902 gratiam
3169 4828 3433 4892 futuram,
3462 4823 3558 4880 sed
3592 4835 3707 4879 non

2115 4942 2289 4997 usque
2325 4927 2394 4982 ad
2424 4926 2571 4981 illam
2603 4925 2659 4980 in
2687 4935 2920 4992 corpore
2955 4916 3317 4989 exspectavit,
3357 4921 3445 4969 .ut
3488 4911 3710 4967 videret

2121 5031 2240 5073 eam
2263 5022 2617 5085 praesentem,
2648 5013 2793 5083 quod
2822 5009 3080 5080 apostolis
3115 5005 3326 5064 Christi
3377 5013 3706 5059 mum

2121 5116 2246 5172 est;
2275 5114 2330 5162 et
2353 5106 2474 5161 ideo
2496 5105 2601 5176 ipsi
2636 5103 2780 5160 beati
2809 5101 2982 5172 ipsius
3007 5099 3256 5156 veritatis
3286 5111 3422 5152 voce
3443 5107 3560 5150 esse
3605 5101 3714 5147 te-

2118 5205 2355 5266 stantur,
2383 5196 2510 5268 quia
2533 5196 2678 5266 quod
2711 5192 2867 5249 multi
2916 5191 3051 5261 justi
3087 5198 3144 5246 et
3191 5191 3469 5260 propheta:
3510 5183 3720 5238 videro
3749 5227 3757 5232 .

2117 5297 2176 5348 et
2201 5289 2388 5346 audire
2409 5287 2714 5352 voluerunt,
2740 5288 2846 5342 hoc
2867 5284 3002 5355 ipsis
3031 5281 3448 5355 praesentialiter
3471 5290 3725 5334 cenes:

2118 5377 2508 5449 gloriosissime
2533 5390 2856 5432 concessum
2884 5383 2971 5430 est
2995 5372 3217 5445 (Matth.
3244 5369 3389 5440 xui).

2201 5558 2278 5612 De
2302 5483 2954 5626 benedictionibufﬁgs’l;
2987 5482 3144 5625 :95"
3168 5550 3405 5624 singulas
3421 5547 3634 5602 Mm.

2190 5650 2343 5720 (Car.
2369 5649 2588 5716 χχχιιι.)
2631 5667 2650 5698 ‹
2698 5647 2823 5702 llaec
2849 5657 2932 5702 est
2967 5639 3736 5714 benedictioquabeuedixil

2118 5761 2139 5795 ι
2189 5741 2419 5813 Moyses,
2453 5742 2618 5809 homo
2640 5741 2758 5806 Dei,
2775 5739 2902 5799 ﬁliis
2926 5739 3093 5802 lsrael
3115 5746 3243 5799 ante
3263 5744 3496 5795 mortem
3521 5748 3730 5803 suam,
