3930 6344
162 320 261 384 935
900 307 1302 372 ENABRATIO
1337 309 1566 371 SUPER
1601 309 2232 380 DEUTERONOMIUM.
2269 307 2351 364 4—-
2373 316 2504 378 LIB.
2541 316 2638 378 IV.
3308 320 3455 384 986v.-

166 454 188 488 ι
226 437 277 488 et
312 428 410 486 ait.
444 443 468 482 ι
519 423 666 483 Bene
707 430 764 481 et
784 423 1177 482 rationabiliter
1203 425 1338 482 ordo
1366 425 1469 482 istc
1495 426 1725 498 disposi-
1750 430 1803 492 Α
1826 436 2034 496 orietur
2061 437 2141 493 εοι
2153 436 2398 506 justum,
2422 444 2480 494 et
2503 439 2709 496 sanitas
2745 437 2804 494 in
2825 437 3023 510 pennis
3043 439 3159 510 ei“,
3187 443 3409 516 way“.
3433 495 3458 509 __

163 525 313 584 tionis
358 519 462 576 sibi
484 519 755 586 convenit,
791 533 898 589 qua
923 517 1133 590 Moyses
1163 517 1356 576 ﬁniens
1396 519 1707 576 Deuterono

1829 530 1926 602 ιν).
1956 550 1975 584 ι
2008 530 2078 585 Et
2104 531 2171 587 de
2199 546 2305 602 quo
2326 545 2423 601 per
2442 530 2662 586 Balaam
2683 530 2914 587 dicitur:
2961 550 2982 585 ι
3013 530 3236 590 Orietur'
3255 538 3412 594 stella
3434 559 3460 596 τί

162 618 314 676 mium
346 628 527 680 suum.
553 611 902 670 n0Vi58imam
925 622 1136 684 partem
1164 615 1308 671 illius
1351 614 1726 674 benedictione
1825 636 1894 680 ex
1912 621 2098 688 Iacob,
2120 629 2176 678 et
2198 631 2490 694 consurget
2508 623 2673 679 homo
2695 623 2762 678 de
2780 622 2945 680 Israel
2965 624 3156 695 (Num.
3174 630 3356 700 xxiv).
3385 649 3410 686 ι
3451 667 3456 670 -

157 707 414 766 conclusit
445 723 459 762 :
509 706 862 778 praaﬁgurans
896 709 1037 777 quod
1059 709 1309 766 Christus
1334 718 1456 779 post
1493 707 1707 780 comple

1825 720 1968 780 Bene
1992 731 2174 781 autem
2200 725 2266 780 de
2286 721 2409 780 Seir
2433 723 2525 795 qui
2556 721 2676 778 aliis
2709 720 3020 778 nominibus
3040 764 3056 789 ,
3088 723 3262 779 Edom
3296 724 3416 781 sive

154 805 350 864 tionem
375 800 640 874 evangelii
667 801 774 867 sui,
795 802 1112 873 etpassione
1141 812 1301 874 atque
1323 802 1727 859 resurrectione
1824 813 1969 871 Esau
2011 816 2230 882 dicitur,
2272 815 2578 872 ,Ῑυάεεοηιπι
2606 815 2836 885 populus
2881 815 3236 885 desinam“
3283 815 3458 886 qui,“

155 893 289 949 illius
313 899 650 963 perpetrata,
682 891 977 948 novissime
1006 893 1225 963 quando
1251 908 1580 949 ascensurus
1605 900 1725 948 erat

153 983 207 1039 in
225 982 438 1049 caelum,
469 981 690 1038 elevatis
737 983 988 1039 manibus
1036 984 1152 1040 suis
1178 985 1230 1038 in
1265 984 1554 1054 discipulos
1597 999 1724 1040 suos

153 1073 419 1130 benedixit
444 1075 523 1129 eis
547 1092 562 1131 :
592 1091 612 1126 ‹
640 1073 708 1130 Ει
730 1073 934 1130 factum
966 1082 1053 1130 est
1073 1075 1200 1130 dum
1224 1075 1568 1132 benediceret
1595 1076 1723 1144 illis,

149 1168 370 1225 recessit
389 1170 458 1224 ab
485 1168 584 1234 eis,
609 1176 664 1224 et
689 1167 964 1226 ferebatur
984 1169 1040 1223 in
1069 1168 1270 1225 caelum
1305 1167 1457 1240 (Luc.
1482 1169 1655 1240 xxrv).
1695 1187 1716 1222 ι

149 1260 274 1316 Nam
290 1261 597 1318 benedictio
622 1263 747 1329 ista,
772 1277 876 1332 qua
903 1262 998 1317 ﬁlii
1019 1261 1184 1318 Israel
1213 1263 1267 1316 in
1283 1261 1720 1330 Deuteronomio,

146 1351 279 1422 quod
291 1360 379 1408 est
397 1351 630 1407 secunda
645 1352 752 1419 lex,
767 1353 1182 1418 benedicuntur,
1197 1351 1487 1408 manifeste
1507 1352 1575 1407 ad
1600 1368 1722 1424 gra-

143 1442 266 1498 tiam
288 1444 526 1515 pertinet
549 1444 685 1500 Novi
713 1443 1045 1500 Testamenti
1077 1444 1132 1499 in
1157 1459 1266 1514 quo
1295 1453 1350 1499 et
1369 1445 1562 1515 priscae
1589 1444 1721 1513 legis

140 1533 389 1605 mysteria
431 1541 790 1600 reserantur;
813 1543 869 1590 et
917 1533 1033 1590 veri
1077 1532 1357 1600 Israelita),
1388 1532 1722 1588 benedictio-

139 1638 276 1694 nem,
307 1641 428 1698 quaa
464 1642 562 1699 per
590 1626 806 1700 Moysen
841 1627 1112 1684 hominem
1136 1626 1233 1681 Dei
1259 1625 1583 1696 proplictata
1611 1633 1714 1692 est,

134 1725 536 1788 consequuntur
579 1733 680 1790 per
719 1719 996 1774 hominem
1021 1719 1309 1775 Dominum
1339 1716 1526 1773 Iesum
1554 1716 1715 1771 Chri-

1826 909 2125 965 carnalium
2153 909 2552 966 oblectamenta
2580 913 2840 973 sectatus,
2868 907 2959 978 qui
2978 921 3078 976 per
3099 906 3266 963 lentis
3279 906 3416 963 edu~
3451 929 3460 956 :

1824 999 1958 1056 lium
1995 1002 2259 1072 primatus
2303 1002 2386 1058 sui
2436 1001 2661 1072 gloriam
2718 999 2972 1071 perdidit,
3021 1006 3076 1055 et
3125 997 3414 1070 promissa

1823 1093 1927 1148 sibi
1953 1094 2344 1150 benedictionis
2368 1094 2622 1165 gratiam,
2649 1091 2755 1146 fide
2800 1090 2984 1161 populi
3021 1087 3256 1159 iunioris
3289 1103 3463 1159 sup-.z

1821 1186 2117 1255 Plantatus,
2169 1187 2371 1264 amisit.
2424 1186 2501 1240 De
2525 1191 2708 1240 monte
2729 1183 2947 1238 Pharan
2966 1182 3227 1238 Dominus
3252 1178 3412 1235 Chri-
3455 1211 3460 1218 ’

1823 1286 1942 1334 stus
1963 1278 2230 1349 apparuit,
2259 1279 2383 1348 quia
2409 1293 2518 1348 quo
2553 1276 2725 1349 magis
2757 1282 2946 1331 contra
2995 1291 3117 1330 eum
3157 1275 3411 1332 ferocitas

1819 1372 2001 1442 pOpuli
2041 1371 2272 1426 inﬁdelis
2308 1372 2500 1434 smviit,
2523 1386 2589 1426 eo
2623 1369 2950 1425 eminentius
2971 1383 3034 1424 ac
3046 1367 3254 1440 largius
3274 1368 3412 1424 divi-

1821 1465 2007 1521 uitatis
2051 1464 2168 1534 ejus
2193 1465 2382 1520 notitia
2397 1463 2665 1522 excrevit.
2713 1461 2997 1517 Tradendo
3041 1460 3241 1530 quippe
3282 1474 3426 1516 eum
3461 1488 3463 1490 -

1821 1557 1889 1611 ad
1913 1564 2165 1622 mortem,
2212 1565 2269 1611 et
2313 1570 2530 1611 crucem
2554 1553 2672 1621 ejus
2693 1552 2948 1608 violentis
2997 1551 3224 1608 vocibus
3261 1549 3411 1622 flagi—

1820 1647 2002 1712 tando,
2031 1661 2226 1702 nomen
2254 1645 2372 1716 ejus
2402 1644 2580 1700 delere
2598 1643 2789 1700 voluit.
2831 1641 2939 1698 Sed
2958 1642 3104 1698 unde
3129 1641 3411 1698 humiliter

1819 1736 1961 1792 inter
1984 1737 2298 1807 passionum
2321 1735 2681 1791 contumelias
2707 1735 2885 1801 latuit,
2908 1733 3033 1790 inde
3057 1733 3410 1789 excellentius

130 1815 294 1866 stum.
351 1811 506 1868 Unde
547 1811 624 1866 ait
667 1810 999 1881 Apostolus:
1060 1829 1079 1862 ι
1109 1810 1432 1866 Benedictus
1477 1811 1620 1864 Deus
1661 1815 1707 1864 el

1814 1843 1914 1898 per
1935 1799 2190 1884 virtutem
2221 1827 2636 1884 resurrectionis
2677 1799 2898 1890 eﬂ’ulsit,
2949 1832 3007 1879 et
3047 1823 3195 1892 ipsos
3241 1823 3410 1879 etiam

125 1907 278 1966 pater
298 1899 516 1956 Domini
560 1900 731 1956 nostri
766 1899 895 1955 Jesu
914 1899 1137 1966 Christi,
1183 1900 1276 1970 qui
1303 1900 1583 1956 benedixit
1615 1911 1714 1954 nos

123 1987 175 2041 in
197 1990 350 2044 omni
365 1990 746 2046 benedictione
761 1990 1049 2062 spirituali,
1065 1992 1120 2045 in
1148 1992 1462 2048 coelestibus
1491 1993 1544 2047 in
1559 1991 1714 2047 Chri-

115 2085 203 2132 sto
236 2078 328 2150 (ΙΙ
354 2078 480 2133 Cor.
501 2079 563 2150 ι).
601 2101 618 2133 ι
664 2081 732 2136 Et
757 2083 897 2138 bene
951 2083 1267 2139 imminente
1297 2084 1464 2156 Moysi
1512 2095 1734 2164 mortc,‘

113 2166 214 2223 filii
238 2169 411 2226 Israel
433 2172 698 2242 spirituali
737 2175 1113 2231 benedictione
1139 2176 1400 2242 ditantur,
1432 2178 1556 2246 quia
1582 2179 1711 2234 dum

113 2258 251 2331 legis
278 2264 496 2328 umbra,
519 2279 640 2334 quae
680 2266 960 2323 terrestria
982 2266 1362 2336 pollicebatur,
1388 2267 1709 2334 destruitur,

117 2350 384 2412 donorum
412 2354 713 2410 caelestium
742 2358 946 2414 veritas
981 2359 1243 2428 aperitur.
1311 2359 1580 2415 Praevidet
1600 2361 1706 2415 ita-

119 2453 220 2512 que
241 2441 458 2514 Moyses
482 2445 676 2515 spiritu
711 2449 1032 2519 prophetico
1075 2450 1250 2508 nostri
1280 2448 1580 2506 Salvatoris
1608 2452 1707 2508 ad-

119 2543 357 2600 ventum,
395 2543 465 2594 .et
517 2537 756 2595 futuram
783 2541 1017 2610 gratiam
1042 2540 1188 2600 Novi.
1214 2542 1548 2598 Testamenti
1610 2543 1712 2613 qui

118 2628 449 2698 praeteritam
471 2644 724 2696 narrans,
757 2646 824 2687 ex
859 2647 990 2690 voce
1029 2634 1324 2704 primitivaa
1342 2633 1709 2690 Ecclesiaelzes

117 2721 384 2779 tabundus
434 2725 782 2796 prosequitur
823 2727 1049 2784 dicens:
1101 2745 1128 2779 4
1164 2727 1430 2785 Dominus
1477 2727 1531 2782 in
1574 2727 1714 2790 Sina

113 2814 288 2872 veniet
309 2823 371 2870 et
411 2816 480 2872 de
504 2814 627 2874 Seir
647 2817 910 2890 onuslest
935 2818 1116 2875 nobis.
1151 2837 1173 2873 ι
1236 2818 1342 2875 Per
1367 2818 1590 2882 nomina
1628 2817 1710 2882 ιοτ

109 2919 293 2964 eorum
335 2907 687 2964 demonstrat
731 2907 958 2967 effectus
985 2925 1191 2968 rerum.
1257 2909 1390 2965 Sina
1440 2909 1710 2979 interpre-

110 3003 248 3054 tatur
271 2999 548 3070 amphora
582 3013 725 3068 mea,
763 3000 851 3057 vel
877 3016 1135 3060 mensura
1160 3017 1304 3070 mea,
1331 3001 1447 3058 sive
1480 3003 1708 3058 manda-

109 3093 236 3142 uim.
269 3087 406 3144 Seir-
425 3087 649 3160 pilosus,
666 3089 783 3148 sive
801 3089 1067 3161 hispidus.
1093 3089 1312 3148 Pharau
1336 3089 1590 3147 ferocitas
1615 3105 1706 3146 eo-

1819 1915 2185 1973 ferocissimos
2212 1915 2590 1972 interfectores
2616 1928 2744 1970 suos
2767 1911 3005 1968 edomita
3051 1909 3406 1967 incredulita-
3465 1935 3470 1942 ο

1816 2007 1886 2062 tis
1912 2008 2128 2074 duritia,
2157 2007 2282 2065 ﬁdei
2321 2024 2436 2064 sum
2458 2006 2588 2078 jugo
2631 2005 2867 2076 subegit,
2917 2019 3146 2075 quorum
3189 2002 3409 2058 unadie
3461 2018 3463 2020 ·

1815 2100 1920 2155 tria
1952 2100 2139 2165 millia,
2171 2109 2230 2156 et
2253 2100 2377 2156 inde
2399 2099 2640 2170 quinque
2664 2097 2852 2160 millia,
2878 2103 2935 2150 et
2966 2094 3221 2164 deinceps
3242 2093 3408 2148 innu-

1813 2205 1965 2244 mera
2007 2189 2376 2245 crediderunt.
2426 2189 2493 2243 Et
2540 2203 2702 2258 quem
2724 2187 2878 2257 prius
2905 2184 3063 2255 quasi
3107 2182 3408 2238 Samarita-
3456 2207 3460 2210 -

1813 2295 1942 2334 num
1967 2287 2023 2334 et
2057 2280 2322 2334 daemonia
2350 2280 2644 2335 habentem
2667 2277 2902 2333 aversati
2924 2274 3162 2340 fuerant,
3179 2273 3235 2329 ei
3259 2281 3412 2345 post-

1810 2371 2029 2426 modum
2057 2369 2405 2440 inseparabili
2441 2369 2563 2425 ﬁdei
2599 2377 2656 2424 et
2688 2366 2972 2424 charitatis
2994 2364 3407 2436 glutinoadhe-
3457 2411 3460 2414 .

1810 2470 2016 2520 serunt.
2053 2463 2130 2516 De
2170 2461 2368 2532 quibus
2397 2461 2487 2517 hic
2511 2460 2712 2517 dicitur
2740 2476 2756 2517 :
2790 2477 2810 2512 ι
2840 2458 2912 2513 Et
2937 2472 3061 2514 cum
3089 2462 3406 2513 eoasanetoo-

1809 2569 1931 2608 rum
1983 2551 2172 2608 millia.
2207 2572 2227 2606 ι
2279 2551 2576 2622 Sequitur:
2633 2569 2654 2603 ι
2696 2550 2754 2605 In
2809 2549 3033 2606 dextera
3085 2545 3204 2615 eius
3239 2546 3404 2618 ignea

1808 2643 1918 2699 lex.
1946 2663 1969 2698 ι
1997 2644 2234 2699 Dextera
2252 2652 2436 2700 alitem
2462 2641 2558 2698 Dei
2595 2639 2936 2711 appellantur
2959 2637 3154 2694 electi.
3193 2635 3409 2692 Ineder
3465 2665 3470 2670 ε

1808 2744 1925 2792 tera
1953 2750 2084 2806 ergo
2121 2733 2220 2790 Dei
2243 2732 2332 2790 lex
2357 2733 2514 2805 ignea
2547 2741 2654 2797 est,
2678 2730 2806 2801 quia
2833 2727 2991 2785 electi
3009 2725 3273 2782 mandata
3292 2738 3408 2781 cm»

1807 2825 2330 2896 lestialnequaquam
2358 2823 2555 2893 frigido
2579 2821 2744 2878 corde
2771 2818 3038 2883 audiunt;
3069 2815 3165 2871 sed
3191 2814 3260 2870 ad
3285 2814 3406 2870 hac
3463 2865 3468 2868 .

1809 2918 2014 2976 amoris
2043 2916 2218 2972 intimi
2243 2915 2460 2972 facibus
2487 2912 2862 2970 inardescunt.
2903 2907 3098 2965 Sermo
3119 2905 3189 2962 ad
3215 2918 3408 2962 aurem
3464 2951 3466 2954 ,

1808 3010 2044 3076 ducitur,
2069 3016 2126 3066 et
2142 3022 2299 3064 mens
2328 3006 2548 3064 sibimet
2571 3005 2810 3068 irata,ex
2842 3001 3070 3059 intentat
3103 2996 3412 3055 dulcedinis
3465 3007 3470 3046 ;

1808 3103 2026 3160 ﬂamma
2067 3109 2466 3160 concrematur.
2519 3096 2738 3154 Aliter:
2767 3095 3004 3154 Dextera
3043 3089 3262 3149 Domini
3287 3103 3408 3147 .no-

107 3180 249 3248 rum',
297 3182 431 3238 sive
453 3179 702 3254 frugifer.
749 3180 881 3239 Sina
928 3183 1096 3254 igitur
1126 3182 1359 3255 figuram
1411 3191 1560 3238 tenet
1601 3183 1707 3238 Ve-

1809 3195 1910 3252 stri
1934 3193 2066 3250 Jesu
2087 3191 2290 3250 Christi
2319 3187 2632 3259 evangelica
2657 3183 2974 3257 praedicatio
2994 3191 3102 3250 est,
3122 3196 3222 3253 per
3238 3195 3406 3252 quam
3463 3197 3475 3216 ε

105 3269 230 3326 teris
270 3270 640 3337 Testamenti,
671 3272 816 3342 quod
855 3281 1064 3330 certam
1118 3287 1432 3330 mensuram
1481 3271 1708 3330 manda-

108 3367 280 3418 torum
310 3361 476 3432 juxta
499 3363 742 3436 decalogi
768 3364 1048 3422 decretum
1073 3373 1284 3432 tenens,
1309 3364 1503 3435 jubere
1531 3366 1703 3434 novit,

110 3453 198 3510 sed
221 3454 428 3525 iuvare
457 3470 569 3513 non
593 3457 762 3523 novit,
791 3460 886 3514 sed
912 3466 1213 3516 sectatores
1249 3473 1391 3516 suoss
1424 3474 1525 3530 per
1544 3459 1708 3529 spiri-

109 3554 217 3603 tum
239 3548 552 3608 dilectionis
573 3549 790 3615 liberat,
826 3551 924 3608 sed
964 3565 1064 3620 per
1091 3551 1347 3606 timorem
1384 3565 1560 3620 poma:
1587 3565 1706 3606 ser-

109 3637 190 3694 vili
199 3640 526 3697 conditione
548 3640 792 3698 subditos
810 3639 962 3710 ligat.
993 3639 1146 3695 Unde
1168 3647 1227 3696 et
1244 3639 1436 3696 doctor
1461 3640 1704 3710 gentium

103 3731 394 3790 scribendo
417 3735 488 3790 ad
509 3733 750 3800 Galatas,
790 3747 890 3805 per
929 3733 1064 3790 duas
1091 3747 1295 3788 uxores
1332 3741 1388 3787 et
1420 3746 1521 3802 per
1565 3733 1705 3788 duos

101 3819 240 3882 filios
262 3823 536 3892 Abrahae,
584 3826 816 3882 duorum
857 3831 1310 3882 testamentorum
1354 3837 1422 3879 ac
1470 3823 1702 3880 duorum
1752 3871 1753 3874 η

98 3915 432 3985 mutilorum
449 3929 548 3984 per
574 3914 889 3985 allegoriam
914 3915 1184 3984 expressit
1204 3913 1436 3985 ﬁguram
1467 3913 1654 3973 dicens
1681 3931 1700 3968 :

100 4021 118 4057 ι
148 4005 446 4076 Scriptum
471 4012 556 4062 est
568 4004 826 4075 quoniam
845 4004 1122 4060 Abraham
1137 4004 1274 4060 duos
1295 4003 1436 4060 ﬁlios
1462 4003 1656 4060 habuit
1682 4021 1697 4060 :

97 4111 264 4156 unum
285 4097 362 4153 de
387 4096 609 4163 ancilla,
629 4103 689 4154 et
711 4111 880 4152 unum
907 4095 976 4151 de
996 4095 1187 4152 libera.
1251 4094 1362 4150 Sed
1380 4095 1474 4165 qui
1504 4096 1570 4150 de
1597 4109 1698 4150 an-

99 4192 237 4260 cilla,
266 4192 582 4250 secundum
607 4206 828 4249 carnem
858 4200 1019 4248 natus
1053 4200 1138 4250 est
1164 4210 1180 4259 ;
1217 4192 1309 4262 qui
1332 4199 1516 4247 autem
1541 4191 1610 4247 de
1630 4191 1699 4246 li-

99 4282 247 4351 bera,
263 4298 373 4354 per
399 4282 919 4354 repromissionem:
969 4299 1083 4354 quae
1107 4290 1231 4339 sunt
1253 4298 1353 4354 per
1381 4281 1701 4354 allegoriam

103 4374 239 4432 dicta
261 4375 473 4449 (Galat.
517 4375 616 4447 ιιι).
669 4375 798 4436 Haec
829 4376 976 4432 enim
1019 4386 1146 4432 sunt
1179 4377 1284 4433 duo
1324 4374 1693 4432 Testamenta.

105 4464 279 4524 Unum
301 4467 529 4538 quidem
558 4481 594 4522 a
621 4475 807 4523 monte
822 4467 953 4522 Sina
983 4467 1040 4522 in
1061 4468 1382 4524 servitutem
1401 4481 1690 4538 generans,

1807 3301 1916 3342 non
1934 3283 2254 3357 temporalis
2292 3282 2544 3346 felicitas,
2575 3293 2696 3350 qua:
2731 3279 2788 3334 in
2835 3276 2957 3333 leva
3003 3273 3405 3346 designari.»
3465 3321 3468 3324 .

1806 3377 1906 3445 let,
1941 3377 2081 3434 sicut
2108 3377 2163 3432 in
2193 3376 2333 3447 lege,
2373 3373 2469 3430 sed
2493 3380 2696 3430 aeterna
2729 3365 3010 3425 beatitudo
3037 3362 3401 3434 promittitur.
3467 3415 3470 3418 .

1806 3472 1884 3528 De
1907 3487 2012 3542 qua
2037 3485 2236 3543 sponsa
2261 3468 2502 3538 loquitur
2539 3466 2595 3522 in
2622 3462 2848 3521 Cantico
2869 3459 3210 3517 canticorum
3232 3473 3248 3506 ε
3283 3473 3304 3510 ι
3332 3455 3408 3514 Et

1806 3566 2028 3620 dextera
2052 3562 2196 3617 illius
2209 3557 2708 3630 amplexabiturme
2721 3552 2898 3624 (Cant.
2913 3549 2978 3620 ιι)
3025 3548 3130 3604 ιιιιι
3154 3549 3408 3604 haovero

1805 3655 2050 3718 dextera,
2077 3653 2168 3708 lex
2198 3652 2355 3722 ignea
2379 3656 2466 3706 est
2496 3685 2513 3712 ,
2538 3644 2754 3702 dilectio
2783 3642 3038 3699 videlicet
3075 3654 3178 3709 per
3199 3638 3402 3695 donum

1807 3744 2044 3817 Spiritus
2069 3741 2270 3806 sancti,
2329 3739 2394 3795 in;
2437 3737 2736 3793 electorum
2763 3731 3019 3789 cordibus
3061 3727 3276 3817 diﬂusa.
3471 3760 3473 3780 ς

1805 3815 1914 3909 qua
1935 3832 2225 3906 Apostolus
2250 3831 2370 3887 ait:
2403 3847 2422 3881 ι
2444 3825 2732 3883 Plenitudo
2759 3837 2890 3894 ergo
2909 3820 3042 3891 legis
3069 3826 3157 3876 est
3181 3815 3416 3909 dilectio,
3448 3826 3454 3850 ⁷

1781 3905 1999 3998 (Rom;
2021 3922 2168 3995 xm):
2209 3940 2228 3974 ι
2273 3919 2404 3978 Haec
2441 3928 2680 3986 namque
2703 3914 2760 3968 in
2791 3909 3089 3982 Evangelio
3111 3905 3412 3978 singulari-.

1764 4053 1766 4058 ι
1803 4023 1890 4071 ter
1908 4012 2343 4076 commendatur,
2363 4009 2581 4064 dicente
2605 4004 2837 4060 Domino
2853 4020 2873 4058 :
2901 4019 2921 4053 ι
2957 3998 3272 4056 Mandatum
3297 4011 3398 4052 no-

1803 4121 1932 4161 vum
1974 4106 2044 4162 do
2089 4102 2268 4167 vobis,
2287 4108 2351 4158 ut
2387 4096 2629 4170 diligatis
2658 4095 2892 4154 invicem
2916 4091 3064 4150 sicut
3079 4089 3244 4148 dilexi
3277 4103 3414 4150 vos.~
3469 4125 3472 4128 ~

1802 4193 1863 4248 In
1892 4195 1998 4248 hoc
2023 4196 2354 4263 cognoscent
2397 4200 2607 4250 omnes,
2649 4182 2775 4253 quia
2807 4180 2917 4242 mei
2957 4179 3090 4236 estis
3123 4175 3397 4248 discipuli,

1803 4284 1852 4340 si
1894 4283 2240 4341 dilectionem
2266 4275 2566 4336 habueritis
2599 4273 2669 4329 ad
2701 4271 2934 4336 invicem
2971 4267 3156 4336 (Joan.
3183 4267 3334 4340 xm).
3367 4285 3392 4322 ι

1802 4371 1934 4440 Quae
1957 4387 2055 4442 per
2077 4369 2343 4440 Spiritum
2372 4371 2619 4421 sanctum
2647 4361 2703 4416 in
2752 4374 2879 4431 igne
2895 4363 3280 4428 apparentem,
3302 4355 3411 4414 der
3447 4415 3449 4418 ι

1803 4465 2096 4535 cima'post
2112 4460 2488 4520 ascensionem
2514 4455 2622 4520 die,
2653 4452 2710 4510 in
2752 4448 3025 4524 apostolos
3053 4447 3246 4511 eﬂ'usa,
3273 4459 3395 4500 om.

105 4572 217 4628 Quae
241 4529 518 4632 est-Agar
561 4557 717 4629 (Sina
765 4566 946 4614 autem
975 4573 1139 4618 mons
1167 4567 1252 4614 est
1291 4557 1346 4613 in
1371 4529 1576 4614 Avrabia
1603 4529 1697 4630 qui
1717 4529 1776 4590 Ῐ)
1802 4569 1927 4612 nem
1946 4529 2080 4625 legis
2104 4550 2498 4624 plenitudinem
2519 4555 2777 4614 tanquam
2802 4538 2969 4632 digito
2994 4536 3090 4592 Dei
3113 4535 3408 4632 meorum.

106 4648 430 4717 coniunctus
449 4655 536 4704 est
556 4646 632 4713 ei,
647 4661 769 4717 qua:
792 4661 938 4704 nunc
967 4653 1055 4704 est
1081 4645 1430 4717 Jerusalem),
1456 4655 1514 4702 et
1530 4646 1702 4708 servit

106 4755 222 4797 cum
245 4743 378 4800 ﬁliis
406 4741 549 4807 suis,
580 4747 686 4796 etc.
744 4739 1006 4797 Dominus
1030 4754 1162 4810 ergo
1180 4738 1340 4795 Iesus
1359 4739 1613 4796 Christus
1634 4739 1700 4798 de

107 4830 228 4890 Sina
251 4836 432 4901 venit,
481 4832 613 4904 quia
650 4847 718 4888 ex
747 4831 980 4889 lectione
1021 4831 1158 4902 legis
1191 4839 1250 4888 et
1287 4831 1697 4902 prophetarum,

107 4927 449 4983 credentibus
465 4922 724 4981 innotuit.
735 4921 878 4982 Inde
887 4922 1034 4978 enim
1046 4921 1218 4989 venit,
1242 4936 1366 4978 cum
1379 4934 1503 4978 eum
1517 4920 1589 4977 ibi
1605 4921 1701 4992 qui

105 5016 350 5091 intelligit
371 5016 610 5075 invenit.
659 5033 680 5067 ι
702 5014 857 5071 Unde
871 5023 928 5071 et
954 5014 1069 5085 ipse
1096 5013 1364 5084 incipiens
1385 5011 1614 5084 aMoyse
1641 5020 1716 5076 et,

106 5113 346 5169 omnibus
370 5109 1160 5184 prophetis,interpretabatur
1171 5108 1453 5179 discipulis
1479 5108 1548 5164 ad
1568 5122 1700 5178 quo-

105 5217 217 5258 rum
240 5221 340 5262 cor
353 5221 460 5277 per
482 5203 646 5260 ﬁdem
679 5201 864 5256 venire
885 5200 1157 5270 cupiebat,
1190 5199 1247 5254 in
1270 5199 1523 5256 omnibus
1548 5197 1700 5262 Scri-

104 5296 430 5367 ptuﬁs,qme
448 5296 523 5352 de
541 5293 661 5365 ipso
673 5299 832 5348 erant
849 5290 1006 5364 (Luc.
1021 5290 1218 5362 xxiv.).
1245 5309 1266 5344 ›
1285 5290 1362 5346 De
1385 5289 1510 5344 Seir
1529 5289 1699 5348 etiam

106 5392 251 5440 ortus
277 5403 292 5440 :
325 5385 459 5456 quia
481 5398 554 5439 ex
589 5382 816 5439 Iudaico
839 5381 1062 5438 malitiae
1083 5388 1140 5436 et
1161 5378 1559 5436 incredulitatis
1583 5394 1696 5436 suae

107 5475 325 5542 spinetis
343 5474 669 5546 asperrimo,
714 5473 1010 5529 secundum
1035 5487 1255 5528 carnem
1285 5471 1516 5542 genitus,
1542 5485 1698 5526 novae

109 5562 237 5622 lucis
285 5575 512 5632 exortu,
555 5573 765 5624 mentes
811 5565 1149 5626 credentium
1186 5563 1526 5629 illuminavit,
1580 5571 1702 5618 tam

107 5669 260 5724 quam
272 5673 442 5716 verus
465 5659 550 5716 sol
566 5657 816 5727 iustitiae,
837 5661 904 5715 dc
920 5675 1026 5730 quo
1053 5659 1312 5734 Dominus
1333 5673 1432 5728 per
1457 5657 1711 5728 prophee

111 5751 214 5805 tam
237 5748 372 5806 dicit
401 5764 418 5806 :
448 5767 498 5831 ,ι
530 5747 696 5830 Vobis
723 5757 904 5832 autem
929 5750 1242 5835 timentibus
1262 5763 1461 5806 nomen
1487 5762 1690 5830 meum,

1798 4655 1984 4704 mente
2005 4644 2313 4714 descripsit,
2327 4646 2660 4706 cunctosque
2679 4632 2882 4688 electos
2903 4628 3146 4686 fervente
3161 4625 3391 4698 Spiritu,
3465 4685 3470 4690 _

1796 4737 2044 4794 lucentes
2066 4731 2382 4805 operatione
2418 4728 2570 4785 facit.
2636 4724 2838 4781 Verum
2867 4719 2995 4790 quia
3024 4719 3141 4774 haec
3163 4717 3251 4774 lex
3279 4729 3394 4775 non
3450 4785 3452 4787 ,

1797 4829 1892 4885 uni
1912 4826 2109 4900 populo
2133 4833 2195 4882 ut
2214 4823 2302 4882 lex
2326 4820 2519 4892 Moysi,
2548 4817 2644 4875 sed
2666 4812 2936 4872 universis
2980 4827 3079 4882 per
3111 4809 3388 4870 Christum

1797 4920 2049 4993 gentibus
2089 4914 2424 4990 promulgata
2445 4918 2550 4976 est,
2572 4923 2700 4964 mox
2725 4902 3035 4978 adiungitur
3060 4921 3076 4957 :
3138 4920 3158 4954 ι
3188 4900 3392 4956 Dilexit
3469 4943 3471 4945 .

1799 5013 2046 5086 populos.
2087 5031 2106 5066 ι
2152 5010 2351 5082 Legem
2375 5007 2541 5078 igitur
2591 5000 2895 5066 charitatis,
2943 5012 3108 5069 quam
3129 5008 3228 5086 nos
3259 5008 3387 5086 ser-

1799 5083 1935 5162 vare
1952 5103 2136 5175 jussit,
2166 5102 2377 5173 primus
2396 5097 2512 5168 ipse
2535 5090 2798 5166 implevit,
2835 5089 3105 5161 diligendo
3135 5083 3386 5142 videlicet
3469 5127 3471 5130 ‹

1798 5197 2030 5269 populos
2051 5201 2338 5264 utrosque,
2367 5183 2798 5246 circumcisionis
2823 5190 2880 5244 et
2899 5177 3177 5252 praeputii;
3210 5183 3266 5232 et
3289 5189 3383 5232 ve.

1800 5289 1959 5347 niens
1979 5281 2401 5357 evangelizando
2433 5292 2622 5352 pacem
2646 5275 2803 5332 nobis
2827 5273 2916 5344 qni
2952 5271 3108 5340 longe
3141 5282 3402 5333 eramus,

1801 5389 1858 5440 et
1877 5395 2066 5452 pacem
2090 5379 2176 5434 his
2200 5375 2294 5447 qui
2321 5369 2901 5447 prope,quoniam,per
2916 5364 3099 5452 ipsum
3120 5359 3383 5452 habemus

1797 5447 2076 5527 accessum
2123 5467 2282 5524 ambo
2326 5465 2384 5522 in
2425 5477 2535 5518 uno
2567 5458 2773 5530 Spiritu
2801 5454 2872 5509 ad
2911 5451 3147 5508 Patrem.
3229 5447 3381 5506 lianc

1799 5573 1980 5622 autem
2009 5563 2351 5618 dilectionem
2377 5555 2720 5620 commendat
2743 5543 3246 5604 misericordissima
3264 5543 3381 5610 dus

1793 5656 1998 5728 passio,
2013 5669 2178 5724 quam
2205 5667 2304 5721 pro
2327 5651 2490 5710 totius
2511 5644 2695 5702 mundi
2711 5640 2886 5697 salute
2906 5634 3164 5705 suscepit,
3181 5637 3247 5693 de
3266 5649 3381 5728 qua

1794 5727 1912 5821 ipse
1933 5747 2053 5804 ait:
2097 5765 2117 5801 ι
2153 5745 2411 5820 Majorem
2455 5742 2560 5798 hac
2593 5733 2937 5798 dilectionem
2978 5743 3140 5790 nemo
3190 5727 3404 5800 habet,
