3930 6344
189 348 280 406 989
909 342 1305 399 ENARRA'I‘IO
1345 344 1568 400 SUPER
1608 340 2224 404 DEUTERONOMIUM.
2267 380 2338 392 -—-
2373 348 2499 405 LIB.
2540 350 2629 408 IV.
3314 360 3419 415 990

191 484 211 518 ς
246 460 581 534 populorum,
609 458 769 514 simul
798 458 971 513 tribus
990 458 1174 513 Israel.
1220 478 1239 510 ι
1280 456 1395 512 Non
1422 458 1739 529 negligenda
1765 459 2082 527 Agentium
2130 464 2289 518 simul
2342 481 2465 519 cum
2505 465 2750 521 tribubus
2787 462 2973 534 Israel,
3017 479 3079 526 ut
3130 473 3418 544 impleatur

188 563 263 613 est
294 554 396 611 ista
424 552 725 625 prophetia.
789 551 1027 620 Apparet
1068 552 1264 621 quippe
1290 551 1393 606 ista
1443 551 1748 607 benedictio
1845 552 1988 620 quod
2024 567 2186 623 supra
2217 555 2417 612 dictum
2449 565 2531 612 est
2568 576 2583 611 :
2622 576 2642 608 ι
2677 557 2980 627 Lzetamini,
3011 570 3218 632 gentes,
3262 567 3421 622 simul

187 646 250 702 ad
270 658 467 699 novum
486 642 742 714 populum
766 641 1057 712 pertinere,
1095 658 1254 712 quem
1293 642 1556 698 Dominus
1591 641 1748 698 Chri-
1840 650 1970 696 eum
2010 642 2208 713 popqu
2235 643 2369 713 ejus.
2409 667 2429 699 ι
2460 646 2613 713 ‘Quia
2648 647 2863 701 caecitas
2887 662 2954 702 ex
2992 658 3144 717 parte
3171 651 3226 707 in
3256 654 3420 711 Israel

186 746 289 795 stus
313 736 692 802 sanctiﬁeavit,
721 751 789 792 ex
812 736 964 805 cujus
1002 750 1233 805 persona
1287 735 1392 791 ista
1447 735 1747 791 dicuntura
1846 732 1986 790 facta
2026 742 2129 801 est,
2161 735 2331 791 donec
2374 735 2648 805 plenitudo
2691 736 2929 807 gentium
2965 736 3223 807 intraret,
3260 750 3317 799 et
3344 745 3420 801 sic

186 829 496 901 Moyse,non
521 841 833 898 expersona
860 826 1030 897 ipsius
1054 825 1244 898 Moysi,
1268 826 1411 895 quod
1441 826 1495 880 in
1520 840 1748 895 sequen-
1839 825 2025 880 omnis
2069 825 2235 881 Israel
2280 825 2462 881 salvus
2508 825 2662 880 ﬁeret
2691 844 2703 878 :
2742 843 2761 877 «
2794 824 2951 882 Vivat
2982 826 3173 885 Ruben
3216 837 3271 887 et
3312 847 3420 888 non

186 919 317 975 tibus
345 918 627 974 evidenter
670 924 912 988 apparet.
964 916 1102 971 Nam
1138 916 1185 973 si
1232 922 1518 986 propterea
1543 914 1748 972 dictum

182 1016 276 1076 est,
309 1027 331 1061 ι
367 1008 628 1065 Dominus
660 1024 728 1064 ex
755 1006 887 1063 Sina
913 1008 1081 1073 venit,
1115 1027 1134 1060 ι
1164 1006 1289 1077 quia
1327 1006 1383 1061 in
1410 1014 1594 1063 monte
1619 1006 1748 1062 Sina

183 1100 261 1156 lex
286 1100 415 1157 data
436 1107 538 1167 est,
566 1099 693 1170 quid
724 1099 824 1155 sibi
843 1099 979 1165 vult,
1012 1099 1159 1168 quod
1193 1098 1435 1167 sequitur
1460 1116 1473 1152 :
1532 1115 1551 1148 ι
1582 1097 1650 1151 Et
1675 1096 1750 1151 al-

182 1191 307 1248 luit
327 1206 400 1247 ex
418 1191 540 1248 Seir
561 1191 735 1257 nobis,
767 1209 786 1245 ι
812 1205 935 1246 cum
960 1188 1083 1245 Seir
1109 1203 1267 1245 mons
1285 1187 1530 1244 Idumam
1550 1188 1640 1253 sit,
1654 1187 1748 1243 ubi

183 1283 418 1355 regnavit
445 1283 621 1338 Esau?
647 1283 852 1338 Deinde
873 1281 1083 1352 Moyses
1106 1281 1246 1337 ﬁlios
1272 1279 1436 1337 Israel
1466 1279 1748 1347 benedicat

180 1376 260 1430 his
279 1375 483 1440 verbis,
515 1375 655 1431 sicut
694 1375 971 1443 Scriptura
992 1374 1262 1444 praedixit,
1312 1373 1582 1442 quomodo
1605 1371 1747 1426 idem

179 1464 321 1521 dicit.
377 1482 399 1516 ι
431 1465 501 1520 Et
550 1455 761 1549 accepit
803 1466 869 1518 de
898 1463 1079 1519 verbis
1130 1462 1299 1533 ipsius
1345 1460 1539 1533 legem,
1586 1474 1745 1532 quam

178 1553 447 1609 mandavit
468 1554 626 1611 nobis
654 1552 881 1623 lioyses.
919 1572 938 1605 ι
992 1551 1258 1606 Nimirum
1294 1565 1423 1622 ergo
1464 1552 1747 1622 prophetia

176 1654 275 1711 est,
304 1652 367 1700 ut
388 1646 642 1712 diximus,
667 1645 925 1716 p0pulum
963 1660 1160 1701 novum
1182 1644 1383 1701 Christi
1420 1644 1592 1714 gratia
1626 1658 1748 1699 san-

1840 917 2131 983 moriatur,
2178 923 2234 972 et
2279 916 2351 971 sit
2381 931 2582 986 parvus
2621 917 2675 970 in
2713 931 2957 973 numero.
3020 938 3040 971 ι
3088 919 3421 993 Praeeedenti

1842 1019 2097 1063 sermone
2124 1006 2351 1062 salutem
2370 1006 2659 1077 primitivae
2681 1007 2953 1075 Ecclesia,
2984 1024 3106 1080 quae
3129 1025 3195 1067 ex
3218 1009 3421 1068 Iudaeis

1849 1097 2023 1154 electa
2052 1107 2152 1165 est,
2192 1098 2498 1170 specialiter
2532 1098 2985 1170 prophetaverat;
3019 1115 3161 1157 nunc
3197 1100 3423 1174 singulis

1846 1189 2096 1246 tribubus
2149 1190 2399 1261 proprias
2457 1190 2861 1247 benedictiones
2909 1191 3153 1248 tribuens
3178 1234 3193 1259 ,
3260 1210 3420 1251 veros

1845 1274 2118 1334 Israelitas
2165 1292 2231 1334 ex
2280 1287 2511 1347 utroque
2539 1277 2737 1348 popqu
2766 1279 3009 1349 designat
3046 1297 3060 1333 :
3092 1288 3147 1335 et
3186 1297 3330 1339 nunc
3355 1284 3424 1339 de

1846 1368 2083 1436 Christo,
2110 1384 2254 1424 nunc
2282 1369 2347 1424 de
2370 1367 2647 1438 apostolis,
2680 1382 2824 1423 nunc
2848 1369 2917 1423 de
2935 1369 3207 1438 primitiva
3235 1372 3424 1429 Eccle-

1838 1460 1927 1514 sia
1955 1475 2022 1515 ex
2052 1459 2269 1526 Iudaeis,
2299 1475 2442 1514 nunc
2469 1459 2795 1530 generaliter
2823 1460 2889 1515 de
2911 1470 3103 1516 cuncta
3132 1463 3290 1517 simul
3317 1464 3424 1520 Ee-

1847 1549 2010 1604 elesia
2059 1550 2400 1604 vaticinatur.
2449 1550 2603 1617 Quod
2645 1556 2827 1605 autem
2863 1550 3089 1620 populus
3129 1552 3423 1609 electorum

1847 1654 1916 1695 ex
1946 1620 2226 1697 duodecim
2256 1640 2590 1711 Spiritalibus
2630 1648 2841 1696 constet
2878 1642 3144 1708 tribubus,
3189 1642 3423 1701 Joannes

174 1736 471 1793 ctiﬁcatnm
498 1737 889 1808 praenuntians,
946 1736 1067 1791 ideo
1100 1737 1200 1791 sub
1250 1734 1471 1791 nomine
1513 1735 1748 1790 ﬁliorum
1782 1807 1795 1808 ί
1849 1730 2075 1787 dilectus
2120 1732 2331 1788 Domini
2376 1733 2431 1786 in
2476 1731 2703 1803 mystica
2746 1729 3068 1808 Apocalypsi
3118 1733 3418 1789 describit:

171 1825 357 1894 Israel,
387 1804 519 1899 quia
541 1843 729 1884 semen
766 1835 850 1883 est
867 1826 1164 1893 Abraham,
1210 1827 1314 1881 hoc
1345 1834 1447 1892 est,
1473 1826 1570 1881 ﬁlii
1624 1836 1749 1882 sunt
1774 1807 1875 1873 Β(
1908 1821 2083 1888 Vivat,
2122 1822 2314 1892 inquit,
2346 1822 2557 1888 Ruben,
2589 1830 2644 1877 et
2688 1834 2796 1876 non
2836 1804 3121 1877 moriatur.
3156 1841 3176 1876 ι
3221 1823 3417 1879 Ruben

166 1919 565 1986 promissionis,
597 1926 653 1975 et
689 1919 1064 1989 interpretatio
1079 1916 1197 1987 ejus
1215 1927 1318 1985 est,
1346 1918 1534 1974 videns
1556 1919 1743 1974 Deum.

140 2011 432 2069 Dominus
457 2027 608 2084 ergo,
647 2013 771 2082 quia
805 2028 871 2068 ex
903 2011 1032 2069 Sina
1061 2015 1229 2081 venit,
1268 2013 1514 2070 Christus
1556 2014 1750 2070 intelli-

162 2106 378 2175 gendus
425 2112 512 2162 est
546 2147 560 2173 ,
605 2106 859 2176 quoniam
886 2104 1015 2161 Sina
1070 2107 1457 2178 interpretatur
1492 2108 1742 2164 tentatio.

164 2193 331 2248 Venit
365 2204 499 2266 ergo
539 2211 605 2251 ex
637 2195 936 2251 tentatione
967 2196 1257 2266 passionis,
1309 2196 1505 2263 crucis,
1537 2198 1743 2252 mortis.

165 2298 185 2332 t
223 2281 294 2335 Et
334 2281 525 2337 alium
569 2298 637 2337 ex
677 2283 816 2338 Seir.
853 2303 872 2336 ι
919 2284 1042 2339 Seir
1082 2286 1469 2355 interpretatur
1518 2287 1743 2358 pilosus,

161 2369 305 2438 quod
337 2367 605 2439 signiﬁcat
632 2376 988 2440 peccatorem.
1033 2370 1126 2428 Sic
1145 2375 1289 2429 enim
1316 2382 1475 2431 natus
1495 2385 1578 2431 est
1601 2375 1745 2431 Esau

164 2457 289 2513 odio
322 2457 560 2514 habitus.
624 2459 733 2516 Sed
775 2462 1054 2532 quoniam,
1086 2464 1178 2533 qui
1207 2464 1469 2521 sedebant
1517 2466 1573 2520 in
1597 2473 1748 2522 tene-

164 2547 275 2601 bris
300 2554 360 2602 οι
381 2547 439 2602 in
463 2550 654 2604 umbra
679 2551 889 2619 mortis,
915 2552 1007 2607 lux
1032 2562 1153 2609 orta
1180 2560 1265 2610 est
1284 2556 1387 2621 eis,
1410 2555 1532 2612 ideo
1557 2556 1747 2613 allusit

162 2653 231 2692 es
267 2637 411 2695 Seir.
470 2640 648 2699 Simui
674 2645 838 2699 etiam
872 2661 978 2701 non
1010 2646 1247 2703 absurde
1273 2647 1591 2719 intelligitur
1624 2665 1746 2707 esse

165 2730 483 2797 praeﬁciunt
512 2745 579 2786 ex
600 2735 874 2804 gentibus,
892 2752 1012 2807 quae
1032 2737 1407 2809 signiﬁcantur
1426 2754 1527 2810 per
1547 2755 1745 2796 nomen

164 2816 303 2883 Seir,
327 2820 462 2888 quia
483 2834 640 2877 mons
650 2831 738 2878 est
749 2825 1028 2894 pertinens
1053 2826 1121 2881 ad
1148 2826 1308 2893 Esau,
1325 2835 1607 2881 venturam
1624 2842 1746 2898 gra-

158 2906 289 2961 tiam
328 2907 541 2967 Christi
575 2913 773 2983 popqu
812 2914 995 2970 Israel.
1031 2915 1184 2972 Unde
1229 2917 1359 2972 dicit
1408 2916 1695 2987 Apostolus
1727 2935 1740 2972 :

165 3012 187 3045 ι
213 2995 290 3051 ita
313 3005 373 3054 et
404 2998 460 3054 bi
488 3015 635 3058 nunc
654 3018 763 3061 non
788 3007 1137 3062 crediderunt
1162 3008 1219 3062 in
1231 3016 1411 3064 vestra
1437 3009 1745 3065 miscricor-

156 3086 263 3155 ὅθ,
306 3097 371 3146 ut
415 3098 473 3146 et
514 3092 620 3163 ipsi
647 3095 1077 3155 misericordium
1117 3100 1535 3169 consequantur.
1571 3118 1592 3153 ι
1636 3100 1743 3169 Ipsi

1852 1913 2239 1984 interpretatur
2268 1913 2491 1969 visionis
2519 1912 2693 1978 illius,
2733 1912 2949 1967 dicente
2970 1908 3183 1967 matre.-
3212 1930 3234 1964 ι
3277 1912 3425 1969 Vidit

1849 2000 1992 2059 Deus
2032 2004 2390 2059 humilitatem
2426 2018 2623 2059 meam.
2661 2022 2681 2057 ι
2710 2002 2778 2058 Et
2803 2010 2887 2059 est
2913 2003 3304 2075 primogenitus
3325 2018 3423 2075 pa-

1850 2094 2103 2149 triarcbae
2129 2092 2314 2152 Jacob.
2364 2094 2644 2167 Signiﬁcat
2689 2095 2869 2165 itaque
2897 2095 3129 2151 electum
3164 2094 3422 2165 populum

1849 2198 1914 2239 ex
1942 2186 2160 2253 Iudaeis,
2184 2189 2271 2243 cui
2298 2188 2479 2242 divina
2504 2188 2785 2243 miseratio
2806 2188 3032 2243 contulit
3052 2188 3229 2258 utqui
3256 2189 3425 2243 Deum

1848 2276 2094 2343 negando
2132 2283 2186 2332 et
2217 2277 2578 2347 eruciﬁgendo
2616 2285 2833 2333 aeternae
2862 2278 3021 2333 morti
3060 2278 3300 2348 seipsum
3330 2276 3424 2333 ad-

1846 2365 2090 2432 dixerat,
2135 2378 2493 2439 eompunctns
2537 2370 2604 2425 ad
2636 2370 3079 2441 praedicationem
3118 2378 3425 2428 sanctorum

1848 2463 2236 2531 apostolorum,
2284 2464 2488 2519 erroris
2535 2463 2619 2518 sui
2668 2461 3042 2534 paenitentiam
3087 2472 3274 2537 ageret
3318 2480 3335 2517 :
3369 2470 3425 2518 et

1845 2555 2073 2611 credens
2102 2557 2156 2611 in
2187 2555 2465 2612 Christum
2501 2571 2570 2611 ex
2612 2554 2718 2611 ﬁde
2752 2556 2978 2623 viveret,
3007 2555 3101 2626 qui
3151 2555 3267 2627 ipsa
3311 2554 3423 2625 iam

1846 2645 2162 2701 inﬁdelitate
2181 2653 2428 2700 mortuus
2446 2648 2585 2701 erat.
2623 2644 2775 2701 Unde
2801 2653 2854 2700 et
2872 2644 3095 2700 visionis
3117 2642 3258 2699 ﬁlius
3277 2649 3425 2697 recte

1847 2734 2068 2800 dicitur,
2099 2734 2223 2803 quia
2252 2741 2502 2805 respectu
2530 2734 2914 2790 misericordiae
2940 2734 3133 2788 divinae
3164 2732 3420 2788 salvator.

1846 2824 1923 2879 De
1969 2840 2075 2895 qua
2114 2824 2400 2881 Psalmista
2444 2833 2673 2880 exorat:
2711 2842 2735 2875 ‹
2784 2823 2921 2880 Vide
2954 2823 3317 2879 humilitatem
3369 2830 3426 2878 et

1828 2912 2091 2975 laborem
2110 2929 2312 2977 meum,
2344 2921 2409 2970 et
2421 2914 2629 2970 timitte
2647 2914 2829 2970 omnia
2853 2921 3075 2983 peccata
3097 2927 3217 2968 mea
3247 2909 3422 2983 (Psat.

1845 3007 2003 3077 nu).
2034 3006 2102 3061 Et
2137 3006 2209 3061 ad
2236 3007 2523 3062 Ezechiam
2552 3007 2812 3062 Dominus
2844 3006 3083 3077 loquitur
3117 3022 3131 3060 :
3175 3024 3197 3057 σ
3230 3003 3423 3061 Audivi

1845 3099 2148 3156 orationem
2186 3107 2351 3165 tuam,
2376 3099 2502 3156 ‘vidi
2548 3099 2818 3171 lacrymas
2857 3106 2999 3167 tuas.
3041 3117 3061 3152 ι
3102 3097 3202 3154 llic
3244 3104 3423 3152 autem

153 3193 280 3251 ergo
313 3182 537 3250 mut,
605 3201 629 3237 ο
652 3185 858 3243 Ali-xit
880 3204 948 3245 ex
990 3187 1112 3245 Seir
1139 3191 1317 3257 nobis,
1372 3200 1427 3247 et
1467 3191 1742 3248 festinavit
1769 3174 1814 3240 ε
1844 3190 2092 3263 populus,
2120 3198 2380 3261 quantum
2403 3190 2472 3245 ad
2493 3190 2957 3260 comparationem
2978 3186 3273 3245 inﬁdelium
3295 3201 3425 3259 se"-

153 3283 220 3327 ex
247 3280 449 3330 male
496 3272 736 3344 Pbaran,
773 3297 795 3331 ι
852 3279 909 3335 id
935 3288 1037 3347 est,
1081 3294 1151 3336 ex
1179 3287 1364 3337 monte
1412 3281 1694 3339 fructifera
1726 3303 1739 3340 :

155 3360 209 3416 id
233 3364 387 3421 enim
420 3365 810 3437 interpretatur
847 3369 1086 3438 Pharon,
1138 3373 1284 3442 quod
1328 3364 1599 3443 signiﬁcat
1643 3374 1745 3430 Ec-

159 3455 342 3515 οιαὶ..
402 3458 545 3519 Cum
566 3461 751 3518 multis
801 3462 1251 3521 millibusCades.
1314 3466 1382 3520 Et
1423 3475 1629 3522 mutata
1654 3467 1743 3522 in—

158 3551 771 3620 terpretatur-Cadent
815 3556 1139 3611 sanctitudo.
1218 3555 1423 3611 Mutata
1466 3554 1745 3629 suntergo

157 3641 326 3697 multa
349 3642 524 3699 millia
552 3645 967 3701 «unum
990 3658 1090 3716 per
1116 3647 1366 3719 gratiam,
1398 3662 1521 3703 eum
1551 3649 1746 3719 quibus

156 3734 307 3790 venit
332 3734 599 3794 Christus
613 3739 686 3795 ad
706 3736 981 3796 Israelitas
1016 3747 1209 3811 postea
1236 3739 1584 3812 colligendos.
1645 3740 1747 3798 Sc-

152 3824 349 3893 qnitnr
368 3835 431 3882 et
451 3827 617 3885 dicit:
649 3847 671 3881 ε
688 3829 774 3884 Ad
799 3832 1077 3886 dexteram
1091 3832 1209 3903 eius
1238 3832 1411 3903 angeli
1440 3847 1564 3888 cum
1586 3846 1653 3888 eo
1671 3850 1686 3889 :
1710 3846 1738 3888 ⁵)

148 3915 389 3981 boenon
404 3916 612 3991 indiget
629 3920 981 3992 expositione.
1020 3942 1039 3976 ι
1060 3923 1127 3978 Et
1145 3924 1406 3994 pepercit,
1442 3926 1635 3995 inquit,
1650 3940 1747 3997 p0—

142 4008 279 4076 pulo
305 4023 436 4074 suo,
460 4029 481 4063 ι
514 4010 719 4068 donans
740 4013 1115 4068 remissionem
1138 4021 1502 4084 peccatorum.
1528 4015 1657 4072 Inde
1681 4018 1748 4071 ad

128 4099 337 4169 ipsum
357 4103 639 4159 convertit
659 4117 987 4172 sermonem,
1007 4113 1064 4161 et
1087 4105 1164 4160 ait
1193 4123 1213 4156 α
1243 4105 1310 4159 Et
1335 4122 1525 4163 omnes
1550 4105 1749 4162 sancti-

150 4187 301 4247 εθεή
329 4191 443 4248 sub
462 4201 806 4259 mutatum,
828 4203 884 4250 et
909 4195 967 4250 bi
986 4196 1090 4251 sub
1115 4203 1329 4251 tesunt.
1361 4215 1385 4251 ι
1421 4195 1538 4251 Non
1556 4197 1747 4267 utique

150 4281 538 4351 superbientes
561 4291 621 4340 et
644 4300 803 4341 suam
828 4285 1099 4357 justitiam
1122 4286 1366 4342 volentes
1392 4288 1742 4355 constituere,

155 4381 519 4445 agnoscentes
557 4376 812 4447 gratiam,
861 4384 916 4433 et
948 4376 1175 4446 iustitiae
1219 4378 1314 4432 Dei
1362 4377 1740 4449 subjiciuntur.

160 4464 547 4534 cEtacupit,
593 4467 805 4536 inquit,
842 4467 1121 4525 deverbia
1161 4469 1279 4540 ejus
1316 4471 1623 4540 ttaecepit
1667 4470 1744 4526 le—

155 4568 275 4623 gem
302 4569 479 4624 quam
498 4556 795 4623 mandavit,
828 4558 1024 4628 hquit,
1052 4558 1209 4614 nobis
1252 4558 1482 4630 Moyses,
1528 4561 1632 4617 hoc
1658 4570 1741 4618 est

154 4648 381 4717 populus
411 4646 561 4718 eius.
587 4647 871 4704 Devabis
897 4645 1012 4716 eius
1047 4648 1260 4718 accepit
1284 4648 1480 4720 legem,
1510 4651 1638 4720 quia
1671 4652 1739 4707 de

152 4737 400 4797 doctrina
416 4739 542 4811 ejus
565 4739 946 4795 intellexerunt
965 4738 1138 4810 legem
1164 4754 1363 4806 meum,
1383 4740 1557 4810 ipsam
1575 4756 1721 4811 quan

153 4832 431 4889 munivit
474 4831 637 4888 nobis
672 4830 903 4902 Moyses.
936 4831 1059 4902 Ipse
1086 4844 1301 4901 quoque
1346 4830 1424 4885 ait
1468 4830 1527 4884 in
1567 4830 1720 4886 Evan

148 4924 335 4993 geiio:
379 4944 401 4980 ι
444 4922 512 4982 Si
538 4924 835 4983 crederetis
860 4922 1047 4995 Moysi,
1078 4924 1377 4981 crederetis
1401 4931 1458 4979 et
1480 4923 1643 4990 mihi;
1674 4924 1738 4979 de

150 5028 237 5074 le
278 5019 434 5074 unm
478 5015 577 5073 ille
605 5015 825 5086 scripsit
854 5016 1039 5087 (leas.
1070 5016 1129 5087 v)
1158 5036 1181 5070 ι
1210 5016 1331 5073 Non
1355 5016 1501 5072 enim
1529 5016 1739 5088 accepit

150 5103 323 5178 leum
362 5107 462 5166 ille
509 5106 767 5177 populus,
792 5121 955 5176 gain
992 5122 1099 5165 non
1128 5107 1419 5174 inteliexit;
1470 5109 1567 5164 sed
1609 5116 1737 5165 tunc

150 5201 380 5270 accepit,
412 5199 641 5272 quando
675 5197 979 5266 bitcﬂexit,
1030 5201 1099 5255 de
1142 5199 1324 5254 verbis
1367 5199 1507 5269 eius,
1548 5215 1739 5257 carens

150 5287 413 5347 velamine
449 5288 651 5345 veteri.
690 5287 1003 5345 Conversus
1028 5288 1101 5344 ad
1125 5287 1435 5355 Dominum,
1470 5292 1611 5345 hanc
1657 5291 1739 5345 di-

151 5375 225 5433 a‘t
256 5379 644 5436 nam
669 5378 1111 5450 congregationis
1134 5377 1302 5435 Iacob
1317 5419 1332 5442 ,
1373 5394 1497 5450 qum
1540 5379 1738 5435 intelli-

151 5469 424 5538 gmdaest
443 5484 561 5526 non
586 5476 823 5536 terrena,
848 5469 1237 5538 sedemlestis;
1272 5483 1381 5525 non
1403 5470 1734 5540 temporalis,

150 5560 511 5618 sedatum.
544 5560 669 5615 ιρΕι
693 5561 821 5628 crit,
859 5560 1056 5631 inquit,
1083 5560 1151 5633 lin
1177 5561 1375 5618 dilecto
1403 5562 1671 5632 princeps.
1710 5580 1730 5614 ι

134 5638 270 5720 ipse
295 5655 495 5724 utique
532 5652 589 5708 in
618 5652 814 5708 dilecto
844 5653 1041 5723 populo
1065 5653 1170 5709 erit
1203 5654 1453 5723 princeps
1478 5653 1738 5709 Dominus

152 5738 731 5819 mcum-egetis
773 5744 1105 5816 principibus
1134 5743 1476 5817 populorum,
1528 5743 1585 5800 id
1629 5754 1731 5814 est,

1827 3283 1915 3340 ftis
1947 3298 2090 3350 suae,
2122 3282 2333 3338 exstitit
2370 3278 2570 3353 parvus
2592 3295 2834 3344 numero,
2872 3286 3083 3335 tantum
3112 3279 3221 3334 ﬁde
3250 3276 3422 3332 maxi-

1843 3389 1965 3431 mus
2003 3382 2057 3430 et
2090 3374 2358 3444 gloriosus
2398 3372 2516 3429 ﬁnit.
2560 3372 2715 3440 Quod
2752 3372 3020 3444 Propheta
3062 3386 3173 3427 non
3202 3366 3425 3425 maledi-

1844 3467 2019 3522 centis
2045 3476 2190 3532 voto,
2214 3464 2309 3521 sed
2334 3462 2570 3519 futuram
2587 3464 2769 3534 populi
2792 3463 2935 3519 illius
2953 3463 3251 3518 caecitatem
3282 3474 3420 3528 prte-

1844 3557 2053 3621 videns,
2082 3572 2205 3611 eum
2223 3557 2497 3612 sententia
2519 3556 2683 3609 divini
2706 3554 2899 3624 indicii"
2923 3550 3168 3623 pradicit
3197 3564 3219 3603 :
3248 3567 3269 3601 ς
3297 3547 3423 3605 Huc

1845 3654 1930 3704 est
1956 3644 2108 3702 Judse
2134 3646 2461 3700 benedictio.
2490 3644 2650 3709 Audi,
2683 3642 2931 3708 Domine,
2961 3653 3150 3696 vocem
3172 3635 3344 3702 Judte,
3366 3644 3423 3691 et

1826 3738 1915 3793 -ad
1956 3736 2213 3808 populum
2237 3750 2393 3791 suum
2418 3732 2671 3789 introduc
2704 3746 2847 3787 eum.
2885 3751 2904 3784 ι
2936 3730 3041 3785 Per
3079 3726 3291 3793 ludam,
3330 3725 3423 3797 qui

1845 3827 2239 3897 interpretatur
2257 3824 2549 3891 confessio,
2572 3822 2894 3879 universalis
2911 3819 3155 3877 Ecclesia
3179 3816 3425 3887 desim

1846 3927 1957 3985 tur,
1988 3919 2043 3972 in
2087 3930 2194 3987 qua
2223 3930 2371 3972 verre
2411 3916 2537 3972 ﬁdei
2572 3924 2628 3973 et
2655 3914 2829 3971 laudis
2873 3913 2971 3969 Dei
3020 3907 3287 3967 confessio
3317 3914 3419 3964 est.

1844 4009 2127 4067 Confessio
2169 4008 2316 4064 enim
2344 4008 2434 4062 hic
2461 4020 2561 4077 pro
2600 4005 2761 4062 laude
2798 4012 2853 4061 et
2880 4003 3178 4077 gratiarum
3208 3999 3424 4055 actione

1830 4102 2127 4173 accipitur,
2168 4100 2381 4157 dicente
2414 4109 2628 4155 matre:
2661 4117 2680 4151 ‹
2717 4096 2874 4154 Modo
2911 4094 3213 4153 conﬁtebor
3243 4091 3421 4149 Domi-

1843 4209 1934 4249 no.
1970 4213 1990 4245 ›
2015 4191 2106 4247 Ilia
2133 4206 2264 4263 ergo
2288 4200 2373 4246 est
2391 4204 2518 4245 vera
2546 4189 2746 4245 Christi
2765 4201 2961 4259 sponsa
2987 4184 3191 4256 qnaede
3208 4180 3421 4238 cunctis

1842 4286 2135 4341 virtutibus
2162 4284 2358 4354 quibus
2379 4283 2674 4337 adornatur
2700 4282 2756 4335 in
2785 4278 3035 4336 omnibus
3052 4318 3067 4344 ,
3101 4291 3208 4331 non
3239 4288 3299 4331 se
3327 4286 3426 4329 ex—

1843 4375 2004 4441 toilit,
2043 4374 2139 4430 sed
2168 4389 2367 4445 sponso
2389 4388 2488 4429 suo
2512 4371 2700 4428 laudes
2729 4379 2787 4426 ct
2808 4371 3012 4441 gratias
3041 4368 3167 4437 agit.
3189 4364 3297 4419 Pro
3319 4364 3424 4418 hac

1842 4464 2331 4537 Propheta‘exorat
2355 4470 2414 4518 ut
2442 4479 2550 4520 vox
2577 4460 2705 4517 ﬁdei
2730 4467 2785 4514 et
2809 4458 2984 4514 sancti
3019 4452 3275 4509 desiderii
3304 4450 3424 4520 eius

1844 4571 1877 4612 a
1904 4556 2133 4612 Domino
2161 4556 2514 4618 exaudiatur;
2549 4555 2618 4608 de
2632 4565 2739 4621 qua
2771 4548 2898 4603 alibi
2924 4545 3113 4601 eadem
3134 4542 3375 4612 loquitur
3402 4556 3416 4594 :

1848 4666 1871 4700 ‹
1912 4648 2058 4703 Voce
2096 4661 2219 4701 mea
2257 4645 2331 4700 ad
2368 4643 2657 4699 Dominum
2684 4637 2914 4695 clamavi
2940 4644 2994 4693 et
3020 4633 3296 4691 exaudivit
3334 4644 3423 4687 me

1844 4738 1911 4793 de
1937 4746 2121 4791 monte
2155 4746 2344 4791 sancto
2389 4751 2488 4791 suo
2518 4732 2691 4808 (Psat.
2731 4733 2838 4803 In).
2876 4749 2903 4785 ι
2928 4731 2996 4785 Et
3019 4737 3079 4783 ut
3103 4728 3172 4784 ad
3199 4737 3419 4798 aposte-

1841 4827 1954 4882 Ium
1980 4841 2140 4882 suum
2159 4830 2200 4894 ,1
2222 4825 2277 4880 id
2303 4833 2387 4882 est
2426 4827 2497 4881 ad
2522 4823 2887 4896 patriarchas,
2927 4829 2981 4877 et
3005 4817 3299 4892 prophetas
3321 4856 3334 4883 ,
3363 4824 3420 4872 et

1842 4917 2114 4988 apostolos
2138 4957 2153 4982 ,
2183 4932 2281 4989 per
2315 4932 2451 4989 quos
2484 4916 2542 4970 in
2569 4913 2784 4970 Christo
2812 4912 2991 4983 genita
3020 4917 3134 4976 est,
3166 4906 3416 4963 introdu-

1839 5014 1996 5062 catur
2022 5006 2078 5061 in
2102 5021 2326 5078 regnum
2352 5004 2592 5070 caeleste,
2623 5002 2842 5072 impleto
2868 5003 2972 5057 hoc
2997 4998 3140 5071 quod
3160 4996 3215 5051 in
3235 4994 3384 5048 Evan
3410 5028 3416 5034 -

1839 5099 1978 5170 gelio
1997 5099 2318 5170 pmdietum
2342 5105 2426 5153 est
2457 5114 2471 5150 :
2505 5114 2526 5148 ‹
2560 5095 2825 5165 Quoniam
2844 5091 2997 5149 multi
3023 5093 3090 5147 ab
3113 5087 3334 5144 Oriente
3357 5092 3417 5139 et

1840 5191 1908 5245 ab
1938 5189 2231 5246 Occidente
2254 5188 2494 5253 venient,
2525 5194 2581 5241 et
2607 5184 2922 5241 rccumbent
2961 5195 3085 5236 cum
3109 5176 3406 5241 Abraham,

1836 5279 1990 5337 lsaac
2017 5288 2071 5335 et
2097 5272 2264 5334 Iacob
2286 5279 2343 5334 in
2373 5293 2538 5349 regno
2575 5275 2841 5332 etclon
2862 5269 3074 5344 (Manli.
3109 5264 3250 5337 vni).
3281 5283 3304 5317 ι
3334 5263 3413 5319 De

1839 5376 1943 5430 hac
1984 5371 2380 5428 introductione
2426 5368 2572 5427 ﬁdeli
2611 5382 2771 5425 servo
2814 5363 3015 5421 dicitur
3051 5376 3066 5414 :
3114 5376 3137 5411 ε
3180 5356 3328 5414 Intra
3352 5354 3413 5412 in

1836 5467 2094 5541 gaudium
2115 5465 2327 5521 Domini
2348 5465 2443 5519 tui.
2480 5484 2500 5517 ι

1916 5576 1937 5610 ι
1968 5557 2156 5612 Manus
2190 5554 2304 5625 eius
2339 5554 2652 5626 pugnabunt
2680 5563 2780 5621 pro
2816 5562 2902 5612 eo,
2943 5552 2999 5600 et
3025 5542 3245 5615 adiutor
3268 5539 3410 5597 illius

1844 5670 1866 5705 ε
1908 5660 2097 5707 contra
2127 5649 2467 5706 adversarios
2496 5645 2612 5716 ejus
2632 5644 2753 5698 erit.
2791 5659 2810 5692 ι
2835 5638 3011 5710 Supra
3031 5636 3099 5693 ad
3121 5636 3408 5692 Dominum

1834 5760 2055 5819 precem
2092 5743 2340 5813 fuderat,
2386 5754 2531 5799 nunc
2562 5736 2667 5812 ipsi
2708 5732 2860 5794 Iudae
2890 5729 3108 5793 Domini
3149 5727 3409 5789 auxilium
