3976 6340
484 321 584 380 9M

1125 315 1188 372 B.
1230 315 1486 372 RABANI
1524 314 1746 372 MAURI
1783 307 2105 372 ARCHIEP.
2145 306 2461 370 MOGUNT.
2496 305 2786 366 OPERUM
2824 302 3005 363 PARS
3042 305 3086 362 l.

3640 307 3758 368 992

486 435 788 512 pollicetur.
847 429 966 486 Non
1021 442 1152 502 ergo
1199 439 1495 502 praesumat
1541 429 1709 486 Judas
1750 429 1816 485 de
1860 427 2067 484 viribus
2093 437 2148 499 Α
2171 426 2398 484 arbitrio
2426 425 2522 482 Dei
2560 425 2770 492 Patris,
2804 440 2898 496 qm
2924 424 3063 481 Filio
3087 437 3186 483 suo
3212 437 3322 481 non
3348 425 3619 497 pepercit,
3661 429 3759 486 sed

487 528 618 592 suis,
654 540 724 581 ne
769 525 888 595 ipsa
932 523 1167 580 elatione
1205 523 1367 578 cadat
1415 538 1600 579 coram
1643 521 1879 577 inimicis
1927 519 2060 586 suis,

485 619 630 673 sicut
653 614 724 670 de
751 613 998 686 superbis
1023 613 1286 684 scriptum
1311 621 1397 669 est
1428 627 1444 667 :
1483 631 1502 664 ε
1539 612 1758 683 Expulsi
1788 619 1932 678 sunt,
1962 623 2070 666 nec

486 713 782 780 potuerunt
805 712 953 761 stare
981 701 1156 777 (Psal.
1179 702 1379 777 xxxv);
1419 723 1440 758 ι
1470 705 1566 760 sed
1599 703 1657 758 in
1685 703 1827 759 illius
1855 713 2065 772 semper

488 799 689 854 virtute
715 797 952 854 eonlldat
987 797 1082 867 qui
1107 797 1184 852 ait
1210 814 1225 851 :
1263 813 1286 848 t
1317 796 1614 863 Conﬁdite,
1644 812 1742 869 ego
1771 796 1880 852 vici
1903 809 2066 852 mun-

491 893 624 952 dum
670 890 854 964 (Joau.
903 891 1039 962 xvi).
1071 909 1091 943 ι
1127 888 1297 962 Huius
1349 890 1496 946 enim
1537 901 1729 945 manus
1761 901 1866 962 pro
1901 901 1969 944 eo
2010 887 2068 943 in

491 985 676 1042 erucis
705 981 950 1055 patibulo
971 991 1158 1041 contra
1185 984 1458 1054 spiritales
1485 984 1759 1054 nequitias
1793 995 2078 1056 pugnave-v

492 1085 624 1133 rent
662 1079 724 1130 ut
768 1090 867 1146 per
909 1081 1138 1130 mortem
1177 1075 1485 1130 destrueret
1529 1089 1654 1130 eum
1698 1075 1792 1144 qui
1834 1075 2070 1130 habebat

494 1168 688 1224 mortis
728 1166 1051 1236 imperium;
1101 1173 1160 1221 et
1193 1175 1382 1223 contra
1415 1180 1608 1222 omnes
1636 1167 1974 1221 adversarios
2014 1173 2072 1222 et

495 1247 869 1327 persecutores
895 1257 947 1311 ei
990 1255 1204 1327 adiutor
1247 1257 1453 1321 existit,
1487 1263 1550 1310 ut
1577 1257 1769 1326 adepta
1800 1250 1874 1310 de'
1900 1255 2074 1310 hosti-

494 1349 598 1404 bus
637 1345 894 1413 vietoria',
937 1347 1174 1403 exsultet
1205 1355 1264 1401 et
1303 1348 1448 1403 dicat
1479 1366 1494 1401 :
1521 1363 1540 1398 ι
1578 1348 1646 1403 Et
1669 1363 1831 1418 super
1857 1345 2071 1403 excelsa

495 1451 616 1494 mea
656 1437 886 1492 deducet
913 1451 1001 1492 me
1027 1437 1202 1492 vietor
1235 1436 1288 1492 in
1318 1437 1542 1508 psalmis
1565 1446 1846 1495 canentem
1882 1438 2070 1510 (Abac.

497 1525 604 1596 ut).
635 1545 657 1578 ι
693 1525 762 1580 Et
793 1525 938 1580 aliud
971 1543 988 1580 :
1023 1543 1044 1577 ε
1075 1526 1320 1594 Domine,
1341 1532 1402 1583 ut
1423 1537 1578 1583 scuto
1601 1529 1756 1584 bonae
1777 1528 2074 1585 voluntatis

497 1617 899 1672 tum-coronasti
928 1632 1027 1672 nos
1053 1614 1224 1688 (Paul.
1249 1617 1325 1689 v).
1366 1639 1386 1672 ι
1416 1618 1536 1689 ipse
1565 1619 1708 1674 enim
1739 1619 1869 1674 vicit
1898 1619 1954 1673 in
1976 1632 2075 1672 no-

495 1708 606 1773 bis;
634 1717 689 1764 et
719 1723 817 1779 pro
840 1707 1070 1762 victoria
1095 1724 1192 1764 sua
1218 1724 1322 1764 nos
1341 1709 1400 1764 in
1427 1703 1800 1765 misericoi-dia
1825 1717 1880 1764 et
1905 1708 2074 1763 mise-

2163 535 2264 590 pro
2289 517 2448 574 nobis
2466 517 2716 573 omnibus
2735 517 2960 572 tradidit
2983 516 3156 582 illum,
3186 516 3352 574 morti
3379 517 3756 588 adiudicatus,

2162 609 2470 682 passionem
2517 607 2696 664 crucis
2719 607 2956 678 excepit.
2987 607 3141 666 Unde
3185 615 3244 665 et
3285 607 3460 680 iudici
3505 610 3762 681 suoipse

2164 699 2419 756 dicebat:
2458 715 2480 750 t
2524 697 2641 755 Non
2693 699 2926 755 haberes
2977 707 3301 769 potestatem
3333 701 3646 758 adversum
3673 715 3768 758 me

2163 789 2348 856 ullam,
2377 789 2483 845 nisi
2517 789 2616 845 tibi
2643 789 2772 844 data
2800 797 2950 846 esset
2971 791 3204 862 desuper
3223 789 3420 863 .(Jm.
3447 793 3596 864 xix).
3635 812 3664 846 ι
3695 793 3766 850 Et

2165 892 2295 939 nota
2339 885 2484 954 quod
2531 885 2624 954 qui
2653 883 2918 954 probatur
2961 893 3018 939 et
3059 885 3348 956 iudicatur
3377 885 3468 941 vir
3504 886 3608 950 sit,
3631 886 3762 956 quia

2167 976 2427 1032 Dominus
2469 974 2770 1045 maiestatis
2813 977 2932 1031 hac
2961 977 3154 1032 onmia
3187 979 3242 1032 in
3285 985 3425 1035 vera
3453 978 3768 1036 humilitate

2168 1067 2445 1133 sustinuit,
2477 1067 2586 1122 sed
2619 1066 2905 1122 divinitate
2935 1068 3283 1137 impassibilis
3309 1068 3522 1126 mansit
3571 1067 3768 1140 Segui-

2169 1165 2260 1212 tnr
2285 1157 2460 1212 adhuc
2483 1158 2551 1212 de
2575 1156 2910 1227 perfectione
2934 1158 3063 1213 Levi
3081 1159 3345 1229 spiritalis
3369 1178 3386 1216 :
3419 1178 3446 1216 ς
3483 1159 3598 1227 Qui
3617 1161 3767 1218 dixe-

2178 1265 2198 1302 t
2236 1255 2364 1303 runt
2391 1249 2530 1318 patri
2557 1263 2661 1304 suo
2690 1256 2748 1303 et
2769 1249 2931 1304 matri
2961 1263 3092 1314 suae,
3121 1249 3314 1306 Nescio
3341 1267 3474 1317 vos;
3495 1258 3560 1307 et
3593 1250 3770 1308 fluui-

2175 1356 2197 1391 ι
2231 1338 2333 1394 bus
2359 1337 2499 1403 suis,
2527 1337 2725 1408 Ignem
2763 1338 2906 1404 illos,
2963 1349 3019 1395 et
3068 1341 3382 1396 nescierunt
3422 1340 3768 1400 liliossnes:

2177 1446 2202 1484 ι
2221 1430 2294 1486 hi
2322 1430 2698 1490 custodierunt
2735 1431 3010 1500 eloquium
3039 1440 3227 1498 tuum,
3257 1441 3315 1488 et
3343 1443 3574 1502 pactum
3625 1443 3773 1503 ιμ-

2179 1537 2200 1574 ‹
2233 1530 2604 1577 servaverunt.
2632 1519 2842 1578 Iudicia
2871 1529 2982 1587 tua,
3019 1537 3058 1577 ο
3077 1521 3269 1588 Iacob,
3300 1532 3358 1579 et
3379 1523 3566 1595 legem
3599 1532 3775 1592 tuan,

2180 1628 2201 1664 ι
2237 1627 2271 1668 o
2308 1611 2493 1668 Israel.
2541 1631 2561 1665 ι
2609 1610 2734 1668 Haec
2780 1612 2926 1668 enim
2975 1614 3160 1668 omnia
3195 1615 3376 1669 sancti
3431 1615 3682 1685 apostoli
3725 1623 3779 1670 et

2175 1711 2448 1773 martyres
2474 1710 2529 1758 et
2569 1701 2800 1772 perfecti
2839 1705 3042 1774 quique
3086 1705 3476 1775 impleverunt,
3513 1708 3620 1776 qui
3651 1706 3776 1764 Idi

491 1796 798 1856 rationibus
849 1805 1093 1854 coronat.
1155 1815 1174 1850 ‹
1227 1799 1355 1854 Levi
1401 1813 1622 1869 quoque
1664 1800 1743 1854 ait
1769 1816 1781 1853 :
1811 1797 2076 1854 Perfectio
2179 1795 2434 1849 cedentes
2453 1793 2694 1858 aﬂ‘ectui,
2720 1803 2908 1864 patres
2935 1804 2990 1851 et
3015 1804 3242 1864 matres,
3281 1797 3500 1852 fratres
3519 1807 3588 1854 ot
3613 1797 3776 1865 ﬁliae,

497 1896 653 1950 ,e-tua
679 1895 736 1941 et
773 1885 1018 1944 doctrina
1037 1895 1136 1944 tua
1169 1889 1288 1944 viro
1316 1898 1506 1945 sancto
1529 1899 1641 1946 tuo.
1681 1910 1702 1944 ι
1735 1889 1913 1947 Choro
1949 1901 2079 1960 apo-

491 1975 713 2041 stolico,
737 1982 808 2032 et.
825 1975 1207 2034 universorum
1239 1989 1540 2051 martyrum
1574 1981 1872 2046 exercitui,
1899 1979 2076 2042 omnia

491 2078 606 2134 .que
636 2063 814 2120 ordini
841 2065 1206 2135 perfecturum
1230 2069 1334 2126 ista
1358 2070 1636 2138 dicuntur,
1667 2073 1764 2142 qui
1791 2071 2081 2142 perleetioé

498 2169 626 2212 nem
663 2155 950 2218 charitatis
983 2158 1279 2216 morientes
1307 2175 1406 2231 pro
1443 2161 1673 2217 Domino
1697 2163 2078 2232 impleverunt,

495 2253 556 2331 et
583 2247 1032 2310 abrenuntiantes
1053 2253 1306 2308 omnibus
1327 2253 1540 2309 culmen
1561 2255 1822 2311 doctrinae
1835 2271 2081 2328 evange-

489 2333 621 2404 lica
647 2339 883 2394 assecuti
905 2348 1064 2406 sunt,
1096 2348 1354 2410 tanquam
1380 2343 1495 2398 veri
1521 2343 1722 2400 Levita:
1744 2359 1850 2402 non
1879 2345 2082 2403 haben-

491 2435 588 2490 tes
626 2437 836 2498 partem
879 2430 933 2486 in
970 2441 1137 2496 terra,
1183 2432 1277 2488 sed
1313 2447 1439 2488 eum
1483 2433 1754 2505 Propheta
1795 2436 2077 2494 dicentes:

487 2535 530 2584 ,ι
561 2518 823 2578 Dominus
868 2515 996 2590 pars
1039 2521 1371 2580 hereditatis
1421 2540 1558 2581 mete
1603 2525 1778 2598 (Paal.
1814 2529 1940 2601 xv);
1979 2549 1998 2582 ι
2027 2539 2085 2588 et

486 2607 632 2678 :item
673 2625 688 2665 :
731 2628 753 2662 t
789 2609 971 2667 Portio
1007 2626 1152 2680 mea,
1193 2612 1440 2680 Domine,
1474 2616 1588 2672 dixi
1611 2619 1886 2674 custodire
1908 2620 2084 2692 legem

502 2705 652 2758 tuam
701 2701 902 2773 (Paul.
953 2702 1180 2774 cxvnt).
1245 2723 1264 2757 ι
1331 2703 1480 2762 Hanc
1533 2722 1664 2765 vero
1709 2710 2083 2768 admirabilem

481 2792 890 2868 yerfectionem
939 2794 1068 2852 Levi
1124 2797 1196 2854 ab
1249 2796 1340 2854 illo
1387 2799 1579 2857 didicit
1628 2809 1685 2858 et
1728 2804 1940 2875 accepit
1991 2804 2084 2876 qui

477 2949 480 2952 ,
495 2882 558 2952 ,in
589 2883 879 2956 Evangelio
899 2886 979 2942 ait
1011 2905 1025 2942 :
1065 2905 1084 2939 ι
1118 2886 1177 2944 Si
1202 2888 1325 2958 quis
1353 2889 1466 2946 vult
1492 2899 1614 2962 post
1643 2909 1730 2950 me
1752 2895 1963 2962 venire,
1989 2897 2084 2952 ab-

503 2981 668 3044 neget
697 2974 1043 3046 semetipsum
1067 2984 1123 3034 et
1158 2977 1310 3034 tollat
1348 2994 1566 3037 crucem
1593 2997 1770 3049 suam,
1799 2993 1858 3040 et
1883 2999 2085 3056 sequa-

489 3069 604 3132 tur
637 3077 728 3119 me
761 3063 919 3135 (Luc.
958 3067 1060 3140 Ix).
1117 3085 1137 3120 ι
1181 3068 1248 3124 Et
1281 3069 1477 3128 iterum
1522 3092 1536 3126 :
1587 3091 1608 3125 t
1655 3073 1757 3142 Qui
1787 3076 2088 3146 perdiderit

2133 1887 2142 1932 ε
2180 1886 2518 1956 propositum
2551 1899 2712 1942 suum
2737 1885 2998 1956 impedire
3028 1887 3306 1958 cupientes
3328 1889 3465 1959 quia
3495 1891 3782 1948 animoab

2181 1976 2262 2032 eis
2289 1975 2740 2045 disiunctiuerant,
2773 1979 2928 2048 quasi
2953 1977 3162 2035 alienos
3181 1985 3238 2035 et
3259 1987 3569 2038 extraneos
3592 1982 3783 2052 degreo

2179 2077 2417 2124 xerunt:
2451 2077 2616 2140 atque
2661 2069 2781 2126 ideo
2823 2081 2935 2138 pra:
2970 2069 3182 2126 cunctis
3223 2068 3486 2126 ﬁdelibus
3525 2071 3782 2140 specialis

2182 2159 2400 2214 virtutis
2435 2161 2720 2232 privilegio
2738 2201 2754 2227 ,
2783 2159 3059 2230 eloquium
3094 2170 3150 2218 et
3177 2169 3401 2232 paetum
3425 2162 3646 2218 Christi
3669 2178 3781 2220 aer-

2183 2263 2339 2305 vasse
2367 2258 2422 2304 et
2433 2249 2640 2320 iudicia
2667 2249 2949 2321 legemque
2977 2251 3096 2306 veri
3123 2249 3300 2307 Jacob
3327 2259 3385 2306 et
3409 2251 3582 2308 Israel
3604 2261 3786 2308 custo-

2181 2340 2347 2407 disse,
2374 2339 2681 2396 laudantur.
2705 2341 2944 2412 Populus
2955 2343 3152 2413 quippe
3175 2342 3585 2400 electusmerito
3607 2341 3786 2402 Iacob

2182 2439 2240 2488 et
2267 2431 2430 2487 Israel
2461 2431 2785 2502 appellatur,
2822 2431 2950 2502 quia
2973 2441 3030 2488 et
3057 2433 3115 2487 in
3149 2433 3256 2488 hoc
3292 2432 3496 2488 saeuiit)
3519 2433 3785 2504 supplan-

2183 2530 2420 2578 tatorum
2442 2523 2700 2579 vitiorum
2721 2533 2778 2579 et
2805 2523 2864 2578 in
2877 2522 3062 2580 futuro
3084 2525 3182 2579 Dei
3203 2525 3418 2582 visione
3441 2524 3779 2596 perit-leta.

2183 2610 2352 2684 Cuius
2384 2611 2589 2684 judicia
2617 2623 2678 2670 et
2702 2615 2788 2671 lex
2836 2603 3144 2686 specialiter
3169 2625 3450 2688 praecepta
3489 2616 3700 2676 Christi
3729 2625 3784 2673 σι

2183 2701 2432 2759 doctrina
2473 2705 2753 2778 Evangelii
2779 2715 2884 2764 est.
2937 2707 3030 2764 ille
3057 2709 3202 2765 scire
3245 2709 3422 2765 Deum
3452 2708 3778 2766 hmiliariu

2185 2795 2409 2866 appetit,
2437 2797 2528 2867 qui
2550 2813 2664 2868 pra:
2691 2813 2880 2856 amore
2903 2799 3125 2871 pietatis
3149 2798 3268 2868 eius
3293 2801 3522 2857 nescire
3555 2817 3618 2857 se
3639 2801 3782 2857 desi-

2171 2885 2342 2942 derat
2381 2901 2518 2957 quos
2562 2888 2856 2946 carnaliter
2903 2890 3082 2946 scivit.
3133 2889 3299 2946 Gravi
3345 2891 3564 2947 etenim
3597 2892 3783 2948 ω

2185 2977 2416 3033 scientia
2443 2979 2624 3036 divina
2651 2979 2946 3048 minuetur,
2989 2982 3037 3036 si
3065 2997 3192 3038 cum
3221 2982 3410 3038 carnis
3437 2982 3642 3038 notitia
3667 2997 3784 3054 par-

2172 3069 2340 3126 titur.
2374 3070 2541 3128 Extra
2578 3080 2840 3145 cognatos
2877 3085 3009 3144 ergo
3039 3073 3275 3144 quisque
3297 3087 3370 3129 ac
3387 3074 3678 3144 proximos
3697 3074 3786 3128 de-

503 3152 742 3226 animam
761 3169 916 3211 suam
943 3166 1167 3228 propter
1201 3174 1308 3228 me,
1345 3161 1400 3216 in
1435 3163 1604 3220 vitam
1636 3173 1895 3224 aeternam
1928 3168 2083 3225 inve-
2113 3155 2159 3221 C
2187 3165 2280 3220 bet
2301 3163 2418 3218 ﬁeri
2441 3202 2457 3229 ,
2489 3163 2536 3219 si
2555 3163 2671 3219 vult
2699 3163 2909 3235 parenti
2935 3165 3178 3220 omnium
3201 3164 3394 3221 verius
3417 3165 3582 3236 iungi
3611 3183 3626 3220 :
3655 3179 3784 3236 qua-

503 3243 619 3332 niet
644 3258 767 3300 eam
797 3243 980 3314 (Joan.
1007 3247 1128 3320 xtl).
1159 3268 1178 3301 ι
1210 3249 1331 3321 Ipse
1357 3262 1442 3308 est
1463 3255 1609 3311 enim
1635 3257 1720 3312 vir
1748 3267 1972 3316 sanctus
1989 3262 2085 3332 qui

664 3333 918 3396 universa
961 3335 1094 3392 fecit
1130 3349 1186 3395 et
1230 3342 1430 3411 docuit,
1473 3345 1614 3402 sicut
1653 3347 1996 3423 Evangelista
2012 3331 2091 3410 de

501 3422 602 3486 illo
629 3423 736 3482 ait:
765 3443 784 3478 ι
805 3425 934 3506 Quae
957 3429 1294 3500 cmpitJesus
1312 3433 1490 3492 facere
1505 3445 1562 3494 et
1577 3439 1790 3498 docere.
1813 3422 1834 3496 ἱ
1860 3442 2014 3501 Unde
2034 3454 2091 3502 et

506 3515 595 3570 vir
621 3525 845 3582 sanctus
877 3519 1048 3590 ipsius
1073 3520 1204 3578 Levi
1233 3523 1464 3594 dicitur,
1489 3536 1550 3584 ut
1575 3539 1703 3600 pote
1736 3533 1998 3605 singulari
2033 3543 2091 3592 et

506 3607 704 3666 divinae
735 3610 1010 3668 sanctitati
1030 3628 1102 3669 ex
1123 3615 1293 3672 nimio
1319 3631 1506 3674 amore
1533 3621 1846 3692 adhaeserit,
1869 3623 2089 3683 imitans

475 3697 662 3772 (illum
704 3715 878 3771 usque
923 3703 994 3758 ad
1042 3706 1357 3777 sanguinem
1396 3725 1496 3780 pro
1538 3713 1767 3770 veritate
1807 3717 2088 3774 certando.

508 3787 664 3848 Unde
692 3799 747 3848 et
785 3793 852 3848 de
895 3795 1148 3864 passione
1192 3795 1310 3866 ejus
1349 3813 1477 3857 mox
1519 3803 1812 3862 subditur:
1852 3824 1873 3860 ι
1915 3805 2089 3874 Quem

509 3899 533 3938 ι
559 3885 801 3952 probasti
819 3885 874 3941 in
896 3889 1217 3957 tentatione,
1242 3899 1297 3946 et
1312 3891 1570 3961 iudicasti
1591 3898 1661 3954 ad
1681 3913 1849 3969 aquas
1873 3909 2090 3957 contra.

479 3974 837 4062 .tllictionis.
885 3996 906 4034 ι
955 3978 1110 4047 Quod
1147 3983 1399 4040 videlicet
1446 4001 1546 4056 per
1595 3991 1980 4062 apostropham
2021 3993 2089 4049 ad

398 4065 411 4084 '
497 4060 725 4122 Patrem
751 4067 972 4124 dicitur.
1002 4087 1022 4122 t
1053 4071 1314 4130 Tentatns
1340 4083 1424 4132 est
1445 4078 1588 4134 enim
1615 4079 1718 4135 iste
1736 4060 2085 4149 vir—sanctus,

509 4163 573 4210 ut
590 4153 882 4224 Apostolus
899 4159 1004 4224 ait,
1033 4175 1132 4229 per
1151 4164 1333 4218 omnia
1363 4169 1658 4224 secundum
1681 4169 2088 4228 similitudinem

475 4248 736 4318 “escepto
763 4251 988 4310 peccato
1017 4244 1206 4316 (Hebr.
1238 4249 1337 4320 tv).
1385 4270 1404 4303 ›
1440 4252 1546 4306 Sed
1574 4256 1867 4310 maximam
1906 4264 2088 4310 tenta-

511 4328 713 4404 tionem
745 4340 801 4390 et
835 4340 962 4388 tunc
990 4334 1234 4393 diabolus
1269 4339 1469 4405 intulit,
1509 4357 1633 4397 cum
1667 4345 1725 4398 in
1750 4343 1868 4412 eius
1897 4361 2087 4406 necem

2187 3263 2348 3311 tenus
2387 3255 2605 3312 eosdem
2641 3270 2778 3326 quos
2811 3263 3034 3327 propter
3081 3254 3254 3312 Deum
3297 3255 3518 3312 utiliter
3543 3255 3784 3327 negligit,

2188 3353 2342 3402 tanto
2369 3345 2594 3401 solidius
2624 3346 2831 3418 diligat,
2861 3357 3064 3418 quanto
3100 3350 3160 3406 in
3183 3349 3266 3406 eis
3301 3349 3564 3408 electum
3583 3350 3780 3406 ualebi-

2187 3434 2298 3492 lem
2345 3437 2549 3508 copulae
2593 3441 2832 3498 carnalis
2875 3443 3113 3514 ignorat.
3157 3445 3432 3503 Debemus
3465 3448 3696 3518 quidem
3733 3454 3786 3504 et

2188 3531 2562 3601 temporaliter
2589 3533 2676 3590 his
2699 3535 2898 3604 quibus
2933 3537 3166 3594 vicinius
3201 3537 3488 3610 iungimur
3517 3538 3652 3609 plus
3685 3549 3786 3594 ca-

2189 3623 2323 3678 teris
2349 3625 2630 3694 prodesse,
2659 3626 2788 3697 quia
2813 3635 2871 3681 et
2896 3627 3117 3684 ﬂamma
3145 3629 3373 3685 admotis
3395 3629 3784 3685 rebusineen-

2188 3711 2340 3768 dium
2367 3714 2619 3787 porrigit,
2657 3715 2750 3772 sed
2775 3716 2878 3773 hoc
2903 3717 3082 3788 ipsum
3109 3718 3248 3788 prius
3275 3717 3364 3771 ubi
3393 3718 3656 3772 nascitur
3693 3719 3786 3772 in-

2189 3806 2389 3862 cendit.
2417 3806 2688 3863 Debemus
2711 3809 2960 3880 copulam
2985 3817 3209 3874 terrenae
3230 3809 3582 3880 cognationis
3605 3823 3782 3880 agnae

2187 3907 2362 3962 scere,
2390 3895 2487 3951 sed
2509 3904 2690 3953 tamen
2725 3897 2891 3966 hanc,
2931 3916 3057 3958 cum
3087 3915 3306 3958 cursum
3331 3902 3538 3959 mentis
3567 3917 3777 3975 praepe-

2188 3987 2292 4056 dit,
2346 3989 2644 4061 ignorare:
2676 4000 2946 4063 quatenus
2996 3993 3171 4052 ﬁdelis
3217 3995 3432 4051 animus
3485 3995 3546 4051 in
3597 3995 3776 4049 tﬁvino

2188 4081 2366 4136 studio
2389 4095 2670 4149 accensus,
2701 4101 2802 4142 nec
2823 4101 2892 4142 ea
2919 4102 3039 4157 quae
3061 4088 3166 4143 sibi
3197 4097 3321 4144 sunt
3350 4088 3408 4143 in
3426 4086 3624 4144 inﬂaris
3639 4101 3774 4142 eou—

2182 4174 2374 4246 iuucta
2403 4176 2700 4248 despiciat,
2731 4188 2786 4236 et
2814 4181 2930 4238 haec
2957 4183 3098 4253 apud
3124 4183 3480 4254 semetipsum
3515 4190 3664 4238 recte
3685 4195 3776 4236 or-

2171 4267 2397 4334 dinans,
2429 4283 2643 4326 summo
2661 4283 2784 4325 cum
2808 4285 2996 4327 amore
3020 4273 3394 4329 transcendat.
3427 4272 3626 4328 Solerti
3643 4285 3770 4342 ergo

2188 4375 2318 4416 cura
2337 4360 2663 4416 studendum
2687 4370 2771 4417 est
2795 4377 2866 4418 ne
2887 4363 3071 4420 carnis
3093 4363 3268 4434 gratia
3295 4365 3584 4434 subrepat,
3611 4371 3768 4433 atque

506 4420 814 4494 Judteornm
865 4426 1076 4488 animas
1115 4437 1265 4488 tanta
1297 4431 1658 4492 obstinatione
1700 4436 1980 4504 excitavit,
2027 4446 2087 4494 ut
2112 4501 2164 4527 ῃ
2189 4463 2220 4505 α
2241 4446 2389 4508 νέοιο
2414 4450 2608 4509 itinere
2645 4452 2824 4508 cordis
2844 4420 3124 4524 gressum:
3149 4454 3423 4522 deﬂectat,
3451 4420 3540 4510 ire
3565 4420 3764 4511 sui...
3831 4525 3836 4527 _

505 4530 697 4612 omnes
725 4534 1001 4618 "nime
1027 4522 1303 4618 dicereut;
1337 4541 1357 4574 ι
1376 4523 1625 4618 Sanguis
1649 4523 1766 4618 eius
1793 4501 2086 4599 supernos
2109 4501 2164 4562 Β
2191 4501 2704 4612 ;.;,;.;.I;.i”;.;.}.};;'
2731 4501 3033 4616 impzdia't"
3052 4501 3114 4602 et,
3159 4501 3477 4618 surgentem
3535 4554 3767 4602 mentea

505 4607 564 4662 et
591 4621 751 4676 super
787 4608 930 4666 ﬁlios
963 4619 1176 4670 nostros
1204 4611 1419 4686 (Matth.
1444 4616 1635 4688 xxvii).
1655 4637 1675 4671 ι
1704 4617 2087 4676 Consummata

508 4693 706 4781 quippe
732 4699 882 4753 omni
903 4703 1202 4758 tentatione
1229 4719 1390 4774 quam
1421 4714 1546 4776 post
1561 4705 1830 4776 jejunium
1851 4710 2088 4781 quadra-

507 4779 658 4851 ginta
720 4785 928 4841 dierum
977 4792 1238 4860 protulit,
1292 4793 1433 4850 sicut
1483 4797 1814 4869 evangelista
1866 4779 2082 4866 scribit,

515 4888 536 4924 ι
564 4872 812 4932 discessit
841 4878 910 4932 ab
938 4893 1004 4934 eo
1027 4882 1270 4938 diabolus
1295 4884 1363 4940 ad
1390 4893 1601 4957 tempus
1629 4887 1782 4958 (Luc.
1809 4889 1907 4961 tv).
1947 4910 1969 4943 ι
1999 4891 2085 4946 ln-

509 4972 686 5020 stante
733 4974 914 5022 autem
957 4973 1228 5040 passione,
1270 4974 1517 5032 Christus
1560 4977 1817 5036 Dominus
1857 4989 1912 5036 et
1943 4982 2083 5038 illius

507 5054 881 5116 imminentem
925 5063 1300 5132 tentationem,
1351 5076 1405 5124 et
1442 5083 1595 5123 suam
1645 5071 2082 5140 probatissimam

508 5146 852 5208 dilectionem
874 5159 1037 5222 atque
1057 5153 1415 5212 obedientiam
1435 5174 1730 5230 exponens,
1746 5160 1850 5216 ait:
1872 5179 1892 5214 ι
1922 5161 2084 5219 Venit

507 5243 654 5300 enim
697 5243 951 5315 princeps
985 5245 1147 5316 huius
1182 5251 1397 5317 mundi,
1446 5260 1503 5308 et
1541 5253 1596 5308 in
1644 5269 1734 5310 me
1779 5270 1888 5310 non
1920 5256 2084 5312 habet

508 5333 819 5404 quidquam.
849 5335 957 5392 Sed
987 5346 1047 5392 ut
1069 5349 1358 5408 cognoscat
1378 5343 1608 5399 mundus
1633 5346 1761 5415 quia
1784 5345 1949 5419 diligo
1979 5348 2082 5404 Pa-

511 5431 671 5489 trem,
688 5432 742 5479 et
767 5425 908 5483 sicut
929 5427 1240 5484 mandatum
1264 5428 1410 5484 dedit
1437 5431 1569 5488 mihi
1603 5434 1785 5503 Pater,
1817 5438 1896 5494 sic
1914 5437 2076 5495 facio.

510 5512 745 5586 Surgite,
767 5532 956 5574 eamus
981 5520 1106 5575 hinc
1131 5519 1312 5594 (Joan.
1342 5521 1504 5594 an)»
1532 5526 1598 5579 Et
1617 5530 1852 5585 surrexit
1870 5532 1936 5586 ad
1958 5548 2082 5601 pas-

509 5606 712 5672 sionem
733 5649 748 5674 ,
786 5611 838 5664 in
873 5627 979 5681 qua
1008 5615 1492 5670 contradicentium
1527 5619 1712 5676 turbas
1738 5624 2078 5693 populorum,

503 5700 662 5773 quasi
691 5715 953 5774 aquarum
988 5703 1364 5766 inundantium
1392 5709 1668 5784 impetum,
1703 5715 1992 5790 toleravit;
2026 5728 2082 5778 et

2189 4635 2604 4705 superimposito
2642 4635 2882 4705 pondere
2929 4638 3182 4694 deorsum
3210 4645 3456 4709 'premat.
3509 4637 3606 4694 Sic
3629 4637 3767 4693 enin

2187 4725 2416 4796 quisque
2438 4726 2867 4798 propinquorum
2895 4726 3058 4784 debet
3092 4728 3512 4785 necessitatibus
3539 4729 3768 4799 computi

2187 4825 2248 4872 ut
2283 4826 2462 4874 tamen
2488 4833 2588 4888 per
2621 4820 3052 4889 compassionem
3081 4835 3192 4876 non
3217 4820 3360 4876 sinat
3397 4821 3514 4876 vim
3541 4833 3658 4876 sua:
3691 4820 3770 4875 in-

2186 4908 2440 4962 tentionis
2467 4908 2751 4978 impedire,
2773 4918 2834 4965 ut
2855 4909 3080 4968 allectus
3097 4912 3320 4983 quidem
3341 4913 3548 4969 mentis
3563 4913 3770 4968 viscera

2185 4997 2408 5067 repleat,
2439 5000 2534 5055 sed
2557 5007 2742 5056 tamen
2775 5017 2806 5056 a
2838 5002 3065 5074 spiritali
3088 5004 3370 5075 proposito
3397 5019 3511 5062 non
3537 5011 3768 5061 avertit.

2183 5085 2367 5157 Neque
2408 5089 2554 5145 enim
2593 5093 2768 5148 sancti
2807 5093 2909 5149 viri
2956 5095 3024 5150 ad
3053 5094 3416 5166 impendenda
3459 5096 3772 5154 necessaria

2181 5178 2511 5249 propinquos
2551 5182 2734 5238 carnis
2770 5199 2878 5239 non
2917 5183 3165 5257 diligunt,
3206 5187 3304 5244 sed
3336 5203 3528 5245 amore
3553 5189 3776 5258 spirita-

2183 5265 2313 5322 lium
2355 5269 2527 5340 ipsam
2557 5272 2613 5328 in
2641 5287 2702 5328 se
2739 5274 3082 5332 dilectionem
3117 5277 3362 5345 vincunt,
3391 5289 3670 5350 quartanas
3695 5280 3776 5336 sic

2183 5372 2303 5414 eam
2323 5358 2666 5418 discretionis
2686 5366 3055 5424 moderamine
3079 5375 3381 5441 temperent
3403 5378 3466 5426 ut
3493 5387 3598 5443 per
3628 5373 3776 5430 hanc

2180 5447 2236 5503 in
2263 5464 2431 5520 parvo
2457 5451 2646 5509 saltem
2685 5469 2749 5512 ac
2776 5457 3000 5515 minimo
3026 5474 3069 5515 vt
3107 5469 3260 5518 meto
3293 5461 3490 5517 itinere
3515 5475 3633 5517 non
3673 5462 3775 5518 th-

2180 5540 2400 5598 clinent.
2431 5544 2582 5612 Quos
2611 5548 2750 5604 bene
2785 5551 2940 5608 nobis
2965 5567 3066 5622 per
3103 5553 3556 5626 signiﬁcationem
3585 5567 3773 5609 vaec:

2181 5634 2428 5702 innuunt,
2452 5653 2572 5707 quin
2594 5643 2696 5698 sub
2717 5658 2844 5700 arca
2869 5647 3078 5703 Domini
3094 5649 3162 5704 ad
3185 5659 3440 5705 montana
3455 5648 3774 5710 tendum.

2181 5723 2377 5785 allecto
2417 5727 2578 5786 simul
2620 5739 2676 5789 et
2707 5736 2882 5808 rigido
2927 5754 3091 5796 sensu
3135 5741 3474 5814 gradiuntur.
3519 5739 3774 5808 0W
