3930 6344
159 407 255 469 995

925 386 1326 448 ENARRATIO
1364 388 1592 447 SUPER
1629 385 2250 446 DEUTERONOMIUM.
2286 415 2357 428 —
2392 384 2521 443 LIB.
2563 384 2645 443 IV.

3290 392 3411 461 994,

159 534 274 589 dum
301 521 501 580 vitulos
533 515 857 577 clausissent
884 514 1066 578 domi,
1093 521 1153 567 ut
1178 511 1437 581 scriptum
1470 519 1574 573 est,
1597 524 1721 578 per-
1746 508 1799 570 Α
1830 523 1849 556 ι
1887 505 2011 561 min’
2045 507 2123 561 ait
2162 524 2178 561 :
2214 505 2635 561 Amantissimus
2693 503 2904 561 Domini
2963 504 3227 563 habitabit
3273 486 3413 567 con?

158 626 333 694 gentes
356 623 413 670 et
434 611 760 681 mugientes,
784 608 976 663 dantes
997 604 1215 675 quidem
1240 604 1309 657 ab
1334 602 1539 657 intimis
1557 600 1725 671 mugi-

87 703 101 743 ’
159 691 312 775 tibus,
365 704 459 760 sed
502 711 687 757 tamen
724 704 946 768 accepto
982 695 1174 774 itinere
1224 708 1332 750 non
1384 691 1725 747 deﬁectentes

158 811 384 874 gressus.
430 811 451 846 ι
478 792 690 849 Ponent
717 786 1016 861 thymiama
1044 786 1101 842 in
1132 783 1317 840 furore
1356 792 1471 848 tuo,
1497 790 1552 836 et
1574 781 1728 838 holo-

156 872 395 949 caustum
417 899 579 956 super
605 883 777 940 altare
797 889 971 936 tuum.
1007 898 1029 933 ι
1072 876 1229 933 Sicut
1257 876 1440 931 Aaron
1470 872 1729 931 historia-

154 982 273 1040 liter
298 980 358 1036 in
408 977 548 1034 libro
596 974 958 1031 Numerorum
986 969 1195 1047 fecisse
1245 967 1443 1040 legitur
1462 1008 1478 1033 ,
1514 964 1730 1036 quando

154 1081 370 1151 propter
411 1069 729 1127 seditionem
774 1065 975 1123 factam
1010 1063 1069 1119 in
1094 1061 1292 1134 populo
1317 1068 1542 1132 propter
1567 1058 1726 1126 Core,

154 1165 442 1220 Dathanet
464 1159 689 1226 Abiron,
718 1172 946 1214 currens
970 1154 1040 1211 ad
1068 1154 1305 1210 mediam
1333 1152 1731 1208 multitudinem

154 1271 310 1327 quam
334 1254 451 1325 jam
470 1249 719 1307 vastabat
742 1245 1293 1313 incendium,fobtulit
1317 1245 1647 1317 thymiama;
1676 1250 1733 1299 et

154 1356 300 1407 stans
338 1346 483 1402 inter
514 1352 757 1400 mortuos
794 1357 859 1397 ac
881 1341 1151 1405 viventes,
1189 1353 1291 1409 pro
1322 1336 1519 1408 populo
1543 1336 1733 1407 depre-

154 1443 309 1497 catus~
331 1443 437 1502 est,
476 1441 541 1490 et
573 1433 731 1503 plaga
760 1429 1013 1487 cessavit.
1056 1427 1249 1493 Aliter,
1296 1442 1395 1497 per
1421 1433 1734 1482 sanctorum

154 1523 443 1587 orationes,
470 1522 615 1592 quod
646 1528 733 1576 est
760 1520 1041 1575 incensum
1068 1516 1451 1572 suavissimum
1481 1515 1731 1582 Domino,

153 1614 389 1670 vindicta
416 1611 562 1682 juste
602 1610 895 1667 imminens
930 1607 1131 1681 populo
1163 1608 1409 1678 peccanti
1437 1606 1732 1677 mitigatur.

153 1707 273 1775 Quo
306 1707 453 1762 enim
477 1704 667 1775 {utrius
702 1702 891 1757 talium
924 1716 1078 1758 mens
1102 1699 1251 1756 omni
1278 1708 1509 1756 terrena:
1529 1696 1738 1769 cupidi-

153 1798 287 1855 tatis
304 1803 563 1855 contactu
599 1794 866 1851 deftecata
891 1800 979 1850 est
1003 1800 1061 1848 et
1096 1791 1226 1849 solis
1249 1790 1491 1848 caelestis
1528 1789 1737 1847 deside-

1832 614 1852 650 t
1880 596 2110 653 ﬁdenter
2135 597 2188 650 in
2214 611 2299 651 eo.
2337 615 2357 648 ι
2390 596 2612 666 Legitur
2651 594 2798 650 enim
2842 596 2897 649 in
2945 596 3217 655 Geneseos
3265 600 3418 657 libro.

1824 688 2023 745 dixisse
2078 686 2273 744 Judam
2334 688 2400 743 ad
2458 687 2657 758 Joseph
2704 687 2762 743 in
2822 686 3063 761 Egypto
3103 692 3170 746 de
3211 691 3406 764 Benja~

1827 778 1941 833 min
1973 796 1986 835 :
2016 777 2180 833 Pater
2231 787 2419 836 tenere
2463 778 2638 848 diligit
2671 792 2816 834 eum.
2848 778 3018 850 igitur
3058 782 3104 837 si
3132 783 3409 840 intravero

1826 870 1894 925 ad
1938 885 2157 927 servum
2196 879 2348 929 tuum
2389 879 2598 940 patrem
2626 880 2894 938 nostrum,
2932 880 2988 928 et
3013 873 3103 929 ille
3150 874 3405 945 defuerit,

1825 977 1951 1018 cum
1975 962 2158 1019 anima
2202 961 2348 1018 illius
2374 977 2441 1018 ex
2473 960 2633 1030 hujus
2672 962 2852 1018 anima
2884 964 3133 1033 pendeat,
3180 966 3409 1022 viderit-

1827 1070 1934 1125 que
1985 1069 2111 1111 eum
2156 1068 2267 1110 non
2307 1069 2430 1111 esse
2473 1054 2755 1109 nobiscum
2774 1093 2789 1121 ,
2846 1056 3127 1111 morietur.
3182 1057 3411 1113 Videtur

1826 1145 2044 1216 quidem
2071 1147 2367 1202 secundum
2390 1145 2679 1202 historiam
2708 1154 2929 1218 tangere
2958 1149 3099 1217 quod
3123 1147 3408 1219 Benjamin

1827 1250 1862 1293 a
1884 1237 2195 1306 patriarcha
2214 1236 2377 1293 simul
2409 1244 2463 1293 et
2494 1237 2759 1308 propheta
2782 1238 2975 1309 spiritu
2998 1238 3095 1295 Dei
3122 1239 3306 1308 pleno,
3334 1241 3412 1297 νίς

1837 1326 2033 1383 delicet
2056 1335 2212 1398 patre
2237 1342 2338 1384 suo
2364 1326 2550 1394 Jacob,
2572 1336 2882 1395 amaretur;
2924 1335 2980 1385 et
3004 1328 3149 1400 quod
3174 1344 3274 1399 per
3298 1332 3412 1388 dis-

1832 1420 2210 1491 pensationem
2262 1420 2359 1476 Dei
2411 1420 2561 1477 locus
2619 1420 2709 1477 ille
2728 1458 2747 1486 ,
2805 1422 2863 1477 in
2914 1436 3023 1493 quo
3072 1421 3252 1479 cultus
3300 1424 3418 1493 ejus

1832 1509 2069 1565 maxime
2109 1509 2324 1566 futurus
2363 1519 2499 1577 erat,
2532 1510 2699 1567 tribui
2726 1509 2972 1581 ejusdem
3001 1512 3410 1579 decerneretur,

1831 1600 1940 1658 hoc
1965 1608 2053 1657 est
2084 1598 2411 1669 Jerusalem,
2440 1602 2824 1675 ubitemplum
2861 1610 2921 1659 et
2953 1602 3129 1659 altare
3162 1604 3263 1661 Dei
3290 1620 3422 1660 conc

1833 1693 2165 1750 struebatur.
2192 1694 2373 1766 Atque
2400 1695 2525 1753 ideo
2553 1694 2896 1767 subjungitur
2922 1712 2941 1753 ε
2977 1713 2998 1749 ι
3028 1696 3196 1764 Quasi
3218 1698 3273 1753 in
3300 1698 3421 1753 tha-

1835 1786 1978 1843 lamo
2003 1794 2118 1844 tota
2145 1786 2235 1844 die
2264 1788 2583 1845 morabitur.
2643 1807 2662 1843 ι
2712 1787 2850 1857 Quia
2887 1787 3189 1847 Jerusalem
3215 1789 3320 1847 fuit
3354 1804 3423 1848 eo

148 1891 251 1947 riis
277 1890 468 1961 ignita,
498 1902 564 1944 eo
605 1884 877 1943 efﬁcacius
904 1898 1095 1940 eorum
1128 1883 1305 1938 oratio
1332 1882 1473 1938 iram
1500 1880 1598 1937 Dei
1630 1878 1735 1935 mi-
1760 1870 1808 1932 B
1835 1886 2077 1950 tempore
2106 1880 2257 1937 locus
2279 1894 2443 1951 quem
2468 1880 2629 1952 elegit
2651 1881 2912 1938 Dominus
2938 1890 3001 1939 ut
3033 1891 3181 1940 esset.
3220 1897 3420 1941 nomen

144 1984 287 2055 tigat
312 1998 334 2037 ‘:
365 1995 489 2051 quae
528 1992 681 2034 more
708 1975 1080 2048 thymiamatis
1105 1973 1164 2030 in
1190 1981 1480 2045 conspectu
1508 1970 1606 2027 Dei
1639 1968 1739 2026 αδ»

143 2083 299 2147 grat,
351 2080 407 2129 et
459 2071 631 2126 instar
675 2066 1017 2124 mundissimi
1062 2065 1381 2132 holocausti,
1417 2064 1487 2120 ab
1530 2078 1626 2117 ara
1663 2062 1739 2132 pii

142 2162 337 2219 cordis
375 2159 596 2215 ﬂamma
634 2165 835 2214 sanctae
869 2156 1172 2212 devotionis
1218 2155 1275 2211 in
1308 2154 1505 2210 coelum
1539 2152 1739 2208 subvo-

143 2251 245 2309 lat.
277 2250 397 2305 Hoc
421 2256 604 2304 autem
630 2247 901 2317 pmcipue
931 2245 1135 2301 sanctis
1166 2243 1424 2315 apostolis
1449 2250 1507 2298 et
1529 2249 1737 2312 marty-

146 2343 309 2399 ribus
329 2339 604 2409 congruit,
631 2351 863 2406 quorum
892 2333 1229 2390 orationibus
1250 2346 1393 2403 sape
1416 2332 1743 2402 propitiatur

152 2431 305 2488 Deus
339 2427 578 2499 peccatis
604 2425 789 2496 populi
816 2424 939 2489 sui;
979 2423 1179 2493 quique
1219 2422 1539 2491 semetipsos
1581 2434 1744 2490 super

151 2523 330 2577 altare
354 2519 475 2585 Dei,
501 2518 680 2582 idest,
702 2530 804 2587 pro
829 2514 935 2570 ﬁde
953 2512 1176 2579 Christi,
1204 2521 1350 2569 totos
1371 2512 1743 2568 holocaustum

140 2608 751 2667 .Dominoobtuierunt.
802 2603 957 2661 Unde
989 2611 1046 2659 et
1080 2604 1149 2659 de
1177 2604 1308 2674 ipsis
1334 2602 1623 2674 Scriptura
1662 2601 1746 2658 dir

148 2703 276 2759 citi:
304 2721 341 2755 νε
381 2702 663 2772 Tanquam
692 2715 885 2756 aurum
913 2700 970 2755 in
997 2698 1218 2756 fornace
1244 2698 1497 2769 probavit
1520 2697 1665 2763 illos,
1688 2703 1748 2752 et

144 2794 297 2851 sicut
332 2793 633 2850 holocausti
660 2792 1139 2861 hostiamJaccepit
1173 2790 1295 2846 illos
1331 2788 1482 2860 (Sap.
1521 2787 1687 2860 xm).
1718 2806 1741 2842 ι

148 2886 633 2943 Εῑιιὰιθιιιιιιετθ
677 2885 773 2953 Dei
812 2884 921 2940 sub
947 2897 1056 2953 quo
1100 2881 1310 2937 animas
1341 2878 1749 2936 interfectorum

136 2986 383 3051 ‘pmpter
404 2978 646 3033 verum
672 2954 783 3031 Dei
817 2983 875 3031 et
904 2972 1282 3029 testimonium
1315 2968 1465 3036 Jesu,
1510 2966 1749 3024 Joannes

151 3070 463 3128 clamantes
503 3071 559 3125 in
585 3069 917 3141 Apocalypsi»
948 3067 1091 3123 vidit
1117 3065 1270 3138 (Cap.
1301 3064 1403 3135 vi),
1446 3063 1513 3119 de
1532 3106 1535 3107 ν
1554 3063 1749 3133 quibus

1838 1968 1957 2039 ejus
2006 1970 2104 2027 ibi.
2154 1969 2452 2043 Allegorice
2490 1980 2674 2028 autem
2725 1971 2987 2030 Dominus
3040 1981 3231 2031 noster
3267 1973 3425 2032 Iesus

1836 2058 2085 2115 Christus
2123 2059 2238 2130 ipse
2281 2061 2684 2117 amantissimus
2727 2070 2807 2116 est
2834 2063 2929 2117 Dei
2962 2062 3155 2129 Patris,
3204 2063 3271 2119 de
3314 2079 3424 2135 quo

1840 2150 2024 2207 dixit:
2057 2170 2079 2203 ι
2121 2150 2222 2207 llic
2265 2161 2350 2209 est
2376 2152 2549 2208 Filius
2573 2167 2729 2210 meus
2755 2154 3006 2222 dilectus,
3047 2156 3103 2210 in
3149 2170 3257 2226 quo
3286 2157 3421 2213 mihi

1839 2241 1981 2297 bene
2001 2241 2305 2312 complacui
2357 2242 2579 2315 (Matth.
2602 2244 2708 2317 tn).
2740 2264 2762 2297 ι
2811 2244 2911 2302 Hic
2947 2246 3001 2300 in
3030 2246 3228 2302 virtute
3250 2246 3430 2304 Patris

1842 2339 2048 2398 manet,
2087 2332 2217 2401 quia
2243 2332 2300 2387 in
2330 2334 2551 2388 dextera
2588 2335 2809 2391 virtutis
2850 2336 3022 2404 sedet,
3055 2344 3112 2391 et
3152 2345 3344 2408 regnat
3371 2337 3428 2393 in

1846 2426 2097 2483 excelsis.
2141 2426 2248 2483 Sed
2274 2435 2329 2482 et
2352 2428 2421 2484 de
2450 2429 2788 2485 humanitate
2826 2431 2943 2501 ejus
2978 2432 3200 2504 intelligi
3227 2432 3431 2505 potest,

1841 2518 1973 2588 quia
2003 2518 2057 2573 in
2089 2533 2154 2573 ea
2202 2518 2461 2574 divinitas
2486 2520 2698 2576 habitat
2718 2519 3094 2589 'conﬁdenter,
3130 2537 3294 2593 quam
3332 2522 3435 2579 sibi

1842 2608 2127 2679 conjunxit
2155 2610 2211 2664 in
2236 2611 2442 2666 unitate
2466 2627 2731 2682 personat.
2755 2612 2908 2680 Quod
2932 2623 3113 2670 autem
3139 2615 3293 2679 dicit,
3323 2632 3343 2666 ι
3379 2614 3434 2671 in

1840 2701 2090 2757 thalamo
2108 2702 2427 2767 imm-alitur,
2474 2711 2533 2757 et
2569 2703 2710 2759 inter
2749 2704 3006 2761 humeros
3045 2706 3192 2762 illius
3220 2706 3433 2775 requie-

1846 2802 1991 2859 scet,
2011 2813 2032 2848 ι
2046 2794 2321 2864 signiﬁcat
2340 2795 2485 2865 quod
2500 2796 2562 2851 in
2573 2805 2730 2853 utero
2743 2797 2971 2868 virginis
2988 2798 3223 2855 caelestis
3236 2808 3437 2869 sponso

1849 2886 2145 2956 conjuncta
2170 2896 2255 2944 est
2276 2888 2551 2957 Ecclesia,
2584 2906 2707 2961 quze
2740 2890 2797 2945 in
2833 2889 3157 2948 fortitudine
3182 2888 3440 2963 potentia;

1855 2978 2057 3036 Christi
2101 2988 2155 3034 et
2192 2980 2259 3035 in
2295 2981 2552 3050 operibus
2601 2982 2717 3053 ejus
2748 2982 3048 3037 maximam
3090 2968 3343 3038 ﬁduciam
3376 2984 3442 3037 ac

1842 3072 2104 3143 requiem
2133 3075 2332 3129 mentis
2360 3075 2549 3130 habet.
2574 3074 2746 3130 Aliter
2774 3074 3223 3150 :perBenjamin,
3250 3071 3344 3144 qui
3372 3066 3441 3129 ex

153 3164 415 3221 subditur
450 3179 464 3217 =
513 3180 532 3213 ε
578 3161 833 3227 Benedic,
860 3158 1130 3214 Βοωὶηθο
1170 3154 1475 3213 1'Ol'tillldini
1503 3154 1620 3224 eius
1650 3170 1666 3208 ε
1696 3161 1753 3208 et
1794 3228 1822 3231 _
1852 3163 1965 3219 ﬁlio
1976 3164 2178 3219 doloris
2198 3164 2253 3219 in
2269 3163 2437 3219 ﬁlium
2457 3164 2900 3222 dexteraeversus
2919 3166 3228 3231 est,beatus
3241 3162 3443 3220 Paulus

158 3271 180 3307 ι
210 3268 389 3325 opera
422 3242 681 3307 manuum
711 3250 856 3305 illius
882 3248 1118 3318 suscipe.
1154 3264 1176 3300 ι
1204 3244 1530 3301 Fortitudini
1555 3244 1752 3314 quippe

1856 3254 2191 3326 designatur,
2226 3255 2319 3325 qui
2350 3255 2416 3311 de
2442 3256 2791 3326 persecutore
2815 3255 2869 3311 in
2897 3228 3196 3328 apostolum
3217 3258 3443 3324 repente

154 3352 482 3401 sanctorum
499 3350 801 3413 martyrum
822 3338 1178 3401 benedicitur,
1196 3351 1319 3392 cun
1341 3350 1533 3394 eorum
1553 3334 1754 3390 invicta

140 3433 429 3506 patientia
466 3431 676 3488 cmlesti
723 3430 895 3501 gloria
932 3433 1332 3483 remuneratur.
1374 3424 1532 3492 Quod
1573 3422 1755 3481 verbis

156 3524 291 3581 aliis
316 3523 580 3594 repetisse
608 3521 822 3577 videtur
849 3518 1116 3580 addendo,
1157 3535 1177 3567 ‹
1211 3524 1267 3570 et
1296 3530 1469 3584 opera
1494 3528 1753 3573 manuum

156 3614 323 3673 iuius
338 3613 577 3683 suscipe.
614 3631 636 3665 ›
669 3611 875 3667 Dantur
896 3609 979 3664 eis
1004 3622 1149 3663 nunc
1174 3605 1401 3675 singulm
1421 3604 1572 3661 stolae
1599 3604 1754 3669 albae,

155 3705 314 3762 sicut
344 3704 401 3760 in
431 3700 757 3773 Apocalypsi
781 3700 1034 3769 legimus,
1058 3696 1220 3755 benta
1236 3695 1760 3767 scilicet‘animarum

157 3795 476 3863 laetitiaget
494 3796 559 3851 in
597 3792 806 3865 judicio
833 3790 1051 3857 futuro,
1088 3785 1762 3859 receptisimmortalibus

150 3902 227 3947 ac
262 3886 555 3959 praeclaris.
572 3900 646 3941 ex
675 3883 1078 3941 resurrectione
1099 3879 1419 3952 corporibus
1444 3877 1760 3950 fulgebunt,

134 3984 243 4037 ,ιιι
267 3971 736 4043 Scripturadicit,
772 3989 792 4024 ι
828 3980 894 4041 et
930 3979 1188 4040 tanquam
1229 3968 1478 4025 scintillae
1511 3970 1568 4023 in
1593 3981 1759 4023 arun-

157 4066 362 4129 dineto
390 4063 701 4121 discurrent
743 4059 895 4131 (Sap.
936 4060 1047 4130 tu).
1100 4079 1121 4111 ι
1167 4058 1471 4115 Exurentes
1508 4056 1760 4114 videlicet

159 4168 379 4211 vacuos
430 4162 614 4217 mente
666 4159 723 4209 et
778 4150 1148 4207 infructuosos
1197 4163 1363 4219 opere
1423 4146 1766 4205 adversarios

160 4261 325 4311 suos,
376 4242 444 4300 de
490 4257 720 4313 quorum
770 4256 934 4312 poena
980 4256 1107 4297 mox
1143 4240 1435 4310 sequitur:
1473 4257 1492 4291 ι
1536 4238 1767 4295 Percute

142 4396 143 4399 η
171 4355 194 4391 ι
240 4337 412 4393 dorsa
438 4333 784 4390 inimicorum
817 4333 964 4403 ejus,
1008 4341 1065 4387 et
1091 4331 1185 4401 qui
1211 4330 1444 4386 oderunt
1482 4343 1628 4395 eum,
1656 4342 1767 4383 non

171 4447 194 4482 ι
242 4433 596 4497 consurgant.
637 4444 657 4478 ι
702 4423 1039 4481 Videbantur
1081 4422 1228 4477 enim
1279 4420 1382 4478 sibi
1414 4421 1637 4491 impune
1665 4426 1768 4479 .tot

166 4527 497 4579 sanctorum
535 4524 838 4588 martyrum
881 4514 1203 4587 sanguinem
1250 4512 1508 4579 fundere;
1556 4511 1653 4568 sed
1685 4510 1767 4567 eis

166 4611 339 4683 quasi
360 4623 465 4682 per
497 4610 722 4667 dorsum
763 4619 948 4678 paena,
990 4622 1157 4678 quam
1188 4605 1488 4676 pratvidere
1532 4620 1643 4661 non
1668 4620 1767 4663 no-
1788 4589 1844 4651 Ῑ)

172 4709 395 4769 verant,
434 4699 764 4772 parabatur,
800 4697 1080 4755 damnatio
1110 4697 1363 4754 videlicet
1406 4696 1764 4767 sempiterna,

168 4797 234 4854 in
259 4809 429 4867 quam
467 4802 685 4850 ruentes
735 4791 879 4847 ultra
925 4805 1150 4863 surgere
1197 4805 1306 4846 non
1347 4787 1610 4844 valerent.
1652 4789 1771 4845 Tali

173 4888 536 4960 percussione
570 4886 860 4951 feriuntur,
883 4883 953 4940 de
978 4885 1172 4955 quibus
1202 4882 1459 4939 Salomon
1486 4883 1563 4937 ait
1604 4898 1619 4938 :
1653 4900 1671 4933 ι
1701 4882 1773 4938 Et

176 4980 340 5050 virga
378 4978 635 5047 in-dorso
676 4974 1117 5046 imprudentium.
1165 4994 1185 5027 ›
1232 4973 1362 5041 Quae
1395 4982 1525 5030 tunc
1551 4988 1773 5045 percus-

178 5087 372 5133 sorum
411 5071 585 5127 oculis
631 5067 1050 5140 praesentabitur
1085 5082 1211 5123 cum
1244 5067 1401 5137 juxta
1436 5067 1637 5123 librum
1678 5066 1777 5122 Sa-

178 5164 427 5234 pientia},
458 5165 515 5221 in
544 5164 755 5219 inferno
778 5161 965 5235 positi,
1009 5168 1066 5216 et
1088 5168 1403 5216 sanctorum
1449 5169 1775 5232 martyrum,

179 5271 333 5325 quos
352 5257 446 5313 hic
471 5271 667 5316 exosos
687 5256 1009 5320 habuerant,
1033 5253 1265 5323 gloriam
1295 5260 1632 5319 contuentes,
1655 5267 1777 5308 sera

181 5353 357 5416 atque
381 5345 718 5403 infructuosa
746 5342 1087 5416 paenitudine
1118 5342 1319 5399 dicturi
1345 5351 1473 5398 sunt
1502 5360 1517 5396 :
1557 5343 1624 5397 lli
1652 5350 1780 5398 sunt

181 5450 330 5506 (pos
356 5437 644 5495 habuimus
688 5433 980 5508 aliquando
1012 5432 1067 5490 in
1109 5433 1351 5490 derisum
1383 5441 1439 5489 et
1473 5432 1780 5489 similitudi-

185 5545 323 5589 nem
349 5529 696 5602 improperii;
728 5544 849 5596 nos,
877 5526 1158 5593 insensati,
1181 5527 1347 5581 vitam
1378 5525 1591 5580 illorum
1618 5531 1776 5594 puta-

188 5629 386 5686 bamus
433 5628 725 5693 insaniam,
772 5633 827 5681 et
877 5625 1042 5683 ﬁnem
1090 5624 1306 5680 illorum
1356 5622 1473 5678 sine
1522 5623 1775 5677 honore:

189 5720 470 5791 quomodo
500 5717 796 5790 computati
847 5726 972 5773 sunt
1016 5717 1157 5772 inter
1203 5716 1345 5772 ﬁlios
1376 5714 1493 5779 Dei,
1533 5721 1588 5769 et
1637 5713 1781 5768 inter

191 5821 416 5875 sanctos
453 5828 573 5875 sors
626 5811 839 5873 illorum
887 5810 1012 5874 est?
1063 5819 1119 5871 et
1158 5818 1370 5871 caetera.
1408 5827 1428 5863 ι
1468 5808 1539 5870 Et
1583 5804 1779 5901 Benja-

1852 3354 2115 3412 mutatus,
2161 3359 2259 3402 vas
2304 3345 2587 3401 elationis
2628 3344 2848 3402 Christo
2895 3345 3121 3402 eﬁ‘ectus
3170 3352 3274 3401 est.
3324 3342 3447 3417 ipse

1854 3438 2006 3494 enim
2032 3452 2093 3494 se
2120 3452 2189 3494 ex
2215 3438 2320 3492 hac
2345 3437 2488 3492 tribu
2519 3436 2687 3493 fuisse
2717 3445 2969 3502 testatur,
2999 3437 3066 3491 de
3093 3451 3199 3506 qua
3222 3434 3313 3489 hic
3337 3433 3446 3504 spi-

1859 3529 1973 3583 ritu
1992 3528 2299 3598 prophetali
2325 3529 2636 3583 nasciturus
2657 3542 2779 3583 esse
2799 3528 3177 3597 praenoscitur.
3206 3526 3443 3595 Dignum

1859 3618 2057 3687 quippe
2078 3617 2184 3672 fuit
2205 3626 2268 3671 ut
2299 3619 2752 3688 quemadmodum
2774 3616 3000 3673 Joannis
3026 3616 3281 3687 Baptistae
3301 3612 3445 3686 prte-

1838 3709 2124 3775 ccursoria,
2170 3709 2278 3765 imo
2316 3708 2560 3779 angelica
2606 3708 2839 3779 dignitas
2877 3717 3004 3764 ante
3046 3706 3446 3778 praedicta‘est,

1838 3802 1938 3858 ita
1964 3808 2021 3856 ct
2048 3801 2296 3875 magistri
2324 3801 2571 3873 gentium
2606 3800 2663 3855 iu
2689 3800 2797 3856 ﬁde
2835 3808 2892 3856 et
2928 3800 3160 3856 veritate
3194 3786 3449 3856 universo

1840 3891 2062 3947 mundo
2090 3904 2188 3962 pro
2218 3888 2397 3945 futura
2423 3889 2598 3961 gratia
2633 3889 2783 3944 inter
2805 3903 3013 3959 magna
3039 3886 3298 3944 Ecclesiae
3324 3898 3447 3957 my-

1868 3984 2037 4039 steria
2080 3983 2529 4054 prophetaretur,
2575 3980 2701 4050 quia
2736 3980 2965 4036 Domino
3017 3978 3215 4050 insigni
3267 3992 3453 4034 amore

1865 4072 2121 4139 dilectus,
2170 4071 2352 4127 subito
2393 4087 2463 4126 ex
2490 4078 2840 4142 persecutore
2862 4069 3188 4140 prmdicator
3229 4068 3454 4126 effectus

1856 4173 1949 4220 est
1983 4182 1999 4218 :
2042 4162 2390 4235 Evangelium
2417 4177 2517 4234 per
2555 4162 2944 4218 revelationem
2968 4160 3172 4217 Christi
3220 4161 3447 4229 didicit;

1866 4254 1934 4310 ad
1977 4252 2175 4309 malum
2221 4267 2389 4323 usque
2433 4252 2654 4307 tertium
2703 4260 2888 4322 raptus
2932 4259 3016 4308 est
3047 4266 3064 4307 :
3094 4253 3150 4307 in
3192 4251 3449 4323 paradiso

1866 4359 2066 4400 arcana
2087 4342 2274 4408 verba,
2296 4357 2416 4412 quae
2437 4356 2779 4413 nequaquam
2801 4343 3112 4400 hominibus
3129 4343 3277 4410 loqui
3301 4342 3450 4409 licet,

1865 4440 2091 4495 audivit.
2123 4438 2183 4493 In
2212 4436 2368 4508 cujus
2404 4444 2586 4493 mente
2611 4447 2760 4495 tanta
2797 4436 2923 4492 ﬁdei
2947 4432 3273 4491 conﬁdentia
3300 4431 3459 4491 Chri-

1868 4540 1987 4589 stus
2012 4529 2300 4596 habitavit,
2323 4535 2385 4583 ut
2403 4529 2522 4599 ipse
2544 4529 2688 4585 inter
2710 4529 2990 4584 innumera
3008 4524 3252 4597 pericula
3271 4538 3457 4583 coram

1870 4625 2121 4697 gentibus
2153 4634 2211 4678 et
2255 4621 2476 4692 regibus
2523 4629 2579 4677 et
2619 4619 2745 4677 ﬁliis
2782 4619 2949 4676 Israel
2977 4625 3294 4677 constanter
3330 4634 3457 4676 eum

1867 4714 2194 4786 praedicans,
2242 4712 2442 4768 clamet
2476 4729 2490 4766 :
2530 4729 2551 4763 ‹
2595 4710 2726 4767 Mihi
2768 4711 2951 4767 vivere
2977 4708 3228 4768 Christus
3264 4719 3369 4780 est,
3405 4721 3462 4769 et

1871 4808 2010 4864 mori
2056 4806 2265 4861 lucrum
2294 4803 2463 4876 (Phil.
2507 4803 2570 4877 ι).
2610 4822 2630 4857 ι
2673 4803 2741 4859 Et
2769 4802 2969 4861 iterum
3004 4821 3019 4857 :
3058 4820 3077 4855 ς
3112 4801 3173 4859 ln
3214 4803 3362 4859 omni
3404 4804 3463 4859 ii-

1874 4900 2032 4957 ducia
2067 4898 2210 4954 sicut
2235 4913 2473 4969 semper,
2504 4898 2580 4952 ita
2610 4904 2665 4952 et
2687 4912 2833 4952 nunc
2854 4895 3189 4966 gloriﬁcatur
3213 4895 3462 4952 Christus

1873 4993 1931 5049 in
1962 5006 2189 5062 corpore
2240 5005 2380 5055 meo,
2432 4990 2547 5046 sive
2587 5004 2686 5060 per
2721 4989 2914 5055 vitam,
2953 4990 3069 5045 sive
3096 5003 3195 5059 per
3223 4996 3457 5043 mortem

1876 5085 2089 5158 (Ibid.).
2128 5103 2146 5137 ι
2179 5084 2259 5139 De
2284 5082 2439 5152 cujus
2469 5080 2647 5136 adhuc
2683 5081 2829 5135 omni
2852 5080 3116 5135 virtutum
3146 5077 3299 5143 ﬂore,
3333 5092 3458 5149 spe-

1875 5175 2179 5231 ciosissima
2214 5180 2271 5228 et
2319 5171 2669 5227 dilectissima
2711 5169 2929 5228 Christo
2966 5171 3177 5236 anima,
3221 5168 3459 5224 dicitur:

1881 5286 1900 5319 (
1942 5267 2109 5335 Quasi
2137 5266 2192 5320 in
2223 5264 2461 5319 thalamo
2490 5271 2603 5321 tota
2634 5264 2722 5320 die
2744 5264 3066 5320 morabitur.
3107 5281 3125 5314 ι
3163 5259 3261 5317 Vel
3291 5257 3463 5330 ipsius

1876 5354 2082 5418 scilicet
2103 5356 2371 5430 spirituali
2395 5346 2666 5413 connubio
2690 5357 2833 5412 mira
2858 5368 3072 5423 semper
3105 5350 3465 5408 oblectatione

1882 5453 2191 5526 perfruens,
2221 5466 2449 5522 eamque
2476 5450 2782 5508 divinorum
2811 5461 3065 5504 sensuum
3100 5443 3251 5515 prole
3280 5441 3465 5498 fecun-

1885 5548 2053 5614 dans,
2096 5554 2149 5602 et
2177 5545 2374 5601 nullius
2417 5545 2530 5599 vitii
2580 5540 2951 5613 inquietudine
2995 5545 3266 5594 secretum
3299 5534 3467 5607 placi-

1887 5639 2095 5697 dissimi
2122 5638 2359 5709 pectoris
2395 5635 2792 5704 derelinquens.
2834 5628 2932 5685 Vel
2956 5638 3103 5685 certe
3129 5629 3184 5683 in
3213 5641 3279 5684 eo
3309 5626 3468 5698 quasi

1887 5730 1942 5787 in
1976 5728 2346 5798 pulcherrimo
2382 5725 2620 5781 thalamo
2648 5721 2909 5785 residens,
2954 5726 3009 5774 et
3041 5716 3312 5789 virgineas
3347 5731 3468 5780 cre-

1844 5878 1849 5881 δ
1888 5822 2132 5884 dentium
2165 5828 2375 5883 mentes
2391 5859 2407 5889 ,
2443 5818 2553 5900 imo
2578 5814 2913 5899 diversorum
2939 5808 3469 5901 poptdorum‘Eccle-
