3930 6344
185 238 278 299 997
956 221 1359 285 ENARRATIO
1397 217 1624 276 SUPER
1659 217 2282 279 DEUTERONOMIUM.
2321 250 2390 265 -—
2424 220 2557 277 LIB.
2595 220 2685 281 Ν.

186 348 338 410 strari
371 360 480 402 non
517 347 809 399 mereatur.
853 336 933 394 De
960 337 1064 393 hac
1088 336 1213 391 luna
1242 335 1298 390 in
1323 332 1549 389 Cantico
1579 331 1752 387 canti—
1782 334 1834 395 Α
1856 347 1951 386 rus
1982 331 2210 388 Samson
2258 349 2328 388 ex
2374 342 2530 390 utero
2563 335 2841 408 genitricis
2881 335 3201 410 Nazarteus,
3255 343 3309 400 id
3356 356 3440 403 est

184 457 358 500 corum
388 438 588 495 dicitur
612 453 625 490 :
649 453 668 487 ι
690 433 819 501 Qua:
840 440 927 488 est
950 432 1079 496 ista,
1106 444 1226 500 qute
1251 426 1596 499 progreditur
1620 426 1760 480 sicut
1857 425 1971 480 Deo
2026 438 2404 496 consecratus,
2452 429 2603 485 velut
2648 438 2856 502 septem
2902 433 3120 492 intactis
3173 438 3433 507 crinibus,

185 547 366 589 aurora
392 541 747 598 consurgens,
766 524 1001 597 pulchra
1022 531 1085 578 ut
1106 522 1255 587 luna,
1272 528 1382 575 etc.
1401 518 1579 591 (Cant.
1603 517 1703 589 Vt).
1730 536 1754 572 ι
1854 520 2089 593 insignis
2118 520 2356 590 eti‘ulget.
2409 523 2564 593 Quod
2601 533 2782 583 autem
2822 526 3137 585 benedictio
3164 530 3313 589 illius
3340 534 3433 605 qui

189 643 206 676 ι
239 624 311 678 De
337 620 544 676 vertice
570 616 835 673 montium
851 614 1243 683 antiquorum,
1280 610 1350 666 de
1383 609 1560 679 pontis
1593 616 1755 663 uter-

184 726 365 770 norum
396 709 636 766 collium.
668 725 688 760 )
729 706 959 771 Montes,
998 703 1207 773 antiqui
1234 708 1361 757 sunt
1394 700 1756 770 patriarchae;

183 810 299 857 sunt
327 808 383 855 et
415 800 693 870 prophetae
716 794 827 851 vita
857 793 1009 859 celsi,
1038 800 1097 848 et
1123 793 1192 848 ad
1218 790 1637 860 contemplanda
1661 787 1758 843 Dei

182 889 429 964 mysteria
476 887 781 944 sublimiter
823 884 1011 941 erecti.
1072 880 1249 938 Colles
1294 880 1482 939 :eterni
1507 921 1522 948 ,
1576 879 1760 936 caeteri

175 984 297 1055 justi
313 981 532 1038 Veteris
547 976 903 1047 Testamenti,
920 985 1181 1047 tanquam
1202 974 1282 1047 pii
1302 981 1362 1032 et
1385 974 1618 1033 hunn’les
1639 972 1757 1041 filii,

183 1077 231 1130 in
257 1089 448 1131 eorum
478 1070 615 1140 ﬁde,
658 1069 925 1127 immobili
954 1068 1214 1124 ﬁrmitate
1256 1066 1488 1122 fundati.
1548 1065 1626 1121 De
1668 1065 1756 1120 his

181 1167 445 1224 montibus
466 1173 522 1220 et
542 1165 770 1221 collibus
792 1163 964 1220 isaias
987 1163 1364 1220 excellentiam
1390 1161 1603 1218 Domini
1629 1176 1760 1219 cou-

181 1258 467 1330 templatus
491 1259 605 1313 ait:
643 1275 661 1308 ‹
694 1256 815 1312 Erit
842 1258 898 1312 in
929 1255 1242 1313 novissimis
1272 1255 1463 1310 diebus
1485 1266 1760 1324 praepara-

181 1357 260 1405 tus
287 1365 447 1405 mons
472 1349 663 1405 domus
694 1348 908 1403 Domini
942 1347 1001 1400 in
1022 1344 1232 1401 vertice
1252 1345 1540 1411 nuntium,
1570 1353 1630 1400 et
1650 1343 1761 1401 ele-

179 1439 389 1495 vabitur
420 1455 584 1510 super
610 1438 776 1494 colles
802 1436 938 1508 (Isa.
962 1436 1048 1508 ιι).
1080 1456 1099 1487 ι
1144 1435 1385 1503 Quorum
1409 1435 1593 1505 pomis
1610 1443 1761 1489 terra

179 1529 373 1602 Ioseph
419 1529 778 1595 benedicitur,
828 1543 952 1582 cum
998 1526 1243 1583 Ecclesia
1272 1526 1477 1585 Christi
1513 1526 1760 1583 doctrina

174 1623 485 1695 prophetiae,
511 1629 566 1676 et
587 1620 837 1690 exemplo
860 1618 1078 1674 virtutis
1105 1630 1291 1673 eorum
1316 1617 1378 1671 in
1406 1616 1511 1671 ﬁde
1531 1616 1753 1683 Christi,

1857 626 2125 682 apparens
2144 612 2203 666 in
2230 614 2387 679 rubo,
2416 614 2587 686 Moysi
2609 616 2689 670 ait
2712 631 2729 670 :
2762 635 2782 668 ι
2812 616 2928 689 Ego
2954 635 3073 675 sum
3101 623 3243 678 Deus
3266 624 3443 680 Abra-

1860 703 2006 769 ham,
2036 712 2092 759 et
2120 704 2263 759 Deus
2288 702 2477 771 Jacob,
2508 715 2564 761 et
2597 707 2739 763 Deus
2767 708 2919 764 Isaac
2946 710 3144 782 (Exod.
3175 714 3283 787 ιιι),
3318 736 3338 768 ι
3386 718 3443 772 in

1860 802 2021 865 caput
2041 790 2241 867 Ioseph
2263 805 2492 851 ventura
2508 798 2826 868 prmdiuitur
2845 801 2976 860 illud
2994 803 3241 872 profecto
3260 816 3443 864 osten-

1860 889 1957 957 dit,
1984 891 2127 960 quod
2149 891 2437 960 promissio
2458 892 2555 947 Dei
2581 894 2649 949 ad
2670 895 2888 950 eosdem
2912 897 3252 967 patriarchas
3275 900 3439 969 facta,

1859 980 1917 1039 in
1949 977 2169 1038 (ΙΙΙ-ἰειο
2214 990 2357 1040 esset
2401 983 2667 1057 explenda
2688 1002 2708 1041 :
2742 974 2993 1047 videlicet
3034 998 3095 1051 ut
3136 990 3193 1046 in
3233 994 3440 1049 semine

1860 1070 2102 1142 ipsorum
2141 1072 2628 1140 demonstraretur,
2669 1075 2723 1131 id
2753 1082 2856 1139 est,
2888 1062 2950 1131 ut
2978 1080 3033 1133 ῆι
3054 1086 3130 1135 'eO
3158 1081 3446 1141 benedice-

1856 1173 2050 1225 reutur
2076 1179 2266 1220 omnes
2295 1172 2484 1235 gentes
2516 1176 2678 1222 terrae
2703 1166 2769 1223 de
2795 1167 2950 1237 cujus
2977 1168 3161 1225 futura
3187 1175 3442 1243 passione

1860 1262 1916 1311 et
1946 1270 2073 1311 mox
2108 1262 2371 1325 sequente
2400 1258 2814 1314 resurrectionis
2841 1258 3035 1330 gloria,
3066 1261 3400 1320 subinfertur
3426 1284 3439 1319 :

1866 1365 1887 1399 ι
1912 1348 2087 1416 Quasi
2120 1348 2485 1420 primogenita
2520 1351 2669 1405 tauri
2700 1352 3057 1422 pulchritudo
3092 1352 3230 1422 ejus.
3264 1374 3282 1408 ι
3328 1356 3448 1428 Ipse

1854 1447 1948 1493 est
1972 1440 2128 1494 enim
2166 1447 2358 1496 taurus
2385 1448 2439 1496 ct
2465 1441 2665 1497 vitulus
2693 1444 2971 1514 saginatus
3001 1460 3161 1515 quem
3191 1447 3341 1503 velut
3372 1464 3441 1504 ex

1859 1528 2048 1587 electis
2066 1528 2242 1587 bobus
2261 1530 2696 1603 patriarcharum
2717 1533 2885 1603 stirpe
2907 1536 3202 1591 secundum
3227 1553 3447 1594 carnem

1858 1622 2202 1691 progenitum
2230 1663 2244 1688 ,
2298 1621 2410 1677 ﬁlio
2461 1623 2747 1693 pmnitenti
2791 1633 2947 1693 pater
2989 1624 3445 1685 clementissimus

174 1713 493 1785 promptiori
536 1713 740 1783 pietate
782 1709 1094 1765 fructificat.
1156 1708 1225 1762 Et
1272 1708 1591 1765 intuendum
1628 1710 1758 1778 quia
1786 1705 2181 1768 Bim'mulavit.
2238 1711 2344 1768 Sed
2383 1712 2473 1767 die
2514 1714 2675 1769 tertia
2727 1731 2758 1769 a
2804 1715 3036 1772 mortuis
3065 1719 3436 1785 resuscitatus,

170 1819 331 1876 supra
356 1805 417 1862 in
441 1804 620 1876 pomis
648 1811 705 1859 et
730 1815 858 1863 rore
874 1799 1011 1859 coeli
1039 1799 1290 1857 doctrina
1314 1799 1647 1871 evangelica,
1668 1800 1759 1859 hic

165 1894 220 1951 in
239 1896 449 1951 virtute
473 1894 821 1964 antiquorum
843 1891 1132 1957 montium,
1153 1900 1209 1946 et
1231 1891 1410 1962 pomis
1433 1900 1761 1948 aeternorum

166 1985 417 2054 collium,
446 1985 695 2042 doctrina
724 1982 912 2057 legalis
941 1991 997 2038 et
1021 1981 1306 2054 prophetia
1340 1980 1673 2051 designatur,
1705 1989 1761 2038 et

168 2078 425 2150 utrisque
450 2085 597 2134 terra
622 2073 821 2147 Ioseph
850 2070 1227 2144 locupletatur,
1280 2072 1407 2143 quia
1446 2078 1634 2127 sancta
1664 2070 1761 2127 Ec-

164 2168 333 2226 clesia
381 2168 671 2237 utriusque
701 2164 1035 2221 Testamenti
1082 2162 1298 2235 paginis
1346 2164 1657 2229 instruitur,
1682 2162 1759 2217 ’e’t

169 2273 434 2317 novorum
464 2265 523 2312 et
554 2264 801 2312 veterum
842 2262 1059 2325 patrum
1089 2253 1382 2310 virtutibus
1400 2294 1415 2320 ,
1458 2253 1526 2308 ad
1556 2260 1760 2310 sanctat

174 2349 603 2412 conversationis
621 2348 798 2407 studia
821 2345 1166 2405 informatur.
1192 2345 1345 2404 Unde
1363 2347 1540 2404 eidem
1561 2361 1758 2418 sponso

176 2445 228 2501 in
252 2443 483 2501 Castico
500 2441 835 2498 canticorum
864 2439 1065 2497 dicitur
1089 2456 1105 2494 :
1139 2457 1158 2491 ι
1184 2438 1383 2495 Omnia
1409 2453 1590 2509 poma,
1622 2439 1759 2495 dile—

176 2543 257 2593 cte
278 2533 391 2603 ini,
427 2548 569 2589 nova
599 2539 655 2588 et
679 2539 871 2589 vetera
900 2530 1112 2587 servavi
1135 2530 1233 2586 tibi
1261 2528 1439 2603 (Cant.
1466 2530 1588 2598 vn).
1619 2549 1640 2584 ι
1692 2531 1762 2587 Et

173 2624 284 2700 ipse
314 2625 373 2683 in
404 2623 740 2701 Evangelia:
783 2641 804 2676 ι
844 2621 1034 2680 Omnis
1060 2621 1242 2680 scriba
1269 2620 1464 2678 doctus
1495 2622 1553 2677 in
1590 2633 1759 2693 regno

171 2719 472 2785 animum,
499 2716 696 2774 similis
722 2721 811 2773 est
836 2713 1045 2772 homini
1072 2712 1480 2785 patrifamilias,
1508 2713 1604 2782 qui
1630 2725 1758 2782 pro-

170 2808 270 2869 fert
298 2808 366 2869 de
397 2808 663 2875 thesauro
695 2821 794 2863 suo
827 2820 967 2875 nova
1002 2810 1061 2877 et
1096 2811 1279 2860 vetera
1307 2802 1525 2877 (Matth.
1555 2799 1697 2875 Jun).
1734 2820 1753 2854 ι
1806 2874 1809 2875 γ

170 2899 355 2956 Merito
401 2900 598 2968 itaque
644 2897 930 2953 Manichtei
963 2904 1021 2951 et
1047 2894 1260 2961 Judaei,
1316 2892 1446 2949 dum
1488 2892 1565 2947 illi
1604 2899 1761 2948 vetus

169 2993 476 3065 recipiunt,
510 2991 601 3047 isti
628 2999 786 3046 vetus
812 3005 922 3045 non
948 2988 1222 3058 recipiunt
1247 2991 1665 3051 testamentum.
1705 2983 1762 3041 in

1862 1803 2143 1873 discipulis
2169 1805 2285 1861 suis
2312 1803 2583 1874 gloriosus
2625 1807 2917 1876 apparuit;
2962 1807 3032 1865 de
3073 1823 3184 1879 quo
3207 1807 3446 1868 Joannes

1864 1895 1919 1951 in
1941 1894 2264 1967 Apocalypsi
2293 1896 2569 1967 loquitur:
2606 1914 2625 1949 ι
2653 1896 3055 1969 Primogenitu's
3080 1908 3442 1970 mortuorum,

1862 1988 1918 2049 et
1943 1990 2199 2061 princeps
2222 2006 2410 2060 regum
2435 1998 2597 2048 terrae
2619 1990 2801 2065 (Apoc.
2824 1991 2887 2065 ι).
2911 2013 2931 2050 ι
2962 1990 3032 2051 Et
3055 1988 3253 2052 Paulus
3273 1994 3405 2052 dicit
3429 1980 3444 2053 ἑ

1867 2100 1889 2144 s
1915 2082 2069 2139 Nunc
2095 2090 2277 2140 autem
2304 2083 2556 2145 Christus
2583 2086 2885 2142 resurrexit
2912 2101 2945 2145 a
2968 2087 3224 2155 mortuis,
3252 2088 3444 2158 primi-

1859 2173 1955 2226 tiae
1996 2173 2386 2228 dormientium
2436 2172 2489 2244 (Ι
2540 2172 2662 2229 Cor.
2690 2175 2871 2249 svnt).
2907 2195 2926 2229 ι
2958 2176 3270 2233 οΡιυεωὶεδι
3315 2190 3445 2235 vero

1860 2256 2282 2319 resurrectionis
2304 2262 2505 2334 gloria,
2538 2262 2823 2320 confestim
2851 2264 2918 2321 de
2943 2265 3145 2322 virtute
3173 2266 3445 2337 passionis

1860 2352 2141 2425 adiungit:
2176 2371 2195 2406 ι
2225 2352 2442 2410 Cornua
2472 2354 2837 2412 rhinocerotis
2861 2370 3069 2413 cornua
3094 2355 3262 2413 illius.
3304 2355 3444 2414 Cru-

1861 2445 1939 2500 cis
1966 2444 2167 2518 quippe
2194 2459 2397 2501 cornua
2434 2445 2851 2517 signiﬁcantur:
2899 2446 2968 2503 de
3002 2448 3208 2517 quibus
3236 2455 3298 2503 et
3333 2446 3446 2502 Ha-

1860 2532 2032 2591 hacuc
2059 2535 2192 2589 dicit
2217 2553 2230 2588 :
2267 2553 2287 2587 ‹
2317 2534 2532 2590 Cornua
2566 2536 2623 2591 in
2652 2537 2905 2593 manibus
2931 2535 3078 2607 ejus;
3110 2536 3185 2594 ibi
3212 2534 3445 2594 abscon-

1861 2625 1975 2697 dita
2002 2634 2087 2683 est
2110 2623 2374 2683 fortitudo
2397 2626 2514 2698 ejus
2538 2626 2767 2701 (Habac.
2792 2627 2898 2701 ιιι).
2923 2646 2942 2682 ι
2986 2627 3140 2697 Quod
3165 2638 3444 2700 exponens

1858 2714 2150 2785 Apostolus
2187 2716 2306 2774 ait:
2349 2734 2371 2769 ι
2412 2716 2472 2773 Si
2510 2716 2657 2775 enim
2694 2717 3117 2789 cognovissent,
3164 2730 3448 2788 utinquam

1864 2805 2153 2877 Dominum
2178 2806 2362 2880 gloria:
2384 2806 2788 2879 cruciﬁxissent
2809 2808 2860 2882 (I
2882 2798 3013 2863 Cor."
3030 2807 3114 2883 ιι).
3138 2828 3157 2862 ι
3191 2808 3448 2883 Quamvis

1861 2909 1994 2968 ergo
2038 2910 2137 2967 per
2182 2896 2555 2952 inﬁrmitatem
2596 2899 2796 2963 carnis,
2829 2898 2978 2953 velut
3007 2899 3171 2964 aries,
3209 2897 3442 2954 illuden-

1862 2986 2005 3047 tiuu
2035 2985 2207 3058 spinis
2231 3000 2298 3044 ac
2323 2984 2568 3045 sentibus
2596 2996 2911 3056 coronatus,
2944 2989 3031 3045 his
3056 2989 3312 3046 cornibus
3338 2990 3451 3045 ha:-

169 3092 308 3140 terra
329 3086 447 3141 hac
468 3081 877 3153 opulentissima
900 3079 1278 3139 haereditatem
1301 3077 1548 3147 accipere
1568 3076 1762 3149 nequi—
1786 3092 1837 3159 ρ
1866 3077 2033 3145 serit,
2072 3078 2244 3153 ipsius
2280 3087 2466 3136 tamen
2486 3080 2762 3150 passionis
2791 3079 3200 3150 incomparabili
3228 3080 3451 3136 fortitu-

167 3184 381 3244 verunt;
434 3175 503 3230 de
530 3175 686 3245 cujus
715 3166 995 3245 opulentia
1019 3172 1198 3228 adhuc
1226 3168 1511 3226 subditur:
1548 3186 1566 3220 ι
1596 3167 1667 3223 Ει
1696 3166 1764 3224 de

174 3270 417 3341 frugibus
463 3275 626 3323 terra:
671 3267 823 3322 etde
849 3264 1184 3336 plenitudine
1225 3263 1365 3334 ejus.
1402 3281 1422 3315 ι
1456 3261 1517 3316 In
1565 3261 1762 3331 quibus

176 3360 350 3417 verbis
381 3359 521 3417 satis
548 3356 883 3422 ostenditur,
926 3355 1072 3426 quod
1113 3356 1231 3413 haec
1258 3360 1441 3417 terra,
1483 3350 1572 3406 cui
1606 3357 1760 3407 tanta

178 3463 355 3505 rerum
402 3449 561 3519 copia
606 3445 968 3518 promittitur,
1017 3454 1128 3500 non
1174 3441 1232 3495 in
1278 3439 1371 3494 illa
1394 3439 1762 3509 possessionis

177 3549 340 3607 sorte,
390 3554 554 3611 quam
602 3537 661 3592 in
703 3544 854 3591 terra
878 3530 1142 3591 Chanaan
1168 3532 1269 3586 ﬁlii
1291 3528 1494 3601 Jeseph
1528 3543 1759 3601 θεωρε-

177 3640 322 3698 runt,
355 3631 653 3688 carnaliter
677 3627 928 3700 cogitari,
959 3626 1055 3681 sed
1078 3626 1137 3680 in
1160 3623 1418 3681 universo
1440 3620 1576 3677 orbe
1601 3618 1762 3691 spiri-

176 3721 357 3778 taliter
384 3721 615 3792 intelligi
639 3718 852 3776 debeat.
885 3716 1137 3773 Profecto
1164 3726 1296 3787 ergo
1323 3715 1442 3785 ipsa
1464 3720 1549 3769 est
1567 3708 1761 3768 Eccle-

175 3813 255 3870 sia
278 3814 523 3878 Christi,
566 3813 622 3867 in
660 3818 777 3867 toto
810 3811 1015 3865 mundo
1039 3806 1581 3879 muitiplici'justitiae
1606 3805 1763 3876 fruge

170 3903 450 3967 fecunda,
498 3909 555 3957 et
600 3901 964 3971 spirituaiium
1005 3899 1397 3955 charismatum
1430 3898 1689 3968 largitate
1730 3909 1764 3950 a

173 3990 379 4060 doseph
407 4000 508 4045 suo
534 3989 763 4061 repleta,
793 3989 888 4059 qui
928 3989 986 4044 in
1021 3988 1317 4059 Evangelio
1351 3987 1573 4059 legitur,
1600 4003 1623 4038 ‹
1649 3986 1763 4055 ple-

177 4094 281 4140 nus
305 4082 501 4155 gratia:
527 4089 584 4138 et
609 4082 891 4139 veritatis:
927 4088 984 4138 et
1010 4081 1081 4138 de
1108 4083 1262 4152 cujus
1294 4080 1629 4152 plenitudine
1664 4092 1764 4136 nos

180 4187 370 4228 omnes
414 4170 725 4242 accepimus
768 4171 953 4243 (han.
992 4170 1057 4244 ι).
1090 4188 1110 4225 ι
1174 4170 1330 4227 Unde
1374 4177 1430 4227 et
1476 4170 1759 4239 sequitur:

192 4283 213 4317 ι
237 4266 550 4323 Benedictio
574 4266 742 4333 ﬁlius,
773 4267 867 4336 qui
897 4266 1152 4337 apparuit
1186 4265 1243 4319 in
1277 4264 1437 4331 rubo,
1463 4262 1650 4319 veniat
1674 4277 1764 4317 su-

184 4370 285 4429 per
320 4360 587 4416 verticem
634 4360 879 4414 Nazaraei
924 4359 1067 4415 inter
1104 4357 1303 4414 fratres
1340 4370 1489 4413 suos.
1522 4376 1542 4410 ι
1596 4357 1764 4418 Totus

1863 3167 1990 3224 dine
2017 3169 2298 3225 unicornis
2326 3169 2556 3237 exstitit,
2583 3169 2759 3226 victor
2786 3170 2995 3227 scilicet
3022 3172 3236 3238 mortis,
3268 3178 3324 3227 et
3350 3186 3453 3243 per

1861 3272 2098 3322 mortem
2125 3265 2414 3321 destruens
2447 3267 2604 3330 eum,
2653 3265 2746 3336 qui
2778 3265 3016 3321 habebat
3052 3266 3243 3322 mortis
3274 3265 3448 3337 impe-

1861 3358 2025 3414 rium.
2058 3356 2216 3413 Unde
2240 3362 2297 3412 et
2321 3354 2521 3411 Paulus
2544 3355 2717 3411 dicit:
2749 3372 2769 3407 ι
2799 3355 2869 3410 Et
2896 3356 3039 3427 quod
3068 3355 3342 3411 inﬁmum
3368 3363 3455 3412 est

1860 3448 1992 3513 Dei,
2034 3447 2229 3502 fortius
2257 3455 2342 3502 est
2366 3446 2675 3503 hominibus
2701 3446 2754 3518 (1
2782 3438 2905 3502 Cor.
2933 3448 2998 3519 ι).
3033 3466 3053 3501 ι
3104 3447 3173 3501 Et
3208 3448 3446 3502 iterum:

1868 3555 1889 3587 ι
1916 3535 2114 3591 Dolens
2140 3536 2286 3605 quod
2316 3537 2603 3591 adversum
2638 3549 2740 3591 nos
2763 3542 2883 3590 erat
2908 3535 3332 3606 chirographum
3358 3532 3457 3591 de»

1863 3628 2020 3692 creti,
2053 3627 2198 3696 quod
2223 3635 2343 3681 erat
2366 3626 2703 3681 contrarium
2726 3626 2915 3692 nobis;
2952 3635 3009 3681 et
3037 3627 3213 3696 ipsum
3241 3625 3365 3682 tulit
3388 3628 3456 3683 de

1862 3716 2063 3795 medio,
2093 3714 2316 3787 ndigens
2352 3715 2487 3773 illud
2525 3714 2712 3783 cruci,
2754 3714 2992 3786 spoiians
3020 3715 3358 3787 principatus
3399 3724 3456 3775 et

1862 3816 2185 3882 potestates,
2229 3807 2468 3863 traduxit
2493 3805 2709 3877 palam,
2754 3806 3101 3877 triumphans
3140 3819 3237 3863 eos
3274 3805 3334 3861 in
3368 3819 3454 3861 se-

1864 3901 2094 3969 metipso
2120 3897 2258 3970 (Cat.
2283 3896 2372 3969 ιι).
2424 3894 2684 3967 Sequitur
2717 3910 2851 3968 ergo
2895 3896 3073 3953 adhuc
3097 3896 3165 3951 de
3188 3894 3448 3952 victorioo

1864 3990 2095 4048 εἰδείη
2129 3990 2308 4047 crucis
2334 3987 2612 4045 cornibus.
2662 3989 2721 4044 in
2755 3988 2889 4060 ipsis
2918 3987 3209 4047 ventilabit
3239 3996 3449 4060 gentes,

1862 4096 2041 4153 usque
2077 4082 2147 4136 ad
2180 4080 2450 4136 terminos
2476 4087 2656 4136 terras.
2708 4078 2846 4135 Nam
2881 4093 2981 4149 per
3007 4078 3454 4151 praedicationem

1861 4170 2069 4236 crucis,
2091 4168 2407 4225 universum
2433 4166 2642 4234 orbem,
2667 4174 2725 4223 et
2744 4176 2936 4224 omnes
2957 4165 3144 4224 mundi
3164 4165 3453 4234 terminos,

1864 4265 1993 4321 ﬁdei
2023 4280 2136 4321 sua:
2162 4263 2395 4334 subjecit
2419 4262 2635 4323 occulto
2657 4261 2891 4333 judicio,
2925 4261 3243 4318 discernens
3272 4260 3457 4331 paleas

1864 4372 1900 4413 a
1922 4356 2214 4423 ﬁ‘mneuto,
2257 4355 2565 4411 incredulos
2586 4368 2620 4408 a
2643 4352 3008 4418 credentibus,
3031 4353 3158 4406 dum
3179 4351 3454 4419 passionis

186 4451 328 4506 enim
354 4450 591 4522 Joseph,
630 4451 738 4507 hoc
764 4458 849 4505 est
872 4459 1034 4521 caput
1062 4456 1118 4506 et
1144 4462 1342 4519 corpus
1369 4447 1508 4518 ejus,
1542 4447 1766 4503 bendi.
1789 4457 1844 4518 Ῑ)
1864 4447 1985 4518 ejus
2018 4447 2371 4518 prmium,
2400 4445 2523 4500 aliis
2550 4442 2847 4507 damnatio,
2891 4440 3017 4496 aliis
3061 4439 3207 4497 salus
3251 4447 3337 4496 est
3373 4438 3455 4497 di-

190 4542 364 4599 ctione
390 4543 635 4614 repletus
666 4548 771 4597 est.
824 4536 979 4597 Unde
1020 4540 1101 4596 ait
1133 4540 1465 4610 Apostolus:
1496 4558 1515 4590 ι
1545 4538 1649 4607 Qui
1680 4547 1767 4595 est

192 4643 345 4705 caput
362 4633 613 4705 corporis
631 4630 893 4690 Ecclesia:
907 4629 1047 4704 (Coi.
1073 4632 1148 4703 1);
1174 4650 1196 4683 ι
1226 4638 1286 4686 et
1310 4630 1511 4687 iterum
1528 4647 1548 4684 :
1572 4648 1594 4681 ι
1613 4628 1767 4685 Πινκὶ

190 4725 329 4781 enim
354 4740 529 4782 unum
556 4738 757 4797 corpus
778 4737 968 4779 sumus
993 4723 1050 4778 in
1072 4721 1328 4778 Christo:
1363 4720 1558 4792 singuli
1584 4727 1768 4775 autem

193 4817 323 4874 alter
346 4818 576 4875 alterius
605 4817 853 4873 membra
875 4814 1049 4888 (Rom.
1074 4813 1200 4885 xu).
1230 4831 1255 4866 ι
1308 4810 1422 4868 Sed
1460 4809 1634 4867 totius
1672 4806 1773 4867 be-

194 4906 514 4965 nedictionis
552 4905 831 4977 plenitudo
858 4905 1125 4961 tribuitur
1151 4903 1318 4976 capiti
1352 4911 1417 4958 ut
1451 4903 1521 4959 ab
1555 4902 1677 4972 ipso
1711 4900 1771 4955 in

196 5003 358 5057 totum
381 5014 587 5072 corpus
612 5006 668 5056 et
694 5000 753 5054 in
781 5000 1025 5055 membra
1051 4996 1261 5069 singula
1285 4995 1440 5067 juxta
1458 5004 1772 5051 mensuram

200 5088 499 5149 donationis
532 5091 652 5163 ejus
693 5090 1005 5149 descendat.
1060 5090 1213 5146 Unde
1244 5090 1348 5146 sub
1385 5089 1565 5159 specie
1591 5086 1773 5145 Aaron

201 5185 524 5252 sacerdotis,
569 5185 637 5240 de
673 5183 791 5254 ipso
821 5183 876 5238 in
902 5181 1120 5239 Psalmo
1148 5182 1401 5238 canitur:
1435 5199 1456 5231 ‹
1486 5179 1640 5236 Sicut
1666 5192 1772 5235 un-

203 5280 448 5343 guentum
500 5275 556 5330 in
598 5276 795 5345 capite,
836 5273 983 5345 quod
1013 5272 1294 5329 descendit
1334 5273 1390 5327 in
1425 5284 1579 5325 oram
1606 5270 1773 5326 vesti-

1866 4550 2031 4598 cente
2070 4539 2376 4610 Apostolo:
2412 4556 2432 4588 ‹
2464 4535 2671 4592 Christi
2713 4535 2895 4590 hornis
2938 4532 3074 4587 oder
3116 4546 3309 4588 sumus
3348 4531 3455 4589 Do-

1864 4635 2053 4699 mine;
2084 4640 2140 4688 et
2160 4630 2222 4685 in
2244 4630 2332 4685 his
2350 4629 2444 4699 qui
2467 4626 2605 4683 salvi
2626 4625 2784 4692 ﬁunt,
2803 4635 2861 4681 et
2876 4623 2937 4679 in
2957 4622 3046 4679 his
3066 4622 3161 4694 qui
3182 4631 3414 4693 pereunt
3434 4642 3450 4679 :

1862 4725 1994 4780 aliis
2035 4723 2253 4793 quidem
2292 4720 2432 4775 odor
2462 4718 2620 4783 vitae,
2660 4716 2720 4771 in
2745 4714 2957 4781 vitam;
3005 4712 3129 4769 aliis
3156 4727 3289 4770 vero
3319 4711 3456 4770 odor

1866 4819 2085 4886 mortis,
2105 4817 2175 4887 in
2197 4822 2429 4873 mortem
2456 4812 2545 4886 (Η
2571 4810 2695 4867 Cor.
2725 4806 2809 4882 ιι).
2842 4828 2867 4863 ι
2900 4807 2974 4863 Et
2998 4806 3195 4864 iterum
3220 4824 3237 4862 :
3272 4825 3293 4859 ι
3320 4806 3454 4863 Ver-

1877 4914 2011 4973 bum
2036 4912 2183 4971 enim
2214 4909 2413 4975 crucis,
2454 4904 2807 4979 pereuntibus
2831 4900 3049 4972 quidem
3073 4898 3302 4957 stultitia
3325 4903 3448 4953 est:

1876 5005 1966 5063 his
1993 5012 2196 5071 autem,
2226 5002 2321 5074 qui
2347 4999 2649 5064 salvantur,
2675 4994 2833 5050 idest
2854 4993 3006 5049 nobis
3028 4991 3205 5047 virtus
3235 4986 3451 5043 Domini

1878 5108 1964 5159 est
1992 5097 2046 5172 (Ι
2070 5095 2194 5153 Cor.
2220 5094 2288 5166 ι).
2323 5113 2344 5148 ι
2394 5092 2465 5148 Et
2504 5088 2671 5146 alibi:
2702 5105 2723 5140 ι
2754 5084 2865 5143 Nos
2891 5093 3074 5141 autem
3098 5079 3451 5172 proditam:

1878 5168 2153 5246 Christum
2193 5183 2510 5241 cruciﬁxum
2534 5222 2549 5248 ,
2597 5178 2796 5238 Iudaeis
2839 5176 3055 5249 quidem
3100 5168 3449 5236 scandalum,

1880 5281 2131 5356 gentibus
2165 5285 2348 5334 autem
2376 5275 2687 5334 stultitiam.
2737 5272 2875 5343 ipsis
2909 5274 3089 5324 autem
3110 5262 3324 5320 vocatis

204 5368 365 5424 menti
388 5369 528 5442 ejus,
551 5377 655 5425 etc.
680 5366 851 5441 (Psal.
876 5366 1106 5441 cum).
1154 5386 1174 5418 ι
1208 5363 1313 5432 Qui
1341 5360 1779 5434 inconparabilis
1862 5348 2016 5431 imis
2049 5379 2213 5443 atque
2232 5370 2473 5437 Graecis,
2512 5366 2792 5426 Christum
2821 5359 2918 5418 Boi
2967 5357 3227 5415 virtutem
3269 5358 3328 5407 et
3355 5348 3454 5407 Dei

209 5462 385 5531 gratim
409 5463 999 5536 praerogativagcunctis
1018 5462 1297 5529 fratribus,
1324 5460 1381 5515 id
1400 5468 1483 5515 est
1507 5456 1774 5526 ﬁdelibus,

212 5558 611 5623 supereminens
637 5555 966 5629 semiformis
994 5553 1233 5626 Spiritus
1259 5551 1434 5617 gratia
1450 5590 1466 5619 ,
1499 5549 1655 5622 quasi
1676 5561 1773 5603 ve-

1883 5463 2205 5537 sapicntiam
2230 5460 2432 5531 (‘Ibid.).
