3930 6344
491 443 1712 492 ﬁ

1715 431 3761 475 Μ

492 297 600 358 999
1141 288 1203 344 B.
1245 283 1501 343 MBAN!
1537 283 1758 342 MAURI
1793 279 2112 340 ABCHIEP.
2156 275 2460 337 MOGUNT.
2501 272 2786 335 OPERUM
2819 271 3000 331 PARS
3035 273 3077 330 l.
3628 278 3762 334 ιιωο

1070 581 1652 698 ΒΕΔΤῙ
1728 573 2467 692 MBAN!
2544 573 3158 688 MAUBI

1201 813 1498 877 ABBATIS
1532 810 1920 873 FULDENSIS
1955 809 2048 868 ET
2083 807 2466 870 MOGUNTINI
2500 808 3017 870 ARCHIEPISCOPI
3633 868 3662 883 -
3683 845 3746 884 .gr

827 1001 994 1135 IN
1083 993 1696 1131 LIBRUM
1787 985 2278 1121 JOSUE
2375 987 2805 1118 LIBRI
2901 984 3357 1130 TRES.
3687 940 3704 1054 ῖ

1891 1221 2128 1310 (ANNO
2157 1222 2334 1306 sat.)

1135 1374 1299 1442 (Apud
1322 1374 1556 1438 Martem,
1581 1371 1747 1437 Ampi.
1782 1369 2010 1432 Collect.,
2029 1373 2150 1423 tom.
2172 1367 2260 1434 IX,
2277 1381 2392 1434 pag.
2416 1370 2508 1424 668
2529 1382 2598 1424 ex
2616 1382 2709 1425 ms.
2732 1370 3097 1428 Cleterdensid

1470 1598 2184 1679 OBSERVATIO
2261 1603 2724 1684 PBEVIA'.

1870 1757 2350 1778 ῃ

541 1847 603 1906 In
643 1848 841 1922 librum
865 1845 1006 1922 _Jes_u
1025 1845 1197 1922 ﬂave
1235 1843 2056 1922 scripsisse_Rab_anum_libt-os
2081 1849 2136 1910 Α
2159 1845 2340 1922 thario
2366 1843 2683 1922 imperatori
2700 1883 2716 1911 ,
2747 1850 2808 1922 ut
2837 1843 2926 1922 hic
2953 1845 3252 1922 imperator
3278 1854 3520 1922 testatur
3547 1849 3602 1922 in
3628 1852 3736 1922 eji-

471 1929 729 1992 qnatuor,
763 1919 842 1992 ait
865 1916 1128 1992 Budclfus
1163 1915 1465 1992 presbyter.
1501 1915 1619 1986 ejus
1647 1916 1968 1992 discipu_lu_s,_
1997 1918 2057 1972 in

469 1985 642 2061 ipsius
684 1989 894 2061 Babani
932 1985 1091 2061 V_ita_,
1145 1985 1264 2061 cap.
1303 1985 1563 2061 9.___Duos
1595 1985 2054 2061 tantuni_Trithe-

469 2055 648 2126 mins,
690 2059 900 2115 Rabani
929 2057 1169 2126 ejusdem
1199 2055 1336 2113 Vitae
1369 2055 1509 2111 libro
1539 2071 1634 2122 ιιι,
1667 2071 1786 2127 cap.
1815 2055 1869 2110 3.
1889 2125 1900 2127 _
1921 2055 2056 2113 Tres

471 2125 640 2186 habet
661 2138 908 2186 vetustus
937 2125 1000 2185 ac
1029 2130 1184 2184 bona:
1209 2136 1351 2182 notae
1379 2129 1550 2182 codex
1576 2125 1783 2193 noster,
1823 2125 2056 2182 solidum

468 2215 604 2271 opus
632 2199 974 2271 complexos,
1015 2198 1124 2271 Ho_s
1164 2207 1357 2271 autem
1404 2196 1922 2271 librosconscripsit
1949 2196 2057 2252 Ra-

469 2265 663 2347 banus,
692 2265 873 2347 adhuc
892 2269 1058 2347 abbas
1082 2268 1390 2347 lf‘uldensis,
1412 2267 1482 2347 ad
1507 2265 1867 2347 Fridericum,
1885 2281 2056 2347 quem

469 2335 780 2410 episcopum
800 2338 967 2410 fuisse
984 2335 1622 2410 Trajectensem_(n_empe
1641 2335 2053 2410 Ultrajectjnum

470 2405 612 2490 apud
637 2405 911 2489 Frisones)
945 2415 1178 2488 testatur
1205 2407 1350 2462 idem
1379 2405 2051 2531 Rabanusianraefatio-

469 2480 630 2533 nibus
657 2479 726 2533 ad
753 2478 920 2534 libros
947 2475 1196 2532 Judtcum
1221 2486 1280 2533 et
1305 2477 1467 2532 Ruth.
1502 2476 1722 2532 lntenm
1787 2477 2055 2533 ridertcus

468 2549 752 2618 episcopus
785 2563 882 2618 pro
908 2546 1111 2603 Christi
1141 2546 1244 2602 fide
1273 2547 1595 2617 martyrium
1623 2546 1820 2618 subiit,
1849 2545 2054 2618 relatus

507 2616 811 2674 ostmodum
843 2618 898 2673 in
929 2626 1237 2673 sanctorum
1269 2616 1535 2672 canonem
1568 2617 1637 2672 ad
1672 2617 1814 2672 diem
1850 2616 2054 2672 mensis

507 2633 811 2674 osunonum
843 2635 898 2673 in
929 2633 1237 2673 sanetorum
1269 2633 1535 2672 canonem
1568 2633 1637 2672 an
1672 2633 1814 2672 atem
1850 2633 2054 2672 mensxs

467 2633 593 2743 ςυΙῆ
623 2687 708 2742 18.
763 2687 933 2745 Porro
959 2687 1179 2758 eosdem
1223 2687 1389 2758 libros
1427 2687 1650 2758 suosiin
1664 2685 1882 2758 AJosue,
1933 2695 2057 2758 post

468 2758 679 2832 aliquot
703 2772 878 2816 annos
906 2773 940 2813 a
965 2759 1112 2814 caede
1139 2757 1406 2815 Friderici
1439 2757 1636 2814 obtulit
1662 2756 2058 2815 RabanusLo-

474 2896 2123 2933 W

2159 1916 2298 1986 stola
2329 1917 2398 1970 ad
2425 1914 2733 1981 Rabanum,
2762 1914 2924 1986 hujus
2955 1914 3296 1985 Expositioni
3324 1916 3379 1971 in
3408 1914 3733 1980 Ezechielém

2157 1985 2432 2059 adjuncta.
2456 1985 2602 2059 Inter
2616 1985 3023 2059 alia_praiclara,
3045 2001 3166 2055 quae
3185 1986 3423 2059 plurima
3451 1989 3574 2059 huic
3593 1992 3734 2059 Operi

2142 2054 2438 2126 .inSpersit,
2481 2057 2676 2126 disces,
2723 2054 2912 2120 lector,
2957 2054 3442 2126 commorationem
3467 2057 3580 2125 ejus
3608 2054 3733 2115 non-

2160 2125 2366 2181 nullam
2401 2126 2455 2180 in
2477 2125 2712 2181 Orientis
2736 2126 3001 2195 partibus,
3025 2125 3182 2193 cujus
3206 2141 3309 2181 nec
3334 2126 3607 2193 Rudolfus,
3636 2143 3734 2186 nec

2159 2196 2495 2252 Trithemius
2518 2194 2836 2251 meminere.
2889 2194 2980 2250 Sic
3008 2195 3154 2249 enim
3183 2196 3350 2250 habet
3374 2196 3427 2250 in
3447 2198 3542 2251 illa
3576 2200 3737 2255 verba

2160 2267 2357 2347 capitis
2379 2283 2458 2332 ιι,
2472 2282 2636 2347 versu
2655 2267 2722 2347 :
2747 2284 2766 2347 ε
2791 2263 2963 2347 Usque
2983 2266 3052 2346 a_d
3075 2265 3328 2347 Signanti
3343 2283 3592 2347 magnam.
3615 2269 3734 2336 Ego

2158 2335 2378 2408 quidem
2412 2352 2534 2391 cum
2570 2337 2626 2391 in
2663 2336 2798 2391 locis
2841 2335 3057 2408 Sidonis
3102 2335 3384 2408 aliquoties
3425 2335 3735 2392 demoratus

2159 2405 2263 2463 sim
2291 2447 2306 2470 ,
2351 2422 2648 2477 nunquam“
2672 2407 2910 2475 comperi
2951 2407 3083 2460 duas
3121 2419 3245 2461 esse
3284 2405 3538 2477 Sidonas,
3576 2422 3734 2462 unam

2158 2491 2443 2548 magnam,
2483 2475 2543 2531 et
2584 2475 2746 2548 aliam
2784 2489 3007 2548 parvam
3025 2482 3343 2548 ,gquantum
3371 2476 3438 2528 ad
3468 2484 3730 2548 terrenum

2231 2545 2397 2603 riinet
2422 2546 2621 2602 locum.
2650 2566 2669 2599 ι
2708 2547 2887 2616 Atque
2910 2546 3026 2599 haec
3044 2545 3256 2616 Babani
3275 2546 3630 2615 peregrinatio
3654 2561 3732 2599 re-

2183 2617 2382 2687 'erenda
2404 2619 2616 2672 videtur
2639 2616 2693 2672 in
2714 2615 2982 2687 juveniles
3007 2615 3125 2684 ejus
3148 2630 3346 2680 annos,
3371 2630 3495 2687 cum
3520 2617 3731 2687 necdum

2161 2695 2306 2742 esset
2325 2685 2508 2742 Fuldm
2531 2685 2806 2757 magister,
2832 2686 3063 2742 fortasse
3085 2701 3186 2740 nec
3210 2686 3529 2757 monachus,
3550 2685 3732 2742 nedum

2161 2757 2330 2814 abbas
2365 2753 2651 2813 Fuldensis
2681 2764 2774 2812 aut
2809 2757 3252 2828 archiepiscopus
3275 2753 3625 2826 Moguntinus.

1450 3006 1824 3087 EPISTO
1835 3005 1963 3086 LA
2035 3005 2752 3086 DEDICATORIA.

1281 3153 1381 3216 AD
1415 3155 1899 3216 FRlDURlCHUM
1937 3153 2334 3214 EPISCOPUM
2371 3154 2932 3215 TBAJECTENSEM.

1869 3291 2338 3309 *

538 3377 769 3436 Domino
795 3375 1114 3434 beatisStmo
1140 3386 1393 3444 veraeque
1421 3373 1705 3430 charitatis
1731 3372 1906 3430 ofiicio
1933 3372 2053 3444 plu—
2078 3383 2127 3444 Β
2153 3384 2485 3433 memoratus
2531 3387 2739 3450 martyr
2783 3369 2884 3450 per
2926 3377 3192 3437 famulum
3238 3396 3400 3438 suum
3455 3385 3733 3457 dignanter

469 3473 668 3531 rimum
697 3468 1042 3534 venerando,
1088 3465 1413 3524 Fridnricho
1458 3465 1746 3537 episcopo,
1794 3465 2054 3522 Rabanus

469 3562 768 3621 vilissimus
794 3575 1076 3616 servorum
1102 3557 1198 3614 Dei
1222 3555 1454 3611 famulus
1481 3556 1537 3611 in
1557 3556 1773 3612 Christo
1799 3556 2051 3614 salutem.

538 3651 786 3710 Studium
823 3660 972 3706 tuum
1015 3664 1080 3705 ac
1118 3647 1453 3718 diligentiam
1495 3648 1550 3702 in
1593 3662 1871 3704 sacrarum
1901 3647 2050 3704 Scri-

465 3756 748 3820 pturarum
774 3742 1157 3808 meditatione,
1198 3740 1382 3812 plures
1410 3739 1503 3812 qui
1528 3740 1874 3797 sanctitatem
1903 3749 2052 3797 tuam

466 3849 766 3906 noverunt,
805 3839 1059 3904 laudant,
1096 3844 1154 3893 et
1190 3835 1405 3902 merito,
1446 3836 1574 3905 quia
1603 3835 1849 3892 assiduus
1890 3849 1950 3890 es
1994 3835 2053 3889 in

467 3935 702 3992 lectione
731 3940 785 3987 et
814 3930 1074 4002 frequens
1099 3930 1156 3985 in
1184 3929 1462 3993 doctrina,
1491 3934 1652 3998 prout
1678 3926 1819 3982 ratio
1845 3925 2055 3984 ordinis

468 4027 549 4082 tui
574 4024 844 4097 postulat;
884 4037 1048 4094 quem
1077 4020 1251 4077 lucem
1278 4020 1468 4076 mundi
1497 4035 1621 4076 cum
1647 4019 1908 4091 apostolis
1933 4017 2054 4075 Sal-

465 4129 626 4176 vator
667 4124 986 4186 nuncupat,
1039 4131 1104 4170 ac
1134 4116 1200 4170 de
1227 4130 1358 4171 vero
1392 4115 1593 4171 lumine
1621 4115 1944 4170 illustratam
1973 4113 2058 4168 lu-

468 4225 688 4265 cernam
711 4204 1283 4286 superOcandelabrum
1309 4205 1510 4275 posuit,
1528 4213 1587 4261 ut
1605 4206 1787 4261 luceas
1805 4206 2058 4262 omnibus

471 4299 564 4372 qui
593 4299 647 4354 in
679 4298 840 4355 domo
881 4294 980 4352 Dei
1015 4303 1162 4350 sunt.
1211 4294 1370 4350 Unde
1396 4295 1612 4364 plurimi
1638 4295 1869 4350 fratrum
1894 4310 2058 4351 vene-

2159 3469 2426 3539 impendit
2442 3471 2588 3541 quod
2606 3471 2675 3526 ab
2697 3470 2789 3526 illo
2809 3472 3092 3541 quaerebas
3119 3471 3390 3528 solatium.
3423 3475 3593 3533 Porro
3617 3479 3739 3548 quia

2159 3559 2407 3615 lectionis
2433 3560 2630 3617 divinae
2656 3577 2689 3616 a
2715 3561 2874 3618 nobis
2909 3562 3094 3632 petisti
3121 3563 3357 3619 solamen
3373 3556 3411 3630 ,'
3438 3568 3740 3625 direximus

2160 3650 2259 3706 tibi
2286 3650 2564 3716 codicem,
2602 3667 2766 3722 quem
2793 3667 2862 3708 ex
2897 3662 3203 3709 sanctorum
3228 3654 3444 3710 Patrum
3479 3647 3640 3713 dictis
3675 3660 3742 3715 in

2159 3739 2442 3798 historiam
2467 3740 2594 3797 Jesu
2626 3740 2774 3798 Nave
2808 3759 2971 3800 sensu
3000 3746 3270 3817 allegorico
3295 3747 3537 3817 prolatis
3563 3750 3735 3806 colle-

2159 3846 2364 3902 geram.
2394 3831 2456 3887 In
2481 3847 2589 3904 quo
2616 3847 2804 3904 opere,
2835 3835 2893 3890 in
2919 3835 3205 3906 aliquantis
3229 3836 3390 3903 locis,
3419 3852 3525 3908 pro
3553 3843 3727 3912 parvi-

2161 3930 2272 3978 tate
2301 3938 2493 3982 sensus
2517 3925 2724 3992 nostri,
2771 3926 2866 3981 ubi
2900 3940 3123 3983 necesse
3158 3927 3294 3995 fuit,
3337 3927 3522 3985 divina
3548 3945 3734 3987 conce-

2159 4013 2323 4070 dente
2350 4015 2546 4086 gratia,
2579 4016 2760 4086 aliqua
2791 4016 3164 4085 inserueram;
3207 4026 3404 4090 petens
3429 4029 3494 4077 ut
3518 4020 3726 4078 fratrum

2161 4105 2255 4175 qui
2289 4114 2466 4162 tecum
2497 4117 2623 4162 sunt
2664 4107 2989 4164 utilitatibus
3033 4110 3188 4165 illum
3234 4112 3631 4179 accommodes,
3669 4121 3733 4169 ut

2161 4197 2376 4254 discant
2403 4215 2470 4254 ex
2497 4208 2626 4270 typo
2651 4199 2780 4257 Jesu
2807 4202 3076 4270 historici,
3092 4204 3427 4281 mysterium
3456 4208 3569 4262 veri
3592 4205 3731 4271 Jesu,

2161 4290 2376 4347 Domini
2403 4291 2653 4349 videlicet
2682 4292 2980 4351 Salvatoris
3002 4336 3018 4361 ,
3069 4297 3164 4367 qui
3209 4299 3475 4368 sanguine
3516 4314 3610 4354 suo
3640 4313 3730 4352 nos

471 4390 738 4446 rationem
767 4395 918 4444 tuam
945 4383 1158 4451 colunt,
1201 4391 1369 4453 atque
1395 4383 1620 4439 colendo
1647 4383 1874 4454 diligunt
1901 4401 1914 4436 :
1959 4400 2060 4440 no-
2085 4376 2130 4439 C
2162 4381 2421 4448 redemit,
2459 4398 2524 4439 ac
2550 4383 2617 4438 de
2641 4382 2960 4441 inﬁmitate
2985 4401 3091 4456 qua
3115 4389 3362 4456 peccatis
3395 4387 3594 4443 nostris
3624 4386 3728 4442 exi-

469 4483 662 4554 bisque
712 4482 840 4538 inde
882 4478 1044 4536 valde
1089 4475 1341 4533 amabilis
1389 4490 1452 4532 es
1497 4477 1642 4547 quod
1688 4489 1797 4531 non
1846 4483 2056 4532 tantum

472 4580 802 4646 praesentes,
851 4573 948 4630 sed
995 4570 1164 4627 etiam
1213 4569 1465 4626 absentes
1511 4566 1751 4624 fraterno
1795 4583 2058 4640 provocas

470 4677 679 4728 amore,
710 4677 775 4718 ac
803 4661 1004 4718 salubri
1032 4661 1229 4718 incitas
1255 4659 1658 4727 exhortatione,
1696 4667 1758 4716 ut
1791 4658 1927 4732 legis
1959 4659 2058 4716 Dei

477 4767 766 4809 commune
792 4761 970 4808 tecum
997 4766 1350 4808 exerceamus
1377 4751 1670 4822 negotium.
1717 4749 1828 4807 Nec
1863 4751 2056 4807 absur-

475 4843 606 4900 dum
631 4849 715 4898 est
745 4841 889 4911 quod
914 4841 1085 4909 facis,
1135 4843 1262 4898 licet
1306 4857 1404 4897 nos
1436 4842 1504 4896 ad
1547 4843 1653 4896 hoc
1681 4841 1918 4924 ofﬁcium
1946 4843 2055 4899 im-

475 4947 638 5005 pares
667 4940 831 5002 atque
863 4930 1070 5002 indigni
1105 4933 1304 4998 simus,
1355 4946 1480 4988 cum
1527 4931 1604 4987 ibi
1650 4933 1848 5002 quaeris
1891 4949 2060 4990 sacra:

475 5026 614 5099 legis
663 5021 1134 5081 confirmationem
1161 5064 1178 5090 ,
1238 5023 1382 5080 unde
1431 5021 1688 5092 accepisti
1736 5022 2060 5081 Christianae

479 5115 758 5187 religionis
786 5111 1090 5170 exordium.
1143 5110 1530 5169 Sanctissimus
1568 5127 1698 5186 ergo
1735 5113 1963 5170 antistes
2002 5123 2060 5171 et

477 5204 827 5262 beatissimus
853 5201 1057 5259 Christi
1098 5211 1305 5273 martyr
1328 5203 1634 5260 Bonifacius
1671 5212 1887 5276 gentem
1919 5204 2058 5262 Fre-

480 5314 673 5355 sonum
696 5337 713 5365 ,
760 5297 848 5354 cui
878 5305 970 5352 tua
997 5294 1215 5352 dilectio
1242 5305 1475 5364 praeest,
1524 5313 1632 5354 non
1666 5297 1843 5354 solum
1870 5299 2058 5366 verbo,

481 5389 576 5444 sed
601 5387 767 5442 etiam
796 5385 1075 5457 sanguinis
1125 5382 1209 5440 sui
1254 5383 1514 5440 effusione
1553 5387 1620 5440 ad
1666 5387 1830 5444 ﬁdem
1857 5387 2058 5444 Christi

483 5478 770 5534 convertit.
820 5476 976 5533 Unde
1005 5473 1402 5533 rationabiliter
1431 5476 1546 5545 agis
1575 5478 1720 5547 quod
1747 5481 1816 5534 ab
1842 5477 1932 5535 illo
1959 5479 2060 5534 mi-

483 5570 694 5626 nisterii
721 5571 800 5626 tui
828 5571 1187 5642 patrocinium
1215 5570 1412 5642 quaeris
1451 5585 1482 5623 a
1521 5585 1625 5638 quo
1657 5573 1861 5630 ordinis
1889 5575 1966 5629 tni
1995 5589 2062 5629 ac

485 5659 630 5723 sedis
676 5661 907 5745 primam
953 5661 1213 5735 accepisti
1259 5659 1612 5720 iunctionem.
1671 5661 1796 5730 ideo
1842 5679 2061 5738 quoque

2159 4473 2408 4542 gentibus
2454 4476 2816 4543 gravabamur
2834 4517 2851 4543 ,
2900 4476 3149 4532 salvavit.
3206 4478 3355 4534 Ante
3402 4493 3576 4535 annos
3613 4491 3731 4548 ergo

2156 4565 2391 4636 aliquot,
2420 4573 2715 4622 tractatum
2741 4568 2798 4622 in
2827 4568 3123 4640 Evangelio
3150 4568 3390 4626 Matthaii
3406 4611 3422 4637 ,
3465 4585 3627 4641 quem
3651 4582 3734 4624 ro-

2159 4668 2322 4726 gante
2356 4659 2512 4715 bonae
2552 4659 2829 4714 memoria:
2859 4658 3128 4716 Haistulfo
3164 4659 3583 4730 archiepiscopo
3617 4673 3732 4713 con-

2158 4746 2392 4806 feceram
2407 4789 2422 4814 ,
2469 4748 2568 4804 tibi
2604 4752 2673 4806 ad
2706 4749 3112 4807 rescribendum
3154 4750 3588 4806 accommodavi.
3634 4746 3733 4803 Sed

2158 4841 2288 4911 quia
2329 4842 2478 4898 illum
2506 4843 2742 4898 necdum
2770 4843 3018 4914 recipere
3043 4844 3232 4912 potui,
3285 4840 3736 4898 remunerationis

2158 4931 2277 4988 vice
2298 4947 2537 5001 praesens
2559 4947 2695 5002 opus
2718 4933 3016 4999 transmisi,
3040 4940 3103 4987 ut
3131 4932 3326 4988 saltem
3351 4933 3462 4990 hoc
3486 4930 3736 4988 beneficio

2159 5022 2466 5078 admonitus
2486 5062 2503 5089 ,
2555 5023 2802 5079 remittas
2845 5022 3004 5078 fenus
3047 5023 3191 5093 quod
3238 5037 3551 5092 acceperas.
3595 5019 3741 5090 Lege

2157 5110 2444 5183 diligenter
2461 5111 2646 5168 Jesum
2666 5111 2833 5180 Nave,
2854 5113 2947 5182 qui
2967 5127 3076 5167 non
3098 5111 3273 5168 solum
3295 5113 3535 5174 nomine,
3557 5100 3740 5164 verum

2159 5203 2323 5258 etiam
2369 5203 2537 5273 gestis
2583 5202 2768 5259 Iesum
2805 5202 3083 5259 Christum
3133 5202 3314 5274 typice
3361 5199 3742 5273 prmliguravit.

2161 5292 2401 5349 Transiit
2424 5292 2738 5359 Jordanem,
2767 5295 3004 5350 hostium
3033 5308 3198 5366 regna
3228 5293 3536 5359 subvertit,
3570 5291 3749 5346 divisit

2161 5395 2361 5442 terram
2391 5386 2581 5442 victori
2619 5385 2837 5456 pepnlo,
2884 5394 2940 5441 et
2981 5401 3080 5457 per
3105 5385 3349 5456 singulas
3377 5386 3565 5450 urbes,
3591 5383 3747 5438 vicu-

2161 5477 2259 5546 los,
2288 5486 2501 5535 montes
2524 5487 2688 5548 atque
2711 5478 2970 5547 conﬁnia,
3000 5478 3258 5536 Ecclesiae
3283 5478 3642 5549 coelestisque
3667 5473 3750 5530 le

2161 5573 2398 5630 rusalem
2422 5573 2685 5644 spiritalia
2706 5589 2871 5646 regna
2897 5574 3202 5643 descripsit.
3241 5573 3442 5642 Sicque
3463 5568 3752 5642 cognoscis

2163 5665 2333 5736 ipsius
2360 5664 2484 5724 libri
2521 5672 2728 5724 textum
2757 5663 3082 5735 evangelicae
3121 5661 3346 5724 lectioni
3382 5659 3746 5725 concordare,
