3930 6344
218 354 332 413 ωοι

1083 361 1436 421 COMMENT.
1465 365 1536 422 IN
1572 367 1835 426 LIBRUM
1870 367 2106 426 JOSUE.
2137 395 2211 410 —
2245 365 2374 422 LIB.
2408 363 2453 420 I.

3309 365 3448 420 1002

155 528 170 546 ,_
194 483 315 540 qua:
340 467 556 524 Domini
585 467 886 528 Saluto-ris
909 474 1149 530 ostendit
1189 455 1479 532 adventum
1506 519 1522 545 ,
1567 481 1765 550 praadi-
1793 485 1844 544 Α
1873 481 2073 536 sanctis
2098 477 2601 536 conversatiombus
2639 484 2696 531 et
2729 481 3042 545 pietatiuus,
3070 464 3449 546 exspeCtantes

213 559 494 625 cationem,
522 561 862 630 passionem,
895 565 1229 638 triumphum
1257 578 1420 638 atque
1445 571 1730 627 victoriam
1752 612 1772 640 ,

211 666 302 720 qua
326 659 559 706 mortem
585 653 873 722 vincendo,
897 653 1221 726 caelestium,
1243 663 1584 718 terrestrium
1612 672 1778 733 atque

212 743 528 799 infernorum
551 748 841 816 acquisivit
864 749 965 804 sibi
986 750 1442 810 dominationem:
1466 757 1558 826 qui
1586 771 1774 812 ascen-

209 834 325 890 dens
375 835 430 888 in
480 837 678 892 cmlum
704 879 720 904 ,
778 840 1077 912 sedensque
1127 844 1195 898 ad
1240 844 1522 901 dexteram
1569 847 1770 912 Patris,

162 925 166 928 ’
201 925 350 992 judex
393 933 477 980 est
510 935 772 984 venturus
806 929 1054 985 vivorum
1093 942 1259 1001 atque
1299 943 1671 1004 mortuorum,
1721 946 1775 993 et

205 1021 488 1075 secundum
526 1021 677 1078 Judte
723 1026 953 1093 apostoli
999 1029 1398 1084 attestationem
1447 1046 1552 1085 non
1599 1030 1774 1088 solum

203 1115 468 1181 homines,
521 1118 617 1173 sed
663 1126 722 1175 et
762 1119 983 1189 angelos
1022 1119 1361 1188 judicaturus
1403 1131 1526 1189 est;
1581 1125 1671 1194 qui
1717 1125 1772 1178 in

203 1206 429 1276 Epistula
463 1225 559 1264 sua
594 1210 668 1265 ita
699 1212 948 1281 scripsit,
979 1213 1166 1269 dicens
1193 1233 1206 1268 :
1243 1234 1262 1266 ε
1293 1215 1650 1273 Commonere
1679 1235 1775 1282 aue

204 1303 301 1350 tem
327 1312 427 1352 vos
451 1299 594 1365 volo,
624 1301 858 1356 scientes
889 1304 1058 1358 semel
1087 1307 1269 1360 omnia
1289 1346 1304 1372 ,
1335 1308 1591 1375 quoniam
1617 1307 1774 1363 Jesus

200 1389 447 1457 populum
477 1391 542 1445 de
575 1399 719 1446 terra
748 1392 967 1468 Egypti
1005 1396 1244 1462 salvans,
1282 1399 1520 1454 secundo
1553 1414 1648 1454 eos
1682 1401 1773 1469 qui

203 1493 302 1532 non
327 1480 674 1536 crediderunt
703 1485 966 1554 perdidit;
1005 1487 1224 1557 angelos
1251 1502 1381 1542 vero
1409 1488 1499 1557 qui
1528 1504 1636 1543 non
1657 1504 1776 1544 ser-

197 1580 456 1626 vaverunt
479 1587 634 1626 suum
659 1574 1046 1645 principatum,
1071 1578 1165 1631 sed
1193 1578 1595 1648 dereliquerunt
1620 1596 1774 1635 suum

199 1658 544 1728 domicilium,
583 1663 636 1718 in
664 1662 931 1732 judicium
958 1667 1065 1722 diei
1094 1669 1276 1738 magni
1297 1669 1532 1724 vinculis
1556 1671 1776 1725 aeternis

195 1753 292 1807 sub
335 1755 567 1826 caligine
610 1759 912 1812 reservavit
953 1758 1106 1830 (Jud.
1151 1761 1228 1833 5).
1265 1781 1283 1813 ι
1347 1761 1424 1817 De
1468 1761 1624 1830 cujus
1667 1761 1773 1817 diei

1874 579 1930 625 et
1960 578 2314 640 properantes
2343 569 2398 625 in
2432 569 2718 623 adventum
2757 565 2865 620 diei
2904 567 3138 633 Domini,
3163 583 3262 637 per
3285 585 3449 640 quam

1874 660 1997 716 OCBII
2027 660 2288 714 ardentes
2325 658 2623 723 solventur,
2665 662 2720 710 et
2761 655 3032 710 elementa
3070 657 3210 726 ignis
3255 659 3451 714 ardore

1874 753 2171 807 tabescent.
2219 747 2398 804 Novos
2442 763 2573 803 vero
2616 747 2783 801 caelos
2807 787 2822 812 ,
2870 755 2925 802 et
2967 762 3164 801 novam
3207 755 3408 804 terram
3429 791 3446 815 ,

1873 853 1926 899 et
1963 843 2230 914 promissa
2273 841 2444 911 ipsius
2485 847 2878 910 exspectamus,
2922 839 2978 893 in
3015 840 3210 908 quibus
3239 839 3453 909 justitia

1873 937 2101 991 habitat.
2149 936 2376 1005 Propter
2416 934 2581 1004 quod,
2623 935 2950 1012 cgharissimi,
2991 934 3107 989 haec
3132 946 3454 1005 exspectan-

1873 1038 1975 1096 tes,
2018 1030 2247 1100 satagite
2288 1029 2620 1084 immaculati
2657 1036 2714 1082 et
2753 1027 3083 1084 inviolati‘ei
3121 1028 3352 1083 inveniri
3396 1029 3452 1083 in

1872 1133 2024 1192 pace,
2049 1130 2105 1176 et
2130 1119 2343 1175 Domini
2365 1107 2539 1175 nostri
2578 1119 3046 1190 Ionganimitatem
3083 1121 3313 1176 salutem
3363 1137 3452 1175 ar-

1872 1211 2147 1266 bitremini
2170 1209 2256 1282 (ΙΙ
2287 1209 2430 1264 Petr.
2458 1226 2546 1276 ιιι,
2573 1210 2649 1280 8).
2682 1230 2700 1263 ι
2749 1209 2918 1280 Hujus
2941 1226 3070 1282 ergo
3094 1212 3453 1266 sacratissimi

1873 1301 2137 1356 adventus
2174 1301 2340 1368 diem,
2391 1310 2578 1357 sancte
2617 1301 2799 1368 Pater,
2845 1311 2970 1356 ante
3011 1303 3196 1357 oculos
3239 1319 3456 1373 semper

1873 1393 2032 1456 habe,
2077 1399 2306 1461 tuosque
2346 1392 2622 1448 latum-in
2662 1407 2948 1448 occursum
2995 1394 3214 1463 superni
3251 1393 3456 1450 Iudicis

1872 1496 2117 1552 prmpara
2159 1498 2282 1536 cum
2322 1482 2659 1553 lampadibus
2699 1499 2965 1539 bonorum
3005 1500 3228 1554 operum
3273 1485 3460 1550 lucen-_

1876 1574 2057 1640 tibus,
2107 1583 2376 1643 quatenus
2411 1576 2527 1646 ejus
2571 1577 2802 1646 gratiam
2844 1577 3122 1632 inveniens
3146 1617 3161 1644 ,
3210 1593 3332 1632 cum
3373 1578 3459 1633 his

1875 1666 1966 1734 qui
2005 1680 2036 1719 a
2077 1667 2283 1722 dextris
2321 1666 2439 1738 ejus
2481 1667 2703 1722 stabunt
2741 1669 2932 1723 audire
2966 1670 3266 1724 merearis:
3304 1687 3322 1720 ‹
3356 1667 3460 1724 V'e-

1875 1763 2018 1828 nite,
2063 1764 2334 1819 benedicti
2379 1765 2555 1820 Patris
2594 1766 2732 1831 mei,
2759 1763 3025 1834 percipite
3059 1780 3284 1834 regnum
3316 1764 3461 1834 quod

191 1844 516 1900 certitudine
556 1847 763 1917 primus
801 1848 1166 1917 apostolorum
1208 1849 1402 1905 Petrus
1441 1866 1542 1906 nos
1580 1851 1637 1906 in
1680 1844 1854 1922 suaB
1880 1854 2034 1910 vobis
2075 1864 2327 1924 paratum
2369 1863 2454 1910 est
2493 1856 2562 1916 ab
2604 1854 2816 1924 origine
2857 1853 3040 1907 mundi
3083 1852 3299 1922 (Matth.
3329 1867 3456 1918 xxv,

186 1932 433 2004 Epistula
477 1936 735 2004 instruit,
785 1937 1006 1994 dicens:
1051 1958 1071 1992 ‹
1118 1938 1296 1995 Unum
1341 1955 1468 1996 vero
1513 1942 1618 1996 hoc
1666 1957 1772 1995 non

184 2021 357 2078 lateat
396 2041 511 2090 vos,
555 2027 883 2093 eharissimi,
926 2029 1052 2098 quia
1087 2045 1228 2084 unus
1269 2030 1383 2086 dies
1425 2030 1564 2100 apud
1604 2031 1773 2085 Deum

179 2114 332 2168 sicut
377 2115 526 2169 mille
572 2118 738 2182 anni,
791 2127 845 2172 et
889 2119 1037 2173 mille
1082 2122 1209 2175 anni
1260 2121 1402 2176 sicut
1450 2121 1563 2176 dies
1612 2139 1768 2179 unus.

182 2205 304 2260 Non
349 2210 532 2264 tardat
576 2212 834 2269 Dominus
874 2216 1176 2284 promissis,
1223 2217 1318 2272 sed
1355 2216 1626 2285 patienter
1664 2219 1778 2288 agit

178 2308 414 2368 propter
448 2316 563 2366 vos,
605 2303 793 2359 nolens
833 2306 1067 2374 aliquem
1110 2307 1310 2375 perire,
1350 2306 1444 2361 sed
1481 2321 1672 2362 omnes
1707 2308 1776 2362 ad

179 2390 564 2457 paenitentiam
604 2395 826 2449 reverti.
870 2396 1136 2450 Adveniet
1181 2407 1362 2451 autem
1401 2397 1518 2452 dies
1561 2397 1775 2452 Domini

183 2487 240 2533 ut
285 2479 394 2544 fur,
441 2481 493 2534 in
535 2497 642 2552 quo
682 2485 808 2538 (εωιὶ
849 2499 1043 2556 magno
1088 2485 1294 2556 impetu
1338 2486 1620 2554 transient,
1668 2488 1775 2543 ele-

181 2579 368 2625 menta
395 2588 526 2627 vero
569 2574 750 2630 calore
797 2576 1096 2632 solventur.
1143 2578 1278 2634 Cum
1315 2578 1432 2634 haec
1467 2579 1631 2649 igitur
1658 2579 1772 2633 dis-

179 2663 448 2719 solvenda
497 2667 606 2721 sint
652 2668 834 2723 omnia
861 2709 875 2734 ,
928 2669 1118 2739 quales
1155 2678 1370 2742 Oportet
1411 2686 1508 2727 vos
1551 2687 1671 2727 esse
1717 2671 1774 2725 in

1879 1947 2004 2019 34);
2033 1967 2053 1998 ι
2099 1947 2243 2016 quod
2277 1961 2376 2001 nos
2407 1948 2732 2017 promissum
2767 1946 2949 2000 laetum
2987 1944 3194 2010 audire,
3233 1945 3460 2001 donum-

1881 2055 1984 2110 que
2023 2037 2150 2092 illud
2185 2037 2346 2093 simul
2387 2040 2670 2110 percipere
2711 2039 2828 2107 ipse
2862 2038 3122 2092 concedat
3157 2038 3247 2105 qui
3290 2051 3389 2090 nos
3417 2051 3461 2094 ;a

1878 2137 2148 2198 potestate
2195 2130 2542 2184 tenebrarum
2575 2143 2781 2183 eruere
2829 2138 2884 2182 et
2929 2128 2985 2180 in
3029 2141 3256 2197 regnum
3302 2141 3461 2180 suum

1857 2234 2176 2275 convocare
2232 2221 2484 2290 dignatus
2543 2229 2626 2276 est
2682 2217 2840 2274 Iesus
2899 2217 3146 2273 Christus
3205 2215 3464 2271 Dominus

1880 2319 2084 2365 noster.
2156 2310 2297 2365 Bene
2342 2311 2523 2365 valere
2575 2320 2629 2363 te
2675 2310 2964 2379 cupimus,
3027 2313 3212 2363 sancte
3260 2305 3460 2371 Pater,

1878 2400 2160 2470 nostrique
2213 2415 2509 2456 memorem
2574 2400 2630 2454 in
2696 2399 2870 2454 sacris
2926 2397 3260 2451 orationibus
3319 2396 3459 2450 ﬁeri.

1878 2493 2145 2548 Divinitas
2191 2492 2402 2548 Domini
2446 2491 2620 2548 nostri
2672 2489 2802 2546 Jesu
2856 2489 3058 2546 Christi
3102 2488 3270 2542 vitam
3311 2493 3462 2541 tuam

1881 2599 2168 2646 conservet
2209 2589 2266 2644 in
2305 2605 2498 2644 aevum.

952 2793 3471 2825 *ψη-...Μ

1622 2871 2029 2936 INCIPIUNT
2565 2917 2568 2919 λ

726 3012 2423 3193 COMMENTARﬂJESU
2503 3015 2932 3137 NAVE.

1348 3219 1352 3222 ’
1435 3235 1739 3314 LIBER
1814 3233 2234 3314 PRIMUS.

710 3415 938 3473 CAPUT
977 3415 1268 3473 PRIMUM.

201 3506 408 3565 Sermo
435 3506 654 3562 Domini
680 3507 749 3561 ad
768 3506 933 3562 Iosue
959 3507 1022 3560 de
1051 3509 1275 3562 ducatus
1313 3511 1396 3562 sui
1432 3510 1739 3564 ministerio.

238 3598 408 3670 (Car.
440 3597 509 3669 ι.)
541 3616 559 3648 ι
597 3597 664 3652 Ει
687 3595 893 3678 factum
919 3606 1003 3652 est
1031 3607 1153 3666 post
1183 3608 1413 3653 mortem
1438 3600 1607 3671 Moysi
1636 3602 1781 3655 servi

165 3704 198 3766 ct
235 3687 512 3755 Domini,
556 3695 616 3742 ut
659 3688 974 3758 loqueretur
1006 3687 1268 3742 Dominus
1303 3689 1371 3743 ad
1405 3688 1569 3745 Iosue
1614 3690 1782 3744 ﬁlium

165 3795 184 3828 ι
233 3777 395 3840 Nun,
436 3778 755 3832 ministrum
785 3777 975 3848 Moysi,
1007 3786 1062 3832 et
1091 3778 1324 3844 diceret,
1359 3799 1378 3832 ι
1411 3788 1516 3835 etc.
1550 3781 1784 3836 Donavit

153 3869 312 3923 Deus
360 3881 575 3922 nomen
613 3867 757 3935 quod
796 3875 880 3922 est
918 3883 1082 3936 super
1122 3884 1282 3924 omne
1327 3886 1524 3926 nomen
1554 3871 1785 3925 Domino

151 3967 208 4012 et
241 3956 550 4013 Salvatori
592 3965 779 4011 nostro
801 3955 930 4011 Jesu
953 3955 1192 4014 Christo.
1237 3960 1334 4014 Est
1362 3970 1543 4015 autem
1587 3976 1785 4016 nomen

148 4050 313 4126 quod
344 4055 446 4104 est
470 4062 637 4117 super
661 4064 823 4104 omne
845 4065 1067 4116 nomen,
1093 4050 1271 4107 Iesus.
1303 4052 1371 4106 Et
1391 4054 1518 4122 quia
1538 4063 1622 4110 est
1643 4054 1789 4110 istud

151 4158 378 4204 nomen
426 4155 600 4211 super
645 4156 807 4200 omne
849 4157 1043 4198 nomen
1083 4143 1261 4210 Jesus,
1295 4145 1499 4201 idcirco
1542 4164 1562 4197 ι
1601 4147 1656 4201 in
1692 4161 1788 4202 no-

151 4233 314 4290 mine
358 4231 508 4288 Jesu
547 4246 708 4288 omne
763 4247 906 4304 genu
942 4232 1196 4300 ﬂectitur,
1244 4236 1568 4301 caelestium,
1618 4246 1790 4292 terre-

154 4327 370 4382 strium
416 4332 482 4380 et
523 4324 881 4380 infernarum.
933 4345 952 4378 »
1022 4327 1093 4381 Et
1126 4329 1256 4398 quia
1311 4337 1394 4384 est
1437 4329 1540 4384 hoc
1590 4344 1788 4383 nomen

153 4433 336 4490 super
368 4429 555 4473 omne
579 4430 800 4480 nomen,
827 4415 1036 4474 idcirco
1059 4417 1114 4472 in
1142 4418 1326 4472 multis
1348 4418 1789 4489 generationibus
1824 4447 1830 4453 -

1771 3482 1774 3483 ν
1805 3425 1851 3490 C
1883 3420 2315 3492 cognominatur.
2352 3435 2370 3469 ι
2401 3417 2583 3483 Venit,
2614 3415 2812 3487 inquit,
2844 3416 3090 3482 Amalec,
3115 3421 3171 3470 et
3196 3429 3471 3484 expugna-

1886 3513 1980 3566 bat
2015 3512 2181 3567 Israel
2224 3529 2237 3563 :
2283 3519 2337 3565 et
2363 3509 2498 3563 dixit
2523 3507 2734 3578 Moyses
2789 3508 2856 3561 ad
2879 3505 3064 3560 Jesum
3096 3507 3152 3561 in
3181 3505 3470 3575 Raphidim

1890 3601 2085 3672 (Exod.
2120 3599 2276 3670 xvn).
2319 3619 2336 3651 ι
2405 3597 2530 3651 Haec
2571 3606 2655 3651 est
2683 3597 2856 3666 prima
2907 3596 3193 3666 appellatio
3237 3595 3472 3650 nominis

1887 3689 2033 3744 Jesu.
2072 3708 2090 3739 ι
2125 3689 2298 3757 Elige,
2326 3688 2522 3755 inquit,
2555 3686 2653 3740 tibi
2679 3687 2827 3740 viros
2855 3694 3102 3755 potentes
3129 3701 3192 3739 ex
3219 3687 3472 3741 omnibus

1891 3784 2017 3837 ﬁliis
2060 3781 2258 3848 Israel,
2302 3789 2357 3834 et
2400 3780 2658 3849 egredere
2682 3820 2696 3843 ,
2737 3787 2792 3833 et
2839 3777 3066 3850 conﬂige
3101 3795 3224 3833 cum
3253 3779 3473 3834 Amalec

1887 3873 2128 3929 crastino
2185 3891 2203 3923 ι
2271 3870 2454 3940 (Ibid.
2506 3888 2550 3924 υ.
2604 3869 2700 3942 9).
2759 3870 2969 3940 Moyses
3026 3869 3315 3924 conﬁtetur
3364 3885 3474 3927 non

1886 3977 2048 4034 posse
2079 3977 2136 4017 se
2171 3962 2471 4015 exercitum
2509 3960 2728 4025 ducere,
2760 3960 3047 4016 conﬁtetur
3076 3978 3134 4016 se
3169 3977 3277 4016 non
3314 3978 3474 4034 posse

1890 4053 2156 4117 obtinere,
2201 4051 2449 4121 quamvis
2489 4066 2614 4106 eum
2651 4051 2718 4106 de
2765 4061 2910 4105 terra
2934 4050 3155 4123 {Egypti
3197 4053 3471 4119 eduxerit;

1891 4153 1946 4199 et
1976 4145 2118 4211 ideo,
2151 4144 2347 4212 inquit,
2377 4143 2590 4198 vocavit
2621 4141 2826 4209 Iesum,
2857 4152 2911 4198 et
2939 4143 3106 4210 dixit,
3160 4162 3179 4195 ι
3213 4145 3349 4215 elige
3378 4145 3476 4200 tibi

1895 4239 2044 4292 viros
2073 4235 2260 4302 fortes,
2315 4237 2507 4305 inquit,
2538 4244 2594 4289 et
2639 4235 2917 4306 egredere.
2963 4255 2983 4288 ι
3026 4235 3190 4292 Vides
3220 4238 3305 4292 cui
3357 4254 3477 4293 ces-

1892 4329 2028 4384 serit
2060 4327 2259 4382 bellum
2294 4341 2456 4398 agere
2502 4327 2762 4382 adversus
2787 4326 3025 4381 Amalec.
3069 4327 3126 4380 In
3166 4328 3267 4380 hoc
3301 4329 3477 4396 primo

1893 4436 2089 4477 nomen
2142 4422 2402 4476 discimus
2443 4419 2607 4485 Jesu,
2683 4421 2772 4474 ubi
2822 4436 2943 4473 eum
2989 4419 3236 4472 videmus
3283 4419 3476 4473 ducem

155 4526 186 4563 a
220 4511 389 4565 nullo
433 4508 882 4578 cognominatum
911 4517 1018 4564 est.
1057 4508 1290 4580 Scripsit
1331 4510 1544 4582 Moyses
1589 4511 1786 4566 librum
1811 4497 1865 4557 D
1891 4513 2183 4567 exercitus.
2231 4511 2347 4566 Non
2392 4511 2478 4564 cui
2510 4509 2719 4580 Moyses
2760 4507 3054 4577 injunxerit
3092 4507 3474 4579 principatum,

153 4591 434 4668 Genesis,
472 4600 533 4656 in
568 4614 676 4670 quo
705 4599 936 4670 legimus
957 4599 1232 4655 Abraham
1267 4609 1326 4655 et
1362 4616 1457 4655 eos
1496 4602 1588 4670 qui
1623 4616 1691 4655 ex
1719 4617 1787 4656 eo

155 4695 430 4765 generati
479 4698 633 4755 sunt,
663 4691 719 4745 in
747 4689 944 4759 quibus
978 4698 1107 4746 sunt
1139 4691 1230 4745 isti
1260 4692 1662 4760 quamplurimi,
1693 4692 1790 4746 sed
1811 4704 1821 4715 λ’

152 4786 348 4841 nullus
385 4799 469 4839 ex
508 4782 646 4851 ipsis
673 4780 830 4838 Iesus
870 4782 1072 4838 meruit
1113 4783 1398 4837 nominari.
1442 4782 1628 4853 Neque
1656 4784 1790 4839 Abel

152 4879 349 4936 dictus
410 4885 516 4933 est
569 4874 749 4940 Iesus,
801 4889 979 4945 neque
1035 4875 1124 4930 ille
1173 4875 1265 4944 qui
1321 4874 1486 4944 cmpit
1537 4874 1791 4928 invocare

151 4986 368 5027 nomen
399 4967 642 5024 Domini
668 4965 789 5032 Dei,
837 4981 1013 5035 neque
1059 4967 1149 5021 ille
1194 4967 1287 5036 qui
1333 4967 1537 5037 placuit
1581 4965 1692 5021 Deo
1737 4972 1792 5020 et

153 5062 494 5117 translatus
530 5066 642 5123 est,
668 5056 822 5126 cujus
845 5074 1082 5128 unquam
1115 5075 1222 5114 non
1250 5068 1338 5115 est
1366 5061 1581 5116 inventa
1613 5073 1788 5112 mors:

149 5166 342 5224 neque
421 5151 533 5207 ille
594 5150 686 5218 qui
745 5148 802 5202 in
855 5150 1207 5220 generatione
1262 5165 1359 5205 sua
1414 5150 1561 5204 solus
1611 5147 1792 5217 justus

149 5240 434 5312 inventus
478 5245 577 5295 est
619 5238 761 5307 apud
785 5237 956 5292 Deum
978 5236 1111 5292 Noe.
1145 5237 1252 5293 Sed
1292 5252 1392 5291 nec
1433 5238 1548 5306 ipse
1573 5239 1793 5307 quidem

148 5333 249 5403 qui
298 5329 794 5403 repromissiones
833 5340 1118 5399 acceperat
1157 5331 1467 5385 testamenti
1494 5331 1790 5397 Abraham,

147 5437 259 5478 nec
288 5423 397 5479 ille
429 5421 543 5492 qui
578 5420 642 5476 de
673 5435 740 5476 eo
765 5429 923 5476 natus
952 5428 1036 5475 est
1058 5421 1242 5487 Isaac;
1275 5420 1372 5476 sed
1405 5436 1506 5476 nec
1535 5421 1792 5490 supplan-

147 5517 313 5570 tator
357 5511 595 5577 Jacob,
639 5527 740 5566 nec
777 5513 1065 5581 quisquam
1108 5527 1177 5568 ex
1219 5512 1344 5568 ﬁliis
1389 5511 1524 5582 ejus.
1586 5512 1796 5584 Moyses

147 5603 346 5664 ﬁdelis
391 5613 538 5662 erat
575 5603 628 5658 in
669 5605 817 5660 omni
858 5607 1018 5662 domo
1061 5621 1182 5671 sua,
1212 5608 1442 5662 necdum
1484 5616 1665 5662 tamen
1703 5624 1796 5663 vo-

148 5708 326 5756 catus
357 5698 574 5754 Jesus.
619 5695 726 5749 Sed
751 5693 933 5749 Iesum
971 5712 1169 5752 nomen
1215 5699 1450 5768 primum
1491 5699 1705 5753 invenio
1743 5700 1796 5753 in

147 5792 402 5856 Exodo;
447 5797 518 5846 et
550 5785 673 5840 volo
701 5785 894 5839 intueri
925 5787 1142 5856 quando
1178 5790 1411 5844 primum
1445 5806 1641 5844 nomen
1669 5789 1795 5845 Jcsu

615 5880 888 5941 ΡΑΤιιοι..
934 5879 1152 5944 CVIII.

1894 4603 1988 4656 sed
2014 4603 2101 4655 cui
2128 4599 2452 4655 successerit
2478 4600 2533 4652 in
2557 4601 2868 4668 primatum.
2919 4597 3035 4678 Non
3062 4607 3239 4667 potest
3265 4595 3475 4670 Moyses

1894 4693 2094 4760 eligere
2116 4690 2264 4744 viros
2290 4697 2556 4758 potentes.
2611 4706 2629 4738 ‹
2669 4688 2769 4750 Tu,
2815 4685 3007 4755 inquit,
3039 4687 3177 4759 elige
3205 4687 3300 4743 tibi
3330 4689 3478 4744 viros

1894 4789 2144 4855 potentes
2192 4795 2258 4834 ex
2296 4778 2546 4835 omnibus
2586 4778 2710 4834 ﬁliis
2755 4777 2944 4833 Israel.
2992 4799 3010 4831 ι
3075 4778 3174 4834 Hic
3208 4795 3338 4851 ergo
3385 4781 3478 4837 ubi

1894 4874 2128 4944 primum
2156 4871 2309 4932 disco
2351 4885 2549 4926 nomen
2573 4869 2721 4938 Jesn,
2754 4870 2825 4924 ibi
2863 4871 3120 4927 continuo
3158 4873 3325 4926 etiam
3363 4889 3475 4944 my-

1895 4964 2050 5019 sterii
2094 4964 2251 5019 video
2305 4971 2706 5019 sacramentum
2743 4964 2931 5018 :ducit
2982 4966 3125 5019 enim
3174 4967 3472 5020 exercitum

1893 5053 2070 5109 Jesus.
2110 5072 2128 5105 ι
2159 5054 2228 5108 Ει
2255 5056 2458 5108 factum
2485 5064 2568 5108 est
2597 5069 2719 5108 cum
2743 5054 3022 5110 extolleret
3047 5056 3256 5127 Moyses
3285 5071 3478 5112 manus

1897 5159 2058 5209 suas,
2115 5143 2479 5199 invalescebat
2520 5144 2716 5210 Israel;
2786 5162 2910 5200 cum
2977 5141 3155 5201 autem
3220 5145 3483 5218 dejiceret‘

1898 5250 2090 5291 manus
2150 5251 2298 5301 suas,
2350 5235 2716 5292 invalescebat
2742 5237 2960 5293 Amalec
3005 5235 3203 5309 (Exod.
3232 5237 3410 5308 xviii).
3452 5258 3471 5290 ι

1899 5327 2051 5381 Tunc
2088 5341 2217 5396 ergo
2259 5326 2539 5382 invalescit
2579 5326 2736 5383 Jesus
2787 5327 2981 5398 magis,
3022 5334 3077 5380 et
3116 5335 3244 5381 tunc
3283 5326 3479 5394 vincit,

1898 5419 2112 5489 quando
2141 5417 2350 5489 Moyses
2387 5421 2547 5490 erigit
2573 5436 2768 5476 manus
2797 5434 2941 5474 suas.
2972 5418 3160 5473 Victus
3185 5429 3270 5474 est
3295 5427 3476 5474 autem

1897 5510 2126 5582 populus
2156 5509 2244 5564 ille
2273 5509 2340 5564 ab
2369 5509 2608 5577 Amalec,
2640 5509 2856 5582 quando
2885 5521 2990 5562 non
3020 5506 3260 5578 erigebat
3287 5522 3482 5561 manus

1899 5619 2028 5659 suas
2060 5602 2290 5673 Moyses,
2322 5603 2416 5657 sed
2455 5611 2614 5658 erant
2646 5600 2895 5655 demissa:
2933 5599 3205 5652 deorsum.
3239 5597 3320 5652 Illi
3357 5607 3481 5653 sunt

1900 5695 2044 5750 enim
2075 5695 2271 5764 quibus
2313 5693 2541 5748 dicitur:
2575 5711 2593 5744 ι
2631 5692 2687 5746 Si
2723 5689 3019 5744 crederetis
3059 5687 3248 5759 Moysi,
3290 5688 3480 5744 crede-

1905 5789 2036 5844 retis
2083 5788 2268 5858 utique
2312 5797 2367 5842 et
2405 5787 2556 5852 mihi,
2616 5795 2670 5842 et
2704 5800 2832 5842 ecce
2875 5800 2960 5840 me
3004 5782 3169 5838 vultis
3208 5782 3479 5847 occidere,

3005 5873 3083 5937 38
