3930 6344
473 445 619 505 1007

1119 445 1177 497 Β.
1218 441 1474 498 RABANI
1513 441 1735 499 MAURI
1767 434 2089 495 ARCiilEP.
2133 431 2441 490 MOGUNT.
2483 433 2767 491 OPERUM
2800 430 2978 492 PARS
3027 428 3068 483 1.

3584 371 3740 477 tota

471 571 565 629 qui
599 569 699 626 per
729 553 903 621 legem
939 551 1257 622 placuerunt
1298 554 1434 617 Deo,
1481 552 1695 620 requies
1722 564 1827 603 non
1863 547 2042 607 datur,
2072 543 2125 603 A
2152 552 2265 600 tum
2319 539 2625 610 crederent,
2664 545 2758 599 sed
2783 545 2946 599 etiam
2977 540 3359 610 pradrcarent.
3403 550 3509 590 non
3539 541 3743 590 tamen

471 645 576 703 nisi
616 645 870 710 adiuvent
909 644 962 698 in
990 642 1194 712 praeliis
1231 646 1427 696 fratres
1467 657 1610 697 suos.
1646 639 1896 693 Mulieres
1929 649 2046 690 tan-

472 743 585 790 tum
614 743 670 788 et
705 732 938 787 infantes
973 731 1245 802 accipiunt
1269 731 1505 799 quietem
1547 744 1644 798 per
1676 727 1916 798 Moysen,
1945 740 2048 779 cte-

471 826 574 880 teri
600 832 779 880 autem
814 839 921 879 non
951 822 1317 892 requiescunt,
1343 821 1438 875 sed
1465 829 1663 874 exeunt
1692 819 1758 872 ad
1789 817 2048 871 auxilium

465 913 701 971 fratrum
730 929 969 970 suorum.
995 913 1128 968 Vide
1151 913 1419 968 laboranti
1448 913 1580 966 mihi
1607 911 1772 966 hodie
1800 911 1853 964 in
1880 923 2050 978 agone

469 1010 597 1064 vita:
625 1007 805 1077 hujus,
838 1015 892 1062 et
919 1008 1140 1062 habenti
1170 1015 1446 1061 certamen
1484 1003 1743 1059 adversus
1778 1005 2048 1067 inimicos,

465 1103 526 1160 id
550 1111 655 1168 cst,
684 1101 986 1157 contrarias
1026 1107 1340 1170 potestates,
1380 1099 1652 1168 quomodo
1694 1098 1746 1150 in
1789 1097 2048 1150 auxilium

465 1195 694 1251 veniunt
731 1193 808 1248 illi
839 1193 930 1264 qui
962 1200 1087 1246 ante
1126 1191 1417 1245 adventum
1444 1189 1571 1244 Jesu
1602 1188 1802 1243 Christi
1834 1187 2049 1242 Domini

435 1283 576 1343 'mei
627 1287 681 1340 in
724 1285 840 1356 lege
882 1283 1163 1352 justiﬁcati
1215 1291 1358 1336 sunt.
1409 1280 1542 1335 Vide
1575 1279 1845 1348 quomodo
1888 1279 2052 1331 Isaias

467 1386 689 1450 praestet
727 1375 1010 1440 auxilium,
1056 1388 1120 1428 ac
1158 1389 1244 1428 me
1274 1372 1614 1427 sermonibus
1660 1387 1772 1425 sua:
1805 1369 2052 1423 lectionis

469 1470 751 1524 illuminet.
779 1467 912 1522 Vide
932 1465 1234 1520 accinctum
1255 1473 1310 1518 et
1333 1463 1640 1532 expeditum
1660 1461 1936 1529 juvantem
1962 1459 2052 1514 ,ιθ-

469 1562 693 1616 remiam
717 1559 786 1615 ad
808 1559 1068 1614 auxilium
1091 1566 1356 1622 nostrum,
1377 1565 1432 1610 et
1448 1555 1739 1611 voluminis
1758 1556 1838 1609 sui
1855 1553 2055 1622 jaculis

466 1653 652 1707 hostes
678 1650 975 1705 acerrimos
993 1690 1006 1715 ,
1034 1649 1090 1704 id
1111 1657 1194 1704 est
1212 1690 1226 1714 ,
1258 1648 1508 1702 tenebras
1536 1646 1714 1701 cordis
1740 1646 1878 1708 mei,
1916 1643 2052 1698 etfu-

468 1755 704 1816 gantem.
721 1744 1040 1813 Accingitur
1064 1745 1120 1798 ﬁ
1143 1743 1330 1798 Daniel
1354 1745 1420 1796 ad
1447 1741 1703 1796 auxilium
1727 1755 1848 1794 cum
1865 1753 1964 1793 nos
1987 1737 2054 1792 de

427 1825 668 1890 'Christi
715 1835 1002 1906 praesentia
1050 1843 1106 1889 et
1149 1849 1349 1904 regno,
1395 1841 1448 1888 et
1499 1831 1820 1886 Antichristi
1873 1829 2054 1883 futura

2147 637 2310 691 etiam
2344 638 2530 691 videre
2561 644 2616 689 et
2636 636 2861 705 adipisci
2891 649 2954 688 ea
2980 646 3100 701 quae
3151 626 3498 686 crediderant
3537 634 3747 695 μοι-ηε»

2148 735 2296 789 runt,
2327 727 2467 781 sicut
2494 735 2548 780 et
2571 726 2831 780 Dominus
2853 721 3135 792 discipulis
3163 720 3276 774 suis
3317 717 3453 772 dixit
3477 718 3546 774 de
3592 717 3703 772 his
3727 732 3742 771 :

2153 834 2174 867 ι
2204 816 2341 882 Quia
2369 815 2525 870 multi
2542 815 2676 884 justi
2719 824 2776 870 et
2797 816 3076 884 propheta:
3098 810 3384 879 cupierunt
3406 809 3588 864 videre
3617 823 3746 878 quae

2147 922 2247 962 vos
2267 907 2481 972 videtis,
2514 915 2571 962 et
2598 921 2704 962 non
2731 907 3014 970 viderunt;
3051 912 3108 958 et
3149 901 3335 958 audire
3360 915 3482 970 qua:
3505 914 3606 954 vos
3644 915 3743 954 au-

2147 998 2296 1063 ditis,
2325 1007 2380 1051 et
2409 1011 2516 1051 non
2539 997 2828 1052 audierunt
2855 995 3008 1066 (Luc.
3065 994 3144 1065 ι).
3196 1015 3214 1048 i
3258 994 3374 1050 Non
3427 995 3573 1050 enim
3623 1005 3742 1049 erat

2151 1087 2286 1142 ﬁdes
2313 1103 2499 1143 eorum
2525 1089 2755 1159 integra,
2780 1101 2878 1156 pro
2907 1102 2973 1142 eo
2993 1085 3142 1156 quod
3167 1085 3406 1142 nondum
3435 1084 3486 1139 in
3516 1085 3742 1140 Christo

2149 1178 2327 1234 fuerat
2355 1180 2687 1248 dispensatio
2717 1179 2901 1233 carnis
2923 1178 3166 1248 impleta.
3198 1177 3264 1232 Et
3293 1175 3438 1246 quod
3464 1194 3614 1232 nunc
3643 1193 3741 1231 nos

2146 1269 2260 1338 jam
2285 1269 2488 1325 factum
2514 1272 2784 1325 credimus
2813 1278 2870 1325 et.
2915 1269 3215 1340 impletum,
3248 1269 3322 1323 illi
3359 1270 3738 1324 tantummodo

2153 1363 2397 1417 futurum
2423 1363 2736 1417 credebant.
2766 1363 3060 1430 Propterea
3078 1376 3209 1432 ergo
3230 1361 3404 1415 tribus
3433 1360 3537 1414 illa:
3563 1376 3740 1431 neque

2155 1453 2275 1508 duae
2297 1462 2440 1517 sunt,
2466 1469 2642 1522 neque
2667 1460 2822 1507 extra
2859 1453 3021 1506 ﬁdem
3046 1462 3172 1508 sunt
3216 1452 3523 1517 Trinitatis;
3562 1468 3742 1522 neque

2153 1553 2268 1600 tres
2299 1547 2520 1614 integra:
2548 1554 2603 1599 et
2623 1545 2901 1614 perfectae,
2934 1560 3002 1599 ne
3023 1545 3198 1599 beata:
3229 1543 3506 1600 Trinitatis
3544 1545 3602 1598 in
3632 1544 3742 1598 illis

2155 1636 2266 1706 jam
2299 1643 2700 1690 sacramentum
2744 1633 3023 1689 videretur
3071 1633 3369 1702 impletum,
3401 1635 3496 1688 sed
3521 1634 3739 1690 contiu-

2157 1735 2343 1798 gerent
2370 1725 2585 1795 quidem
2615 1724 2837 1779 tertium
2864 1738 3170 1778 numerum.
3200 1723 3269 1778 Et
3298 1724 3441 1779 sicut
3466 1723 3610 1778 dixit
3640 1725 3738 1778 Do-

2157 1821 2358 1882 minus,
2387 1820 2672 1888 cupierant
2692 1817 2876 1871 videre
2905 1831 3026 1884 quae
3052 1815 3310 1881 vidimus,
3340 1824 3396 1871 et
3422 1815 3614 1872 audire
3630 1832 3742 1885 quae

463 1925 657 1980 fraude
690 1926 912 1980 instruit
938 1936 990 1980 et
1020 1927 1296 1980 admonet.
1321 1924 1489 1978 Adest
1514 1934 1568 1977 et
1591 1921 1839 1976 Ezechiel
1871 1933 2056 1975 sacra-
2085 1907 2137 1968 B
2162 1911 2494 1975 audivimus;
2547 1910 2638 1963 sed
2689 1909 2912 1962 minime
2952 1915 3286 1976 ροιυθτιωι,
3332 1907 3462 1976 quia
3505 1906 3740 1961 nondum

469 2027 649 2071 menta
698 2016 852 2072 nobis
901 2016 1144 2071 cmlestia
1203 2017 1256 2070 in
1308 2013 1770 2084 quadriformibus
1813 2019 2057 2065 rotarum

427 2183 430 2186 ἠ
467 2108 685 2164 circulis
712 2108 958 2180 signans,
983 2115 1037 2161 et
1069 2115 1244 2160 rotam
1277 2107 1331 2159 in
1368 2115 1483 2160 rota
1515 2104 1863 2159 concludens.
1900 2101 2060 2156 Ducit

425 2193 430 2204 ⁷
468 2207 528 2252 et
555 2195 692 2254 Osee
739 2197 824 2253 bis
871 2213 1029 2252 senas
1060 2195 1361 2266 prophetici
1422 2194 1654 2265 agminis
1703 2199 1953 2246 turmas:
2005 2199 2060 2244 et

417 2277 420 2284 ’
471 2288 771 2358 procedunt
797 2303 988 2342 omnes
1020 2286 1280 2341 succincti
1328 2285 1538 2339 lumbos
1568 2285 1623 2337 in
1645 2282 1874 2336 veritate
1893 2295 2058 2350 quam

470 2377 769 2446 praedicant
800 2375 853 2429 in
891 2374 1152 2428 auxilium
1192 2373 1422 2426 fratrum
1469 2387 1710 2435 suorum,
1763 2379 1821 2424 ut
1868 2384 2058 2424 eorum

417 2471 420 2474 ’
470 2465 834 2519 voluminibus
880 2465 1171 2528 instructi,
1239 2462 1530 2518 diabolicas
1587 2477 1692 2516 non
1748 2462 2060 2531 ignoremus

473 2556 720 2611 astutias.
745 2555 838 2610 lsti
869 2570 999 2623 ergo
1026 2556 1118 2625 qui
1144 2554 1249 2607 viri
1272 2553 1440 2609 fortes
1464 2563 1608 2618 sunt,
1625 2555 1820 2608 armati
1846 2561 1901 2608 et
1921 2567 2059 2622 pra:-

413 2637 421 2658 ³
473 2643 636 2700 cincti
688 2643 900 2698 lumbos
951 2644 1006 2698 in
1063 2645 1314 2708 veritate,
1348 2655 1549 2698 exeunt
1587 2643 1642 2698 in
1673 2643 1930 2697 auxilium
1963 2659 2060 2698 no-

469 2743 644 2789 strum
673 2752 685 2786 :
716 2749 974 2788 numerus
999 2733 1346 2802 adimpletur,
1380 2741 1436 2786 et
1463 2740 1706 2802 pugnant
1741 2734 2048 2788 nobiscum.

465 2822 706 2877 Infantes
735 2830 917 2876 autem
944 2831 998 2876 et
1030 2822 1287 2876 mulieres
1324 2837 1432 2877 non
1457 2831 1657 2876 exeunt
1696 2823 1762 2876 ad
1816 2823 2058 2892 praelium

472 2922 737 2969 nostrum.
765 2911 876 2966 Nec
893 2913 1116 2977 mirum,
1143 2929 1250 2966 non
1287 2913 1430 2967 enim
1480 2913 1679 2966 dicitur
1715 2913 1801 2966 vir
1824 2927 1943 2966 esse
1966 2911 2058 2980 qui

471 3022 580 3060 non
610 3005 866 3076 loquitur.
899 3004 1038 3072 Quid
1079 3020 1166 3059 me
1194 3019 1324 3074 ergo
1345 3005 1536 3075 juvare
1559 3005 1736 3074 potuit
1785 3005 1877 3075 qui
1925 3003 2060 3057 nihil

433 3085 435 3100 ³
474 3093 687 3150 locutus
716 3103 831 3160 est;
866 3093 1025 3163 cujus
1049 3093 1182 3148 nihil
1224 3093 1442 3148 invenio
1491 3095 1633 3162 quod
1680 3093 1879 3164 legam,
1908 3094 2062 3163 cujus

475 3201 564 3240 me
593 3199 913 3253 responsum
954 3199 1062 3238 non
1107 3185 1367 3238 instruit?
1413 3183 1692 3239 Mulierem
1743 3199 1876 3238 vero
1925 3185 2061 3238 dixit

2164 2001 2333 2056 Filius
2354 2000 2590 2054 hominis
2618 1997 2796 2052 fuerat
2816 1996 3108 2061 exaltatus,
3137 2011 3240 2050 nec
3293 2004 3600 2065 temporum
3630 1994 3737 2061 jam

2161 2099 2387 2147 venerat
2417 2091 2712 2162 plenitudo.
2767 2089 2866 2144 Hic
2909 2103 2997 2144 me
3049 2088 3217 2142 etiam
3254 2087 3464 2156 aliquid
3517 2087 3740 2157 amplius

2161 2192 2460 2253 permovet.
2517 2181 2630 2247 Ego
2677 2188 2807 2249 puto
2857 2179 3002 2248 quod
3042 2177 3277 2232 fortasse
3300 2192 3401 2231 nec
3431 2178 3484 2230 in
3517 2177 3739 2230 advenat

2161 2275 2286 2329 Jesu
2318 2285 2371 2330 et
2396 2272 2771 2328 incarnatione
2815 2269 2932 2338 ejus
2966 2271 3019 2324 id
3069 2269 3217 2339 quod
3257 2268 3554 2338 perfectum
3584 2277 3663 2321 est
3691 2273 3744 2320 et

2163 2369 2435 2437 integrum
2472 2365 2724 2419 diximus.
2765 2363 2873 2418 Sed
2911 2378 3012 2417 nec
3049 2362 3094 2417 si
3126 2361 3194 2417 ad
3231 2376 3448 2417 crucem
3493 2361 3738 2422 ducatu;

2161 2468 2217 2513 et
2246 2463 2656 2512 consummetur
2677 2457 2731 2510 in
2759 2455 3032 2520 omnibus,
3055 2470 3154 2508 nec
3183 2454 3231 2508 si
3261 2469 3296 2506 a
3328 2453 3546 2508 mortuis
3563 2467 3742 2508 resur-

2163 2551 2389 2616 rexerit,
2421 2558 2615 2605 cuncta
2641 2549 2799 2603 nobis
2820 2565 2916 2618 per
2945 2549 3303 2618 semetipsum
3349 2563 3470 2618 quae
3511 2547 3742 2617 perfecta

2165 2653 2291 2697 sunt
2316 2642 2522 2700 pandit.
2549 2641 2709 2694 Aliud
2733 2641 2909 2694 adhuc
2950 2654 3086 2709 opus
3112 2641 3400 2703 habemus,
3431 2641 3574 2710 quod
3595 2639 3742 2694 nobis

2165 2736 2373 2806 aperiat
2395 2743 2450 2790 et
2479 2734 2682 2789 revelet
2709 2733 2985 2788 universa.
3032 2734 3172 2787 Audi
3237 2734 3418 2802 ipsum
3471 2732 3743 2788 Dominum

2165 2827 2432 2880 dicentem
2463 2841 2475 2878 :
2514 2843 2532 2875 ι
2565 2823 2725 2878 Multa
2761 2824 2936 2878 adhuc
2964 2822 3138 2878 habeo
3179 2839 3301 2893 qna:
3352 2825 3511 2879 vobis
3547 2825 3739 2896 loquar,

2166 2918 2297 2971 dixu
2320 2958 2334 2981 ,
2363 2917 2458 2971 sed
2494 2931 2600 2969 non
2629 2915 2856 2984 potestis
2891 2915 2980 2968 illa
3008 2915 3169 2968 modo
3203 2913 3415 2968 audire.
3445 2915 3632 2970 Veniet
3657 2931 3744 2968 au-

2167 3018 2272 3062 tem
2340 3008 2574 3078 Spiritus
2627 3007 2872 3060 veritatis
2924 3007 3014 3075 qui
3080 3021 3110 3059 a
3172 3005 3338 3060 Patre
3397 3005 3653 3076 procedit,
3692 3014 3742 3060 et

2166 3097 2234 3150 de
2295 3111 2419 3151 meo
2468 3096 2731 3166 accipiet,
2773 3104 2828 3150 et
2883 3095 2972 3149 ille
3038 3095 3192 3150 vobis
3256 3095 3522 3150 indicabit
3573 3095 3742 3151 omnia

2149 3187 2354 3258 '(Joan.
2387 3188 2520 3261 xvi).
2559 3208 2577 3240 ι
2610 3187 2774 3242 Vides
2797 3187 2924 3256 quia
2975 3201 3084 3241 non
3117 3186 3297 3241 solum
3348 3187 3491 3256 apud
3537 3186 3741 3256 Moysen

473 3274 749 3345 apostolus
801 3274 1081 3327 infirmum
1115 3289 1211 3328 vas
1245 3289 1364 3329 esse
1402 3274 1454 3345 (Ι
1506 3271 1650 3327 Petr.
1703 3277 1806 3344 ιιι).
1855 3275 1982 3328 lnde
2010 3283 2065 3328 et
2091 3257 2137 3321 (οἷ
2173 3257 2273 3334 iste
2300 3257 2495 3333 tertius
2518 3294 2775 3332 numerus
2801 3294 2907 3332 non
2937 3279 3348 3332 demonstratur
3377 3277 3744 3348 implems,sed

433 3379 436 3382 '
477 3373 877 3434 consequenter
909 3363 1183 3417 infirmum
1231 3379 1328 3418 vas
1376 3365 1444 3419 ad
1492 3363 1799 3418 conﬂictum
1841 3380 1948 3418 non
1969 3380 2064 3420 ve-

477 3457 619 3525 niat,
651 3474 720 3513 ne
744 3455 1119 3526 confringatur
1146 3464 1201 3510 et
1230 3464 1434 3526 pereat.
1489 3455 1578 3511 Sic
1623 3471 1857 3526 namque
1896 3465 1952 3511 et
1997 3458 2063 3512 de

419 3547 424 3550 ’
473 3547 604 3605 Jesu
637 3547 867 3603 Domino
899 3546 954 3600 in
984 3545 1290 3616 Evangeliis
1321 3546 1555 3600 dicitur:
1587 3563 1606 3597 ‹
1629 3547 1766 3612 Quia
1794 3545 2061 3601 calamum

479 3646 796 3711 quassatum
820 3652 927 3691 non
955 3635 1260 3706 confringet
1289 3633 1505 3704 (Matth.
1535 3635 1657 3706 xu).
1696 3653 1714 3686 ι
1769 3637 1906 3702 Quia
1934 3651 2063 3705 ergo

401 3721 408 3744 ί
473 3730 730 3785 mulieres
752 3744 782 3781 a
809 3727 941 3782 viris
963 3728 1078 3781 suis
1101 3727 1243 3781 domi
1284 3725 1468 3782 doceri
1489 3727 1771 3797 jubentur,
1797 3736 1853 3781 et
1882 3727 2058 3795 magis

409 3823 416 3828 '
481 3820 539 3874 in
563 3818 952 3888 discipulorum
981 3833 1143 3887 quam
1173 3818 1230 3871 in
1262 3818 1571 3872 docentium
1595 3833 1826 3886 persona
1853 3833 2063 3887 ponun-

401 3915 426 3934 ·’
479 3919 589 3979 tur,
609 3913 664 3966 in
689 3911 949 3966 auxilium
976 3925 1156 3966 meum
1187 3925 1294 3966 non
1327 3911 1613 3966 conveniat
1639 3911 1732 3979 qui
1760 3925 1846 3965 me
1867 3911 2063 3966 dooere

400 4005 406 4014 '
481 4017 588 4058 non
619 4011 816 4072 potest.
844 4001 990 4072 Ergo
1011 4002 1141 4071 quid
1173 4002 1359 4057 dicunt
1391 4001 1457 4055 ad
1489 4000 1673 4056 Jesum
1719 4001 1806 4056 isti
1844 4003 1934 4073 qui
1968 4018 2064 4058 ve-

402 4093 406 4102 ’
483 4097 640 4150 niunt
664 4112 732 4151 ex
766 4097 873 4149 ista
902 4106 1046 4150 terra
1069 4109 1233 4165 quam
1257 4097 1532 4152 distribuit
1573 4096 1820 4168 Moyses?
1853 4118 1873 4149 ς
1909 4097 2064 4154 Sicut

485 4183 813 4246 audivimus,
862 4201 880 4232 ι
913 4183 1084 4247 aiunt,
1118 4203 1136 4233 ι
1175 4183 1415 4252 Moysen,
1443 4185 1518 4238 ita
1541 4186 1821 4239 audiemus
1847 4194 1905 4239 et
1929 4193 1999 4240 te.
2039 4205 2058 4236 ι

483 4271 629 4327 Nihil
651 4279 761 4326 tam
781 4285 968 4325 verum
992 4286 1155 4339 quam
1171 4275 1314 4340 quod
1335 4274 1513 4328 omnis
1537 4276 1629 4343 qui
1650 4277 1801 4329 audit
1819 4276 2061 4346 Moysen,

477 4362 663 4418 audiat
681 4369 737 4417 et
759 4359 944 4416 Iesum
964 4360 1249 4415 Dominum
1271 4369 1548 4428 nostmm;
1577 4365 1645 4418 de
1669 4363 1796 4418 Jesu
1811 4365 1956 4417 enim
1978 4364 2066 4418 ille

480 4457 719 4527 scripsit.
757 4455 910 4511 Unde
941 4462 997 4510 et
1017 4453 1278 4509 Dominus
1309 4455 1364 4509 in
1393 4455 1684 4526 Evangelia
1711 4470 1945 4526 arguens
1973 4471 2065 4510 eos

385 4557 396 4614 λ
478 4549 570 4617 qui
600 4562 667 4601 ex
691 4563 756 4603 eo
788 4547 931 4617 quod
960 4547 1063 4602 sibi
1092 4559 1201 4601 non
1227 4548 1472 4613 credunt,
1500 4564 1600 4604 nec
1623 4548 1792 4620 Moysi
1819 4551 2061 4618 credant,

475 4640 612 4694 dicit
646 4659 658 4692 :
699 4659 717 4690 ι
751 4639 807 4694 Si
855 4640 1025 4711 Moysi
1077 4640 1393 4704 crederetis,
1450 4641 1744 4696 crederetis
1782 4643 1968 4712 utique
2011 4654 2066 4698 et

387 4738 396 4759 τ
486 4727 619 4782 mihi
658 4745 670 4780 :
718 4728 784 4784 de
823 4744 912 4784 me
962 4731 1106 4786 enim
1155 4730 1243 4785 ille
1295 4731 1512 4801 scripsit
1555 4730 1736 4802 (Joan.
1768 4733 1844 4805 ν).
1880 4751 1899 4784 ι
1933 4731 2064 4786 Mihi

382 4825 396 4834 '
479 4825 662 4871 tamen
687 4832 790 4872 nec
824 4819 928 4874 hoc
951 4820 1184 4876 otiosum
1218 4821 1429 4876 videtur
1480 4823 1624 4892 quod
1653 4839 1758 4878 non
1799 4832 1909 4879 tres
1934 4825 2070 4878 inte-

389 4899 398 4908 ’
481 4920 592 4977 gra:
627 4905 802 4961 tribus
843 4908 951 4961 sint
989 4909 1105 4964 ista;
1131 4921 1251 4979 qua:
1278 4925 1378 4979 per
1405 4911 1621 4981 Moysen
1657 4913 2060 4981 dispensantur,

395 5001 400 5004 ’
483 5013 588 5053 nec
623 4995 729 5053 illa:
752 4999 978 5067 integrae
1007 5015 1203 5055 novem
1225 5015 1344 5070 qua:
1362 5017 1462 5070 per
1480 5000 1665 5056 Jesum
1694 5003 2064 5058 haereditatem

484 5088 803 5158 potiuntur;
835 5089 933 5143 sed
962 5088 1079 5142 dum
1117 5098 1173 5144 et
1223 5093 1387 5147 semis
1416 5093 1526 5158 hic,
1567 5102 1622 5145 et
1667 5093 1742 5148 ibi
1791 5109 1982 5147 novem
2013 5103 2069 5149 et

479 5179 650 5236 semis
682 5197 696 5232 :
724 5188 780 5232 et
800 5179 877 5232 ita
903 5193 1012 5232 una
1035 5177 1291 5234 dividitur
1315 5183 1486 5238 tribus
1515 5183 1569 5236 in
1593 5183 1728 5237 duas
1748 5192 1953 5254 partes,
1970 5199 2068 5253 per

477 5285 641 5340 quam
670 5285 845 5340 neque
872 5269 963 5324 hic
1003 5270 1200 5324 tertius
1224 5286 1480 5328 numerus
1509 5274 1855 5344 adimpletur,
1889 5291 2066 5346 neque

476 5360 558 5418 ibi
587 5361 770 5417 decem
802 5362 1056 5432 perfectas
1103 5369 1157 5415 et
1205 5362 1425 5432 integra:
1477 5375 1949 5424 consummantur.
2004 5367 2066 5420 In

477 5466 589 5522 quo
613 5454 851 5509 arbitror
876 5454 1005 5509 illud
1033 5454 1281 5517 indicari,
1309 5455 1434 5522 quia
1456 5455 1561 5511 illis
1580 5459 1853 5527 prioribus
1871 5461 1963 5530 qui
1986 5460 2063 5515 le-

477 5558 604 5617 gem
631 5547 863 5614 agebant
887 5546 1174 5618 contigerit
1213 5546 1430 5615 quidem
1476 5548 1701 5604 scientia
1745 5551 2057 5618 Trinitatis,

385 5639 388 5642 ’
479 5652 585 5694 nec
621 5648 801 5694 tamen
831 5639 1038 5712 integre
1061 5649 1115 5695 et
1142 5638 1400 5710 perfecte,
1431 5639 1524 5693 sed
1552 5654 1621 5694 ex
1654 5649 1826 5711 parte.
1863 5643 2062 5698 Deerat

401 5721 404 5724 ’
486 5728 630 5781 enim
657 5728 762 5784 illis
784 5730 840 5784 in
867 5730 1155 5795 Trinitate,
1187 5731 1349 5786 etiam
1397 5730 1466 5784 de
1498 5729 1766 5800 Unigeniti
1806 5735 2057 5788 incarna-

489 5818 632 5873 tione
652 5835 991 5889 cognoscere.
1009 5823 1141 5878 Nam
1169 5825 1291 5880 licet
1319 5825 1383 5881 de
1406 5824 1638 5881 adventu
1665 5827 1780 5895 ejus
1805 5843 1913 5882 non
1935 5837 2056 5882 tau-

2169 3373 2346 3427 adhuc
2369 3382 2426 3428 et
2443 3372 2600 3428 Jesus
2625 3373 2756 3426 dicit
2808 3371 3082 3441 discipulis
3112 3373 3226 3426 suis
3250 3390 3262 3424 :
3305 3390 3324 3422 ‹
3380 3371 3618 3425 Nondum
3647 3383 3747 3439 po-

2171 3465 2326 3518 testis
2355 3464 2564 3529 audire,
2591 3464 2692 3518 nisi
2721 3463 2811 3517 ille
2834 3463 3149 3517 Paracletus
3171 3463 3380 3525 veniat,
3407 3461 3640 3532 Spiritus
3655 3475 3746 3512 ve-

2169 3557 2380 3619 ritatis;
2421 3575 2442 3606 »
2471 3555 2598 3624 quia
2619 3570 2717 3624 per
2739 3555 2915 3624 ipsum
2945 3563 3000 3607 et
3029 3554 3083 3606 in
3105 3553 3223 3622 ipso
3269 3553 3595 3623 adimpletur
3623 3565 3747 3620 per-

2168 3645 2332 3702 fectio
2357 3645 2658 3699 Trinitatis.
2691 3644 2825 3698 Nam
2847 3647 2992 3714 quod
3038 3659 3228 3699 novem
3277 3654 3331 3697 et
3379 3645 3545 3698 semis
3575 3644 3752 3696 tribus

2169 3747 2295 3794 sunt
2324 3753 2446 3808 quae
2473 3739 2573 3792 sub
2601 3736 2727 3792 Jesu
2757 3737 2894 3792 duce
2917 3746 3160 3808 aguntur,
3184 3746 3237 3789 et
3263 3749 3369 3787 non
3394 3734 3626 3802 integra:
3650 3734 3754 3786 de-

2167 3846 2306 3895 cem,
2340 3830 2432 3898 qui
2463 3841 2722 3882 numerus
2753 3829 2807 3882 in
2829 3828 3081 3882 omnibus
3107 3830 3504 3881 wnwmmatus
3547 3822 3752 3878 dicitur

2166 3930 2223 3977 et
2270 3919 2576 3991 perfectus;
2606 3919 2795 3973 eadem
2839 3918 2957 3972 sine
2985 3917 3148 3971 dubio
3178 3915 3316 3970 ratio
3367 3914 3661 3975 invenitur,
3687 3919 3746 3965 ut

2166 4015 2271 4069 hoc
2295 4012 2436 4082 quod
2479 4027 2510 4064 a
2561 4009 2790 4064 Domino
2841 4017 3027 4063 nostro
3070 4006 3196 4062 Jesu
3228 4004 3503 4060 reservari
3533 4003 3738 4065 dicitur,

2169 4103 2397 4174 Spiritui
2451 4110 2639 4156 sancto
2679 4099 3037 4169 semiplenth
3094 4097 3346 4152 videatur
3397 4111 3462 4150 ac
3499 4093 3737 4149 medium.

2168 4193 2426 4260 Quamvis
2474 4193 2618 4246 enim
2663 4205 2763 4260 per
2805 4189 3090 4244 Dominum
3117 4198 3172 4242 et
3221 4179 3747 4251 Salvatorempteni-

2169 4286 2341 4341 tentia
2364 4283 2708 4354 praedicetur,
2734 4289 2792 4336 et
2811 4280 3096 4338 conversio
3139 4294 3170 4332 a
3201 4278 3365 4332 malis
3423 4277 3490 4330 ad
3517 4275 3665 4336 bona,
3684 4277 3742 4325 et

2169 4375 2329 4428 detur
2360 4373 2611 4427 omnibus
2632 4371 2977 4425 credentibus
3016 4369 3266 4423 remissio
3298 4374 3652 4437 peccatorum,
3682 4369 3739 4414 et

2171 4463 2350 4518 omnia
2376 4479 2496 4532 qua:
2522 4461 2588 4516 ad
2611 4461 2999 4532 perfectionem
3030 4460 3095 4514 de
3136 4459 3332 4513 eodem
3358 4459 3602 4512 videntur
3621 4462 3742 4506 ten-

2169 4553 2298 4608 dere
2324 4554 2698 4622 compleantur
2739 4571 2748 4605 :
2779 4561 2955 4606 tamen
2987 4549 3250 4620 perfectio
3281 4557 3339 4603 et
3384 4561 3587 4603 summa
3615 4559 3740 4598 cun-

2173 4655 2385 4701 ctorum
2408 4644 2672 4699 bonorum
2696 4643 2750 4698 in
2777 4643 2880 4697 hoc
2901 4641 3175 4704 consistit,
3207 4641 3252 4693 si
3283 4646 3407 4709 post
3439 4639 3553 4692 hac
3573 4632 3737 4689 omnia

2172 4735 2346 4792 sancti
2403 4734 2638 4804 Spiritus
2694 4734 2816 4802 quis
2857 4733 3092 4802 gratiam
3149 4739 3433 4784 mereatur
3485 4727 3738 4794 accipere.

2171 4827 2428 4898 Alioquin
2457 4827 2592 4882 nihil
2633 4828 2689 4881 in
2725 4841 2791 4881 eo
2817 4825 3118 4894 perfectum
3142 4823 3449 4892 putabitur,
3475 4819 3560 4874 cui
3584 4813 3742 4886 Spiri-

2173 4929 2260 4975 tus
2279 4926 2499 4974 sanctus
2519 4918 2688 4980 deest,
2709 4932 2808 4986 per
2829 4930 2994 4985 quem
3025 4913 3348 4984 mysterium
3368 4912 3541 4966 beata:
3579 4903 3740 4961 Trini-

2173 5013 2301 5067 tatis
2331 5010 2602 5080 impletur.
2644 5010 2738 5064 Vis
2764 5018 2824 5062 ut
2849 5009 3028 5064 adhuc
3051 5006 3150 5061 tibi
3177 5004 3483 5064 evidentius
3499 4999 3745 5070 pmbetn.

2175 5102 2315 5172 apud
2336 5103 2572 5172 priorem
2597 5099 2876 5170 pepulum,
2919 5099 3067 5153 illum
3093 5111 3258 5166 quem
3301 5094 3507 5164 Moyses
3532 5091 3587 5144 in
3615 5088 3750 5141 dua—

2170 5194 2274 5247 bus
2292 5200 2348 5247 et
2377 5193 2542 5247 semis
2570 5191 2817 5245 tribubus
2838 5188 3219 5252 adumbrabat,
3249 5202 3357 5240 non
3383 5183 3548 5237 fuisse
3574 5176 3750 5232 omnia

2171 5285 2377 5354 integra
2409 5293 2464 5338 et
2487 5281 2767 5354 perfecta?
2791 5281 3044 5337 Declarat
3072 5279 3238 5334 etiam
3260 5276 3351 5331 illa
3381 5273 3610 5329 historia
3635 5280 3754 5336 qua:

2171 5374 2225 5428 in
2277 5376 2382 5429 hoc
2423 5374 2563 5428 libro
2584 5373 2713 5428 Jesu
2760 5371 2907 5426 Nave
2949 5371 3154 5440 scripta
3217 5376 3306 5424 est
3341 5387 3355 5419 :
3418 5365 3547 5434 quia
3590 5361 3754 5416 altare

2171 5465 2387 5534 quidem
2415 5477 2602 5518 verum
2623 5473 2744 5518 erat
2774 5464 2832 5519 in
2861 5463 2950 5516 illa
2978 5471 3126 5517 terra
3154 5476 3321 5530 quam
3361 5457 3520 5512 Iesus
3542 5453 3758 5522 dispen-

2170 5555 2355 5620 sabat;
2385 5555 2472 5608 isti
2507 5563 2684 5609 tamen
2712 5554 2805 5622 qui
2832 5563 2994 5608 erant
3035 5559 3186 5606 trans
3211 5547 3532 5608 Iordanem,
3571 5543 3626 5596 id
3650 5547 3752 5594 est.

2169 5644 2355 5698 Ruben
2388 5653 2442 5698 et
2475 5643 2612 5708 Gad,
2640 5654 2695 5699 et
2724 5644 2946 5700 dimidia
2993 5643 3169 5698 tribus
3197 5639 3476 5702 Mariasse,
3509 5637 3756 5689 fecerunt

2165 5734 2268 5789 sibi
2291 5734 2481 5800 altare,
2511 5735 2606 5789 sed
2633 5750 2736 5788 non
2765 5751 2952 5788 verum
2986 5733 3183 5796 altare,
3231 5731 3328 5786 sed
3379 5727 3528 5798 quod
3580 5732 3755 5794 ιῖνυω

2163 5826 2461 5882 haberetet
2480 5825 2711 5880 formam
2747 5825 2860 5880 veri
2886 5825 3095 5889 altaris,
3142 5822 3284 5892 quod
3326 5831 3444 5873 erat
3489 5812 3634 5886 apud
3654 5807 3756 5865 ιε-
