3930 6344
1153 353 1504 413 COMMENT.
1548 355 1613 410 IN
1655 355 1914 413 LIBRUM
1953 355 2185 414 IOSUE.
2226 389 2298 400 —
2333 358 2463 413 LIB.
2505 357 2546 412 Ι.

3341 346 3481 407 lOlO

232 487 364 529 sum.
397 468 541 524 Nihil
587 482 718 537 ergo
765 468 980 522 mireris
1001 469 1042 522 si
1079 484 1182 523 non
1223 469 1490 540 integram
1514 453 1797 526 scienﬂ'am
1824 471 2112 531 A'ratores
2136 471 2291 536 duos,
2318 471 2517 541 Legem
2543 478 2606 524 et
2620 467 2967 538 Evangelium
2994 464 3302 520 destinavit.
3327 463 3480 524 Raab

233 560 508 616 Trinitatis
549 568 875 626 acceperant
918 559 992 612 illi
1045 561 1136 627 qui
1188 575 1290 614 nec
1315 575 1508 614 verum
1538 576 1636 616 nec
1664 561 1801 616 inte-

231 665 380 723 grum
409 650 579 704 altare
600 658 1035 703 construxerant.
1083 649 1206 704 Ideo
1245 651 1477 719 denique
1524 666 1626 705 nec
1652 650 1805 705 multi

231 744 428 805 hostes,
476 753 653 808 neque
700 739 885 809 plures
938 753 1094 808 reges
1117 741 1514 795 contrariarum
1544 741 1805 796 virtutum

229 833 292 886 ab
313 830 421 885 illis
444 829 702 884 dicuntur
729 842 851 884 esse
873 827 1089 896 deiecti.
1130 849 1147 880 ι
1171 828 1336 895 Seon,
1357 831 1550 900 inquit,
1573 838 1808 886 tantum-

229 922 384 977 modo
405 931 589 990 regem
610 919 1076 984 Amorrhazorum,
1125 927 1180 974 et
1217 919 1297 989 0g
1323 935 1506 990 regem
1533 920 1732 983 Basan,
1753 929 1810 976 et

225 1012 547 1070 Amalecitas
594 1011 890 1068 devicerint
929 1022 1077 1068 trans
1107 1011 1416 1068 Iordanem.
1450 1034 1467 1064 ι
1487 1012 1646 1069 Iesus
1678 1029 1808 1069 vero

227 1107 311 1162 ubi
338 1105 489 1162 ducit
503 1105 821 1168 exercitum,
840 1113 967 1160 tunc
977 1105 1216 1173 quinque
1241 1119 1396 1175 reges
1409 1106 1610 1159 cadunt
1625 1104 1804 1170 simul,

227 1201 312 1270 qni
339 1198 702 1268 confugerunt
731 1197 787 1250 in
814 1196 1100 1266 speluncas
1130 1216 1143 1250 :
1172 1206 1227 1251 et
1258 1212 1365 1251 non
1391 1197 1562 1251 solum
1585 1197 1804 1261 cadunt,

227 1291 316 1344 sed
336 1297 397 1344 et
429 1287 828 1358 suspenduntur
849 1287 904 1340 in
934 1286 1100 1355 ligno.
1129 1285 1282 1341 Nunc
1318 1287 1502 1357 viginti
1529 1295 1585 1340 et
1613 1302 1807 1342 novem

224 1385 430 1454 pariter
453 1381 784 1452 iugulantur,
815 1387 869 1435 et
892 1379 1169 1434 immensa:
1198 1378 1570 1433 multitudines
1592 1379 1808 1432 adversi

225 1474 496 1528 exercitus
520 1479 961 1542 prosternuntur,
979 1479 1036 1523 et
1057 1469 1492 1523 exterminantur
1510 1483 1702 1523 omnes
1716 1469 1807 1536 qui

225 1572 468 1618 sanctam
500 1571 702 1616 terram
737 1561 789 1613 in
822 1559 1180 1614 immunditiis
1226 1558 1534 1628 possident,
1571 1558 1662 1625 qui
1699 1567 1810 1612 ter-

226 1669 339 1707 ram
377 1653 632 1707 fluentem
661 1651 747 1706 lac
774 1657 828 1704 et
851 1651 954 1704 mel
1001 1650 1055 1704 in
1085 1649 1446 1702 amaritudine
1473 1648 1691 1703 malitia
1717 1648 1810 1702 de-

224 1743 417 1798 tinent.
453 1763 471 1793 ‹
509 1742 662 1798 Sicut
687 1741 1027 1796 obedivimus
1055 1741 1108 1793 in
1129 1739 1340 1794 cunctis
1362 1738 1550 1809 Moysi,
1581 1739 1658 1792 ita
1675 1737 1808 1794 obe-

1903 575 2034 616 vero
2066 569 2248 630 typum
2282 570 2429 616 tenet
2453 559 2730 624 Ecclesiae,
2779 573 2900 627 quae
2922 557 2990 611 de
3018 555 3294 610 extraneis
3322 563 3483 630 atque

1905 652 2095 708 alienis
2121 653 2372 721 gentibus
2397 658 2725 722 congregata
2750 658 2866 715 est;
2893 664 3014 716 quae
3036 654 3197 700 antea
3219 646 3408 699 vivens
3428 633 3484 698 in

1905 743 2188 798 desideriis
2215 744 2414 806 carnis,
2443 739 2813 797 fornicabatur
2860 739 2914 793 in
2944 739 3136 793 .idolis.
3183 737 3258 791 De
3287 737 3486 792 talibus

1904 834 1983 888 ait
2007 833 2287 898 Dominus,
2326 852 2344 884 ‹
2371 834 2514 902 quod
2539 823 2844 902 przecedent
2873 846 2969 886 vos
3017 831 3072 885 in
3119 844 3287 900 regno
3314 829 3488 884 caelo-

1906 940 2027 979 rum
2050 922 2266 993 (Matth.
2299 924 2434 992 ut).
2467 944 2486 974 ›
2517 922 2645 977 Haec
2691 923 2852 993 igitur
2903 929 3226 976 testamenta
3272 919 3487 978 Domini

1906 1014 2020 1070 sola
2041 1014 2286 1083 suscipit,
2311 1023 2366 1068 et
2392 1029 2459 1068 ea
2485 1013 2714 1069 ﬁdeliter
2763 1022 3068 1068 conservat.
3100 1012 3340 1066 inimicis
3366 1027 3486 1068 om-

1904 1105 2038 1160 nino
2059 1121 2165 1159 non
2191 1105 2356 1159 tradit
2384 1104 2500 1174 ipsa
2527 1122 2540 1158 :
2574 1104 2757 1174 potius
2781 1104 3072 1174 periclitari
3095 1114 3309 1174 optans,
3334 1105 3490 1161 dum-

1907 1198 2068 1253 modo
2091 1197 2254 1254 illzesa
2285 1211 2349 1250 ac
2375 1196 2524 1250 salva
2547 1204 2862 1251 servaretur
2906 1195 3030 1251 Haec
3053 1212 3305 1252 casurum
3335 1213 3493 1254 mun-

1908 1290 2036 1346 dum
2067 1289 2206 1344 sicut
2238 1288 2327 1344 illa
2355 1289 2631 1343 civitatem
2657 1288 2888 1343 ﬁrmiter
2935 1289 3162 1344 credidit
3191 1306 3208 1352 ;
3240 1291 3356 1346 haec
3392 1305 3491 1361 pro

1908 1396 2053 1438 seac
2079 1396 2299 1437 suorum
2327 1382 2568 1436 omnium
2605 1380 2842 1436 salutare
2883 1389 3101 1450 pactum
3147 1397 3270 1436 cum
3332 1390 3496 1436 testa-

1909 1473 2108 1527 mentis
2140 1473 2352 1526 Domini
2383 1472 2532 1537 fecit,
2572 1472 2688 1526 haec
2739 1472 2795 1526 in
2841 1471 3000 1527 domo
3035 1487 3132 1527 sua
3161 1487 3410 1536 coccum,
3440 1471 3494 1524 id

1908 1572 2014 1628 est,
2045 1565 2256 1633 signum
2311 1562 2587 1633 sanguinis
2632 1564 2854 1633 posuit:
2887 1572 3040 1618 extra
3087 1564 3226 1617 hanc
3278 1563 3323 1616 si
3376 1563 3497 1630 quis

1909 1654 2071 1710 fuerit
2094 1655 2364 1717 inventus,
2393 1654 2602 1708 ruinam
2626 1652 2806 1707 seculi
2832 1660 2993 1722 atque
3016 1651 3321 1706 incendium
3347 1666 3499 1716 mun-

1911 1745 1966 1800 di
1993 1745 2135 1800 nulla
2168 1746 2377 1800 ratione
2404 1743 2616 1799 vitabit.
2647 1743 2756 1814 (Eat
2802 1743 3169 1814 Adamantio.)
3214 1743 3498 1796 Mittuntur

230 1854 249 1888 ι
289 1836 502 1892 diemus
530 1843 586 1888 et
612 1835 744 1898 tibi;
775 1841 986 1886 tantum
1035 1832 1104 1884 sit
1148 1831 1404 1884 Dominus
1441 1830 1582 1884 Deus
1610 1838 1809 1894 tecum,

1915 1837 2286 1906 exploratores
2311 1837 2379 1890 ab
2401 1834 2529 1890 Iesu
2582 1835 2634 1890 in
2677 1833 2918 1900 Iericho,
2958 1843 3014 1890 et
3071 1835 3435 1904 suscipiuntur
3465 1848 3498 1888 a

227 1943 248 1976 ‹
285 1925 426 1978 sicut
448 1924 548 1977 fuit
574 1937 696 1975 cum
723 1921 924 1991 Moyse.
954 1919 1057 1984 Qui
1085 1917 1475 1973 contradixerit
1502 1916 1584 1971 ori
1622 1924 1736 1981 tuo,
1759 1924 1816 1970 et

226 2034 247 2066 ‹
287 2030 397 2069 non
430 2012 693 2066 obedierit
721 2009 931 2064 cunctis
956 2009 1298 2063 sermonibus
1323 2023 1460 2076 quos
1493 2006 1813 2076 praeceperit

225 2122 243 2155 ι
283 2105 358 2168 ei,
412 2103 696 2166 moriatur,
727 2120 748 2153 δ
783 2110 886 2155 etc.
930 2099 1304 2154 Condemnant
1352 2113 1481 2167 ergo
1531 2097 1814 2154 Rubenita:

220 2203 388 2262 atque
411 2194 677 2258 Gadditae,
708 2207 808 2246 nec
832 2208 938 2246 non
988 2199 1045 2245 et
1071 2191 1292 2245 dimidia
1337 2190 1510 2244 tribus
1541 2188 1809 2252 Manassc,

216 2285 476 2354 populum
498 2283 802 2338 Iudaaorum
830 2299 928 2352 pro
955 2279 1340 2345 inobedientia,
1374 2281 1614 2335 dicentes
1642 2298 1652 2332 :
1678 2297 1696 2329 ι
1721 2279 1810 2334 Si—

219 2384 315 2430 cut
347 2375 684 2428 obedivimus
723 2375 781 2428 in
832 2373 1042 2428 cunctis
1094 2371 1288 2442 Moysi,
1316 2373 1390 2426 ita
1421 2371 1738 2425 obediemus
1758 2378 1812 2424 et

225 2461 348 2526 tibi,
385 2479 404 2513 ι
436 2475 560 2514 cum
594 2461 791 2514 similia
831 2459 1154 2530 legislatoris
1201 2467 1470 2528 praecepto
1521 2458 1812 2526 sponsione

222 2567 319 2606 sua
341 2550 621 2622 proferunt
639 2551 970 2606 testimonia.
987 2550 1076 2604 Ait
1096 2550 1241 2604 enim
1257 2549 1501 2620 Moyses:
1537 2567 1555 2598 ι
1575 2547 1814 2617 Prophe-

227 2651 342 2695 tam
386 2641 539 2696 vobis
567 2641 852 2696 suscitabit
901 2639 1160 2694 Dominus
1191 2639 1258 2694 de
1304 2638 1568 2692 fratribus
1595 2637 1809 2692 vestris.

226 2730 515 2800 Tanquam
548 2732 817 2801 meipsum
859 2731 1119 2795 audietis;
1170 2730 1476 2799 quicunque
1506 2737 1685 2783 autem
1707 2744 1813 2783 non

155 2867 160 2870 .
224 2823 465 2878 audierit
485 2825 802 2894 prophetam
829 2822 1000 2888 illum,
1024 2823 1478 2879 exterminabitur
1497 2822 1677 2876 anima
1698 2821 1815 2890 ejus

223 2914 289 2967 de
313 2914 533 2983 populis
555 2914 669 2968 suis
689 2913 870 2984 (Deut.
903 2913 1082 2983 xvtn).
1111 2933 1130 2964 ι
1163 2913 1268 2968 Sed
1298 2913 1546 2967 veniente
1585 2912 1812 2967 Domino

225 3004 536 3071 Salvatore,
562 3015 724 3074 atque
750 3005 1097 3076 Evangelium
1111 3005 1462 3075 praadicante,
1491 3019 1601 3058 non
1631 3005 1811 3060 devoti

222 3105 389 3166 atque
412 3097 748 3163 obedientes,
772 3098 866 3152 sed
894 3097 1094 3168 ingrati
1119 3106 1283 3166 atque
1310 3098 1575 3153 contrarii
1595 3111 1811 3168 semper

1919 1930 2202 1984 meretrice
2230 1929 2398 1984 Raab.
2419 1928 2798 1996 Exploratores
2825 1927 2913 1981 isti
2939 1928 3028 1995 qui
3056 1927 3343 1980 mittuntur
3368 1933 3496 1982 ante

1917 2017 2112 2074 faciem
2141 2018 2266 2075 Iesu
2288 2026 2513 2089 possunt
2533 2027 2586 2073 et
2611 2017 2784 2088 angeli
2837 2017 2935 2072 Dei
2965 2017 3166 2088 putari,
3196 2018 3336 2072 sicut
3359 2014 3495 2094 scri-

1916 2120 2069 2181 ptum
2093 2119 2214 2165 est:
2250 2129 2268 2159 ι
2301 2110 2442 2165 Ecce
2469 2110 2626 2166 mitto
2657 2109 2904 2178 angelum
2941 2124 3118 2163 meum
3147 2118 3274 2164 ante
3304 2107 3500 2163 faciem

1917 2210 2088 2267 tuam,
2115 2202 2209 2271 qui
2235 2209 2505 2271 praeparat
2531 2201 2646 2254 vias
2673 2207 2789 2255 tuas
2819 2208 2946 2254 ante
2978 2209 3032 2254 te
3081 2197 3294 2270 (Matth.
3316 2196 3393 2267 ιιι)
3425 2213 3440 2250 :
3475 2215 3494 2247 ι

1917 2293 2062 2362 quod
2083 2308 2182 2361 per
2207 2293 2344 2348 alios
2365 2291 2584 2361 quidem
2612 2287 2982 2356 invisibiliter,
3027 2290 3083 2344 in
3134 2288 3341 2345 Joanne
3369 2301 3501 2344 vero

1916 2383 2201 2438 visibilitcr
2221 2381 2628 2450 comprobatur,
2657 2380 2721 2434 de
2748 2395 2854 2448 quo
2875 2388 2930 2433 et
2970 2379 3073 2434 hoc
3100 2380 3361 2449 scriptum
3393 2385 3498 2433 est.

1916 2473 2160 2541 Denique
2182 2473 2248 2525 de
2267 2471 2491 2528 Joannis
2521 2471 2789 2540 baptismo
2811 2470 3010 2524 dicitur
3036 2485 3067 2522 a
3095 2469 3344 2530 Domino,
3375 2468 3500 2540 quia

1922 2583 1940 2615 ι
1969 2573 2025 2618 et
2046 2562 2251 2618 Scriba:
2277 2571 2333 2615 et
2357 2562 2615 2616 Pharisaei
2644 2576 2752 2617 non
2778 2560 3126 2617 crediderunt
3146 2559 3220 2624 ei,
3244 2557 3495 2613 meretri-

1916 2669 2008 2711 ces
2067 2663 2248 2708 autem
2294 2661 2350 2706 et
2414 2651 2686 2721 publicani
2738 2651 3020 2706 credentes
3071 2648 3331 2718 baptizati
3378 2653 3504 2702 sunt

1919 2742 2144 2814 (Matth.
2172 2742 2309 2811 χχι).
2338 2761 2355 2793 ι
2377 2740 2468 2796 Sic
2486 2756 2617 2810 ergo
2639 2740 2805 2796 etiam
2833 2741 2888 2793 in
2911 2741 3014 2794 hoc
3039 2739 3337 2808 completur
3359 2737 3502 2806 quod

1918 2835 2176 2888 meretrix
2207 2831 2332 2888 Iesu
2380 2832 2751 2901 exploratores
2789 2829 3110 2898 susceperit,
3154 2843 3252 2898 per
3277 2841 3413 2894 quos
3433 2825 3500 2878 de

1916 2921 2140 2975 interitu
2161 2922 2327 2976 totius
2354 2921 2585 2975 inimica:
2605 2920 2780 2989 gentis
2798 2917 3028 2972 refertur
3055 2925 3258 2985 erepta.
3291 2914 3397 2969 Sed
3424 2913 3504 2967 vi-

1917 3013 2140 3067 deamus
2166 3011 2383 3065 tandem
2412 3025 2531 3079 qua:
2553 3010 2623 3062 sit
2656 3009 2760 3063 ista
2789 3007 3069 3062 meretrix.
3110 3005 3261 3058 Raab
3283 3003 3498 3058 dicitur.

1919 3103 2075 3158 Raab
2100 3118 2230 3158 vero
2261 3103 2648 3172 interpretatur
2669 3100 2918 3155 latitudo.
2943 3097 3072 3166 Quae
3100 3106 3183 3154 est
3228 3113 3357 3168 ergo
3382 3096 3502 3149 lati-

223 3187 299 3240 u“
353 3188 694 3254 θκίειεδθηῐν
739 3188 1122 3244 maledicemes
1171 3202 1317 3243 03300
1361 3196 1488 3243 πηιῑο
1543 3204 1639 3258 per
1689 3203 1815 3244 eum
1844 3182 1888 3243 C
1922 3197 2050 3250 tudo
2072 3196 2205 3259 hare,
2230 3194 2334 3248 nisi
2357 3193 2597 3248 Ecclesia
2623 3191 2844 3257 Christi,
2877 3207 2996 3260 qua:
3023 3205 3089 3244 ex
3125 3188 3502 3260 peccatoribus

221 3280 557 3345 illuminato,
581 3289 744 3350 atque
771 3280 1050 3336 dicentes:
1081 3299 1099 3331 ‹
1137 3279 1218 3334 Tu
1249 3281 1544 3349 discipulus
1565 3281 1682 3350 ejus
1703 3281 1810 3347 sis;

220 3387 326 3428 nos
353 3381 543 3428 autem
596 3374 846 3443 discipuli
898 3374 1068 3446 Moysi
1108 3390 1294 3430 sumus
1339 3373 1521 3446 (Ioan.
1558 3375 1658 3446 ιχ).
1699 3394 1719 3428 ›
1747 3374 1816 3428 Et

219 3465 407 3521 Pilato
464 3466 723 3520 dicente:
769 3484 789 3516 ‹
847 3465 1052 3536 Regem
1106 3474 1347 3520 vestrum
1395 3465 1753 3537 crucifigam?
1788 3484 1808 3518 ι

219 3553 668 3623 responderunt:
703 3571 725 3604 ι
762 3551 879 3608 Νοιι
907 3554 1171 3608 habemus
1195 3568 1379 3623 regem
1409 3554 1512 3607 nisi
1540 3551 1814 3607 Caesarem

217 3645 419 3718 (Joan.
456 3644 594 3716 xix).
634 3664 652 3696 ι
689 3645 756 3698 Et
810 3644 931 3699 ideo
983 3645 1064 3699 eis
1115 3648 1381 3700 venerunt
1411 3660 1529 3713 quae
1560 3652 1815 3713 parentes

219 3737 310 3792 sui
338 3737 426 3791 eis
450 3735 908 3806 imprecabantur,
934 3744 994 3790 ut
1049 3743 1222 3790 morte
1274 3743 1616 3790 morerentur
1645 3751 1658 3788 :
1690 3751 1813 3790 cum

219 3844 335 3884 non
395 3829 571 3882 solum
624 3830 679 3882 in
729 3829 911 3883 anima
960 3837 1221 3884 aeternam
1267 3829 1692 3894 damnationem,
1719 3829 1816 3883 sed

215 3922 395 3977 etiam
451 3921 695 3989 corporis
743 3921 827 3974 sui
884 3921 1209 3975 detrimenta
1251 3920 1578 3982 sentiebant,
1610 3933 1811 3988 usque-

217 4025 470 4082 quaque,
529 4009 672 4063 fame
718 4011 921 4076 necati,
973 4011 1282 4081 pestilentia
1329 4011 1592 4080 percussi,
1640 4009 1816 4081 gladio

213 4101 422 4166 occisi,
449 4117 513 4155 ac
547 4102 861 4172 captivitate
905 4102 1279 4159 crudelissima
1306 4117 1405 4172 per
1427 4111 1598 4157 totum
1624 4104 1812 4157 orbem

216 4191 484 4261 diSpersi.

851 4300 1079 4356 CAPUT
1117 4300 1200 4355 lll.

212 4437 298 4496 De
329 4435 757 4508 exploratoribus
796 4436 967 4508 missis
1005 4452 1069 4489 ex
1107 4434 1309 4508 Sethim
1349 4436 1417 4489 ad
1458 4437 1634 4508 urbem
1669 4435 1814 4489 Ieri-

395 4505 518 4573 cho,
548 4517 595 4562 et
629 4523 720 4576 per
742 4505 1013 4560 mulierem
1051 4506 1371 4560 meretricem
1405 4505 1641 4560 solvatis.

297 4680 317 4713 ε
344 4659 502 4715 Misit
526 4671 656 4728 ergo
685 4655 847 4710 Iosue
876 4656 1016 4710 illius
1043 4655 1163 4710 Nun
1189 4657 1255 4711 de
1273 4653 1484 4711 Sethim
1511 4658 1646 4712 duos
1667 4658 1816 4712 viros

221 4772 240 4805 ι
275 4753 662 4821 exploratores
690 4748 1022 4810 abscondite,
1054 4755 1108 4801 et
1134 4747 1269 4801 dixit
1302 4747 1381 4801 eis
1409 4765 1422 4800 :
1453 4747 1530 4800 lte
1550 4756 1604 4801 et
1631 4747 1812 4802 consi-

219 4865 239 4899 ι
277 4845 482 4900 derate
506 4849 706 4894 terram
750 4841 1047 4909 urbemque
1073 4838 1318 4902 Iericho;
1344 4846 1400 4892 et
1425 4847 1708 4908 pergentes
1735 4839 1818 4892 in-

219 4955 238 4990 t
280 4932 471 5008 gressi
532 4939 658 4985 sunt
702 4929 918 4984 domum
967 4931 1208 4984 mulieris
1252 4929 1558 4984 meretricis
1599 4931 1816 4984 nomine

219 5045 239 5079 ‹
279 5023 469 5087 Raab,
507 5028 560 5075 et
581 5021 906 5090 quieverunt
930 5021 1068 5089 apud
1115 5021 1280 5086 illam,
1309 5040 1331 5072 ι
1366 5030 1423 5074 et
1450 5019 1680 5090 reliqua.
1710 5020 1818 5075 Iste

213 5114 381 5172 Iesus
417 5110 589 5167 mittit
611 5113 742 5165 duos
764 5110 1136 5179 exploratores
1163 5111 1230 5163 ad
1249 5108 1466 5164 Iericho
1486 5109 1696 5174 urbem,
1724 5109 1816 5178 qui

215 5205 605 5276 suscipiuntur
639 5217 667 5255 a
688 5201 976 5260 meretrice
1000 5199 1170 5253 Raab.
1201 5196 1358 5253 Iesus
1389 5199 1478 5252 ille
1506 5199 1612 5253 dux
1633 5198 1816 5268 populi

219 5314 252 5352 a
277 5295 584 5364 semetipso
605 5292 894 5346 Dominum
921 5288 1196 5344 Christum
1221 5297 1278 5342 et
1301 5287 1563 5342 vocabulo
1583 5288 1820 5343 ostendit

217 5396 276 5445 et
305 5389 480 5442 facto.
512 5382 730 5437 Iericho
757 5389 936 5436 autem
962 5380 1155 5434 civitas
1181 5377 1417 5433 mundus
1435 5385 1539 5440 est,
1569 5379 1635 5431 ad
1650 5393 1813 5447 quem

217 5478 496 5535 Dominus
522 5474 677 5528 Iesus
701 5472 956 5528 Christus
980 5472 1047 5525 ad
1061 5469 1482 5540 perscrutandos
1508 5483 1686 5524 mores
1717 5471 1816 5525 ho-

218 5571 441 5625 minum
473 5564 581 5620 duo
609 5563 957 5619 Testamenta
987 5561 1205 5616 direxit.
1236 5559 1369 5614 Nam
1399 5561 1455 5614 in
1509 5575 1576 5615 eo
1604 5569 1664 5615 ut
1702 5577 1816 5618 cre.

220 5661 478 5716 dentium
523 5655 683 5711 fidem
733 5665 825 5709 aut
879 5654 1161 5710 rebellium
1204 5653 1565 5724 pervicaciam
1603 5654 1815 5724 plenius

221 5747 640 5820 comprobaret,
667 5759 791 5806 ante
812 5752 1099 5807 adventum
1119 5750 1311 5820 judicii
1334 5750 1419 5806 sui
1441 5751 1598 5820 quasi
1621 5750 1811 5821 explo-

1839 4526 1892 4586 D

1918 3287 2065 3344 velut
2084 3303 2150 3342 ex
2179 3285 2467 3341 meretrice
2487 3285 2715 3340 collecta
2741 3292 2842 3338 est.
2878 3283 2945 3337 Et
2970 3283 3100 3337 dicit
3133 3300 3144 3335 :
3175 3300 3193 3334 ι
3227 3280 3502 3350 Augustus

1915 3379 2051 3434 mihi
2076 3387 2162 3435 est
2191 3379 2360 3442 locus,
2391 3377 2475 3433 fac
2503 3378 2636 3432 mihi
2671 3377 2846 3432 locum
2868 3377 2959 3431 ubi
2988 3376 3246 3430 habitem.
3276 3373 3384 3428 llos
3406 3388 3502 3427 au-

1918 3481 2027 3526 tem
2051 3470 2181 3526 mihi
2203 3472 2324 3540 quis
2339 3470 2628 3524 enutrivit?
2666 3488 2684 3518 ι
2712 3467 2849 3539 (Isa.
2889 3467 3061 3537 χιιι.)
3092 3465 3160 3521 Ει
3205 3467 3400 3519 iterum
3431 3463 3499 3518 ad

1917 3577 2079 3630 quam
2103 3561 2302 3616 dicitur
2333 3579 2344 3613 :
2378 3579 2396 3610 ι
2434 3560 2610 3614 Dilata
2636 3557 2789 3628 palos
2839 3565 2958 3610 tuos
2984 3566 3038 3609 et
3068 3555 3298 3609 extende
3322 3561 3494 3608 tento-

1919 3653 2000 3705 ria
2028 3659 2120 3705 tua
2157 3651 2290 3722 (Isa.
2319 3649 2447 3721 Liv).
2473 3671 2491 3699 ι
2524 3650 2630 3704 ista
2662 3663 2791 3719 ergo
2816 3656 2902 3702 est
2924 3646 3150 3700 latitudo
3167 3661 3286 3716 qua:
3314 3659 3490 3700 susce—

1917 3744 1995 3814 pit
2021 3743 2390 3813 exploratores
2415 3741 2559 3796 Iesu.
2591 3741 2717 3794 Scio
2743 3754 2831 3794 me
2856 3738 3145 3808 aliquando
3167 3737 3221 3790 in
3266 3736 3498 3806 quadam

1917 3833 2144 3889 ecclesia
2174 3834 2540 3902 disputantem
2561 3830 2629 3885 de
2656 3831 2863 3887 duabus
2891 3828 3269 3884 meretricibus
3295 3829 3357 3882 de
3380 3827 3502 3898 qui-

1915 3926 2020 3981 bus
2046 3925 2309 3995 scriptum
2338 3933 2422 3978 est
2446 3924 2499 3977 in
2532 3921 2842 3976 tertiolibro
2872 3921 3079 3991 Regum
3098 3918 3214 3991 (III
3239 3918 3368 3988 Reg.
3389 3917 3497 3988 ιιι),

1918 4030 2038 4083 quae
2067 4015 2134 4068 ad
2151 4013 2414 4080 judicium
2438 4018 2702 4068 venerant
2723 4011 3032 4065 Salomonis
3069 4028 3081 4062 :
3115 4024 3342 4080 quarum
3388 4021 3497 4062 una

1917 4105 2097 4158 vivum
2142 4103 2374 4158 habebat
2421 4102 2707 4168 infantem,
2751 4102 3070 4156 discussisse
3107 4099 3413 4171 diligentius
3445 4105 3500 4152 et

1918 4197 2119 4252 dixisse
2135 4196 2261 4265 quia
2285 4195 2376 4250 illa
2399 4194 2656 4249 meretrix
2676 4194 2791 4247 haec
2812 4201 2956 4248 esset
2977 4192 3062 4247 cui
3088 4190 3344 4255 Salomon
3365 4191 3499 4261 (non

1918 4288 2027 4353 ille,
2058 4287 2151 4342 sed
2181 4288 2269 4341 hic
2299 4287 2391 4356 qui
2443 4300 2630 4356 pacem
2672 4284 2819 4337 venit
2851 4283 3034 4338 facere
3090 4296 3276 4336 eorum
3312 4279 3403 4348 qui
3443 4277 3501 4331 in

1917 4379 2068 4434 caelis
2095 4386 2242 4442 sunt,
2266 4388 2319 4433 et
2346 4393 2467 4447 quae
2493 4379 2548 4433 in
2568 4374 2748 4447 terris)
2773 4375 2921 4430 reddi
2944 4374 3124 4426 vivum
3145 4371 3308 4438 jussit
3325 4368 3501 4422 infan-

1919 4453 2048 4537 tem,
2079 4472 2169 4526 illa
2198 4486 2328 4526 vero
2356 4470 2461 4524 alia
2496 4483 2615 4538 quae
2639 4476 2908 4522 mortuam
2952 4462 3186 4516 habebat
3214 4458 3494 4524 infantem,

1920 4561 2004 4615 vel
2031 4560 2178 4614 illius
2207 4568 2352 4615 esset
2397 4557 2598 4628 prioris
2621 4554 2802 4624 populi
2829 4552 3146 4622 Synagogte,
3192 4546 3279 4602 vel
3307 4560 3497 4601 eorum

1919 4650 2013 4718 qui
2033 4650 2088 4703 in
2114 4649 2362 4704 literesim
2382 4647 2808 4701 declinaverunt.
2835 4642 2902 4696 Et
2918 4641 3022 4696 alia
3047 4639 3307 4696 meretrix
3331 4654 3496 4711 quam

1919 4742 2058 4799 Osee
2091 4741 2352 4811 propheta
2391 4737 2612 4806 jubetur
2660 4736 2905 4805 accipere
2949 4733 3093 4806 (Ose.
3128 4732 3191 4806 t),
3232 4733 3286 4787 in
3325 4731 3496 4804 figura

1919 4835 2038 4889 sine
2065 4831 2228 4887 dubio
2283 4828 2442 4898 hujus
2479 4811 2694 4899 qumex
2743 4827 2996 4898 gentibus
3043 4833 3362 4880 consecrata
3389 4830 3494 4878 est.

1921 4925 2066 4980 Talis
2089 4937 2219 4992 ergo
2243 4930 2298 4976 et
2327 4922 2442 4975 haec
2468 4919 2661 4976 mulier
2690 4918 2951 4974 meretrix
2971 4932 3093 4973 esse
3123 4917 3340 4980 dicitur,
3376 4928 3496 4982 quae

1919 5016 2290 5086 exploratores
2309 5013 2438 5068 Iesu
2466 5011 2691 5081 suscipit
2723 5025 2736 5064 :
2766 5011 2861 5065 sed
2882 5010 2998 5066 hac
3023 5017 3302 5076 susceptos
3326 5006 3384 5062 in
3404 5019 3496 5059 su-

1918 5110 2222 5180 perioribus
2243 5105 2490 5168 collocat,
2523 5104 2757 5172 atquein
2783 5104 2942 5158 editis
2985 5111 3041 5158 et
3089 5098 3319 5154 excelsis
3368 5096 3493 5152 ﬁdei

1921 5201 2202 5256 constituit
2227 5197 2602 5254 sacramentis.
2630 5196 2798 5252 Nemo
2830 5196 2970 5250 enim
3005 5194 3098 5262 qui
3128 5191 3197 5246 ab
3221 5190 3350 5246 Iesu
3368 5189 3494 5244 mit-

1922 5295 2079 5358 titur,
2107 5292 2378 5346 invenitur
2398 5291 2651 5344 deorsum
2687 5297 2742 5343 et
2769 5288 2917 5344 humi
2948 5285 3162 5354 jacens,
3193 5282 3288 5337 sed
3319 5282 3374 5336 in
3403 5296 3494 5335 su-

1921 5383 2227 5455 perioribus
2248 5395 2573 5452 permanens
2599 5388 2657 5434 et
2682 5378 2926 5434 excelsis.
2959 5374 3064 5430 Sed
3101 5375 3204 5430 ista
3235 5372 3492 5428 meretrix

1919 5490 2039 5545 quae
2059 5488 2153 5528 eos
2177 5471 2417 5542 suscipit,
2439 5485 2506 5525 ex
2528 5469 2811 5524 meretrice
2833 5462 3184 5531 eﬂiciturjam
3197 5461 3487 5534 propheta;

1919 5565 2050 5620 dicit
2078 5563 2220 5618 enim
2246 5580 2259 5616 :
2303 5579 2322 5613 ο
2359 5561 2486 5616 Scio
2508 5560 2652 5630 quod
2681 5557 2937 5612 Dominus
2984 5554 3125 5609 Deus
3175 5561 3356 5608 vester
3381 5559 3493 5606 tra-

1925 5675 1944 5707 l
1977 5655 2112 5711 didit
2131 5655 2283 5709 vobis
2310 5663 2508 5708 terram
2535 5654 2693 5706 hanc.
2728 5668 2746 5700 ι
2778 5647 2940 5702 Vides
2966 5647 3236 5718 quomodo
3274 5647 3362 5701 illa
3390 5645 3493 5701 ali-

1920 5747 2136 5819 quando
2164 5754 2282 5803 erat
2301 5745 2580 5808 meretrix,
2617 5752 2671 5798 et
2714 5741 2876 5811 impia
2907 5750 2961 5796 et
3002 5740 3314 5796 immunda:
3340 5751 3490 5796 nunc
