3930 6344
430 362 564 424 1οη

434 573 737 633 conﬁtetur,
770 569 839 624 de
861 564 1224 637 praesentibus
1274 580 1407 620 vero
1430 562 1681 629 credidit,
1724 562 2012 632 prophetat

435 673 612 723 autem
638 669 693 718 et
719 660 1047 733 praenuntiat
1071 657 1139 713 de
1162 657 1373 712 futuris.
1411 656 1509 713 Sic
1528 668 1663 725 ergo
1690 653 1861 720 Raab,
1892 668 2013 724 quae

434 754 659 815 latitudo
682 754 1087 825 interpretatur,
1118 748 1378 807 dilatam
1399 760 1453 804 et
1496 747 1730 820 proficit,
1762 761 1932 817 usque
1954 747 2011 801 iu

435 856 649 907 omnem
677 854 880 903 terram
908 854 1067 899 exeat
1091 859 1254 899 sonus
1281 840 1417 911 eius.
1445 839 1618 896 Sedet
1640 836 2011 910 Japhetsinrili

433 938 597 995 modo
626 937 869 994 diiatatio
922 937 1329 1004 interpretatur.
1390 932 1497 987 Sed
1541 932 1822 986 videamus
1879 926 2012 999 quid

433 1032 542 1105 egit
569 1034 691 1088 cum
719 1026 1151 1100 exploratoribus
1181 1027 1283 1080 ista
1316 1025 1531 1096 sapiens
1557 1024 1835 1079 meretrix.
1869 1021 2012 1078 Con-

435 1124 614 1181 silium
635 1123 714 1178 eis
741 1122 834 1177 dat
855 1118 1141 1192 mySticum
1161 1126 1217 1174 et
1244 1116 1483 1182 cmlcste,
1511 1116 1647 1171 nihil
1675 1116 1882 1172 habens
1905 1123 2015 1171 ter-

433 1231 645 1272 renum.
699 1233 717 1265 (
773 1210 878 1267 Per
920 1220 1193 1273 montana,
1233 1228 1251 1261 ι
1299 1208 1494 1279 inquit,
1530 1227 1547 1260 ι
1584 1208 1746 1263 abite.
1787 1228 1803 1258 ι
1837 1206 2012 1261 Nolite

431 1322 530 1378 per
555 1305 721 1362 valles
746 1304 1014 1369 incedere,
1041 1302 1263 1359 humilia
1289 1312 1342 1359 et
1368 1302 1573 1371 delecta
1598 1302 1824 1373 refugite
1849 1320 1862 1355 :
1890 1317 2009 1372 qua:

432 1396 642 1453 excelsa
668 1406 794 1452 sunt
819 1402 873 1451 et
891 1394 1140 1451 sublimia
1168 1395 1477 1466 praedicate.
1518 1393 1632 1465 Ipsa
1656 1404 1834 1450 autem
1854 1410 2011 1449 acce—

428 1489 508 1560 pit
539 1488 749 1560 signnm
777 1489 1114 1552 coccineum,
1143 1488 1289 1558 quod
1339 1487 1618 1559 sanguinis
1661 1487 1888 1543 formam
1920 1503 2012 1558 ge-

430 1579 587 1633 rebat
631 1578 848 1633 Sciebat
878 1578 1025 1633 enim
1053 1579 1177 1647 quia
1199 1578 1252 1632 in
1276 1578 1436 1633 nullis
1466 1586 1612 1633 esset
1633 1578 1795 1644 salus,
1822 1579 1925 1633 nisi
1952 1579 2008 1632 in

428 1671 695 1740 sanguine
721 1669 942 1725 Christi.
974 1666 1143 1724 Datur
1168 1670 1332 1724 etiam
1387 1671 1491 1725 hoc
1537 1669 1851 1724 mandatum
1882 1669 2009 1724 huic

427 1778 547 1833 qua:
575 1761 848 1831 quondam
896 1760 1422 1817 fuerat'meretrix:
1468 1760 1689 1826 Omnes,
1735 1762 2002 1833 inquiunt,

1066 358 1126 412 Β.
1170 346 1420 411 RABAM
1461 347 1683 411 MHR}
1717 346 1994 407 ARCHIEI

2099 344 2386 423 locum.
2426 342 2715 409 om
2748 349 2927 408 PARS
2961 353 3004 409 ι.

432 485 637 556 Spiritu
659 485 847 533 sancto
877 474 1079 545 rcpieta
1108 483 1223 539 est;
1264 483 1319 529 et
1364 474 1432 528 de
1474 471 1765 542 peteritis
1788 468 2009 538 quidem
2032 462 2089 526 Α
2112 415 2259 527 re”)
2293 464 2339 519 si
2366 464 2695 536 pertransire
2736 466 2982 531 voluerit,
3031 463 3413 556 subnmgitur,
3456 480 3575 525 nec
3604 472 3699 532 ita

3552 350 3697 412 me

2115 557 2169 612 ei
2192 570 2377 611 mins
2399 557 2586 613 dextra
2616 557 2871 629 laevaque.
2896 557 2963 612 Et
2990 573 3061 613 ne
3078 555 3217 614 forte
3234 558 3535 618 offendaris
3554 569 3702 634 quod

2113 649 2231 707 haec
2254 666 2375 721 quae
2393 652 2447 706 in
2468 652 2739 721 prioribus
2762 660 2915 721 gesta
2942 660 3088 717 sunt,
3122 651 3177 706 in
3203 661 3255 708 te
3278 668 3405 710 vero
3428 658 3520 726 qui
3546 673 3701 715 nunc

2115 743 2330 797 auditor
2382 745 2574 797 horum
2612 756 2689 808 es,
2716 740 2850 797 nihil
2882 738 2991 797 tale
3037 750 3276 813 geratur,
3327 747 3514 800 omnia
3550 760 3702 803 com-

2113 831 2331 904 plentur
2354 833 2408 888 in
2437 841 2489 888 te
2515 834 2807 889 secundum
2833 833 3123 904 mysticam
3157 834 3440 891 rationem.
3468 836 3693 895 Etenim

2115 930 2193 989 tu,
2226 926 2338 995 qui,
2370 940 2541 995 nuper
2574 924 2886 980 idololatriae
2916 925 3157 980 tenebris
3212 924 3507 992 derelictis,
3541 931 3693 1000 cupis

2113 1017 2183 1072 ad
2210 1017 2534 1073 audientiam
2564 1017 2757 1074 divina:
2803 1018 2936 1088 legis
2964 1019 3245 1085 accedere,
3275 1032 3419 1078 nunc
3451 1023 3693 1095 primum

2112 1107 2407 1180 Egyptum
2433 1108 2778 1178 derelinquis,
2809 1124 2931 1165 cum
2960 1111 3469 1168 catechumenorum
3496 1126 3691 1188 aggre-

2112 1212 2267 1274 gatns
2295 1217 2355 1258 es
2374 1217 2621 1267 numero,
2648 1211 2704 1257 et
2755 1203 3037 1274 praeceptis
3082 1204 3465 1261 ecclesiasticis
3494 1223 3685 1278 parere

2112 1296 2341 1365 coepisti.
2392 1294 2547 1350 Unde
2591 1295 2708 1359 tibi,
2739 1294 3035 1350 secundum
3061 1310 3271 1350 morem
3301 1294 3680 1365 lsraclitarum,

2112 1396 2235 1442 ante
2266 1388 2565 1457 ingressum
2611 1382 2864 1441 Iordanis
2892 1382 3072 1441 triduo
3124 1386 3445 1442 morandum
3486 1396 3599 1454 est,
3633 1396 3687 1445 nt

2111 1480 2286 1535 discas
2306 1485 2503 1533 sancire
2532 1476 2814 1533 Trinitatis
2860 1478 3043 1543 fidem,
3090 1479 3327 1548 qualiter
3373 1480 3426 1534 in
3467 1482 3683 1537 nomine

2110 1571 2305 1636 Patris,
2335 1581 2389 1625 et
2414 1570 2558 1638 Filii,
2586 1580 2639 1626 et
2671 1568 2902 1641 Spiritus
2928 1571 3102 1625 sancti
3137 1571 3466 1641 baptizatus,
3493 1573 3681 1628 remis-

2110 1662 2317 1718 si0nem
2346 1662 2611 1733 percipias
2634 1661 2873 1716 omnium
2900 1671 3247 1732 peccatorum
3279 1680 3292 1716 :
3323 1668 3377 1717 et
3419 1663 3681 1733 quomodo

2111 1752 2207 1810 tibi
2234 1752 2483 1823 deinceps
2514 1751 2798 1808 vivendum
2824 1760 2927 1819 est,
2959 1758 3017 1807 ut
3069 1754 3123 1807 in
3161 1755 3399 1811 novitate
3420 1754 3549 1811 vitae
3579 1769 3683 1811 am-

422 1828 516 1922 qui
547 1828 609 1906 in
632 1848 791 1907 domo
828 1859 918 1906 tua
964 1851 1163 1906 fuerint
1207 1851 1429 1916 inventi,
1478 1828 1858 1919 salvabuntur;
1910 1851 2005 1922 qui
2033 1828 2083 1888 Β
2108 1847 2319 1913 bulans,
2345 1848 2581 1903 caelestis
2610 1848 2767 1918 regni
2792 1846 3054 1902 merearis
3083 1848 3384 1902 introitum.

422 1951 603 1998 autem
631 1943 824 1998 exierit
846 1943 911 1997 de
938 1942 1096 1998 domo
1127 1950 1238 2009 tua,
1290 1943 1537 2012 impunes
1590 1958 1776 1998 smnus
1806 1958 1904 1997 nos
1934 1942 2002 1998 ab

422 2033 523 2088 hoc
542 2031 851 2103 iuramento
879 2041 990 2087 tuo.
1027 2030 1083 2087 Si
1117 2033 1238 2103 quis
1266 2048 1396 2106 ergo
1435 2032 1633 2089 salvari
1663 2034 1797 2100 vult,
1823 2035 2004 2089 veniat

422 2118 477 2178 in
516 2123 658 2179 hanc
676 2122 895 2178 domum
925 2123 1103 2191 lmjus,
1133 2138 1251 2193 quzc
1278 2126 1549 2194 quondam
1575 2124 1833 2180 meretrix
1880 2124 1999 2180 fuit.-

419 2208 599 2269 Etiam
625 2214 671 2269 si
700 2216 766 2270 de
797 2215 889 2270 illo
917 2215 1112 2285 populo
1142 2214 1256 2269 vult
1288 2216 1485 2286 aliquis
1514 2216 1731 2281 salvari,
1768 2216 1835 2270 ad
1860 2217 2003 2270 hanc

418 2306 601 2361 veniat
626 2302 869 2373 domoin,
894 2309 953 2361 in
997 2323 1100 2377 qua
1130 2304 1331 2363 Christi
1373 2292 1591 2378 sanguis
1622 2307 1676 2361 in
1717 2306 1870 2377 signo
1917 2320 2003 2361 re-

417 2398 743 2467 demptionis
796 2407 895 2453 est.
949 2398 1084 2453 Nam
1141 2410 1305 2469 super
1368 2399 1484 2455 illos
1546 2400 1635 2469 qui
1691 2401 1995 2457 dixerunt:

423 2509 444 2542 σ
495 2488 728 2560 Sanguis
777 2487 893 2558 ejus
948 2504 1110 2563 super
1166 2508 1264 2548 nos
1310 2500 1363 2549 et
1393 2509 1555 2564 super
1602 2494 1739 2550 filios
1785 2503 1999 2552 nostros

418 2576 634 2654 (Matth.
666 2581 859 2655 xxvu),
900 2605 918 2635 ι
956 2581 1159 2640 Christi
1191 2568 1411 2658 sanguis
1459 2587 1512 2641 in
1546 2589 1997 2645 condemnatione

416 2680 503 2732 est
534 2689 549 2727 :
574 2674 783 2747 positas
809 2676 954 2731 enim
1004 2674 1181 2735 fuerat
1228 2674 1385 2733 Iesus
1415 2678 1468 2733 in
1500 2679 1711 2734 ruinam
1744 2687 1799 2735 et
1825 2679 1878 2735 in
1905 2696 1993 2737 re-

418 2767 811 2823 surrectionem
840 2766 1162 2836 multorum;
1216 2777 1273 2825 et
1324 2769 1447 2826 ideo
1497 2770 1995 2828 contradicentibus

416 2857 568 2928 signo
591 2857 704 2928 ejus
728 2859 956 2913 efﬁcitur
977 2861 1191 2933 sanguis
1214 2859 1334 2931 ejus
1362 2856 1431 2918 ad
1456 2876 1691 2934 ptenam,
1721 2862 1993 2920 credenti-

416 2948 515 3004 bus
545 2965 673 3005 vero
718 2950 787 3005 ad
812 2951 1057 3007 salutem.
1110 2950 1279 3007 Nemo
1320 2968 1449 3026 ergo
1504 2953 1606 3011 sibi
1642 2958 1989 3027 persuadeat,

414 3056 576 3095 nemo
603 3043 952 3113 semetipsum
983 3044 1235 3117 decipiat.
1269 3046 1439 3102 Extra
1470 3048 1609 3104 hanc
1667 3050 1903 3117 domum,
1937 3046 1994 3106 id

414 3143 500 3189 est
526 3136 678 3189 extra
706 3134 1023 3202 Ecciesiam,
1054 3154 1214 3194 nemo
1240 3138 1559 3196 salvabitur.
1606 3139 1664 3197 Si
1690 3142 1812 3212 quis
1842 3138 1989 3199 i‘oras

413 3222 628 3290 exierit,
661 3226 851 3281 mortis
879 3242 988 3281 sua:
1014 3226 1130 3297 ipse
1155 3246 1281 3285 reus
1308 3231 1394 3294 sit,
1425 3231 1530 3287 hoc
1547 3242 1629 3288 est
1655 3248 1752 3304 per
1774 3232 1990 3308 sangui-

414 3313 500 3369 nis
523 3314 757 3383 sig’num,
780 3317 907 3385 quia
933 3317 1049 3373 haec
1074 3328 1158 3374 est
1179 3322 1480 3392 purificatio
1506 3340 1623 3393 quae
1652 3340 1749 3395 per
1774 3327 1993 3398 sangui-

414 3419 537 3459 nem
565 3410 798 3460 constat.
822 3402 975 3472 Quod
999 3418 1178 3463 autem
1224 3410 1279 3464 in
1330 3410 1569 3468 fenestra
1596 3413 1861 3484 dependet
1889 3412 1991 3472 boc

411 3493 646 3566 signum,
670 3492 906 3551 arbitror
933 3495 1062 3553 illud
1087 3490 1311 3555 indicari
1339 3502 1464 3573 quia
1491 3500 1727 3559 fenestra
1763 3516 1849 3560 est
1872 3524 1991 3578 quae

412 3588 678 3643 illuminat
703 3587 921 3644 domum
941 3600 996 3646 et
1028 3607 1124 3663 per
1158 3606 1319 3664 quam
1363 3586 1695 3651 illuminatur
1741 3609 1990 3671 aspectus

410 3689 612 3747 noster,
667 3681 759 3737 sed
805 3691 1012 3738 tantum
1057 3695 1319 3754 quantum
1358 3689 1532 3745 oculis
1570 3698 1624 3745 ct
1653 3692 1770 3746 usui
1801 3702 1990 3749 nostro

408 3770 637 3829 suﬂiciat
661 3772 884 3830 luminis
911 3772 1207 3848 capiamus.
1226 3777 1361 3847 Quia
1390 3796 1520 3851 ergo
1547 3780 1848 3839 incarnatio
1873 3786 1990 3840 Sal-

408 3866 611 3921 vatoris
632 3883 737 3922 non
758 3868 911 3924 nobis
936 3886 1124 3925 verum
1154 3871 1350 3943 ingerit
1394 3883 1447 3928 et
1478 3874 1747 3946 integrum
1774 3878 1989 3934 deitatis

406 3968 704 4029 aSpectum,
733 3958 827 4015 sed
857 3969 1110 4032 tanquam
1139 3979 1235 4033 per
1262 3962 1553 4021 fenestram
1607 3967 1732 4022 fecit
1768 3985 1866 4026 nos
1891 3985 1990 4040 per

407 4051 833 4108 incarnationem
869 4070 1023 4109 suam
1054 4054 1235 4112 lumen
1259 4058 1476 4115 dcitatis
1502 4061 1745 4131 aspicere
1776 4080 1787 4116 :
1820 4063 1985 4120 idcir-

408 4159 474 4200 co
492 4146 625 4199 mibi
656 4145 869 4201 videtur
905 4148 1124 4217 signum
1166 4148 1354 4206 salutis
1404 4168 1502 4222 per
1551 4153 1843 4211 fenestram
1888 4158 1986 4213 da-

405 4243 547 4313 tum,
581 4250 688 4303 quo
722 4236 873 4304 signo
902 4237 1130 4293 salutem
1170 4254 1575 4312 consequantur
1598 4261 1789 4302 omnes
1806 4249 1898 4316 qui
1928 4248 1985 4303 in

407 4324 568 4382 domo
620 4322 759 4394 eius,
801 4340 923 4396 qua:
977 4326 1268 4398 aliquando
1302 4341 1420 4386 erat
1473 4337 1751 4403 meretrix,
1782 4336 1986 4393 fuerint

404 4419 628 4485 inventi,
659 4420 714 4476 in
739 4436 879 4493 aqua
907 4428 964 4477 et
986 4420 1191 4493 Spiritu
1221 4432 1433 4490 sancto,
1490 4425 1547 4482 in
1591 4429 1848 4501 sanguine
1876 4428 1982 4489 Do-

404 4514 543 4575 mini.
567 4522 623 4572 et
644 4514 942 4573 Salvatoris
968 4516 1139 4572 nostri
1160 4514 1289 4573 Iesu
1310 4516 1531 4574 Christi.

1002 4648 1229 4707 CAPUT
1283 4649 1371 4706 IV.

408 4756 484 4812 De
507 4754 730 4834 transitu
772 4759 1002 4834 ﬁliorum
1046 4760 1221 4834 Israel
1261 4780 1353 4834 per
1379 4760 1634 4821 Iordanis
1665 4766 1886 4834 alveum,
1928 4776 1979 4825 el

605 4827 755 4896 aquis
780 4829 961 4884 divisis
986 4832 1054 4884 ad
1076 4827 1343 4887 introitum
1375 4852 1515 4890 arcte
1546 4835 1780 4891 Domini.

475 4959 629 5035 (Car.
659 4961 765 5036 tu.)
801 4982 819 5015 ί
849 4960 1017 5033 Igitur
1043 4963 1203 5021 Josue
1245 4968 1310 5021 de
1335 4977 1491 5022 nocte
1507 4983 1836 5037 consurgens
1862 4985 1978 5025 mo-

409 5072 429 5106 t
462 5054 543 5110 vit
564 5064 741 5110 castra
772 5053 1250 5126 :egredientesque
1285 5059 1349 5113 de
1389 5059 1597 5113 Setltim
1623 5068 1888 5113 vena-runt
1909 5061 1977 5114 ad

409 5165 429 5198 ι
463 5145 775 5212 Jordanem,
797 5147 914 5217 ipse
938 5154 997 5203 et
1018 5161 1208 5201 omnes
1230 5146 1320 5203 [iiii
1342 5140 1524 5217 Israel,
1555 5159 1607 5204 et
1639 5151 1829 5204 morati
1854 5161 1979 5206 sunt

408 5256 427 5287 ι
461 5237 532 5293 ibi
556 5253 655 5307 per
705 5246 817 5293 tres
868 5236 1002 5292 dies.
1056 5257 1073 5289 ι
1131 5236 1318 5293 Omnis
1373 5220 1692 5309 ergo‘loeus
1750 5240 1976 5312 suscipit

397 5325 628 5397 justum,
660 5337 715 5383 et
738 5329 914 5384 omnis
940 5338 1186 5384 creatura
1215 5328 1432 5384 exhibet
1456 5332 1504 5387 ei
1538 5332 1775 5386 debitum
1803 5331 1976 5387 famu-

401 5417 593 5475 latum.
616 5416 994 5475 Peccatoribus
1021 5420 1237 5492 quidem
1290 5420 1465 5475 omnis
1510 5432 1752 5477 creatura
1802 5422 1974 5479 hostis

404 5519 488 5567 est
512 5520 691 5567 :terra
716 5527 810 5567 eos
840 5511 1211 5584 impugnabat,
1231 5526 1325 5565 aer
1343 5511 1453 5581 ipse
1477 5512 1842 5582 impugnabant,
1866 5529 1977 5570 ca:-

405 5599 516 5655 lum
542 5617 638 5657 eos
658 5602 1021 5673 impugnabat.
1046 5601 1215 5659 Justis
1236 5618 1385 5669 vero,
1409 5602 1570 5657 etiam
1598 5619 1718 5671 quae
1738 5604 1978 5661 inacces-

406 5691 584 5747 sibilia
612 5693 881 5761 videntur,
908 5696 1067 5766 plana
1087 5696 1391 5751 eﬂiciuntur
1434 5703 1488 5749 ct
1515 5692 1791 5764 proclivia.
1823 5689 1974 5753 Mare

405 5779 837 5855 Rubrumjustus
852 5793 1102 5856 tanquam
1123 5801 1217 5858 per
1228 5786 1436 5842 aridam
1454 5784 1669 5853 transit,
1684 5782 1975 5860 Egyptius

2012 4564 2060 4625 D

2178 1936 2354 2012 anno.)
2387 1960 2402 1990 ι
2433 1938 2636 2006 Quibus
2663 1936 2893 1993 evolutis
2922 1939 3255 1993 transierunt
3288 1954 3569 2010 prarcones
3591 1954 3680 2011 per

2109 2052 2127 2084 ς
2160 2033 2393 2087 medium
2420 2041 2745 2097 castrorum,
2770 2041 2823 2087 et
2845 2032 3078 2087 clamare
3104 2040 3390 2102 ctherunt
3420 2052 3433 2086 :
3458 2032 3676 2103 Quando

2108 2143 2126 2174 ‹
2161 2120 2404 2178 videritis
2432 2134 2611 2179 arcam
2642 2122 2861 2179 fmdcris
2888 2120 3099 2179 Domini
3127 2122 3221 2178 Dei
3250 2120 3443 2189 vestri,
3497 2135 3551 2180 et
3600 2142 3676 2180 sa-

2107 2232 2126 2265 ‹
2162 2214 2409 2270 cerdotes
2431 2213 2617 2285 stirpis
2643 2212 2894 2271 Leviticze
2936 2222 3216 2285 portantes
3254 2230 3411 2280 eam,
3433 2230 3527 2269 vos
3552 2232 3673 2286 quo-

2107 2327 2124 2358 ι
2158 2323 2263 2378 que
2315 2308 2646 2379 consurgite,
2681 2313 2735 2363 et
2773 2304 3059 2378 sequimini
3113 2306 3495 2380 praecedentes
3524 2328 3544 2359 ι
3573 2306 3664 2362 Di-

2100 2417 2317 2474 gressus
2342 2417 2493 2457 mare
2524 2399 2788 2468 Rubrum,
2819 2410 2875 2455 et
2899 2402 2953 2457 in
2978 2398 3215 2472 desertis
3240 2400 3553 2455 stationibus
3575 2415 3662 2471 po-

2100 2493 2258 2559 situs,
2289 2492 2355 2549 ad
2386 2491 2707 2547 audiendam
2738 2492 2915 2566 legem
2935 2484 3052 2556 Dei,
3084 2500 3138 2546 et
3166 2490 3489 2547 intuendum
3510 2486 3663 2563 Πογεῖ

2097 2584 2301 2641 vultum
2329 2602 2425 2655 per
2449 2580 2675 2659 gloriam
2704 2582 2800 2639 Dei
2857 2582 3172 2650 revelatum,
3225 2584 3472 2657 quotidie
3498 2598 3666 2638 vacas.

2100 2672 2158 2732 Si
2186 2692 2315 2732 vero
2338 2678 2502 2732 etiam
2532 2679 2596 2733 ad
2621 2676 2872 2750 baptismi
2897 2678 3184 2748 mysticum
3211 2677 3429 2731 veneris
3454 2672 3665 2739 fontem,

2096 2776 2148 2823 et
2165 2769 2496 2825 consistente
2518 2768 2839 2825 sacerdotali
2861 2779 2915 2826 et
2934 2756 3173 2824 Levitico
3202 2764 3414 2830 ordine,
3438 2764 3663 2821 initiatus

2095 2856 2263 2919 fueris
2291 2871 2346 2917 et
2371 2861 2693 2919 venerandis
2718 2862 2823 2918 illis
2867 2861 3275 2935 magnificisque
3320 2857 3663 2915 Sacramcutis

2097 2952 2318 3025 (norunt
2346 2955 2421 3011 illi
2464 2971 2599 3026 quos
2633 2972 2793 3013 nosse
2821 2955 2904 3012 fas
2955 2954 3079 3027 est),
3114 2965 3239 3011 tunc
3268 2970 3397 3010 cum
3430 2953 3669 3009 sacerdo-

2095 3054 2209 3101 tum
2250 3048 2589 3114 ministeriis,
2640 3046 2873 3103 Jordane
2918 3047 3181 3117 digresso,
3239 3053 3443 3100 terram
3498 3059 3665 3115 repro-

2097 3139 2371 3195 missionis
2400 3138 2672 3195 intrabis:
2712 3136 2767 3195 in
2818 3154 2925 3211 qua
2974 3146 3026 3194 te
3072 3142 3197 3211 post
3247 3136 3473 3209 Moysen
3510 3135 3666 3193 susci-

2089 3226 2171 3296 pit
2209 3224 2393 3295 Jesus,
2447 3236 2502 3285 et
2537 3228 2654 3300 ipse
2705 3227 2804 3285 tibi
2864 3224 3095 3285 edicitur
3129 3224 3258 3283 novi
3292 3225 3509 3283 itineris
3542 3225 3664 3280 dux.

2094 3310 2350 3387 Sequitur
2376 3337 2387 3371 :

2163 3404 2338 3479 (inin)
2369 3427 2389 3459 (
2425 3404 2617 3479 Sitque
2665 3406 2806 3463 inter
2832 3423 2929 3464 vos
2962 3419 3015 3463 et
3044 3419 3230 3463 arcam
3259 3408 3495 3480 spatiun
3523 3404 3667 3463 cubi-

2097 3519 2115 3551 ι
2154 3509 2333 3554 torum
2352 3496 2579 3555 duorum
2614 3496 2867 3567 millium,
2894 3508 2954 3556 ut
2996 3501 3185 3573 procul
3218 3496 3403 3557 videre
3430 3492 3668 3574 possitis,

2096 3610 2114 3641 ‹
2150 3600 2204 3645 et
2232 3606 2392 3647 nosse
2418 3606 2515 3661 per
2546 3607 2707 3663 quam
2754 3592 2901 3646 viam
2922 3586 3332 3664 ingrediatnini;
3365 3596 3491 3662 quia
3516 3590 3669 3662 prius

2097 3700 2113 3731 ι
2149 3698 2254 3736 non
2279 3683 2599 3738 ambulastis
2620 3697 2716 3755 per
2744 3698 2865 3737 eam
2896 3697 2910 3736 :
2950 3692 3003 3737 et
3055 3692 3237 3739 cavete
3262 3698 3329 3737 ne
3360 3696 3657 3752 appropin-

2097 3792 2114 3823 ς
2149 3773 2325 3843 (pictis
2346 3774 2412 3827 ad
2430 3790 2613 3828 arcam
2636 3794 2680 3840 ι,
2698 3782 2751 3829 et
2771 3782 2990 3829 extera.
3008 3768 3118 3848 (Ex
3134 3774 3457 3845 Augustino.)
3474 3770 3663 3841 Longe

2083 3868 2294 3939 jussum
2340 3875 2423 3923 est
2469 3883 2651 3923 arcam
2701 3868 3033 3938 praecedere,
3087 3879 3148 3923 ut
3187 3874 3369 3937 posset
3395 3882 3429 3920 a
3468 3863 3667 3936 populo

2089 3959 2278 4013 videri.
2304 3959 2435 4014 Tam
2459 3961 2660 4030 grande
2677 3962 2874 4034 quippe
2901 3960 3176 4032 agmen,si
3196 3970 3322 4032 post
3342 3976 3462 4016 eam
3488 3959 3666 4032 proxi-

2090 4066 2237 4106 mum
2262 4059 2528 4123 pergeret,
2559 4058 2663 4107 non
2692 4068 2814 4106 eam
2842 4052 3049 4107 videret
3094 4054 3312 4123 praeire,
3345 4068 3450 4108 nec
3488 4056 3663 4106 nosset

2089 4157 2191 4211 qua
2222 4153 2554 4213 sequeretur.
2586 4140 2666 4198 Ex
2692 4145 2794 4200 hoc
2816 4142 2959 4200 facto
2984 4145 3393 4215 intelligendum
3422 4143 3661 4214 estquod

2090 4233 2336 4289 columna
2390 4235 2475 4288 illa
2520 4234 2701 4300 nubis,
2728 4249 2848 4304 quae
2898 4235 3107 4291 solebat
3161 4222 3447 4290 movendis
3474 4233 3661 4289 castris

2089 4326 2303 4395 signum
2332 4328 2461 4382 dare
2496 4336 2551 4381 et
2576 4327 2679 4382 iter
2703 4328 3007 4394 ostendere,
3047 4322 3162 4396 jam
3210 4335 3534 4390 recesserat,
3560 4339 3660 4379 nec

2087 4419 2383 4487 apparebat
2406 4418 2505 4473 eis.
2553 4417 2693 4475 ilhc
2740 4417 2941 4474 factum
2984 4426 3077 4474 est
3130 4427 3191 4473 ut
3232 4420 3407 4475 etiam
3433 4417 3655 4474 litbus!

2088 4510 2216 4565 illud
2250 4525 2316 4565 ex
2360 4511 2598 4566 humana
2646 4511 2997 4581 dispositione
3054 4512 3465 4582 pudieam.
3509 4508 3658 4564 Nunc

2084 4618 2238 4671 ergo,
2259 4603 2395 4658 duce
2413 4600 2561 4665 Jesu,
2587 4618 2770 4658 arcam
2795 4604 3006 4658 Domini
3027 4611 3355 4674 sequuntur,
3380 4603 3523 4657 nube
3540 4600 3665 4657 sub-

2085 4703 2276 4763 tracta,
2310 4704 2566 4765 tanquam
2595 4692 2862 4751 velamine
2892 4694 3090 4751 ablato.
3112 4692 3249 4751 Vide
3280 4695 3516 4768 demque
3533 4694 3664 4764 quid

2084 4784 2281 4839 dicitur
2309 4780 2375 4840 de
2406 4785 2521 4839 eis:
2552 4780 2809 4857 Populus,
2860 4785 3051 4857 inquit,
3094 4786 3164 4841 ab
3192 4802 3323 4841 arca
3354 4785 3661 4840 testamenti

2083 4874 2188 4928 duo
2225 4870 2390 4929 millia
2418 4872 2619 4940 cubita,
2653 4874 2961 4932 sacerdotes
2992 4894 3121 4932 vero
3168 4887 3223 4931 et
3254 4874 3440 4931 levita:
3479 4872 3664 4946 proxi-

2082 4960 2179 5031 mi,
2211 4974 2267 5021 et
2294 4966 2427 5021 satis
2450 4967 2711 5038 proximi;
2745 4967 2818 5023 ita
2848 4976 2908 5021 ut
2944 4967 3000 5022 in
3046 4966 3289 5023 humeris
3320 4980 3511 5021 eorum
3533 4974 3659 5015 arca

2082 5057 2296 5112 Domini
2327 5066 2382 5113 et
2412 5057 2678 5130 lcgislatio
2709 5058 2890 5114 divina
2935 5068 3201 5130 portetur.
3246 5054 3405 5113 Beati
3431 5056 3517 5128 qui
3544 5069 3659 5107 ηιθ-

2083 5158 2270 5203 rentur
2293 5142 2525 5217 proximi
2565 5165 2687 5206 esse
2725 5146 2854 5205 Deo.
2907 5148 3014 5204 Sed
3063 5150 3339 5203 memento
3359 5145 3507 5219 quod
3530 5143 3667 5199 scri-

2079 5247 2229 5309 ptum
2252 5248 2334 5293 cst
2363 5258 2374 5292 :
2398 5259 2415 5289 ι
2454 5240 2554 5307 Qui
2576 5237 3068 5310 approximaverint
3099 5235 3255 5296 mibi.
3280 5236 3674 5311 approximant

2081 5328 2189 5399 igni
2219 5322 2354 5399 (Isa.
2380 5326 2525 5403 va).
2562 5351 2581 5383 ι
2623 5328 2679 5385 Si
2711 5346 2902 5386 aurum
2932 5338 3024 5385 aut
3052 5338 3341 5401 argentum
3392 5324 3592 5392 fueris,
3621 5334 3679 5381 ct
3720 5380 3733 5395 ,

2082 5421 2190 5495 igni
2215 5418 2704 5493 approximaveris,
2732 5416 2899 5479 multo
2925 5438 3021 5494 per
3042 5420 3219 5494 ignem
3246 5414 3589 5491 splendidior
3621 5422 3680 5473 et

2081 5510 2386 5566 rutilantior
2434 5509 2684 5584 refulgcs.
2748 5508 2804 5569 Si
2858 5528 2988 5571 vero
3034 5528 3197 5583 super
3247 5510 3681 5567 fundamentum

2044 5621 2059 5637 -
2081 5612 2241 5659 tanta:
2265 5604 2385 5659 ﬁdei
2407 5605 2663 5675 positum,
2690 5600 2939 5662 conscius
2966 5600 3062 5660 tibi
3108 5622 3169 5660 es
3197 5602 3688 5674 supernadiiieasse

2081 5702 2133 5749 te
2164 5694 2329 5768 ligna,
2360 5690 2563 5754 fenum.
2594 5694 2844 5769 stipulam
2876 5693 2927 5771 (Ι
2952 5692 3073 5750 Cor.
3109 5693 3224 5767 tu);
3260 5711 3383 5750 cum
3415 5688 3511 5748 tali
3539 5690 3690 5749 mdi-

2078 5785 2330 5842 iicationc
2359 5780 2404 5842 si
2429 5781 2538 5858 igni
2570 5778 3051 5858 approximaveris,
3102 5783 3467 5844 consumeris.
3514 5782 3687 5844 Beati
