3930 6344
1118 364 1473 429 suum.
1513 366 1585 423 ιη
1614 360 1875 423 LIBRUM
1908 360 2142 423 IOSUE.
2183 395 2257 409 —
2292 362 2423 421 HD.
2462 365 2506 423 l.

3331 328 3473 427 ron

217 497 372 570 igitur
386 494 481 565 qui
507 490 739 564 proximi
766 496 915 558 sunt,
934 496 996 546 ut
1020 490 1167 567 ignis
1189 488 1569 547 eosillmninet
1595 494 1653 542 et
1668 460 1778 542 non
1806 487 1860 549 Α
1883 486 1979 558 qui
2001 486 2305 553 salvantur,
2333 487 2463 556 quia
2493 492 2550 539 et
2572 484 2727 555 panis
2774 496 2919 538 unus
2971 489 3056 539 est
3098 498 3191 553 qui
3218 485 3287 539 de
3328 485 3477 545 emlo

218 589 418 646 attinet.
441 583 751 639 Salvabitur
783 589 966 638 tamen
995 590 1051 637 et
1067 581 1254 647 lsrael,
1279 580 1377 637 sed
1394 582 1551 657 longe
1570 581 1784 651 positus

217 678 532 744 salvabitur;
557 686 613 731 et
636 675 744 731 iter
760 674 894 751 agit,
914 688 1026 730 non
1059 688 1157 730 sua
1186 674 1410 743 virtute,
1435 671 1531 731 sed
1560 672 1788 730 admini-

214 772 342 833 culis
375 778 431 827 et
460 764 797 843 providentia
822 766 1183 823 sacerdotum.

278 862 457 935 asin.)
494 881 512 913 ι
551 858 804 932 Dixitque
832 857 1091 914 Dominus
1122 856 1191 911 ad
1213 856 1376 913 Iosue
1406 874 1421 912 :
1449 854 1620 912 Hodie
1646 855 1786 912 lucio

219 978 237 1012 ι
268 957 412 1029 piam
464 962 518 1010 te
547 952 788 1009 exaltare
840 966 1023 1007 coram
1076 951 1227 1005 omni
1276 949 1471 1021 populo
1499 949 1694 1015 lsrael;
1727 955 1789 1004 ut

217 1071 234 1103 ι
267 1032 442 1105 sciant
483 1047 627 1119 quod
678 1046 819 1101 sicut
868 1043 948 1099 fui
990 1059 1114 1100 cum
1164 1042 1363 1116 Moyse,
1416 1042 1491 1098 ita
1520 1052 1575 1099 et
1604 1051 1785 1098 tecum

217 1163 232 1194 ι
267 1142 389 1203 sim,
423 1161 441 1191 ›
479 1148 531 1194 et
560 1139 785 1215 reliqua.
827 1135 1039 1204 Quanta
1088 1144 1213 1191 ante
1256 1145 1404 1208 gesta
1455 1138 1613 1191 sunt!
1642 1136 1788 1192 Mare

209 1234 450 1291 Rubrum
473 1232 757 1287 transitum
782 1238 865 1286 est
889 1230 1132 1305 pedibtrs,
1180 1245 1376 1284 manna
1402 1230 1467 1286 de
1499 1230 1637 1285 coelo
1665 1231 1787 1286 data

210 1333 306 1389 est,
338 1322 518 1378 fontes
538 1324 591 1378 in
621 1339 806 1378 eremo
830 1323 1060 1400 disrupti
1107 1331 1251 1388 sunt,
1284 1320 1370 1385 lex
1418 1336 1516 1393 Per
1568 1322 1787 1396 Moysen

209 1416 327 1470 data
352 1424 459 1480 est,
490 1413 641 1486 signa
656 1424 711 1468 et
737 1414 979 1490 prodigia
1012 1414 1176 1469 multa
1195 1415 1246 1468 in
1264 1428 1446 1473 eremo
1476 1422 1622 1487 gesta
1642 1422 1784 1480 sunt,

209 1517 260 1563 et
288 1524 549 1582 nusquam
581 1508 779 1563 dicitur
808 1508 1077 1563 exaltatus
1125 1523 1244 1586 esse
1296 1506 1473 1563 Iesus.
1513 1508 1611 1563 Ubi
1658 1522 1789 1562 vero

207 1598 454 1654 Iordanis
485 1598 770 1665 transitur,
792 1600 865 1655 ibi
894 1598 1095 1654 dicitur
1122 1599 1189 1653 ad
1218 1597 1399 1657 Iesum
1430 1614 1443 1652 :
1481 1596 1540 1651 In
1572 1599 1671 1653 hac
1702 1599 1788 1653 die

207 1690 403 1761 incipio
425 1699 477 1745 te
497 1690 740 1749 exaltare
776 1690 828 1751 in
874 1698 1166 1763 conspectu
1198 1690 1401 1763 populi.
1440 1689 1622 1762 Neque
1644 1690 1787 1744 cnim

204 1792 328 1837 ante
351 1783 669 1857 mysterium
691 1783 945 1853 baptismi
971 1782 1242 1837 cxaltatur
1261 1780 1439 1848 Iesus,
1469 1783 1562 1837 sed
1583 1784 1787 1837 exalta-

1887 579 2187 645 desceudit,
2213 585 2268 633 et
2287 577 2381 633 dat
2404 576 2535 633 huic
2559 576 2765 632 mundo
2781 575 2983 640 vitam;
3005 582 3062 630 et
3084 574 3220 630 ﬁdes
3240 590 3346 631 una
3364 585 3474 647 est,

1886 688 2056 729 unum
2138 671 2505 742 baptismum,
2576 676 2632 723 et
2707 678 2849 723 unus
2898 666 3130 737 spiritus
3182 681 3294 737 quo
3356 683 3475 725 om-

1885 778 1987 821 nes
2031 770 2290 835 petantur
2341 763 2396 817 in
2451 760 2758 827 bambme,
2810 764 2869 816 et
2910 770 3051 814 unus
3104 758 3249 816 Deus
3310 758 3477 818 Pater

1886 854 2147 910 omnium.
3290 884 3293 887 ι
3369 896 3374 901 .

1960 946 2139 1021 (ialm)
2173 964 2192 999 ‹
2224 946 2395 1018 Igitur
2412 959 2664 1014 egressus
2693 950 2777 1000 est
2827 943 3058 1015 populus
3097 944 3164 999 de
3214 944 3473 1000 taberna-

1894 1057 1913 1091 ι
1946 1039 2084 1095 culis
2119 1038 2251 1104 suis,
2307 1047 2367 1092 ut
2413 1038 2670 1093 transiret
2718 1035 3054 1092 Iordanem:
3083 1038 3477 1094 eteaeerdotes

1894 1149 1914 1183 ι
1946 1132 2043 1202 qui
2099 1131 2394 1202 portabant
2452 1145 2641 1186 arcam
2705 1129 2930 1184 foederis
2991 1130 3291 1201 pergebant
3348 1139 3478 1187 ante

1896 1243 1915 1276 ‹
1949 1238 2096 1286 eum,
2130 1245 2145 1275 ι
2173 1233 2277 1279 etc.
2311 1222 2523 1279 interea
2547 1224 2900 1280 sacerdotalis
2936 1224 3072 1279 ordo
3096 1230 3151 1279 et
3206 1224 3476 1293 leviticus,

1890 1315 1983 1385 qui
2035 1316 2139 1370 iter
2189 1316 2509 1371 ostendebat
2555 1315 2755 1385 populo
2805 1315 2903 1370 Dei
2956 1315 3049 1385 qui
3075 1300 3207 1371 exiit
3236 1317 3303 1372 de
3330 1326 3477 1373 terra

1890 1405 2131 1477 Egypti,
2154 1409 2254 1478 Ipsi
2277 1407 2423 1462 enim
2440 1415 2568 1461 sunt
2590 1407 2683 1477 qui
2715 1408 2907 1462 docent
2950 1406 3206 1477 populum
3236 1408 3388 1463 exire
3412 1408 3481 1464 de

1891 1500 2155 1570 Egypto;
2204 1500 2269 1553 de
2321 1499 2600 1553 erroribus
2634 1498 2839 1553 scilicet
2876 1497 3064 1553 mundi
3115 1499 3349 1553 transire
3383 1513 3482 1568 per

1892 1604 2136 1644 ereumm
2166 1596 2395 1653 vastam,
2422 1588 2477 1643 id
2507 1597 2611 1654 est,
2659 1589 3011 1644 tentationum
3038 1604 3239 1660 genera
3265 1589 3480 1645 diversa

1892 1688 2274 1735 transcurrere
2308 1698 2319 1733 :
2348 1688 2403 1734 et
2440 1696 2615 1750 neque
2658 1681 2843 1736 noceri
2892 1697 2922 1734 a
2971 1681 3337 1755 serpentibus,
3388 1681 3482 1751 qui

1892 1783 2017 1828 sunt
2056 1777 2271 1829 morsus
2315 1776 2621 1830 datmonum
2669 1784 2723 1830 et
2766 1776 3027 1831 malarum
3074 1779 3481 1849 suggestionum

203 1873 368 1928 tionis
397 1856 513 1943 ejus
540 1875 592 1929 in
623 1882 913 1948 conspectu
936 1875 1114 1949 populi
1148 1874 1270 1929 inde
1296 1873 1459 1930 sumit
1482 1876 1783 1930 exordium.
1820 1856 1869 1934 Β
1894 1881 2103 1922 Venena
2129 1866 2320 1921 mare-
2354 1866 2510 1936 QUOd
2539 1868 2584 1922 Si
2608 1866 2747 1923 Ῑοΐῐο
2771 1868 2968 1937 aliquis
2994 1884 3287 1941 percussus
3318 1869 3485 1926 ἠιθτῆ

202 1963 261 2018 Si
297 1964 443 2019 enim
470 1980 659 2021 omnes
689 1964 781 2037 qui
831 1965 1177 2036 baptizantur
1208 1965 1259 2019 in
1306 1965 1527 2021 Christo
1554 1965 1702 2031 Iesu,
1735 1966 1789 2021 in

200 2064 377 2111 morte
404 2056 571 2130 ipsius
596 2054 968 2133 haptizantur;
1003 2072 1151 2111 mors
1177 2063 1360 2111 autem
1377 2056 1506 2115 Iesu
1530 2057 1583 2112 in
1611 2058 1790 2114 crucis

198 2146 538 2209 exaltatione
589 2148 910 2227 completur,
972 2148 1167 2205 merito
1212 2151 1503 2227 unicuique
1553 2150 1790 2206 fidelium

198 2245 334 2295 tunc
378 2240 612 2309 primum
660 2238 819 2294 Iesus
872 2240 1162 2305 exaltatur,
1209 2257 1330 2299 cum
1374 2242 1439 2295 ad
1471 2244 1791 2314 mysterium

196 2328 455 2399 baptismi
480 2328 825 2403 pervenitur,
858 2329 983 2399 quia
1014 2329 1274 2400 scriptum
1306 2337 1389 2384 est
1417 2348 1436 2383 ‹
1474 2331 1617 2401 quod
1643 2331 1792 2387 exal-

198 2417 341 2474 tavit
372 2417 522 2477 illum
554 2415 715 2483 Deus,
747 2420 802 2473 et
827 2419 1045 2473 donavit
1089 2418 1165 2473 illi
1194 2435 1391 2475 nomen
1422 2422 1564 2500 quod
1594 2430 1677 2477 est
1702 2440 1792 2477 su—

197 2522 299 2581 per
348 2522 511 2563 omne
542 2522 762 2573 nomen,
802 2517 860 2568 ut
910 2509 963 2564 in
994 2510 1210 2565 nomine
1263 2508 1389 2566 Iesu
1444 2525 1605 2566 omne
1652 2528 1791 2584 genu

196 2599 481 2667 ﬂectatur,
543 2599 883 2669 caelestium,
943 2601 1288 2657 terrestribm
1344 2609 1401 2656 et
1456 2602 1790 2663 infernarum

197 2692 370 2771 (Phil.
399 2693 486 2767 ιι).
513 2714 532 2746 ι

267 2785 454 2861 (Ιωυ.)
493 2805 512 2839 c
544 2782 800 2856 Dixitque
826 2784 990 2843 Iosue
1018 2787 1085 2842 ad
1111 2786 1251 2851 filios
1275 2780 1444 2845 lsrael
1467 2804 1479 2841 :
1504 2787 1645 2844 Ecce
1665 2803 1792 2844 arca

200 2898 220 2931 ‹
255 2876 489 2937 foederis
534 2876 750 2939 Domini
806 2879 984 2933 omnis
1023 2887 1200 2947 terrm,
1245 2879 1528 2936 antecedet
1576 2888 1672 2935 ros
1696 2894 1796 2953 per

198 2991 217 3027 ‹
251 2970 551 3031 Iordanem
587 2991 599 3024 :
635 2980 825 3046 parate
884 2972 1168 3030 duodecim
1221 2972 1369 3035 viros
1420 2975 1487 3028 de
1548 2975 1794 3029 tribubus

198 3081 217 3114 ι
254 3059 457 3129 Israel,
488 3060 730 3134 singulos
753 3077 851 3133 per
877 3063 1119 3135 singulas
1145 3064 1346 3131 tribus;
1381 3072 1434 3120 et
1458 3080 1578 3120 cum
1601 3080 1794 3135 posue-

197 3171 216 3205 c
257 3153 373 3208 rint
400 3151 629 3224 vestigia
655 3152 851 3224 pedum
877 3170 1101 3210 suorum
1124 3155 1437 3211 sacerdotes
1460 3157 1552 3228 qui
1575 3163 1796 3227 portant

1896 1957 1953 2012 in
1981 1973 2167 2012 eremo
2194 1973 2223 2011 a
2252 1967 2525 2028 serpente,
2549 1966 2608 2012 ut
2638 1958 2889 2014 ostendat
2930 1958 2981 2014 ei
3029 1972 3231 2013 aereum
3262 1974 3486 2031 serpen-

1894 2056 2003 2103 tem
2032 2049 2084 2102 in
2109 2063 2269 2104 cruce
2291 2064 2636 2119 suspensum,
2661 2066 2821 2119 quem
2871 2050 2964 2119 qui
3018 2050 3234 2117 viderit,
3265 2052 3321 2106 id
3366 2059 3468 2119 est,

1895 2141 1987 2212 qui
2010 2142 2369 2197 credideritin
2395 2158 2518 2197 cum
2542 2144 2696 2213 cujus
2715 2144 2944 2214 ilguram
2972 2144 3061 2199 ille
3083 2160 3309 2214 serpens
3325 2160 3484 2201 mon-

1895 2233 2409 2299 strabat,diabolica
2462 2250 2561 2305 per
2604 2236 2706 2290 hoc
2742 2250 2949 2291 venena
2987 2236 3228 2308 diil‘ugiet
3254 2254 3267 2268 ·
3301 2250 3485 2291 sacer-

1895 2324 2090 2380 dotalis
2139 2333 2194 2379 et
2213 2325 2461 2380 lcviticus
2486 2326 2620 2379 ordo
2663 2332 2745 2381 est
2766 2326 2857 2395 qui
2893 2327 3102 2381 assistit
3140 2340 3280 2383 arcte
3318 2334 3486 2384 testa-

1893 2417 2062 2472 menti
2085 2417 2317 2483 Domini,
2343 2418 2395 2473 in
2421 2432 2527 2487 qua
2556 2418 2643 2472 lex
2664 2419 2879 2473 Domini
2901 2427 3168 2491 portatur,
3188 2420 3305 2476 sine
3321 2420 3486 2476 dubio

1893 2516 1955 2563 ut
1982 2509 2083 2578 ipsi
2124 2507 2430 2564 illuminent
2468 2508 2727 2581 pepulum
2758 2509 2823 2565 de
2868 2510 3138 2567 mandatis
3182 2511 3300 2579 Dei,
3347 2513 3487 2568 sicut

1894 2598 2167 2670 Propheta
2209 2601 2339 2655 dicit
2386 2620 2397 2655 :
2449 2619 2467 2652 ε
2515 2600 2759 2655 Lucerna
2808 2602 3035 2672 pedibus
3082 2604 3221 2659 meis
3258 2604 3487 2659 verbum

1895 2699 2071 2757 tuum,
2098 2691 2345 2756 Domine,
2365 2699 2419 2745 et
2440 2690 2622 2747 lumen
2647 2693 2857 2747 semitis
2872 2693 3008 2748 meis
3025 2691 3196 2764 (Paul.
3213 2694 3437 2768 cxvrn);
3461 2712 3480 2745 ›

1896 2784 2001 2839 hoc
2036 2784 2216 2838 lumen
2258 2798 2356 2854 per
2407 2783 2721 2839 sacerdotes
2784 2783 3099 2839 accenditur
3140 2791 3196 2840 et
3245 2784 3484 2841 Levitas.

1897 2876 2050 2945 Quod
2073 2876 2119 2931 si
2142 2875 2281 2930 forte
2302 2874 2501 2945 aliquis
2529 2889 2596 2929 ex
2618 2874 2719 2931 hoc
2755 2875 2945 2930 ordine
2990 2886 3280 2931 accensam
3314 2874 3490 2931 lucer-

1896 2984 2024 3024 nam
2048 2968 2291 3039 posuerit
2314 2968 2414 3021 sub
2437 2967 2641 3035 modio,
2668 2975 2854 3023 etnon
2895 2980 3059 3036 super
3078 2966 3485 3033 candelabrum,

1896 3070 1959 3116 ut
1975 3062 2154 3116 luceat
2179 3060 2431 3116 omnibus
2455 3061 2547 3129 qui
2568 3060 2622 3114 in
2647 3061 2808 3115 domo
2829 3070 2977 3127 sunt,
3013 3061 3193 3117 videat
3218 3062 3348 3132 quid
3381 3060 3487 3116 sibi

1900 3154 2169 3226 agendum
2214 3154 2305 3219 sit,
2342 3169 2465 3208 cum
2507 3146 2766 3208 Dominus
2809 3152 2945 3208 lucis
2987 3146 3217 3225 coeperit
3258 3153 3490 3210 reddere

198 3264 216 3297 ι
252 3258 448 3299 arcam
480 3241 695 3303 Domini
742 3245 1009 3301 universa:
1040 3255 1198 3302 terrre
1228 3248 1283 3302 in
1326 3248 1482 3319 aquis
1517 3245 1792 3316 Iordanis,
1821 3232 1867 3299 C
1903 3249 2168 3303 rationem
2192 3263 2292 3317 pro
2318 3246 2403 3303 bis
2432 3246 2524 3317 qui
2551 3246 2685 3307 nihil
2706 3246 3116 3306 illuminationis
3138 3263 3169 3305 a
3190 3247 3485 3306 sacerdoti-

196 3357 215 3389 ι
255 3352 419 3411 aquae
449 3353 569 3414 quae
616 3337 901 3397 inferiores
947 3348 1096 3407 sunt,
1142 3338 1432 3397 decurrent
1477 3350 1636 3413 atque
1662 3343 1795 3397 dell-

197 3447 216 3478 ‹
252 3428 445 3499 cient;
478 3442 599 3503 quae
639 3435 820 3485 autem
860 3428 1092 3499 desuper
1118 3428 1361 3497 veniunt,
1414 3432 1467 3486 in
1499 3448 1603 3487 una
1653 3431 1795 3491 mole

196 3538 216 3571 σ
251 3517 581 3573 consistent.
619 3537 639 3570 ›
666 3518 772 3577 Per
803 3520 1113 3576 sacerdotes
1148 3521 1432 3577 deducitur
1458 3525 1705 3595 pepulus,
1736 3533 1793 3580 et

191 3608 308 3664 iter
330 3608 449 3680 agit
472 3606 539 3661 ad
571 3615 770 3665 terram
800 3609 1253 3678 repromissionis.
1281 3609 1593 3682 Magistcrio
1616 3622 1797 3668 sacer-

191 3702 395 3757 dotum
431 3708 613 3759 tantus
642 3717 720 3758 ac.
734 3702 853 3756 talis
873 3708 958 3760 est
977 3703 1226 3776 populus,
1256 3704 1347 3775 qui
1377 3704 1430 3758 in
1481 3705 1572 3760 illo
1603 3707 1792 3764 ordine

189 3798 486 3847 mereatur
533 3794 749 3853 ascribi.
813 3792 869 3848 Si
932 3794 1077 3852 enim
1143 3796 1215 3850 sit
1267 3796 1463 3873 aliquis
1525 3796 1682 3876 talis,
1738 3809 1797 3855 ut

188 3885 497 3956 quiescant
527 3884 575 3939 ei
602 3883 802 3941 ﬂuenta
829 3880 1102 3950 Iordanis,
1126 3895 1180 3941 et
1216 3887 1335 3958 ipsa
1360 3887 1626 3943 elementa
1646 3902 1798 3945 vere-

186 3974 415 4030 buntur
451 3991 463 4025 :
490 3987 622 4047 pars
649 3988 915 4042 aquarum
939 3972 1219 4030 ﬂuminum
1239 3986 1540 4033 retrorsum
1571 3978 1793 4045 resiliet,

188 4071 248 4118 et
278 4069 414 4135 post
440 4066 649 4136 tergum
672 4061 972 4123 frenabitur
996 4082 1007 4117 :
1033 4080 1158 4143 pars
1176 4081 1305 4122 vero
1332 4069 1385 4121 in
1413 4083 1563 4124 mare
1592 4069 1796 4125 salsum

189 4149 396 4222 rapido
423 4148 578 4225 lapsu
601 4150 834 4207 deﬁciet.
864 4152 1019 4221 Quod
1043 4163 1221 4210 tamen
1251 4172 1352 4213 nec
1387 4159 1562 4229 ipsum
1593 4159 1798 4230 absque

190 4240 458 4316 mysterii
482 4238 692 4301 ratione
716 4244 954 4300 arbitror
975 4248 1259 4323 scriptum,
1301 4249 1446 4319 quod
1468 4264 1599 4320 pars
1631 4266 1798 4322 aqua-

191 4351 324 4389 rum
352 4332 615 4390 Iordanis
636 4334 983 4409 demergatur
1012 4337 1065 4392 in
1106 4354 1277 4407 mare,
1320 4350 1485 4411 atque
1511 4341 1566 4396 in
1598 4343 1800 4399 amari-

192 4428 398 4484 tudine
449 4426 701 4503 prolluat,
744 4441 872 4500 pars
901 4446 1031 4488 vero
1059 4432 1114 4486 in
1151 4432 1432 4490 dulcedine
1462 4445 1792 4507 perseveret.

191 4518 253 4574 Si
281 4533 487 4575 ournes
513 4519 604 4591 qui
628 4522 976 4595 baptizantur
1020 4533 1299 4596 acceptam
1342 4526 1579 4582 ccclesiis
1608 4528 1795 4599 gratiae

1897 3339 2000 3395 bus
2031 3339 2339 3410 capientes,
2364 3340 2418 3399 in
2459 3340 2698 3394 tenebris
2733 3339 3013 3395 ambulant
3043 3348 3099 3399 et
3139 3349 3490 3412 peccatorum

1898 3431 2234 3488 obscuritate
2264 3438 2559 3487 caecantur.

1971 3522 2147 3595 (11:10.)
2195 3542 2212 3573 ι
2261 3521 2513 3577 Iordanis
2554 3529 2736 3577 autem
2781 3522 2927 3592 ripas
2962 3522 3100 3577 alvei
3137 3523 3221 3577 sui
3247 3530 3494 3593 tempore

1906 3633 1923 3665 ι
1953 3614 2147 3669 messis
2167 3613 2501 3684 impleverat.
2534 3632 2553 3664 ι
2584 3612 2692 3684 (Ea:
2712 3613 3054 3687 Augustino.)
3102 3613 3357 3670 Iordanis
3389 3608 3487 3669 au-

1900 3712 2010 3759 tem
2031 3703 2223 3773 plenus
2243 3710 2362 3758 erat
2394 3717 2494 3773 per
2518 3710 2687 3757 totam
2711 3704 3045 3773 crepidinem
3068 3717 3242 3769 suam,
3270 3703 3410 3759 sicut
3430 3703 3486 3758 in

1901 3791 2093 3848 diebus
2115 3792 2307 3847 messis
2340 3793 2526 3847 tritici.
2558 3791 2672 3849 Hoc
2713 3792 3030 3848 incredibile
3066 3792 3281 3847 videtur
3316 3792 3495 3864 regio-

1901 3884 2061 3939 nibus
2082 3883 2323 3939 nostris:
2354 3882 2427 3938 ibi
2449 3892 2632 3939 autem
2673 3883 2838 3956 (sicut
2878 3884 3166 3955 perhibent
3206 3883 3303 3954 qui
3325 3898 3494 3941 nove-

1902 3974 2048 4045 runt)
2086 3973 2241 4029 initio
2262 3975 2405 4029 veris
2428 3982 2512 4030 est
2534 3975 2729 4029 messis
2766 3974 2952 4030 tritici.
2997 3975 3149 4030 Tunc
3184 3982 3365 4032 autem
3401 3976 3494 4035 ille

1901 4066 2097 4121 ﬂuvius
2120 4066 2366 4137 repletur.
2382 4068 2612 4137 amplius
2636 4082 2797 4139 quam
2818 4082 2918 4140 per
2936 4067 3192 4123 hiemem.

1974 4155 2125 4228 (Car.
2156 4156 2252 4229 1v.)
2296 4175 2315 4208 ι
2351 4157 2673 4212 Sacerdotes
2710 4165 2891 4212 autem
2933 4158 3025 4228 qui
3054 4159 3346 4229 portabant
3384 4168 3475 4215 ar—'

1909 4269 1928 4301 (
1974 4265 2117 4316 cam,
2149 4250 2365 4305 stabant
2383 4248 2437 4304 in
2465 4249 2686 4305 Iordani
2713 4251 2909 4315 medio,
2937 4249 3112 4307 donec
3132 4252 3315 4308 omnia
3341 4267 3492 4310 com-

1909 4361 1926 4392 ι
1972 4342 2252 4412 plerentur
2280 4356 2401 4412 qua:
2443 4339 2610 4398 Iosue
2647 4349 2706 4398 ut
2750 4342 3067 4413 loqueretur
3111 4344 3179 4399 ad
3226 4345 3488 4415 populum

1907 4451 1925 4483 ί
1971 4440 2303 4505 praeceperat
2333 4434 2611 4498 Dominus,
2645 4444 2702 4489 et
2726 4434 2939 4489 dixerat
2965 4434 3014 4487 ei
3045 4433 3276 4504 Moyses.
3316 4434 3494 4491 Festi—

1908 4544 1925 4576 c
1973 4526 2226 4596 navitquc
2256 4526 2486 4597 populus
2523 4535 2579 4581 et
2613 4526 2847 4580 transiit.
2876 4525 3122 4596 Cumque
3166 4527 3489 4585 transissent

188 4608 549 4669 dulcedinem
604 4611 961 4681 custodirent,
1007 4622 1063 4668 et
1114 4615 1294 4670 nullus
1343 4616 1400 4671 in
1450 4625 1798 4693 peccatorum
1823 4608 1877 4667 D
1912 4637 1929 4669 ‹
1974 4633 2195 4680 omnes,
2231 4618 2445 4671 transiit
2474 4626 2529 4675 ct
2558 4632 2684 4671 arca
2715 4616 2950 4672 Domini.
2990 4617 3317 4676 Sacerdotes
3348 4636 3487 4694 quo-

183 4701 628 4763 amaritudinem
660 4710 991 4773 verteretur,
1018 4721 1125 4760 non
1150 4706 1336 4777 utique
1363 4716 1507 4764 esset
1532 4710 1795 4780 scriptmn

184 4795 325 4874 quia
351 4808 494 4863 pars
535 4790 772 4848 ﬂuminis
800 4793 928 4850 salsi
958 4794 1125 4850 maris
1152 4796 1454 4868 gurgitibus
1480 4796 1671 4854 fuisset
1698 4799 1798 4853 im-

122 4873 134 4885 ’
181 4901 405 4944 mersa.
442 4882 511 4945 Et
531 4883 654 4943 ideo
681 4883 772 4940 illa
802 4886 934 4943 mihi
968 4887 1180 4943 videtur
1207 4889 1260 4943 in
1306 4889 1596 4945 hisvcrbis
1628 4891 1799 4967 rapu-

183 4990 461 5040 zatorum
511 4971 747 5039 varietas
799 4978 1093 5054 designari,
1141 4995 1300 5050 quam
1347 4981 1447 5052 ipsi
1492 4997 1590 5036 nos
1631 4982 1795 5054 (quod

183 5090 316 5135 cum
358 5069 555 5130 dolore
582 5072 971 5146 commemoro)
1013 5087 1152 5145 saepe
1195 5073 1475 5130 videamus
1524 5074 1791 5141 accidere,

183 5176 247 5230 ut
294 5166 357 5225 bi
424 5163 520 5234 qui
578 5169 822 5225 sanctum
874 5162 1142 5239 baptisma
1189 5174 1620 5237 consequuntur,
1670 5182 1791 5222 cum

181 5266 409 5340 scipsos
436 5275 631 5321 rursus
651 5261 720 5321 ad
735 5262 953 5337 negotia
986 5261 1267 5325 saecularia
1291 5271 1346 5321 et
1366 5263 1651 5325 illecebras
1673 5264 1793 5320 libi-

181 5358 388 5414 dinum
441 5354 685 5421 tradunt.
729 5362 786 5415 et
834 5370 955 5415 cum
1008 5356 1249 5415 avaritiae
1288 5356 1491 5416 salsum
1539 5356 1792 5427 poculum

179 5447 495 5516 hibllnt,in
519 5462 584 5505 ea
611 5462 879 5518 aquarum
907 5457 1061 5522 parte
1085 5449 1391 5509 formantur
1418 5463 1538 5525 quae
1567 5449 1620 5509 in
1643 5463 1792 5505 mare

177 5540 445 5618 proﬂuit,
477 5546 640 5609 atque
662 5539 714 5595 in
735 5540 892 5600 salsis
937 5539 1191 5599 ﬂuctibus
1221 5542 1464 5613 deperit;
1502 5555 1632 5610 pars
1661 5556 1791 5597 vero

180 5632 279 5691 illa
311 5645 449 5703 qum
500 5644 626 5688 cum
669 5631 965 5692 stabilitate
1013 5641 1315 5708 permanet.
1350 5640 1405 5691 et
1450 5630 1789 5691 dulcedinem

179 5739 352 5787 suam
375 5729 590 5787 servat,
620 5722 866 5797 designat
888 5738 985 5787 eos
1010 5723 1103 5795 qui
1144 5733 1430 5803 acceptum
1468 5722 1565 5781 Dei
1592 5739 1792 5785 munus

185 5811 663 5876 indeclinabiliter
692 5823 895 5872 tenent.
924 5815 993 5871 Et
1022 5824 1168 5875 recte
1197 5831 1304 5873 una
1333 5831 1463 5892 pars
1491 5823 1575 5873 est
1598 5830 1787 5874 eorum

1906 4728 1923 4758 ‹
1968 4722 2073 4779 que
2099 4706 2396 4778 pergebant
2426 4716 2552 4761 ante
2589 4706 2864 4776 populum.
2916 4706 3023 4779 (Ex
3058 4707 3424 4785 Adamantio.)
3462 4732 3483 4767 ι

1900 4798 1976 4853 De
2024 4798 2109 4852 his
2157 4796 2373 4875 quidem
2418 4797 2509 4867 qui
2561 4810 2713 4851 mare
2760 4795 3007 4853 Rubrum
3057 4800 3391 4856 transierunt
3437 4814 3491 4859 et

1897 4888 2188 4963 Apostolus
2220 4888 2392 4955 dixit,
2442 4907 2460 4940 ί
2498 4889 2624 4960 quia
2674 4903 2861 4943 omnes
2900 4890 2954 4945 in
2997 4889 3183 4963 Moyse
3225 4893 3483 4967 baptizati

1898 4990 2046 5046 sunt,
2080 4986 2133 5035 et
2183 4979 2238 5035 in
2291 4979 2462 5045 nube,
2505 4987 2556 5033 et
2593 4994 2647 5033 m
2691 4979 2827 5033 mari
2873 4978 2925 5050 (I
2950 4980 3074 5035 Cor.
3099 4982 3177 5051 x).
3209 4999 3227 5033 ι
3282 4979 3359 5036 De
3400 4982 3487 5038 his

1900 5088 2031 5131 vero
2061 5076 2153 5143 qui
2187 5070 2479 5128 Iordanem
2506 5073 2875 5139 transierunt,
2913 5088 3204 5143 possumus
3233 5074 3399 5128 etiam
3431 5083 3485 5131 et

1902 5179 2001 5219 nos
2047 5163 2211 5219 simili
2240 5163 2399 5218 modo
2434 5146 2789 5235 pronuntiare
2811 5206 2825 5231 ,
2865 5178 3055 5220 omnes
3099 5164 3153 5217 in
3195 5162 3324 5218 Iesu
3354 5164 3485 5236 bap-

1902 5254 2052 5308 tizati
2101 5262 2227 5309 sunt
2272 5253 2327 5307 in
2370 5251 2638 5319 Iordane;
2684 5254 2758 5309 ita
2793 5264 2855 5309 ut
2898 5269 2962 5310 ea
3000 5268 3121 5323 quae
3156 5253 3211 5308 in
3241 5251 3482 5311 Iordane

1898 5357 2049 5426 gesta
2072 5346 2402 5413 referuntur,
2443 5345 2674 5404 formam
2706 5355 2927 5404 teneant
2965 5347 3293 5402 sacramenti
3332 5348 3482 5418 quod

1897 5456 1995 5519 per
2041 5439 2371 5518 baptismum
2401 5439 2723 5501 celebratur.
2778 5438 2912 5495 illud
2943 5454 3074 5494 vero
3116 5440 3261 5510 quod
3309 5439 3486 5511 scrip-

1899 5542 2014 5588 tum
2036 5541 2157 5589 est:
2195 5551 2213 5584 ε
2251 5531 2317 5587 Et
2342 5531 2616 5591 festinavit
2643 5532 2893 5609 populus,
2922 5538 2977 5586 et
3003 5534 3256 5587 transivit
3290 5529 3483 5586 Iorda-

1900 5645 2057 5697 nem;
2082 5638 2137 5685 et
2162 5645 2288 5687 arca
2319 5629 2629 5687 testamenti
2670 5626 2904 5697 Domini,
2940 5647 2960 5680 ι
2995 5643 3104 5685 non
3133 5628 3266 5685 mihi
3306 5628 3485 5685 otiose

1900 5723 2140 5779 additum
2172 5722 2381 5779 videtur
2423 5738 2453 5775 a
2482 5719 2685 5791 Spiritu
2713 5728 2902 5773 sancto
2924 5718 3068 5791 quod
3098 5719 3249 5786 dixit,
3299 5739 3317 5771 ι
3351 5720 3483 5790 quia

1896 5814 2172 5871 festinavit
2213 5812 2443 5891 populus
2479 5809 2731 5868 transire.
2765 5830 2786 5865 ι
2822 5808 2979 5869 Unde
3014 5819 3069 5869 et
3109 5825 3210 5883 ego
3242 5811 3482 5868 arbitror
