3930 6344
465 346 609 410 £015

1106 348 1170 403 Β.
1210 340 1466 404 RABANi
1501 344 1724 405 MURI
1759 344 2014 404 ARCHE

2120 343 2430 404 HOGUNT.
2467 347 2757 406 erant)!
2790 348 2976 403 PARS
3007 364 3051 401 ι.

3579 345 3753 407 m‘

460 460 591 534 quia
615 458 773 516 nobis
788 470 1022 532 “quoque
1047 461 1391 516 venientibus
1424 462 1493 515 ad
1523 460 1849 531 baptismum
1889 459 2034 513 saln-
2064 462 2115 521 Α
2138 460 2332 513 dentes
2354 461 2407 514 in
2427 467 2720 531 conspectu
2751 459 2991 523 Domini,
3008 466 3065 513 et
3093 457 3511 528 mansimus
3633 473 3749 513 se-

461 560 601 616 tarc,
645 557 705 604 et
745 548 1164 619 suscipientibus
1191 558 1536 606 sacramenta
1561 551 1714 605 verbi
1758 549 1878 615 Dei,
1926 564 2034 603 non

457 641 629 697 otiose
658 654 759 697 nec
784 641 1024 712 segniter
1048 654 1139 696 res
1160 641 1397 713 gerenda
1418 649 1520 708 est,
1551 641 1645 697 sed
1668 639 2036 697 festinandum

456 743 542 791 est
583 741 640 791 et
682 735 1081 806 perurgendum
1116 748 1399 805 usquequo
1440 735 1621 789 omnia
1668 737 2032 791 transeamus.

459 824 721 882 Transire
742 827 887 881 enim
910 826 1091 882 omnia
1112 867 1127 893 ,
1155 826 1380 897 implere
1404 834 1489 882 est
1518 825 1700 881 omnia
1732 840 1855 895 quae
1881 840 2035 880 man-

456 921 679 977 dantur;
726 918 1071 975 Festinemus
1108 930 1241 990 ergo
1275 919 1535 983 transire,
1582 918 1691 973 hoc
1729 925 1832 983 est,
1865 918 2037 973 adim-

452 1007 602 1079 plere
626 1008 864 1078 primum
895 1006 1040 1077 quod
1073 1007 1338 1076 scriptum
1365 1013 1482 1071 est,
1519 1022 1539 1055 ‹
1580 999 1731 1061 Βωὶὶ
1770 1019 2036 1075 pauperes

453 1100 645 1168 spiritu
680 1097 895 1167 (Matth.
938 1094 1027 1169 v);
1062 1112 1083 1151 ι
1125 1103 1188 1151 ιιι
1225 1096 1468 1167 deposita
1506 1096 1655 1151 omni
1698 1095 2030 1166 arrogantia,

451 1197 506 1245 et
537 1188 739 1245 Christi
764 1190 1065 1246 humilitate
1086 1198 1363 1260 suscepta,
1393 1189 1678 1260 pervenire
1705 1188 1773 1243 ad
1796 1189 2030 1259 promis-

451 1297 568 1337 sam
608 1283 999 1338 beatitudinem
1039 1296 1380 1348 mereamur;
1422 1282 1517 1337 sed
1542 1296 1663 1336 cum
1694 1282 1800 1336 hoc
1838 1280 2031 1351 imple-

449 1375 706 1441 verimus,
734 1389 842 1431 non
874 1375 1031 1431 nobis
1057 1377 1310 1430 standum
1345 1383 1450 1440 est,
1484 1388 1658 1443 neque
1683 1373 2029 1439 cessandum,

450 1468 544 1522 sed
608 1467 935 1523 transeunda
982 1474 1109 1522 sunt
1162 1475 1218 1521 et
1267 1474 1462 1522 caetera
1519 1480 1639 1534 qua:
1694 1472 2028 1534 sequuntur,

451 1564 509 1611 ut
560 1558 864 1613 esuriamus
913 1565 969 1612 et
1008 1556 1258 1612 sitiemus
1301 1556 1589 1627 justitiam.
1617 1556 2031 1610 Transeundum

445 1636 600 1701 nobis
639 1656 723 1702 est
751 1657 807 1701 et
830 1648 973 1715 quod
1004 1648 1269 1716 sequitur,
1302 1652 1359 1699 ut
1394 1645 1450 1699 in
1486 1645 1589 1700 hoc
1623 1644 1826 1700 mundo
1851 1643 2030 1713 lugea-

443 1753 602 1792 mus:
633 1739 743 1793 cito
781 1738 944 1794 etiam
982 1737 1193 1805 reliqua
1236 1736 1564 1791 transeunda
1605 1744 1753 1801 sunt,
1785 1744 1847 1789 ut
1879 1749 2031 1788 man-

2137 552 2298 609 ritate
2652 551 2750 607 Vis
2786 551 2953 622 igitur
2990 551 3197 608 discere
3224 566 3349 620 quae
3384 565 3488 609 nos
3527 565 3752 623 pugna

2135 651 2260 711 post
2284 644 2800 714 baptismum,'qute
2838 641 2978 699 belh
3020 640 3351 710 suscipiant,
3376 641 3489 701 noli
3543 657 3577 699 a
3618 653 3750 708 me,

2135 735 2468 806 sedabipso
2489 749 2683 790 rursus
2706 734 2857 789 disce
2884 730 3163 802 Apostolo.
3201 730 3750 801 lpsctedocet,_£-

2135 839 2265 883 cens
2296 844 2309 879 :
2346 844 2365 877 ι
2395 824 2512 881 Non
2533 826 2679 882 enim
2694 825 2854 880 nobis
2875 832 2962 879 est
2990 838 3172 894 pugna
3212 823 3473 881 adversus
3498 842 3746 887 carnem

2135 922 2191 970 et
2218 916 2534 987 sanguinem
2557 957 2574 983 ,
2611 917 2707 971 sed
2731 915 2995 969 adversus
3022 913 3298 984 principes
3319 922 3374 970 et
3394 925 3740 988 potestates,

2135 1008 2398 1063 adversus
2424 1006 2611 1062 mundi
2644 1004 2806 1075 hujus
2840 1012 3084 1060 rectores
3118 1005 3465 1061 tenebrarum
3502 1008 3742 1079 harum,

2132 1101 2395 1155 adversus
2443 1099 2707 1169 spiritalia
2752 1096 3008 1167 nequitiae
3052 1096 3110 1151 in
3154 1096 3470 1153 cmlestibus
3500 1099 3739 1170 (Epha.

2130 1190 2230 1261 vr.)
2261 1209 2281 1243 ι
2324 1189 2536 1245 Formae
2563 1196 2690 1244 sunt
2730 1196 2789 1243 et
2831 1186 3019 1258 ﬁgura
3058 1199 3182 1257 qua:
3217 1189 3425 1257 scripta
3465 1202 3611 1247 sunt.
3651 1192 3737 1249 Ita

2130 1281 2276 1337 enim
2302 1281 2434 1336 dicit
2464 1279 2792 1351 Apostolus:
2831 1296 2851 1331 ι
2902 1276 3028 1334 Hanc
3064 1278 3212 1333 enim
3242 1280 3427 1336 omnia
3461 1282 3516 1335 in
3546 1284 3733 1352 ﬁgura

2132 1371 2518 1442 omtingebant
2546 1370 2655 1425 illis
2679 1384 2694 1423 :
2728 1369 2934 1438 scripta
2960 1375 3088 1425 sunt
3112 1378 3297 1429 autem
3324 1371 3394 1426 ad
3423 1374 3735 1442 correptio

2130 1478 2255 1518 nem
2284 1471 2559 1528 nostram,
2593 1462 2650 1516 in
2676 1476 2814 1530 quos
2848 1460 2985 1517 ﬁnes
3026 1460 3353 1517 saeculorum
3392 1462 3735 1520 devenerunt

2132 1554 2185 1629 (Ι
2211 1555 2332 1610 Cor.
2365 1555 2447 1628 ι).
2496 1574 2515 1608 ι
2568 1555 2626 1610 Si
2653 1570 2784 1626 ergo
2813 1562 3041 1624 propter
3069 1569 3171 1611 nos
3195 1554 3396 1624 scripta
3423 1565 3565 1621 sunt,
3590 1572 3730 1628 age,

2128 1647 2261 1719 quid
2285 1648 2511 1703 cessas?
2556 1646 2827 1701 Exeamns
2852 1644 2921 1699 ad
2950 1643 3186 1711 bellum,
3230 1653 3294 1699 ut
3318 1656 3668 1716 eruugnemr
3702 1663 3731 1704 a

2129 1739 2287 1793 nobis
2319 1738 2511 1793 civitas
2536 1738 2715 1808 prima
2743 1736 2905 1805 huius
2932 1738 3146 1803 mundi,
3170 1745 3229 1793 et
3251 1739 3496 1803 malitiae,
3522 1748 3587 1795 et
3603 1755 3732 1811 pec-

442 1831 579 1909 sueti
613 1828 932 1895 efficiamur,
959 1837 1015 1884 et
1039 1837 1094 1882 ut
1122 1826 1334 1897 paciﬁci
1364 1840 1702 1891 maneamus,
1723 1832 1779 1881 et
1801 1839 1898 1896 per
1924 1826 2029 1880 hoc
2054 1818 2107 1878 Β
2131 1829 2237 1884 cati
2282 1830 2514 1899 superba
2538 1829 2741 1884 matuia
2778 1828 3150 1884 destruantur.
3197 1828 3593 1899 Circumspicis
3621 1831 3729 1887 ior-

441 1923 714 1993 possimns
766 1922 859 1977 lilii
905 1922 1000 1977 Dei
1047 1936 1188 1975 esse.
1235 1918 1624 1975 Festinandum
1676 1932 1913 1989 quoque,
1965 1925 2028 1971 ut

439 2014 876 2084 persecutionum
905 2013 1115 2083 pondus
1137 2013 1338 2067 virtute
1359 2010 1632 2082 patientiae
1658 2018 2023 2064 transeamus.

439 2100 687 2172 Cumque
729 2103 842 2158 haec
880 2101 1095 2173 singula
1125 2115 1244 2172 quae
1277 2101 1343 2156 ad
1388 2098 1608 2154 virtutis
1636 2097 1865 2168 gloriam
1900 2112 2024 2167 spe.

438 2198 606 2259 ctant,
638 2207 746 2247 non
772 2192 1035 2263 segniter,
1073 2207 1173 2247 nec
1201 2192 1462 2255 remisse,
1489 2189 1585 2245 sed
1609 2204 1734 2243 cum
1762 2188 1911 2243 omni
1937 2188 2023 2243 in-

436 2285 633 2341 stantia
662 2293 716 2340 et
749 2286 1026 2341 celeritate
1062 2284 1456 2354 conquirimus,
1500 2283 1605 2337 hoc
1630 2281 1766 2336 mihi
1809 2280 2026 2334 videtur

435 2362 557 2432 esse
583 2391 707 2432 cum
732 2376 1080 2433 festinatione
1104 2376 1338 2431 transire
1372 2374 1685 2430 Iordanem.
1713 2374 1849 2428 Cum
1892 2386 2027 2430 vero

435 2470 814 2524 transierimus
859 2477 915 2524 et
959 2469 1207 2525 obtinere
1242 2470 1584 2539 pctuerimus
1623 2482 1743 2539 quae
1776 2468 2025 2524 obtinere

434 2542 695 2615 debemus
717 2600 732 2625 ,
767 2574 983 2614 rursum
1016 2560 1174 2615 nobis
1207 2558 1496 2631 diligentiae
1535 2564 1589 2614 et
1633 2558 1862 2613 cautelae
1886 2571 2021 2612 cura

435 2651 707 2719 succedit;
737 2668 805 2707 ne
826 2650 963 2708 forte
992 2651 1347 2724 negligentius
1366 2640 1698 2717 incedentes,
1725 2651 2023 2720 improviso

434 2734 615 2810 aliquo
661 2740 817 2811 lapsu
865 2740 1212 2798 ed‘undautur
1265 2757 1485 2815 gressus
1533 2742 1729 2797 nostri.
1774 2741 1927 2797 Sicut
1966 2749 2023 2797 et

432 2822 703 2902 Propheta
740 2833 874 2888 dicit
906 2849 918 2888 :
957 2850 976 2886 ι
1023 2833 1190 2889 Paulo
1234 2835 1416 2890 minus
1439 2832 1597 2890 ed’usi
1634 2841 1762 2889 sunt
1798 2847 2021 2904 gressus

432 2924 539 2978 mei
569 2921 738 2995 (Psal.
763 2925 954 2998 Lxxn).
987 2946 1007 2980 ι

518 3002 522 3011 ’
938 3020 943 3025 ‘
1054 3018 1283 3078 CAPUT
1317 3019 1384 3076 v.

2127 1926 2276 1974 tasse
2300 1934 2407 1988 quo
2430 1918 2528 1972 tibi
2553 1918 2753 1973 itinere
2777 1918 3233 1988 progrediendum
3252 1919 3347 1984 sit,
3376 1921 3472 1988 qui
3494 1935 3726 1991 campus

2126 2009 2439 2065 certaminis
2479 2010 2815 2080 expetendus
2848 2012 3070 2081 (novum
3105 2008 3204 2064 tibi
3251 2008 3486 2066 fortasse
3517 2012 3723 2067 videbi-

2131 2111 2239 2169 tur,
2266 2104 2411 2173 quod
2435 2102 2679 2157 dicturus
2703 2117 2846 2165 sum,
2876 2101 2970 2156 sed
2995 2108 3176 2155 tamen
3212 2115 3407 2156 verum
3433 2101 3567 2171 est),
3590 2117 3725 2172 prat-

2136 2204 2222 2250 ter
2250 2195 2597 2265 temetipsum
2644 2202 2702 2249 et
2746 2194 3090 2250 extrinsecus
3133 2194 3422 2263 requiras?
3470 2192 3719 2249 Pretium

2125 2287 2267 2342 intra
2292 2297 2349 2342 te
2381 2295 2493 2353 est;
2522 2288 2666 2357 quod
2696 2295 2948 2358 gesturus
2972 2301 3054 2354 es,
3083 2287 3420 2347 intrinsecus
3438 2296 3535 2342 est.
3575 2287 3715 2342 Mala

2125 2376 2217 2432 illa
2245 2377 2531 2432 aediﬁcatio
2552 2392 2671 2448 qua:
2698 2376 3013 2437 subruenda
3038 2386 3147 2443 est,
3180 2378 3359 2433 hostis
3382 2387 3497 2432 tuus
3525 2378 3593 2431 de
3620 2387 3719 2434 tuo

2124 2471 2289 2527 corde
2312 2469 2580 2541 procedit.
2636 2470 2756 2527 Non
2801 2487 2921 2526 mea
2953 2486 3058 2526 vox
3100 2471 3228 2536 ista,
3256 2472 3357 2526 sed
3376 2469 3578 2526 Christi
3608 2479 3712 2525 est.

2122 2560 2443 2616 Audivimus
2469 2562 2649 2632 ipsum
2674 2561 2949 2617 dicentem
2975 2578 2988 2615 :
3023 2579 3042 2613 ι
3068 2561 3149 2616 De
3165 2561 3338 2616 corde
3362 2561 3508 2615 enim
3524 2574 3713 2630 procc-

2122 2651 2260 2707 dunt
2281 2652 2638 2723 cogitationes
2664 2652 2841 2716 malae,
2871 2651 3187 2716 homicidia,
3214 2650 3513 2714 adulteria,
3548 2648 3715 2706 forni-

2124 2743 2384 2807 cationes,
2418 2741 2579 2806 furta,
2612 2739 2751 2796 falsa
2774 2741 3109 2806 testimonia,
3135 2740 3516 2810 blasphemiae,
3546 2739 3718 2794 avari-

2122 2836 2222 2903 tia,
2267 2835 2532 2906 nequitia,
2569 2833 2680 2891 doli
2721 2831 2942 2905 (Matth.
2988 2830 3102 2905 xv).
3144 2852 3164 2885 ι
3212 2829 3382 2888 Vides
3408 2838 3637 2901 quantus
3661 2837 3719 2895 at

2122 2929 2297 3003 qualis
2321 2929 2594 2983 exercitus
2619 2925 2857 2981 hostium
2882 2932 3100 2979 tuorum
3126 2922 3424 2978 adversum
3456 2930 3507 2977 te
3533 2921 3601 2977 de
3628 2930 3719 2975 tuo

2118 3023 2284 3081 corde
2308 3019 2589 3093 procedit?
2624 3017 2723 3077 lsti
2755 3016 2911 3072 nobis
2956 3016 3135 3087 prima
3166 3024 3351 3086 strage
3380 3013 3717 3069 confodieutﬁ

431 3090 659 3257 ὸβιῶιὶἱξ
686 3132 868 3214 Ιζιιιιεη
894 3131 1089 3215 ςιβαά
1106 3175 1121 3200 ,
1156 3143 1206 3187 et
1230 3131 1453 3187 dimidia
1481 3132 1621 3217 tribu
1659 3129 1937 3197 Manasse,
1968 3140 2017 3188 et

577 3200 774 3256 oderim
806 3202 1068 3257 lapidibus
1088 3219 1217 3257 auos
1240 3205 1304 3256 de
1324 3202 1580 3257 Jordams
1607 3202 1752 3256 alveo
1782 3202 2015 3256 transla-

2122 3120 2265 3177 sunt,
2308 3090 2406 3167 isti
2450 3112 2627 3181 prima
2660 3109 2778 3165 acie
2822 3106 3204 3179 prosternendi
3242 3115 3389 3161 sunt.
3434 3105 3636 3159 Horum
3663 3103 3711 3157 si

2122 3206 2497 3257 subruerimus
2540 3203 2761 3257 muenia.
2808 3202 2950 3257 insos
2998 3213 3217 3257 quoque
3268 3198 3339 3253 ad
3396 3195 3711 3251 internecio-

577 3192 774 3256 odccim
804 3178 1068 3272 lapidibus
1088 3178 1217 3272 q’uos
1240 3178 1304 3256 aé
1324 3178 1580 3257 Iordanis
1607 3202 1752 3256 alveo
1782 3178 2023 3261 transtri;
2044 3178 2097 3245 C
2122 3206 2497 3262 subruerimus
2540 3203 2761 3266 moenia,
2808 3202 2950 3272 ipsos
2998 3213 3217 3269 quoque
3268 3198 3339 3253 ad
3396 3195 3717 3251 internecio-

462 3286 465 3289 '
502 3280 582 3324 tos
602 3274 770 3339 posuit
801 3271 964 3325 Iosue
988 3272 1042 3325 in
1064 3271 1324 3342 Galgah's.

442 3378 469 3459 ι’
502 3378 681 3453 (Ῐιιιυ.)
727 3399 745 3430 ι
777 3378 903 3434 Filii
929 3394 1145 3452 quoque
1190 3381 1382 3436 Ruben
1422 3389 1478 3437 et
1518 3381 1660 3449 Gad,
1699 3390 1755 3438 et
1795 3382 2016 3439 dimidia

500 3472 676 3557 tribus
710 3474 954 3531 Manasse
976 3515 991 3541 ,
1022 3475 1219 3530 armati
1244 3474 1626 3544 praecedebant
1651 3474 1791 3530 ﬁlios
1828 3474 2013 3541 Israel,

500 3550 643 3623 sicut
672 3567 752 3622 eis
788 3575 1119 3639 praeceperat
1150 3566 1381 3638 Moyses.
1431 3566 1499 3622 Et
1527 3566 1885 3637 quadraginta
1912 3580 2014 3637 pu-

432 3646 469 3725 i‘
497 3667 784 3731 gnatorum
833 3657 1020 3724 millia,
1067 3673 1168 3729 per
1207 3665 1415 3713 turmas
1451 3665 1508 3713 et
1548 3671 1747 3713 cuneos
1794 3657 2014 3713 incede-

428 3734 469 3829 ’ἐξ
496 3752 623 3829 bant
652 3768 747 3824 per
773 3751 935 3822 plana
967 3762 1128 3823 atque
1154 3752 1481 3823 campestria
1514 3750 1666 3807 urbis
1699 3747 1938 3806 Iericho.
1988 3770 2008 3803 ι

427 3816 537 3929 δερ
588 3844 867 3925 remissior
925 3843 1082 3901 nobis
1147 3842 1455 3899 sollicitudo
1514 3843 1569 3898 in
1628 3843 2014 3899 conservandis

427 3934 587 4013 debet
626 3949 768 4009 esse,
815 3952 978 4017 quam
1024 3937 1077 3992 in
1125 3936 1512 4008 conquirendis
1552 3934 1864 3991 virtutibus.
1904 3933 2013 3990 Aut

424 4045 533 4101 non
563 4031 680 4089 haec
720 4030 814 4086 tibi
848 4032 1119 4102 designari
1159 4035 1413 4091 videntur
1447 4034 1501 4088 in
1543 4048 1608 4089 eo
1647 4048 1769 4088 cum
1813 4030 2013 4087 dicitur

425 4121 551 4197 quia
575 4120 931 4203 quadraginta
952 4120 1120 4177 millia
1154 4124 1397 4179 virorum
1423 4122 1651 4178 accincti
1684 4130 1739 4177 ct
1760 4121 2007 4190 expediti

420 4206 763 4275 transierunt
799 4209 865 4262 ad
899 4226 1134 4278 pugnam
1167 4212 1222 4268 in
1250 4222 1541 4281 conspectu
1572 4212 1785 4267 Domini
1812 4211 1882 4266 ad
1912 4224 2010 4266 ex-

419 4286 769 4385 pugnandam
805 4298 1370 4381 Ierichocivitatem?
1397 4301 1759 4371 Requiramus
1796 4301 1888 4372 qui
1922 4300 2012 4355 isti

418 4400 565 4471 sunt,
593 4406 729 4463 quos
772 4386 1054 4459 Scriptura
1085 4391 1215 4446 dicit
1253 4393 1525 4447 accinctos
1580 4393 1657 4447 vel
1704 4393 2007 4462 expeditos.

414 4464 536 4571 ﬁgo
564 4468 1011 4550 ‘ex‘memctipso
1049 4496 1379 4552 praesumere
1422 4480 1625 4552 aliquid
1673 4490 1727 4536 et
1764 4496 2005 4553 pronun-

416 4562 561 4651 tiare
582 4587 692 4625 non
714 4572 905 4626 audeo.
938 4571 1181 4644 Apostoli
1206 4574 1377 4644 magis
1406 4573 1603 4628 litteris
1629 4573 1921 4629 doceamur
1950 4572 2006 4627 in

422 4660 647 4743 talibus.
678 4661 780 4731 Qui
812 4672 939 4717 sunt
980 4664 1071 4720 isti
1097 4667 1326 4721 accincti
1359 4664 1528 4721 Paulo
1566 4675 1872 4736 exponente
1898 4662 2007 4719 dis-

408 4769 632 4835 camus.
674 4755 809 4827 Audi
836 4763 949 4831 ipsc
974 4756 1102 4826 quid
1133 4756 1266 4812 dicit
1284 4752 1305 4812 ἐ
1338 4776 1357 4808 ‹
1402 4756 1591 4813 Estote
1617 4770 1748 4827 ergo
1777 4756 2006 4811 accincti

420 4852 636 4917 lumbos
672 4862 882 4909 vestros
914 4854 969 4907 in
992 4854 1218 4909 veritate
1257 4851 1474 4933 (Ephes.
1506 4853 1602 4923 γι).
1641 4868 1658 4903 ι
1694 4849 1857 4908 Vides
1877 4866 2008 4922 ergo

410 4942 554 5017 (quia
586 4941 787 4999 Paulus
832 4941 1106 4996 accinctus
1143 4942 1293 4996 n0vit
1326 4955 1419 4995 eos
1446 4941 1537 5011 qui
1568 4941 1844 5011 praecincti
1884 4948 2010 4995 sunt

424 5030 638 5103 cingulo
676 5030 940 5088 veritatis.
974 5031 1139 5099 igitur
1175 5032 1337 5107 etiam
1372 5038 1613 5086 nostrum
1658 5044 1779 5084 esse
1820 5028 2007 5101 cingu-

408 5120 536 5195 lum
568 5122 769 5179 veritas
811 5122 991 5187 debet,
1040 5121 1085 5175 si
1136 5130 1312 5177 tamen
1362 5121 1758 5177 servaverimus
1799 5120 2007 5177 militia:

424 5211 581 5282 hujus
617 5221 673 5267 et
712 5212 912 5285 Cinguli
956 5221 1377 5268 sacramentum.
1426 5211 1484 5267 Si
1513 5213 1659 5267 enim
1686 5211 1890 5268 veritas
1920 5220 2005 5269 est

412 5290 698 5379 Lcingulum
729 5312 974 5383 nostrum
1001 5318 1110 5381 quo
1137 5300 1337 5357 Christi
1386 5304 1575 5359 militia
1620 5304 1906 5374 cingimur,
1954 5304 2001 5359 si

408 5382 638 5468 Lquando
658 5397 851 5459 falsum
882 5398 1151 5467 loquimur
1173 5403 1228 5450 et
1254 5396 1586 5450 mendacium
1610 5396 1675 5449 de
1703 5411 1796 5450 ore
1816 5405 2002 5452 nostro

421 5478 702 5558 procedit,
732 5489 1104 5561 .discingimur
1142 5502 1175 5541 a
1222 5483 1410 5540 militia
1454 5483 1688 5550 Christi,
1727 5493 1782 5539 et
1822 5485 2003 5540 balteo

412 5577 702 5641 .cltaritatis
729 5579 1077 5634 exsolvimur.
1107 5575 1289 5633 Simus
1322 5587 1451 5645 ergo
1480 5573 1535 5627 in
1562 5574 1789 5628 veritate
1815 5575 2000 5641 cincti,

399 5682 495 5745 Vae
521 5670 690 5735 simus
717 5669 772 5724 in
802 5668 1037 5727 falsitate
1060 5667 1337 5733 discincti;
1367 5664 1462 5721 sed
1482 5677 1581 5719 nos
1608 5664 1882 5719 imitemur
1909 5679 2004 5736 po-

426 5758 535 5815 tius
558 5761 691 5817 istos
717 5763 1098 5833 quadragesies
1128 5762 1274 5817 mille
1299 5760 1446 5816 viros
1475 5756 1769 5823 accinctos,
1801 5754 2003 5828 praece-

2120 3300 2245 3359 nem
2275 3302 2486 3357 euadere
2510 3298 2841 3371 poterimus;
2874 3298 2949 3351 ita
2985 3304 3050 3350 ut
3078 3310 3187 3349 non
3224 3293 3592 3364 relinquamus
3619 3291 3715 3360 qui

2119 3391 2396 3448 renuntiet
2417 3390 2505 3445 vel
2534 3389 2787 3459 respiret.
2819 3386 2878 3442 Si
2912 3387 3029 3458 jam
3054 3385 3237 3441 nullus
3271 3401 3343 3441 ex
3373 3385 3458 3440 his
3489 3396 3719 3454 prorsus

2120 3484 2175 3538 In
2217 3483 2423 3538 nostris
2468 3480 2891 3553 cogitationibus
2941 3479 3219 3535 redivivus
3263 3477 3544 3549 eruperit,
3587 3485 3718 3535 tunc

2117 3564 2279 3633 nobis
2320 3589 2416 3648 per
2456 3574 2643 3630 Iesum
2672 3573 2890 3630 dabitur
2919 3571 3012 3626 illa
3042 3572 3283 3642 requies,
3326 3579 3387 3625 ut
3414 3569 3713 3639 unusquis-

2118 3686 2223 3742 que
2269 3668 2577 3738 requiescat
2604 3666 2707 3721 sub
2749 3666 2859 3720 vite
2884 3676 2982 3719 sua
3003 3704 3020 3728 ,
3054 3672 3113 3718 et
3138 3664 3236 3718 sub
3273 3661 3379 3717 ﬁcu
3412 3677 3539 3725 sua,
3579 3676 3717 3715 cum

2111 3762 2227 3834 jam
2256 3774 2364 3815 non
2395 3760 2466 3815 sit
2496 3758 2587 3828 qui
2617 3765 2896 3812 exterreat
2938 3754 3081 3810 filios
3112 3752 3282 3808 lsrael.
3316 3749 3721 3807 Verumtamen

2118 3842 2405 3908 transeunt
2431 3847 2722 3905 Iordanem
2760 3845 3123 3919 quadraginta
3149 3835 3316 3901 millia
3343 3844 3595 3899 virorum
3616 3858 3720 3899 ar—

2116 3950 2391 4000 matorum
2420 3984 2435 4008 ,
2476 3940 2707 3996 accincti
2738 3940 2793 3994 in
2820 3946 3117 4009 conspectu
3146 3935 3367 3991 Domini
3382 3935 3459 4001 ab
3477 3933 3712 3998 bellum;

2116 4043 2174 4090 et
2221 4043 2353 4089 tunc
2403 4032 2536 4087 dicit
2582 4030 2865 4101 Scriptura
2902 4042 2918 4082 :
2953 4046 2971 4079 ‹
2998 4028 3059 4083 in
3104 4027 3195 4082 die
3214 4026 3315 4082 illo
3350 4023 3714 4095 magniﬁcam

2121 4144 2142 4180 ‹
2184 4126 2443 4182 Dominus
2461 4125 2624 4181 Iosue
2646 4138 2830 4179 coram
2849 4121 3001 4179 oraui
3017 4120 3213 4185 Israel,
3223 4128 3287 4174 ut
3306 4120 3554 4177 timerent
3568 4129 3704 4172 enin

2121 4234 2142 4269 ‹
2186 4217 2326 4271 sicut
2351 4224 2404 4271 et
2433 4216 2725 4270 timuerant
2760 4210 2979 4284 Moysen
2997 4252 3013 4276 ,
3038 4210 3168 4266 dum
3195 4210 3381 4265 adhuc
3406 4209 3627 4271 viveret,
3675 4222 3702 4258 ι

2114 4308 2171 4363 et
2190 4309 2418 4376 reliqua.
2458 4305 2661 4361 Fuerat
2701 4305 2919 4374 quidem
2948 4303 3055 4359 ista
3085 4300 3384 4356 exsultatio
3415 4295 3707 4361 ﬁlioNave,

2114 4406 2174 4453 ut
2224 4399 2333 4453 dux
2371 4397 2554 4467 populi
2602 4395 2750 4449 illius
2799 4394 2944 4465 apud
2988 4407 3084 4448 eos
3120 4406 3261 4460 quos
3312 4388 3529 4461 regebat
3563 4394 3710 4443 esset

2109 4484 2456 4559 magniﬁcus.
2524 4485 2717 4540 Noster
2762 4498 2896 4540 veno
2939 4481 3134 4547 Iesus,
3197 4480 3465 4535 Dominus
3511 4490 3659 4531 mets
3684 4515 3704 4539 ,

2114 4578 2223 4636 dux
2272 4586 2332 4633 et
2380 4584 2563 4632 rector
2613 4574 2797 4647 populi
2854 4572 3048 4643 hujus,
3103 4569 3382 4643 quomodo
3436 4565 3706 4623 excitatur

2108 4669 2167 4723 in
2215 4675 2507 4738 conspectu
2548 4667 2726 4721 omnis
2764 4665 2985 4737 generis
3036 4662 3274 4719 ﬁliorum
3316 4660 3489 4718 ιιι-εει
3531 4656 3711 4712 videa-

2108 4764 2233 4815 mus
2264 4776 2277 4813 :
2311 4773 2412 4829 ego
2454 4758 2691 4813 arbitror
2711 4756 2856 4825 quod
2881 4755 2997 4825 ipse
3030 4767 3249 4823 semper
3300 4750 3450 4821 apud
3495 4748 3706 4803 Patrem

2108 4849 2380 4907 exaltatus
2422 4857 2506 4906 est
2554 4858 2609 4905 et
2655 4848 2930 4912 excelsus,
2972 4844 3064 4901 sed
3102 4846 3207 4900 hoc
3245 4858 3391 4913 opus
3422 4850 3508 4896 est
3552 4848 3606 4893 ut
3645 4838 3709 4892 in

2112 4950 2408 5013 conspectu
2427 4950 2615 4996 nostro
2637 4940 2841 4996 exaltet
2866 4939 3015 4995 illum
3037 4938 3182 5010 Deus
3205 4936 3396 4992 Pater.
3424 4932 3709 4990 Exaltatur

2110 5041 2289 5089 autem
2338 5034 2398 5087 in
2434 5041 2727 5103 conspectu
2772 5046 2920 5095 meo,
2958 5045 3084 5086 cum
3133 5028 3268 5085 mihi
3312 5024 3604 5082 sublimitas
3636 5026 3708 5074 et.

2111 5108 2371 5181 celsitudo
2405 5120 2704 5179 divinitatis
2728 5121 2847 5190 ejus
2870 5121 3137 5191 aperitur.
3161 5117 3398 5185 Quando
3423 5130 3542 5186 ergo
3560 5110 3710 5169 mihi

2108 5214 2320 5271 excelsa
2347 5212 2462 5282 ejus
2488 5212 2789 5268 divinitatis
2817 5211 3052 5267 revelata
3076 5210 3235 5265 sunt?
3265 5208 3425 5264 Tunc
3460 5203 3714 5277 proiecto

2109 5320 2232 5361 cum
2257 5305 2548 5360 Iordanem
2589 5305 2911 5367 transirem,
2936 5302 3107 5358 variis
3132 5299 3501 5356 sacramean
3522 5298 3718 5353 toturn

2104 5408 2256 5448 arma
2289 5403 2527 5449 tenerem
2556 5394 2625 5449 ad
2657 5393 2861 5463 praelia.
2895 5412 2914 5447 ι
2951 5392 3020 5447 Et
3061 5392 3397 5456 timuerunt,
3437 5407 3458 5441 ι
3493 5388 3720 5456 inquit,

2110 5505 2130 5539 ι
2165 5485 2348 5541 Iesum
2394 5486 2537 5540 sicut
2583 5485 2877 5540 timuerant
2904 5483 3143 5555 Moysen.
3176 5502 3196 5534 ι
3230 5480 3425 5539 Omnis
3470 5478 3564 5550 qui
3602 5478 3725 5535 sub

2104 5575 2221 5648 lege
2250 5585 2370 5641 est,
2404 5574 2556 5631 timet
2594 5574 2843 5647 Moysen;
2875 5590 2999 5631 cum
3044 5588 3176 5631 vero
3230 5573 3298 5627 ad
3346 5569 3723 5641 Evangeliun

2103 5683 2171 5723 ex
2208 5667 2325 5737 lege
2363 5666 2659 5732 transierit,
2691 5674 2897 5721 mutata
2944 5664 3293 5721 observantia
3340 5671 3598 5718 mutatur
3663 5670 3726 5719 et

2082 5759 2307 5825 timor,
2361 5758 2502 5813 sicut
2545 5756 3015 5827 Apostolus‘dicit
3056 5774 3072 5812 :
3128 5775 3150 5808 ι
3199 5756 3318 5826 Ego
3370 5763 3561 5811 autem
3610 5766 3723 5825 per
