3930 6344
234 312 367 373 «Ιοπ

924 326 1057 359 ε’πε
1139 311 2528 377 CWJNLIBRUHim—Ultl.
2628 332 2731 371 1.:1
2826 340 2835 371 ἱ

3326 319 3479 391 ιιιιᾶ

230 426 397 498 legent
417 466 433 492 ,
470 424 853 496 legi-mortuus
883 436 1034 492 tum,
1069 434 1131 481 ut
1160 426 1277 483 Deo
1317 427 1527 492 vivam,
1567 434 1625 480 et
1668 438 1794 481 cum
1817 428 1875 489 Α
1895 427 2073 483 adhuc
2106 428 2520 486 incircumcisus
2538 437 2678 485 erat.
2708 428 2777 485 Et
2810 427 2859 487 si
2884 427 3071 497 aliquo
3091 429 3255 489 modo
3273 429 3327 485 id
3349 429 3473 487 ﬁeri

228 518 435 576 Christo
456 515 746 572 cruciﬁxus
770 531 894 571 sum
928 517 1080 573 cruci
1109 535 1123 571 ε
1150 518 1277 573 vivo
1314 526 1495 573 autem
1526 516 1640 585 jam
1682 529 1793 572 non

227 623 343 681 ego,
369 608 505 662 vivit
525 621 659 662 vero
687 608 743 661 in
765 622 854 663 me
877 606 1126 663 Christus
1148 605 1298 679 (Gal.
1336 606 1420 679 ιι).
1456 626 1478 661 ι

230 723 249 731 --
291 698 468 773 (Ιιιιιι.)
509 718 529 750 ι
574 699 1103 769 Duodecim-queque
1128 698 1333 769 lapides
1357 739 1373 763 ,
1408 713 1547 767 quos
1570 698 1639 753 de
1673 696 1795 753 Ior—

229 808 271 843 σ-
289 790 441 846 danis
485 790 641 844 alveo
680 798 1043 860 sumpserant,
1078 789 1261 860 posuit
1293 786 1459 844 Iosue
1503 789 1559 843 in
1600 786 1795 859 Calga-

230 898 250 935 ι
286 880 373 946 lis,
418 898 443 932 ι
478 888 587 939 etc.
627 879 992 935 Transeuntes
1022 878 1208 948 itaque
1247 876 1346 933 ﬁlii
1392 875 1565 933 Israel
1596 873 1795 931 Iorda~

222 985 371 1037 nent,
398 970 735 1027 susmlerunt
756 969 826 1024 de
863 969 1040 1026 medio
1067 967 1304 1023 liuminis
1337 966 1621 1025 duodecim
1656 965 1793 1036 lapi-

221 1065 329 1130 des,
354 1079 494 1135 quos
514 1078 614 1134 pro
643 1063 957 1119 testimonio
979 1071 1279 1133 posuerunt
1308 1062 1365 1117 in
1392 1062 1511 1119 loco
1540 1062 1792 1119 secundm

220 1154 662 1221 circumcisionis,
706 1155 776 1209 ad
823 1153 1235 1223 signiﬁcandum
1271 1153 1428 1209 nobis
1468 1161 1529 1209 ut
1552 1153 1678 1209 dum
1724 1153 1794 1209 de

217 1245 429 1303 lavacro
463 1247 871 1317 consurgimus,
918 1245 1228 1316 apostolica;
1266 1245 1389 1301 vitae
1427 1242 1671 1312 exempla
1700 1243 1792 1299 ﬁr-

217 1337 452 1393 missima
467 1337 745 1393 uobiscum
762 1347 977 1409 gestare
997 1338 1289 1394 debeamus
1307 1354 1321 1389 :
1339 1349 1569 1405 quorum
1578 1349 1795 1405 semper

217 1431 580 1486 wstimonium
602 1431 670 1485 ad
691 1431 1026 1486 imitamenta
1048 1429 1316 1484 virtutum
1337 1436 1713 1483 contueamur.

222 1558 227 1567 ρ
278 1521 459 1593 (ιω.)
503 1541 522 1572 ‹
559 1521 708 1577 Alios
758 1536 971 1592 quoque
1016 1520 1301 1576 duodecim
1353 1518 1560 1588 lapides
1612 1518 1793 1588 posuit

216 1627 236 1662 ι
280 1608 442 1666 Iosue
476 1612 531 1665 in
576 1611 756 1666 medio
792 1609 1044 1667 Iordanis
1070 1611 1244 1675 alveo,
1273 1610 1366 1665 ubi
1402 1617 1666 1665 steterunt
1702 1624 1795 1665 sa-

218 1718 237 1751 ι
281 1702 529 1761 cerdotes
555 1702 647 1771 qui
676 1701 969 1771 portabant
996 1716 1182 1755 arcam
1206 1698 1429 1755 hederis
1455 1699 1669 1754 Domini
1691 1738 1707 1765 ,
1735 1707 1795 1755 et

1890 526 2090 587 posset,
2120 526 2182 574 ut
2222 519 2306 575 bis
2348 519 2663 575 circumcidi
2708 520 2981 581 hominem
3036 517 3183 575 Deus
3227 518 3479 590 juberet,

1889 610 2131 679 nunquid
2160 618 2344 680 posset
2376 610 2562 667 dicere
2596 611 2718 666 ideo
2761 608 2932 665 fuisse
2973 620 3301 679 praeceptum
3336 610 3466 681 quia

1890 700 1973 759 illi
1995 701 2065 757 ab
2090 699 2357 773 Egyptiis
2393 700 2607 759 fuerant
2629 700 2961 767 circumcisi,
2984 708 3078 756 aut
3098 701 3167 757 ab
3193 701 3467 771 aliquibus

1890 792 2158 851 ιλιι-θιὶὼ
2181 793 2250 848 ab
2284 791 2651 849 lsraelitarum
2682 791 2941 847 societate
2964 792 3295 862 segregatis?
3332 790 3468 851 Cum

1890 898 2022 942 vero
2048 884 2212 940 etiam
2244 882 2377 939 satis
2416 890 2671 953 appareat
2712 896 2882 952 quare
2918 882 3049 941 sita
3091 882 3204 939 Deo
3241 883 3467 950 dictum,

1891 974 2095 1031 nullum
2123 974 2214 1029 hic
2238 980 2462 1043 possunt
2497 974 2745 1029 homines
2766 972 2970 1028 erroris
2997 972 3083 1031 sui
3104 974 3467 1043 patrocinium

1892 1065 2147 1135 reperire.
2187 1065 2295 1137 (Eo:
2345 1063 2601 1134 Isidoro.)
2648 1064 3081 1119 Percunctcntur
3122 1064 3247 1120 inde
3296 1062 3467 1120 Iudaei

1890 1155 2158 1226 quomodo
2185 1161 2363 1225 potest
2392 1154 2514 1223 quis
2551 1154 2789 1211 secundo
2832 1153 3145 1210 circumcidi
3180 1154 3468 1210 circumci-

1890 1249 2042 1304 sione
2068 1247 2305 1312 carnali;
2341 1246 2509 1305 semel
2544 1246 2688 1301 enim
2735 1246 3093 1305 circumcisus
3115 1286 3133 1311 ,
3184 1246 3329 1301 ultra
3358 1262 3469 1301 non

1891 1339 2055 1395 habet
2080 1336 2223 1406 quod
2269 1338 2502 1393 secundo
2539 1337 2711 1406 possit
2741 1335 2976 1393 auferre.
3003 1336 3053 1390 Α
3077 1336 3234 1391 nobis
3259 1345 3462 1404 autem,

1891 1427 2087 1500 quibus
2115 1426 2203 1483 lex
2232 1425 2492 1494 spiritalis
2514 1433 2598 1481 est
2617 1426 3001 1481 convenienter
3027 1424 3134 1479 ista
3163 1423 3465 1479 solvuntur.

1892 1518 2133 1579 Dicimus
2177 1516 2323 1572 enim
2372 1515 2844 1572 circumcisionem
2890 1515 3124 1585 ρι’ἱιιιειιιι
3170 1515 3338 1570 fuisse
3371 1528 3469 1583 per

1890 1608 2063 1680 legem
2101 1608 2155 1662 in
2200 1606 2474 1678 Egypto:
2516 1607 2611 1663 sed
2638 1607 2686 1662 si
2729 1622 2765 1661 a
2806 1606 2924 1677 lege
2955 1614 3196 1663 transeat
3224 1608 3344 1675 quis
3369 1621 3471 1679 per

1891 1700 2156 1770 baptisma
2183 1697 2431 1755 Iordanis
2474 1696 2542 1751 ad
2566 1697 2940 1768 Evangelium,
2985 1705 3116 1752 tunc
3155 1697 3353 1768 accipit
3381 1713 3472 1754 se-

214 1809 235 1843 r
278 1801 407 1846 sunt
455 1792 529 1847 ibi
576 1804 744 1860 usque
775 1791 830 1845 in
868 1797 1193 1859 prasentem
1233 1788 1394 1844 diem.
1441 1808 1461 1840 ι
1500 1786 1594 1843 Isti
1640 1788 1785 1843 enim
1812 1785 1865 1845 Β
1887 1790 2118 1847 cundam
2152 1788 2619 1845 circumcisionem
2658 1787 2957 1859 spiritalem
2985 1803 3082 1859 per
3106 1796 3350 1859 petram,
3377 1789 3471 1859 qui

207 1883 493 1940 duodecim
520 1883 728 1953 lapides
752 1883 845 1953 qui
880 1881 1044 1952 positi
1069 1888 1195 1936 sunt
1230 1880 1287 1935 in
1327 1881 1507 1936 medio
1534 1878 1791 1937 Iordanis

206 1975 360 2031 alveo
396 2015 411 2041 ,
460 1974 708 2029 similiter
756 1973 1065 2044 signiﬁcant
1112 1971 1467 2042 apostolicum
1520 1971 1786 2037 ordinem,

205 2065 347 2120 sicut
367 2072 422 2118 et
450 2063 527 2117 illi
559 2064 651 2133 qui
686 2063 753 2118 de
777 2061 1009 2118 Iordane
1033 2062 1285 2118 translati
1316 2070 1464 2127 sunt,
1496 2070 1551 2117 et
1582 2062 1637 2115 in
1664 2060 1793 2118 Gal-

205 2157 344 2227 galis
367 2157 644 2212 constituti
674 2175 689 2210 :
716 2156 842 2227 quia
862 2171 1084 2211 necesse
1104 2167 1189 2212 est
1213 2164 1275 2211 ut
1293 2156 1536 2224 quisquis
1558 2157 1789 2225 gratiam

206 2244 461 2314 baptismi
507 2246 780 2314 suscipere
830 2246 1255 2311 desideraverit,
1312 2246 1453 2301 hanc
1490 2246 1789 2300 secundum

206 2331 555 2402 apostolicam
584 2332 929 2388 traditionem
953 2334 1238 2403 percipiat,
1261 2342 1317 2389 et
1342 2334 1423 2389 sic
1454 2334 1790 2403 exspoliatus

211 2435 445 2480 veterem
471 2426 767 2491 hominem,
796 2442 1045 2497 novoque
1073 2428 1310 2491 indutus,
1349 2443 1448 2497 per
1472 2443 1633 2483 omne
1655 2434 1790 2483 tein—

211 2530 310 2585 pus
332 2516 461 2570 vita:
484 2532 597 2570 suae
624 2516 680 2569 in
703 2517 900 2571 castris
929 2516 1183 2572 Ecclesia:
1204 2533 1449 2580 manens,
1480 2517 1789 2586 apostolicae

211 2605 469 2662 doctrinae
497 2620 743 2663 normam
770 2608 877 2662 ﬁde
893 2615 950 2663 et
966 2622 1131 2677 opere
1152 2623 1372 2664 servare
1391 2609 1703 2665 contendat.

845 2717 1074 2774 CAPUT
1114 2717 1198 2774 Vl.

207 2803 285 2860 De
328 2808 562 2878 secunda
600 2808 993 2878 circumcisione
1022 2805 1267 2878 ﬁliorum
1300 2806 1499 2871 Israel,
1520 2824 1661 2878 eum
1691 2808 1791 2877 [κει

274 2876 465 2948 cultris
502 2877 725 2948 lapideis
753 2877 895 2946 facta
920 2879 976 2932 in
1005 2875 1242 2948 Galgaiis
1264 2916 1279 2941 ,
1320 2888 1366 2932 et
1390 2876 1529 2948 quod
1553 2875 1789 2946 fecerunt

274 2893 465 2933 cutms
502 2893 725 2948 tamam
753 2893 895 2946 [acta
920 2894 976 2932 ιη
1005 2893 1242 2946 (ιαιθαιω
1264 2916 1279 2941 ,
1320 2893 1366 2932 et
1425 2893 1526 2930 uoa
1553 2893 1789 2946 {ecerunt

204 2988 209 2997 .
276 2947 453 3005 Phase
478 2949 534 3001 in
561 2958 747 3017 quarto
770 2948 967 3002 decimo
998 2947 1081 3001 die
1111 2948 1302 3017 mensis
1337 2893 1423 3000 ac?
1443 2964 1708 3017 vesperum
1736 2948 1789 3001 in

275 3015 652 3091 campestribus
677 3017 912 3091 Iericho,
946 3017 1037 3071 ubi
1077 3015 1410 3091 comederunt
1446 3015 1789 3091 de‘frugibzts

274 3086 451 3155 terra},
484 3089 568 3142 die
597 3087 764 3142 altera
790 3103 1002 3158 azyma;
1041 3100 1232 3158 partes,
1266 3088 1391 3157 quia
1422 3086 1683 3155 defecerat
1710 3089 1787 3142 cit

273 3175 492 3214 manna.

273 3251 423 3321 (Cn.
453 3250 532 3322 v.)
569 3268 589 3302 ί
617 3250 820 3307 Eodem
849 3257 1090 3320 tempore
1114 3248 1193 3309 ait
1211 3248 1471 3304 Dominus
1494 3248 1563 3303 ad
1586 3245 1787 3327 Iosue;

213 3358 233 3394 ι
274 3342 385 3398 Fac
422 3343 523 3397 tibi
563 3342 766 3397 cultros
791 3342 1066 3411 lapideos,
1092 3349 1147 3397 et
1191 3340 1517 3397 circumcide
1552 3340 1789 3397 secundo

212 3452 235 3486 ι
275 3434 418 3491 ﬁlios
448 3434 635 3490 lsrael.
669 3433 821 3489 Fecit
841 3435 986 3504 quod
1021 3433 1262 3502 iusserat
1285 3436 1564 3501 Dominus,
1597 3443 1651 3489 et
1682 3435 1791 3489 cir-

214 3542 233 3575 ι
276 3524 539 3581 conscidit
571 3522 712 3578 ﬁlios
746 3523 914 3579 lsrael
957 3525 1013 3579 in
1051 3524 1187 3581 colle
1220 3526 1630 3594 praeputiorum.
1665 3525 1792 3585 Haec

214 3628 239 3667 «θ
279 3623 461 3671 autem
506 3610 669 3671 causa
694 3623 780 3671 est
822 3614 1076 3671 secundae
1112 3616 1561 3672 circumcisionis.
1600 3613 1791 3672 Omnis

198 3724 235 3758 ·‹
276 3706 508 3777 populus
531 3707 623 3777 qui
649 3716 903 3778 egreSsus
928 3715 1012 3762 est
1044 3720 1113 3762 ex
1135 3704 1370 3777 Egypto
1394 3705 1610 3777 generis
1637 3720 1786 3762 mas-

212 3814 237 3850 r
274 3797 442 3854 culini
465 3839 481 3863 ,
530 3798 765 3852 universi
814 3797 1102 3853 bellatores
1142 3798 1284 3863 viri,
1322 3796 1526 3853 mortui
1563 3804 1690 3853 sunt
1734 3795 1793 3851 in

192 3905 233 3940 (ι
278 3888 497 3943 deserto
517 3903 613 3957 per
642 3887 983 3958 longissimos
1009 3887 1112 3942 vite
1136 3888 1395 3944 circuitus
1420 3928 1435 3951 .
1468 3889 1562 3957 qui
1598 3900 1792 3943 omnes

214 3997 233 4031 ε
274 3978 587 4034 circumcisi
610 3982 786 4032 erant.
821 3976 1058 4048 Populus
1080 3987 1261 4051 autem
1290 3980 1384 4048 qui
1411 3987 1569 4033 natus
1607 3988 1692 4035 cst
1737 3980 1792 4037 in

200 4087 239 4120 .r
278 4067 502 4123 deserto
541 4082 640 4138 per
667 4068 1027 4139 quadraginta
1054 4085 1225 4125 annos
1260 4070 1472 4125 itineris
1514 4070 1794 4129 latissima:

202 4174 233 4210 ·‹
280 4157 607 4222 solitudinis,
630 4158 1044 4213 incircumcisus
1069 4158 1189 4224 fuit,
1224 4180 1244 4213 ι
1274 4166 1329 4215 et
1355 4160 1581 4228 reliqua.
1606 4160 1664 4215 1n
1692 4160 1795 4215 hoc

194 4260 479 4322 praecepto
520 4251 782 4321 queritur
831 4267 930 4306 cur
967 4252 1201 4319 dixerit,
1232 4253 1426 4309 iterum
1450 4266 1469 4304 :
1509 4267 1621 4308 non
1649 4253 1791 4309 enim

194 4358 353 4398 unus
398 4339 560 4399 homo
593 4344 677 4399 bis
707 4344 1179 4415 circumcidendus
1212 4353 1360 4411 erat;
1406 4345 1502 4411 sed
1537 4346 1662 4417 quia
1699 4360 1796 4415 po-

200 4433 373 4503 pulus
397 4448 536 4488 unus
566 4435 619 4488 in
646 4434 971 4505 quibusdam
994 4426 1368 4502 circumcisus,
1393 4422 1449 4490 in
1471 4435 1793 4505 quibusdam

202 4528 322 4581 non
365 4524 740 4588 circumcisus,
781 4523 903 4578 ideo
945 4524 1150 4581 dictum
1196 4531 1300 4589 est,
1340 4524 1553 4589 iterum,
1596 4531 1656 4578 ut
1689 4523 1795 4577 cir-

216 4621 487 4676 cumcisus
512 4619 709 4673 iterum
730 4616 1231 4681 circumcideretur,
1258 4632 1365 4672 non
1394 4616 1555 4672 homo
1577 4616 1672 4670 sed
1699 4630 1792 4685 po-

214 4714 392 4785 pulus.
423 4710 560 4766 Nam
581 4718 635 4764 et
669 4708 952 4778 sequentia
989 4707 1045 4762 id
1073 4708 1241 4762 etiam
1273 4708 1580 4765 ostendunt.
1625 4706 1794 4762 Mani-

214 4804 415 4861 festum
459 4811 543 4857 est
579 4816 709 4872 ergo
752 4814 861 4855 non
902 4814 1095 4855 omnes
1145 4797 1331 4861 fuisse,
1371 4799 1466 4855 sed
1508 4798 1788 4867 quosdam.

202 4890 445 4963 iQuidam
480 4894 624 4947 enim
656 4892 720 4946 de
753 4891 990 4962 Egypto
1015 4888 1330 4946 eantium
1364 4887 1460 4944 ﬁlii
1491 4889 1547 4943 in
1581 4887 1672 4943 illo
1697 4902 1792 4958 po-

219 4989 340 5057 pulo
370 4985 735 5041 incircumcisi
783 4992 972 5049 erant,
1015 4998 1152 5053 quos
1190 4982 1369 5054 potuit
1409 4982 1797 5036 circumcidere

220 5072 415 5133 Iesus:
453 5076 668 5131 illorum
713 5072 922 5128 scilicet
961 5072 1101 5127 ﬁlios
1139 5072 1231 5141 qui
1277 5080 1576 5142 genuerunt
1619 5071 1674 5125 in
1710 5069 1798 5125 de-

218 5178 381 5235 serto,
417 5176 476 5224 et
509 5172 953 5234 contempserunt
975 5178 1069 5218 eos
1094 5163 1504 5229 circumcidere,
1537 5162 1681 5232 quod
1716 5161 1798 5216 in-

199 5254 530 5319 ”obedientes
570 5268 729 5316 erant
765 5258 869 5329 legi
918 5255 1035 5309 Dei.
1070 5254 1229 5311 Nulla
1279 5253 1462 5322 itaque
1505 5268 1673 5308 causa
1711 5259 1797 5307 est

226 5360 317 5409 sur
364 5355 419 5410 hi
467 5354 560 5425 qui
597 5359 794 5422 putant
836 5345 1252 5417 rebaptizandos
1306 5357 1401 5397 eos
1448 5342 1542 5411 qui
1591 5341 1792 5396 habent

225 5444 512 5500 Christiani
550 5442 805 5513 baptismi
851 5443 1284 5499 sacramentum,
1332 5434 1438 5489 hoc
1484 5432 1791 5487 testimonio

202 5533 354 5606 ‘legis
388 5530 632 5606 adjuvari
671 5548 730 5588 se
769 5537 982 5602 putent,
1027 5527 1156 5597 quia
1210 5524 1392 5581 nullus
1441 5524 1525 5580 bis
1566 5536 1793 5578 numero

207 5614 360 5680 'unus
390 5627 552 5681 homo
596 5632 681 5679 est
726 5620 1111 5683 circumcisus;
1160 5616 1256 5672 sed
1302 5614 1529 5686 pepulus
1555 5613 1646 5684 qui
1678 5612 1792 5687 jam

235 5713 411 5772 fuerat
423 5718 476 5772 in
498 5714 820 5787 quibusdam
843 5712 1221 5777 circumcisus,
1243 5709 1302 5766 in
1326 5707 1648 5778 quibusdam
1663 5718 1794 5763 vero

1813 3131 1865 3201 ει

1890 1889 1973 1939 est
2016 1880 2262 1937 Christus
2293 1922 2308 1946 ,
2357 1880 2541 1949 sicque
2588 1878 2685 1934 tali
2721 1879 3132 1935 circumcisione
3184 1887 3469 1950 purgatus,

1891 1983 2042 2031 caret
2083 1974 2307 2044 Egypti
2342 1971 2657 2044 cpprobrio,
2691 1971 2746 2027 id
2780 1979 2882 2037 est,
2930 1970 3181 2025 illecebra
3209 1985 3470 2040 corpora-

1889 2068 2020 2124 lium
2048 2067 2320 2123 vitiorum.
2355 2064 2560 2121 Nomen
2598 2072 2782 2119 autem
2809 2063 2913 2119 loci
2944 2062 3191 2132 Gaigala,
3216 2063 3360 2132 quod
3387 2062 3485 2129 in-_

1889 2170 2220 2231 terpretatur
2262 2159 2520 2217 revelatio
2541 2197 2557 2224 ,
2593 2159 2831 2225 ostendit
2858 2159 2983 2217 dum
3012 2157 3067 2211 in
3092 2155 3356 2226 praeputio
3388 2156 3473 2211 in-

1890 2251 2167 2306 ﬁdelitatis
2197 2249 2555 2307 ambulaverit
2578 2249 2807 2319 quisque
2827 2262 2923 2316 per
2943 2246 3104 2316 hujus
3130 2246 3251 2300 vita:
3278 2243 3469 2299 deser-

1891 2350 2024 2408 tum,
2048 2342 2235 2398 oculos
2260 2342 2308 2395 ei
2350 2354 2471 2399 esse
2509 2347 2758 2395 cazcatos.
2788 2339 3077 2394 Videamus
3106 2346 3287 2390 tamen
3317 2332 3477 2404 quale

1888 2434 1961 2490 sit
1992 2434 2094 2489 hoc
2122 2432 2298 2503 ipsum
2326 2432 2466 2501 quod
2498 2430 2648 2495 dicit,
2678 2430 2806 2499 quia
2834 2429 2995 2484 hodie
3021 2426 3243 2481 abstulit
3270 2439 3472 2496 oppro-

1887 2522 2067 2579 brium
2104 2536 2136 2577 a
2178 2519 2302 2576 ﬁliis
2334 2520 2520 2576 Israel.
2560 2517 2763 2575 Omnes
2808 2517 3057 2573 homines
3079 2556 3097 2583 ,
3132 2515 3347 2570 etiamsi
3376 2527 3477 2589 per

1890 2612 2109 2683 Moysen
2130 2612 2326 2671 eruditi
2364 2611 2493 2679 sint,
2523 2611 2726 2667 habent
2753 2619 2933 2665 tamen
2969 2608 3318 2683 opprobrium
3348 2620 3476 2679 pec-

1889 2713 2155 2765 satorum.
2189 2702 2323 2770 Quis
2342 2703 2448 2763 erit
2475 2703 2668 2759 similis
2696 2701 2863 2757 etiam
2890 2701 3188 2773 secundum
3215 2699 3347 2769 legis
3377 2699 3474 2757 ob—

1890 2795 2224 2855 servantiam
2268 2793 2581 2853 factorum?
2614 2792 2756 2848 Audi
2801 2792 3030 2863 denique
3075 2791 3251 2861 ipsum
3294 2788 3479 2869 dicent

1893 2895 2000 2943 tem
2032 2905 2047 2939 :
2080 2904 2099 2937 ‹
2128 2885 2441 2941 Secundum
2459 2885 2728 2956 justitiam
2750 2898 2870 2953 qua:
2893 2883 2949 2941 in
2975 2881 3093 2952 lege
3118 2888 3224 2947 est,
3252 2894 3474 2936 conver-

1891 2986 2040 3032 satus
2064 2977 2182 3032 sine
2210 2976 2427 3047 querela
2451 2974 2763 3049 (Phildu);
2800 2994 2819 3026 ι
2865 2973 2983 3043 ipse
3021 2980 3201 3026 tamen
3234 2984 3472 3040 pronun-

1891 3068 2090 3139 tiat,eet
2115 3067 2247 3123 dicit
2271 3084 2283 3121 :
2306 3085 2339 3143 η(
2371 3065 2597 3122 Fuimus
2630 3064 2777 3119 enim
2802 3072 2857 3117 et
2896 3076 2995 3116 nos
3029 3059 3316 3131 aliquando
3343 3056 3474 3143 insi-r-

1888 3138 2118 3230 pienteS,
2153 3138 2440 3222 increduli,
2481 3161 2747 3219 errantes,
2778 3160 2832 3207 et
2857 3149 3156 3207 servientes
3186 3138 3471 3203 desideriis

1888 3259 1945 3305 et
1964 3248 2330 3320 voluptatibus
2351 3246 2536 3311 variis,
2567 3245 2622 3300 in
2652 3244 2858 3299 malitia
2896 3251 2954 3301 et
2996 3240 3199 3296 invidia
3232 3230 3478 3310 agentes,

1887 3341 2133 3405 odibiles,
2165 3339 2409 3397 odientes
2436 3337 2669 3394 invicem
2689 3334 2818 3409 (Tit.
2852 3334 2935 3407 ιι).
2976 3354 2994 3386 ι
3032 3331 3149 3387 Non
3174 3331 3268 3387 tibi
3294 3331 3479 3386 viden-

1891 3441 1979 3505 tur
2008 3432 2125 3488 haec
2152 3428 2440 3502 opprobria
2473 3443 2594 3485 esse
2645 3426 2900 3517 Egypti?
2940 3422 3048 3517 Sed
3079 3440 3146 3478 ex
3178 3421 3481 3517 quoi/eui:

1890 3518 2138 3575 Christus
2159 3559 2174 3583 ,
2211 3528 2265 3575 et
2305 3517 2451 3572 dedit
2480 3516 2635 3571 nobis
2674 3513 2973 3569 secundam
3003 3510 3476 3595 circumcisioneni

1890 3625 1988 3683 per
2014 3609 2342 3679 baptismum
2379 3604 2808 3678 regenerationis
2832 3644 2847 3669 ,
2887 3611 2943 3657 et
2978 3600 3231 3673 purgavit
3266 3598 3475 3655 animas

1891 3709 2106 3757 nostras
2129 3740 2145 3766 ,
2174 3698 2457 3769 abjicimus
2503 3703 2619 3757 haec
2647 3696 2829 3752 omnia
2852 3736 2868 3761 ,
2906 3704 2961 3749 et
2980 3768 2983 3773 ⁴
3000 3710 3100 3765 pro
3127 3694 3214 3748 his
3248 3688 3481 3748 assumi-'-

1893 3807 2012 3865 mus
2065 3790 2411 3847 conscientia
2461 3789 2616 3843 bonae
2674 3784 3114 3856 astipulationem
3171 3783 3227 3838 in
3286 3782 3479 3838 Deum.

1893 3883 2047 3941 Tunc
2080 3899 2177 3955 per
2207 3882 2497 3939 secundam
2528 3877 3002 3936 circumcisionem
3045 3875 3223 3931 ablata
3251 3890 3283 3929 a
3318 3873 3479 3929 nobis

1892 3984 2021 4032 sunt
2042 3974 2332 4046 opprobria
2366 3971 2607 4044 Egypti,
2634 3979 2689 4024 et
2716 3978 2942 4041 purgata
2974 3976 3102 4023 sunt
3130 3967 3258 4021 vitia
3295 3980 3483 4035 pecca-

1895 4075 2093 4124 torum.
2140 4065 2308 4120 Nemo
2349 4079 2511 4134 ergo,
2548 4062 2592 4118 si
2624 4062 2832 4132 integre
2864 4074 3161 4115 conversus
3187 4065 3300 4124 est,
3334 4056 3380 4111 si
3415 4069 3483 4111 ex

1897 4156 2059 4214 corde
2082 4157 2300 4226 penitus
2330 4154 2558 4210 ﬁdeliter
2581 4151 2837 4209 Iordanis
2858 4150 3057 4206 ﬂuenta
3083 4148 3355 4223 digressus
3378 4144 3484 4219 est;

1894 4248 1940 4303 si
1954 4247 2188 4304 secunda
2205 4261 2300 4316 per
2316 4242 2662 4313 Evangelium
2677 4240 3088 4297 circumcisione
3108 4246 3367 4311 purgatus
3379 4245 3483 4306 est,

1893 4338 2291 4417 prmteritorum
2332 4343 2538 4417 metuat
2582 4333 2874 4404 opprobria
2922 4330 3261 4385 delictorum.
3311 4316 3483 4386 Audis

1897 4428 2025 4501 quia
2053 4414 2215 4487 hedie
2235 4414 2447 4482 abstuli
2467 4439 2499 4478 a
2524 4432 2577 4478 te
2605 4421 2954 4493 opprobrium
2992 4416 3235 4488 IEgypti.
3275 4414 3389 4471 Hoc
3427 4417 3484 4501 in

1812 4476 1873 4559 ἢ
1901 4476 2205 4591 ἑγιιιιεειίἰε
2230 4515 2500 4587 signiﬁcat
2529 4476 2812 4576 Dominus,
2836 4524 2960 4564 cum
2990 4505 3121 4562 dicit
3148 4525 3159 4560 :
3193 4526 3212 4556 ε
3237 4484 3482 4591 Remissa

1902 4618 2028 4667 sunt
2056 4586 2169 4663 vtibi
2196 4586 2422 4676 peccata
2453 4611 2561 4667 tua,
2587 4602 2682 4656 sed
2703 4600 2816 4670 jam
2848 4596 2955 4652 noli
2977 4611 3225 4668 peccare,
3253 4594 3322 4650 ne
3355 4586 3481 4666 quid

1901 4699 1996 4754 tibi
2039 4697 2278 4753 deterius
2316 4693 2526 4750 accidat
2567 4688 2749 4763 (Ioan.
2780 4688 2858 4761 v).
2895 4708 2915 4741 ι
2956 4686 3013 4742 Si
3064 4684 3209 4743 enim
3240 4695 3362 4756 post
3400 4700 3475 4742 re-

1901 4791 2213 4847 missionem
2235 4772 2584 4861 peccatorum
2611 4780 2750 4838 ultra
2779 4798 2888 4836 non
2914 4795 3108 4851 peccas
3127 4821 3143 4847 ,
3171 4793 3300 4834 vere
3338 4777 3484 4833 abla-

1900 4892 2014 4938 tum
2035 4888 2241 4938 estate
2264 4876 2611 4949 opprobrium
2642 4871 2893 4944 Aigypti;
2924 4872 2971 4926 si
2994 4886 3124 4927 vero
3142 4871 3340 4926 iterum
3359 4878 3485 4937 pec-

1903 4972 2110 5029 caveris
2130 5012 2146 5039 ,
2173 4971 2366 5026 iterum
2403 4967 2458 5022 in
2487 4974 2540 5022 te
2564 4973 2747 5019 vetera
2785 4960 3130 5017 revolventur
3158 4979 3171 5013 :
3208 4974 3274 5014 eo
3307 4957 3482 5027 magis

1902 5064 2027 5135 quia
2059 5061 2227 5116 multo
2259 5055 2480 5127 majoris
2506 5053 2751 5110 criminis
2776 5058 2858 5108 est
2890 5046 3223 5107 Filium‘Dei
3262 5045 3481 5101 concul-

1896 5169 2041 5217 care,
2068 5160 2123 5206 et
2145 5148 2460 5217 sanguinem
2486 5144 2795 5201 testamenti
2825 5143 3082 5216 polluere,
3113 5152 3275 5209 quam
3306 5136 3482 5206 legem

1898 5243 2068 5314 Moysi
2093 5240 2393 5312 negligere;
2420 5236 2587 5293 multo
2617 5237 2763 5291 enim
2807 5234 3025 5303 majoris
3059 5228 3335 5301 opprobrii
3372 5235 3477 5293 est,

1899 5332 1990 5405 qui
2013 5342 2133 5405 post
2153 5330 2523 5402 Evangelium,
2551 5343 2713 5400 quam
2741 5324 2829 5380 ille
2858 5324 2949 5394 qui
2977 5322 3076 5377 sub
3105 5319 3223 5390 lege
3247 5318 3476 5389 positus,

1898 5424 2214 5488 fornicatur,
2242 5421 2367 5491 quia
2393 5420 2496 5475 iste
2520 5418 2715 5474 tollens
2738 5416 2982 5471 membra
3008 5410 3235 5476 Christi,
3261 5408 3387 5463 facit
3415 5420 3479 5464 ea

1897 5514 2138 5571 membra
2162 5511 2482 5568 meretricis.
2510 5508 2674 5564 Vides
2701 5519 2830 5574 ergo
2849 5517 3010 5573 quam
3035 5501 3283 5571 graviora
3314 5505 3369 5553 et
3389 5512 3482 5553 cu-

1899 5608 2186 5667 mulatiora
2214 5607 2268 5663 in
2299 5615 2351 5662 te
2383 5601 2671 5676 opprobria
2695 5640 2711 5665 ,
2746 5598 2794 5654 si
2827 5595 3126 5668 neglexeris
3140 5634 3155 5659 ,
3196 5591 3477 5647 revolven-

1898 5711 2011 5759 tur.
2035 5701 2275 5772 Denique
2291 5698 2407 5769 jam
2426 5706 2482 5754 te
2507 5709 2664 5752 nemo
2693 5706 2845 5747 reum
2868 5695 3076 5760 arguet,
3105 5685 3480 5758 sedsacrilep
