3930 6344
1041 288 1104 347 Β.
1144 285 1401 345 RABANI
1440 281 1663 342 IAURI
1694 277 2002 339 auctum

2108 272 2365 333 osum.
2406 268 2905 335 mammas
2937 269 2979 326 ι.
3024 342 3027 345 _

398 414 633 478 eilmiue
657 404 1002 472 continuit,
1024 403 1153 474 quia
1179 402 1417 458 dicitur:
1449 399 1575 455 «An
1600 396 1827 454 mediis
1844 389 1973 462 quia
1999 389 2055 453 Δ
2076 386 2177 451 ris,
2199 391 2292 441 aut
2322 384 2487 447 etiam
2503 379 2852 478 siduisforte
3410 475 3423 478 μ
3477 475 3488 478 ῃ
3530 382 3643 442 ιι,-
3643 400 3680 441 ﬂ

401 521 633 579 corpora
662 509 841 558 vestra
872 496 1132 569 templum
1154 494 1253 551 Dei
1273 495 1459 550 estisi
1478 495 1603 564 quis
1630 499 1815 547 autem
1846 499 1985 547 tem-

398 600 547 674 plum
572 596 667 652 Dei
688 587 1285 660 violaverit,disperdet
1309 585 1681 656 ilumDeuaU
1694 584 1819 641 Cor.
1835 582 1939 655 ιιι).
1953 600 1974 635 ι

452 687 652 762 ilum.)
696 704 714 735 ι
750 684 1049 752 Postquam
1077 687 1257 734 autem
1279 692 1474 732 omnes
1496 674 1802 731 circumcisi
1834 680 1983 741 sunt,

406 801 433 838 ρ
472 785 794 841 manserunt
815 779 873 835 in
900 776 1089 831 eodem
1118 780 1421 829 castrorum
1448 771 1597 835 loco,
1621 770 1792 824 donec
1822 780 1987 824 sana—

407 894 433 928 σ
469 881 678 937 rentur,
712 892 732 923 ι
765 877 822 924 et
850 867 1077 937 reliqua.
1119 864 1236 919 Non
1265 863 1411 917 enim
1446 858 1643 917 suﬁcit
1678 859 1837 916 nobis
1874 859 1985 915 eir-

402 965 654 1026 cumcidi,
681 962 779 1018 sed
802 967 921 1032 post
946 956 1412 1015 circumcisionem
1434 953 1639 1019 sanari,
1670 950 1725 1007 id
1750 960 1854 1017 est,
1894 966 1989 1007 ns-

403 1072 616 1129 queqno
637 1055 802 1110 etiam
825 1050 1139 1108 cicatricem
1157 1050 1332 1118 ipsum
1348 1046 1777 1102 circumcisionis
1790 1044 1987 1101 vulnus

402 1150 654 1205 obducat.
689 1143 916 1211 Quando
940 1140 1085 1195 enim
1111 1138 1339 1193 cicatrix
1368 1138 1420 1191 in
1450 1136 1675 1190 vulnere
1693 1136 1986 1191 circumci-

403 1233 1029 1302 sionisobducitnr'iﬂgo
1048 1228 1770 1298 arbitrorquodcircumeidi
1790 1225 1989 1297 pet-Ie-

404 1345 546 1392 sum,
570 1330 670 1383 hoc
689 1330 773 1379 est
792 1324 939 1379 vitiis
950 1337 1158 1386 carere,
1175 1321 1347 1376 malas
1366 1320 1783 1375 consuetudines
1801 1327 1855 1374 et
1867 1334 1994 1390 pes-

404 1423 538 1477 sima
562 1419 807 1475 instituta
840 1417 1132 1487 deponere,
1166 1414 1337 1468 παιδος
1361 1421 1415 1467 ει
1456 1413 1767 1468 inconditos
1782 1428 1985 1479 mores,

401 1520 455 1568 et
472 1511 733 1582 quidquid
763 1510 832 1564 ab
853 1506 1154 1565 honestatis
1180 1515 1235 1561 et
1255 1506 1473 1576 pietatis
1492 1506 1672 1574 regula
1697 1505 1983 1571 redundat,

402 1602 702 1657 abscidere.
736 1599 845 1655 Sed
867 1613 990 1653 cum
1019 1598 1120 1651 hoc
1146 1597 1199 1651 in
1228 1597 1395 1651 initiis
1421 1594 1669 1658 facimus,
1696 1596 1811 1665 ipsa
1832 1594 1991 1649 novi-

403 1695 530 1749 tatis
550 1691 953 1763 quodammodo
969 1688 1281 1745 diﬁicultate
1299 1688 1742 1759 constringimur,
1759 1696 1815 1742 et
1833 1684 1989 1757 quasi

2080 478 2417 544 litterarum,
2466 490 2587 546 quae
2614 474 2870 545 exiguum
2908 472 2961 533 is
3002 487 3189 529 eventu
3223 473 3427 545 aliquid
3468 475 3689 547 iuvare

2080 589 2180 630 nos
2206 578 2403 641 potest.
2433 570 2495 625 lu
2512 583 2698 625 eremo
2714 582 2846 623 vero
2864 566 3052 637 positi,
3074 566 3129 623 id
3158 575 3245 622 est
3266 568 3325 623 in
3343 567 3449 624 hac
3470 569 3529 624 in
3562 584 3687 640 qua

2082 681 2225 721 nunc
2252 678 2440 720 sumus
2465 662 2612 728 vita,
2642 670 2760 719 tum
2796 668 2852 715 et
2878 674 3084 721 manus
3108 659 3402 727 vescimur,
3426 677 3529 733 per
3567 660 3689 721 hoc

2083 753 2229 824 quod
2245 753 2447 809 divinas
2462 752 2597 822 legis
3091 751 3388 805 eludimur.
3408 751 3517 820 Qui
3536 766 3687 810 ven

2084 844 2285 900 meruit
2316 844 2375 899 in
2403 853 2604 898 ten-aut
2649 842 3092 912 repromissionis
3124 841 3355 909 itu-are,
3382 844 3439 899 id
3465 853 3577 911 est,
3614 860 3686 901 ea

2085 953 2206 1008 qua
2239 953 2271 992 a
2318 937 2599 994 Sslvatore
2640 936 2909 1008 promissa
2937 944 3061 991 sunt
3088 937 3387 1006 eoonqui,
3427 937 3689 996 illeodet

2085 1027 2292 1086 fructus
2319 1029 2389 1085 de
2412 1030 2630 1100 regione
2673 1028 2996 1099 palmarum.
3031 1026 3177 1082 Vere
3212 1026 3451 1084 fructum
3477 1030 3688 1099 palma

2087 1122 2354 1187 inveniet,
2385 1122 2479 1191 qui
2508 1121 2722 1176 devicto
2751 1120 2910 1175 hoste
2946 1119 3016 1175 ad
3044 1119 3315 1188 promissu
3341 1121 3681 1190 pervenerit.

2087 1215 2308 1271 Certum
2338 1227 2575 1284 namque
2610 1220 2696 1267 est
2739 1212 2888 1281 quod
2939 1219 3365 1281 quantamque
3411 1212 3501 1266 illa
3541 1218 3686 1269 sunt

2088 1322 2210 1377 qum
2242 1322 2388 1361 nunc
2433 1307 2489 1361 in
2530 1305 2649 1377 lege
2687 1305 2783 1359 Dei
2825 1313 2883 1359 et
2910 1305 3108 1360 divinis
3136 1305 3340 1360 litteris
3376 1305 3685 1378 intelligere

2089 1415 2380 1473 possumus
2415 1408 2511 1454 aut
2554 1400 2787 1464 sentire,
2830 1399 3003 1453 multo
3046 1398 3361 1454 sublimiora
3400 1409 3450 1454 et
3483 1400 3687 1456 excel-

2091 1492 2235 1550 siora
2259 1504 2422 1555 erunt
2446 1495 2536 1551 illa
2562 1510 2683 1564 qua
2710 1502 2963 1549 cessante
2989 1493 3300 1564 aenigmate,
3334 1492 3469 1548 facie
3490 1493 3561 1547 ad
3585 1492 3682 1547 fa-

2092 1589 2231 1644 ciem
2269 1588 2439 1643 soneti
2479 1587 2681 1657 quique
2731 1586 3117 1651 merebuntur;
3170 1586 3300 1654 quia
3335 1601 3454 1655 quia
3494 1584 3685 1639 oculus

2094 1697 2201 1736 non
2226 1680 2372 1746 uidit,
2403 1695 2495 1733 nec
2519 1679 2666 1732 auris
2690 1677 2912 1742 auditi“,
2934 1693 3029 1731 ttae
3052 1678 3110 1731 in
3136 1692 3230 1730 eor
3248 1677 3477 1730 hominis
3509 1693 3689 1730 σκειιυ

404 1800 529 1841 εωιι
551 1761 737 1840 labore
761 1782 995 1853 quodam
1020 1790 1075 1836 et
1105 1781 1290 1837 dolore
1313 1780 1501 1845 animi,
1523 1789 1736 1836 veteres
1757 1795 1987 1835 consue~
2014 1761 2065 1823 Β
2089 1772 2187 1839 dit,
2231 1774 2347 1828 haec
2385 1779 2511 1827 sunt
2538 1787 2657 1842 qua
2692 1769 3006 1841 ρνωροτθιοὶε
3036 1768 3182 1824 Deus
3219 1767 3305 1823 bis
3341 1769 3433 1840 qui
3462 1767 3688 1839 diligunt

404 1878 620 1935 tndines
640 1877 934 1947 culpaeque
971 1871 1181 1930 novella
1218 1872 1552 1928 institutione
1593 1880 1886 1927 mutamus.
1919 1870 1988 1927 Et
2088 1879 2210 1919 eum
2240 1863 2291 1935 (Ι
2317 1863 2439 1919 Cor.
2460 1862 2546 1935 ιι).

403 1969 546 2037 ideo,
570 1977 629 2024 ut
656 1967 788 2033 dixi,
815 1966 1063 2037 quaedam
1085 1963 1373 2020 difficultas
1394 1973 1477 2019 est
1506 1964 1561 2018 in
1592 1963 1761 2018 initiis
1785 1979 1991 2019 exuere

405 2079 527 2134 quas
565 2070 845 2133 amputare
882 2074 1190 2130 possumus,
1232 2059 1408 2129 prima
1449 2065 1504 2112 et
1542 2056 1779 2113 secunda
1822 2057 1993 2113 susci-

402 2168 551 2226 pere.
597 2152 710 2208 Hoc
734 2166 864 2221 ergo
892 2150 1025 2204 mihi
1049 2150 1260 2205 videtur
1284 2146 1498 2218 tempus
1528 2164 1648 2204 esse
1674 2148 1819 2219 quod
1843 2148 1995 2203 velut

405 2248 461 2302 in
501 2246 685 2302 dolore
730 2242 1167 2301 circumcisionis
1212 2249 1413 2296 nostra:
1457 2240 1693 2296 dicimur
1729 2241 1988 2307 residere,

2703 1932 2932 1990 CAPUT
2970 1929 3089 1989 ΥΠ.

2096 2014 2194 2097 Ubi
2216 2016 2456 2097 princeps
2490 2015 2751 2097 exercitus
2780 2012 2997 2097 Domini
3037 2010 3505 2097 apparuit'losu‘e,
3535 2026 3684 2082 qua

2161 2078 2270 2154 ipse
2297 2078 2567 2157 adoravit;
2599 2095 2646 2157 ei
2671 2100 2840 2157 sermo
2863 2081 3029 2140 Iosue
3050 2078 3119 2136 ad
3151 2078 3407 2157 populum
3430 2081 3498 2137 de
3525 2078 3680 2154 elepa-

2162 2157 2409 2228 guatione
2439 2155 2582 2210 urbis
2605 2154 2837 2209 Iericho.

2166 2247 2344 2323 (11311).)
2384 2264 2402 2299 t
2446 2247 2582 2303 Cum
2611 2255 2793 2301 autem
2815 2252 2960 2300 esset
2989 2241 3150 2301 Iosue
3180 2243 3237 2297 in
3264 2257 3402 2315 agro
3427 2243 3575 2299 urbis
3596 2241 3681 2300 Ie-

404 2351 685 2408 usquequo
729 2334 960 2390 obducta
1010 2332 1270 2388 cicatrice
1323 2345 1600 2386 sanemur.
1661 2330 1995 2388 Obducimus

2108 2356 2122 2393 ι
2166 2340 2340 2406 richo,
2376 2338 2575 2394 levavit
2601 2338 2808 2404 oculos,
2842 2345 2896 2393 et
2922 2336 3059 2391 vidit
3081 2336 3261 2390 virum
3295 2345 3534 2392 stantem
3558 2352 3684 2393 cono

407 2442 589 2485 autem
634 2428 972 2493 cicatricem,
1017 2441 1140 2481 cum
1176 2424 1290 2496 iam
1327 2438 1463 2479 nova
1502 2423 1748 2478 instituta
1792 2423 2001 2493 absque

408 2521 721 2580 difﬁcultate
737 2519 1090 2590 compiemus,
1112 2518 1234 2573 etin
1256 2532 1411 2573 usum
1426 2514 1582 2572 nobis
1606 2517 1837 2572 vertitur
1853 2516 2002 2587 quod

407 2614 560 2687 prius
590 2613 747 2685 quasi
779 2612 1056 2670 insolitum
1078 2609 1295 2666 diiiicile
1316 2609 1620 2667 videbatur.
1642 2608 1711 2663 Et
1725 2617 1853 2663 tunc
1872 2621 1999 2663 vere

404 2705 515 2776 jam
548 2703 723 2763 sanati
754 2704 1080 2770 inducimur,
1111 2717 1234 2758 cum
1255 2701 1405 2759 vitiis
1443 2708 1714 2767 carentes,
1742 2699 1999 2755 virtutem

409 2815 550 2857 novo
570 2815 673 2855 usu
693 2797 957 2854 vertimus
982 2795 1036 2850 in
1064 2802 1335 2850 naturam.

482 2892 660 2967 (iam)
707 2910 728 2943 ‹
773 2890 1195 2960 Hauseruntque
1224 2886 1319 2943 filii
1344 2884 1512 2944 Israel
1539 2886 1595 2942 in
1637 2884 1908 2957 Galgalis,
1949 2893 2006 2941 et

417 3007 436 3039 ι
480 2983 932 3055 feceruntlphasc
965 2992 1155 3053 quarta
1190 2981 1399 3037 decima
1430 2980 1517 3035 die
1541 2980 1746 3035 mensis
1772 2979 2004 3055 adves-

420 3094 437 3128 ι
479 3089 672 3151 perum
697 3052 1175 3144 incompestribus
1199 3069 1440 3137 Iericho,
1469 3076 1525 3126 et
1548 3052 1905 3126 comederunt
1935 3062 2002 3124 de

418 3186 437 3220 ι
483 3166 729 3239 frugibus
750 3173 909 3221 terrae
932 3165 1019 3221 die
1044 3164 1239 3229 altero,
1270 3178 1492 3235 azymos
1519 3177 1707 3232 panes,
1729 3171 1784 3216 et
1810 3160 2005 3233 polen-

422 3275 441 3310 ι
488 3263 600 3315 tam
617 3254 857 3325 ejusdem
881 3254 1029 3308 anni.
1046 3253 1359 3324 Defecitque
1375 3269 1573 3309 manna
1595 3261 1883 3324 postquam
1911 3266 2006 3308 co-

424 3368 444 3401 r
488 3348 775 3403 mederunt
797 3342 864 3400 de
890 3342 1135 3417 frugibus
1158 3351 1463 3405 terraemec
1485 3344 1570 3400 usi
1591 3350 1717 3398 sunt
1739 3344 1882 3398 ultra
1912 3343 2004 3401 illo

419 3459 443 3495 ε
484 3440 609 3497 cibo
641 3439 735 3496 lilii
772 3438 956 3507 Israel,
989 3438 1084 3495 sed
1118 3438 1470 3497 comederunt
1498 3439 1564 3495 de
1591 3436 1839 3510 frugibus
1869 3448 2007 3509 prae-

420 3553 440 3588 t
485 3534 657 3590 sentis
679 3532 805 3590 anni
832 3541 989 3589 terra:
1011 3530 1290 3589 Chanaan.
1324 3552 1342 3584 ι
1373 3531 1442 3586 Et
1462 3526 1707 3586 fecerunt
1726 3528 1819 3585 filii
1842 3526 2008 3587 lsrael

417 3627 620 3707 pascha
642 3625 848 3685 decima
870 3632 1065 3699 quarta
1089 3623 1177 3681 die
1200 3623 1419 3679 mensis.
1446 3621 1564 3678 Non
1587 3624 1734 3679 enim
1762 3633 1888 3679 ante
1909 3623 2009 3679 cira

421 3720 811 3779 cumcisionem
839 3730 1031 3775 carnes
1067 3718 1192 3791 agni
1228 3718 1514 3775 comedere
1551 3717 1777 3785 debent,
1814 3718 1868 3775 id
1900 3726 2005 3787 est,

423 3821 712 3883 antequam
757 3819 1044 3874 sanentur;
1094 3810 1189 3865 sed
1243 3818 1596 3882 posteaquam
1637 3808 1811 3865 sanati
1858 3817 2008 3878 sunt,

419 3902 615 3959 dicitur
631 3900 759 3975 quia
787 3899 1033 3957 fecerunt
1059 3900 1259 3973 pascha
1282 3899 1374 3955 filii
1403 3899 1567 3957 lsrael
1591 3900 1796 3955 decima
1819 3910 2011 3973 quarta

424 3992 510 4051 die
536 3993 758 4050 mensis.
800 3990 962 4048 Vides
998 4006 1129 4065 ergo
1170 3991 1299 4062 quia
1345 4005 1503 4047 nemo
1532 3993 1843 4049 immundus
1881 3991 2013 4049 facit

422 4086 648 4157 pascha,
688 4101 848 4140 nemo
880 4084 1314 4152 incircumcisus,
1347 4084 1443 4140 sed
1473 4086 1565 4155 qui
1592 4086 1825 4142 mundus
1852 4086 2013 4142 fuerit

421 4184 479 4233 et
499 4174 877 4240 circumcisus,
900 4175 1041 4228 sicut
1063 4173 1356 4244 Apostolus
1378 4176 1764 4249 interpretatur
1786 4175 2006 4232 dicens:

430 4284 450 4318 ι
494 4262 709 4320 Etenim
741 4261 943 4334 pascha
982 4271 1228 4315 nostrum
1270 4261 1579 4317 immolatus
1620 4271 1705 4318 est
1736 4262 2009 4320 Christus.

423 4352 618 4431 Itaque
632 4353 775 4411 diem
802 4351 1001 4409 festum
1028 4350 1390 4417 celebremus,
1415 4368 1524 4411 non
1549 4353 1605 4409 in
1637 4352 1901 4413 fermento
1920 4371 2013 4411 γε..

427 4451 553 4517 teri,
584 4464 758 4520 neque
795 4448 849 4504 in
891 4444 1164 4502 fermento
1197 4442 1420 4501 malitia:
1444 4454 1497 4501 ει
1528 4444 1805 4518 nequitiae,
1837 4448 1932 4503 sed
1956 4448 2011 4507 in
2036 4484 2091 4552 D

424 4541 631 4614 azymis
658 4537 984 4596 sinceritatis
1012 4547 1066 4593 et
1087 4537 1333 4593 veritatis
1356 4534 1410 4612 (Ῑ
1435 4535 1557 4593 Cor.
1578 4538 1653 4612 v).
1696 4560 1714 4592 ι
1749 4539 1855 4595 Sed
1881 4549 2010 4597 tunc

427 4631 649 4704 quidem
672 4631 889 4703 quando
915 4630 1051 4689 exiit
1079 4629 1310 4702 populus
1336 4629 1405 4690 de
1442 4639 1587 4687 terra
1617 4630 1858 4705 Egypti,
1887 4650 2011 4704 por.

430 4722 566 4779 tavit
606 4735 957 4789 conspersum
987 4741 1000 4776 :
1039 4738 1161 4778 cum
1190 4736 1359 4794 panes
1402 4738 1511 4778 non
1547 4724 1845 4795 baberent,
1874 4725 2011 4799 pluit

432 4814 634 4873 eisdem
655 4826 888 4878 manna;
917 4829 1042 4871 cum
1073 4823 1253 4871 autem
1278 4822 1542 4871 venerunt
1563 4816 1631 4871 ad
1654 4825 1859 4877 terram
1886 4835 2011 4875 san-

431 4916 598 4974 etam,
621 4914 683 4966 ει
703 4904 913 4963 fructus
940 4914 1199 4977 ceperunt
1225 4905 1518 4977 provincia:
1556 4907 1881 4979 palmarum,
1911 4911 2009 4968 de-

433 5000 567 5059 fecit
585 5001 665 5057 cis
685 5013 905 5064 manna,
933 5005 990 5052 et
1014 5004 1144 5055 tunc
1177 4998 1339 5055 edere
1372 5008 1657 5071 coeperunt
1677 5001 1747 5056 de
1773 5000 2015 5072 frugibus

435 5105 611 5155 terrae.
636 5096 823 5166 itaque
854 5103 968 5155 tres
989 5104 1171 5165 partes
1194 5096 1435 5152 ciborum
1462 5095 1787 5169 generaliter
1814 5095 2015 5155 descri-

433 5189 654 5245 buntur.
721 5184 902 5247 Unum
950 5201 1059 5259 quo
1108 5187 1378 5244 vescimur
1429 5196 1694 5245 exeuntes
1745 5187 1812 5243 de
1870 5195 2015 5245 terra

434 5280 687 5351 Egypti,
725 5280 821 5336 sed
854 5280 961 5339 hoc
995 5278 1065 5336 ad
1110 5293 1335 5351 parvum
1372 5289 1582 5353 tempus
1625 5280 1841 5341 suilicit.
1889 5278 2019 5338 Post

434 5374 541 5434 lioe
565 5372 808 5443 succedit
834 5387 1054 5433 multa.
1081 5370 1266 5429 Tertio
1292 5384 1425 5426 vero
1438 5371 1551 5441 iam
1569 5373 1637 5432 de
1661 5383 1807 5431 terra
1831 5380 2017 5431 sancta

435 5469 682 5537 capimus
704 5467 933 5523 iunctus.
962 5467 1023 5525 lu
1049 5467 1251 5539 quibus
1274 5463 1612 5531 diderentiis,
1642 5476 1703 5526 ut
1731 5483 1864 5525 mem
1890 5481 2019 5541 par-

437 5560 623 5617 vitatis
648 5558 954 5619 inteileotus
978 5559 1286 5631 assequitur
1302 5598 1319 5626 μ
1349 5556 1481 5617 illud
1512 5559 1745 5617 arbitror
1772 5559 2016 5625 iudicari,

432 5651 589 5725 quod
627 5652 835 5719 primus
885 5650 1041 5711 cibus
1068 5660 1151 5711 est
1184 5665 1347 5722 quem
1384 5650 1453 5711 de
1493 5649 1727 5726 Egypto
1761 5660 2021 5714 exeuntes

442 5741 723 5801 nobiscum
750 5744 1108 5820 portavimus,
1139 5745 1195 5804 id
1214 5755 1321 5816 est,
1351 5759 1521 5821 parva
1542 5744 1774 5804 eruditio
1803 5746 2020 5803 sumula-

2104 2452 2124 2485 ι
2165 2440 2249 2487 tra
2278 2446 2353 2498 se,
2386 2440 2441 2487 et
2469 2432 2815 2504 evaginatum
2839 2439 3111 2486 tenentem
3139 2429 3411 2505 gladium,
3438 2430 3686 2505 perrexit.

2105 2542 2125 2577 ι
2168 2538 2274 2594 que
2304 2524 2373 2578 ad
2392 2537 2537 2588 eum,
2555 2530 2610 2577 et
2638 2522 2715 2576 ait
2746 2540 2758 2575 :
2788 2519 2984 2577 Noster
3011 2534 3092 2588 es,
3118 2536 3187 2575 an
3215 2520 3687 2576 adversariorum!

2106 2634 2126 2668 ι
2172 2614 2277 2683 Qui
2322 2614 2602 2685 respondit
2650 2631 2664 2667 :
2714 2612 3100 2683 Nequaquam;
3146 2612 3240 2668 sed
3291 2629 3416 2669 sum
3447 2614 3688 2684 princeps

2107 2726 2127 2760 ι
2168 2707 2438 2764 exercitus
2478 2705 2729 2771 Domini,
2783 2713 2838 2760 et
2877 2719 3025 2759 nunc
3065 2706 3245 2760 venio.
3286 2703 3493 2760 Cecidit
3531 2703 3690 2759 Iosue

2110 2814 2133 2850 ε
2170 2812 2378 2870 pronus
2414 2797 2469 2851 in
2503 2804 2726 2863 tenam,
2763 2804 2817 2850 et
2848 2795 3082 2852 adorans
3113 2795 3189 2852 ait
3219 2815 3233 2850 :
3266 2795 3415 2868 Quid
3437 2796 3691 2853 Dominus

2109 2905 2131 2945 ι
2174 2900 2330 2943 meus
2364 2886 2604 2959 loquitur
2648 2885 2716 2942 ad
2760 2898 2979 2945 servum
3025 2882 3219 2941 suum?
3267 2883 3469 2953 Solve,
3504 2886 3689 2957 inquit,

2110 2997 2133 3035 ι
2175 2980 2607 3039 calceamentunt
2634 2986 2793 3036 tuum
2823 2980 2894 3036 de
2926 2978 3159 3049 pedibus
3194 2978 3343 3045 tuis;
3378 2994 3530 3036 iocus
3552 2979 3690 3035 enim

2113 3090 2133 3125 ι
2177 3073 2235 3129 in
2282 3087 2392 3142 quo
2420 3080 2535 3127 stas
2579 3078 2803 3127 sanctus
2841 3077 2943 3126 est.
2996 3070 3259 3141 Fecitque
3296 3069 3467 3127 Iosue
3499 3077 3554 3125 ut
3590 3070 3690 3125 sibi

2114 3179 2132 3215 ‹
2175 3161 2354 3218 fuerat
2384 3162 2727 3234 imperatum.
2768 3180 2787 3213 ι
2829 3161 3149 3231 Respiciens
3175 3160 3352 3216 oculis
3373 3160 3503 3215 vidit
3539 3161 3692 3232 prin-

2109 3256 2284 3327 cipem
2312 3254 2516 3309 militiae
2552 3252 2769 3308 Domini
2796 3295 2811 3320 ,
2849 3258 3108 3324 tanquam
3134 3252 3231 3323 qui
3256 3253 3408 3325 prius
3441 3268 3543 3307 non
3570 3265 3693 3306 res-

2108 3348 2352 3422 pexerit,
2385 3346 2479 3402 sed
2513 3353 2643 3402 tunc
2665 3361 2789 3402 cum
2819 3345 3123 3417 principem
3154 3344 3366 3401 militias
3386 3340 3590 3400 Domini
3616 3342 3698 3398 vi-

2110 3458 2271 3499 surus
2299 3449 2461 3498 esset.
2508 3440 2679 3509 Quem
2724 3448 2903 3496 tamen
2938 3435 3096 3493 Iesus
3146 3450 3269 3499 cum
3296 3439 3556 3503 vidisset,
3587 3450 3699 3493 non

2110 3545 2235 3591 eum
2258 3533 2405 3591 velut
2434 3544 2777 3589 communem
2801 3532 3077 3589 hominem
3104 3530 3277 3597 vidit,
3315 3532 3412 3585 sed
3437 3524 3705 3585 intellexit

2112 3627 2369 3684 virtutem
2396 3640 2519 3681 esse
2553 3642 2565 3680 :
2599 3624 2839 3681 nondum
2878 3631 3062 3679 tamen
3092 3622 3347 3678 intellexit
3385 3636 3452 3676 ex
3490 3616 3707 3676 divinis

2112 3716 2406 3778 virtutibus
2427 3758 2440 3783 ,
2488 3731 2556 3771 an
2583 3732 2650 3772 ex
2684 3713 2973 3772 contrariis
3001 3731 3108 3773 una
3131 3714 3199 3771 sit
3223 3727 3343 3787 qua
3366 3711 3607 3776 videtur,
3648 3721 3707 3766 et

2114 3808 2238 3867 ideo
2279 3811 2578 3882 interrogat
2612 3814 2668 3865 et
2704 3808 3009 3883 perquirit,
3053 3806 3236 3866 dicens
3267 3822 3283 3861 :
3327 3825 3346 3858 ι
3392 3805 3592 3862 Noster
3621 3821 3701 3871 es,

2115 3924 2184 3964 an
2221 3905 2693 3963 adversariorum?
2725 3926 2744 3958 ι
2794 3905 2863 3960 Αι
2911 3904 3003 3962 ille
3038 3904 3117 3959 ait
3147 3922 3160 3960 :
3210 3922 3227 3954 ι
3268 3900 3386 3976 Ego
3415 3918 3531 3958 sum
3562 3892 3707 3972 priu-

2113 4016 2242 4074 ceps
2269 3999 2478 4054 militiae
2504 3996 2721 4053 virtutis
2744 3997 2955 4053 Domini
2982 4010 2996 4051 :
3027 4011 3172 4051 nunc
3198 3992 3420 4049 adveni.
3458 4014 3474 4046 ι
3502 3991 3696 4048 Etcum

2113 4089 2218 4147 hoc
2249 4091 2488 4145 audisset
2514 4086 2703 4161 Iesus,
2737 4088 2981 4148 adoravit
3005 4097 3060 4143 et
3089 4087 3227 4143 dixit
3258 4106 3272 4143 :
3308 4086 3541 4149 Domine,
3566 4082 3700 4158 quid

2114 4179 2364 4253 praecipis
2395 4194 2552 4234 servo
2584 4179 2708 4232 tuo?
2735 4177 2874 4247 Quid
2908 4185 2989 4232 est
3015 4174 3158 4249 quod
3190 4192 3293 4249 per
3326 4175 3434 4230 hoc
3458 4189 3546 4228 nos
3571 4173 3700 4226 edo-

2114 4281 2203 4329 cet
2227 4269 2425 4329 .lesus?
2450 4269 2586 4327 Illud
2615 4279 2697 4327 est
2729 4269 2846 4326 sine
2872 4266 3033 4325 dubio
3056 4268 3203 4341 quod
3231 4267 3367 4325 dicit
3392 4265 3655 4338 apostolus
3683 4283 3695 4317 :
3734 4332 3742 4341 η

2123 4383 2142 4416 ι
2188 4360 2364 4420 Nolite
2388 4365 2534 4420 omni
2566 4364 2777 4441 spiritui
2807 4360 3029 4418 credere
3052 4402 3067 4428 ,
3100 4360 3197 4417 sed
3226 4362 3458 4433 probate
3488 4358 3699 4428 spiritus
3733 4408 3748 4431 τ

2116 4459 2163 4517 si
2189 4476 2254 4515 ex
2283 4458 2393 4515 Deo
2414 4459 2522 4515 sint
2544 4452 2593 4531 (1
2616 4453 2778 4513 Ioan.
2805 4456 2901 4525 tv).
2936 4477 2953 4510 ι
2976 4452 3242 4529 Cognovit
3270 4470 3407 4531 ergo
3426 4450 3575 4507 Iesus
3597 4465 3704 4505 non
3742 4450 3745 4451 ⁷

2119 4554 2293 4613 solum
2320 4553 2445 4627 quia
2468 4568 2535 4609 ex
2562 4551 2672 4607 Deo
2697 4560 2803 4617 est,
2834 4550 2928 4606 scd
2955 4551 3081 4621 quia
3111 4547 3252 4603 Deus
3275 4555 3403 4615 est;
3438 4562 3543 4600 non
3568 4541 3706 4600 enim

2118 4647 2418 4712 adorasset,
2472 4645 2577 4699 nisi
2630 4642 2971 4716 cognovisset
3020 4641 3212 4696 Deum.
3257 4637 3394 4713 Quis
3448 4638 3586 4695 alius
3631 4643 3709 4691 est

2119 4739 2370 4808 princeps
2408 4734 2612 4790 militia:
2646 4728 2862 4793 virtutis
2891 4730 3143 4801 Domini,
3185 4731 3291 4787 nisi
3328 4726 3591 4786 Dominus
3616 4742 3710 4783 no—

2121 4839 2233 4885 ster
2274 4827 2431 4885 Iesus
2467 4826 2750 4885 Christus?
2786 4823 2986 4880 ‘Omnis
3033 4838 3273 4899 namque
3326 4821 3452 4878 caeli
3498 4818 3704 4879 militia,

2122 4921 2235 4978 sive
2266 4919 2476 4991 angeli,
2502 4918 2614 4974 sive
2649 4914 2961 4989 archangeli
2986 4958 3001 4985 ,
3033 4916 3148 4971 sive
3180 4915 3419 4970 virtutes
3445 4956 3461 4981 ,
3488 4914 3591 4969 sive
3613 4910 3709 4964 do-

2122 5012 2469 5078 minationes,
2508 5010 2620 5069 sive
2651 5008 3009 5081 principatus,
3039 5007 3154 5063 sive
3182 5014 3509 5079 potestates,
3529 5001 3709 5058 omnia

2124 5104 2242 5165 hatc
2292 5116 2411 5173 quae
2455 5118 2554 5177 per
2596 5101 2773 5173 ipsum
2806 5098 2950 5155 facta
2986 5109 3151 5167 sunt,
3193 5098 3294 5155 sub
3324 5098 3448 5173 ipso
3474 5094 3719 5173 principe

2123 5195 2357 5253 militant
2400 5195 2493 5265 qui
2529 5202 2614 5250 est
2665 5192 2969 5262 principum
3010 5192 3296 5263 princeps,
3351 5188 3449 5261 qui
3493 5187 3722 5260 largitur

2123 5288 2459 5363 principibus
2506 5286 2862 5361 principatus.
2912 5283 3031 5358 Ipse
3061 5292 3145 5338 est
3186 5282 3335 5341 enim
3366 5280 3462 5355 qui
3504 5280 3643 5335 dicit
3669 5277 3723 5333 in

2122 5379 2451 5453 Evangelia:
2487 5398 2504 5431 ι
2538 5377 2667 5437 Esto
2690 5386 2746 5433 tu
2769 5385 3094 5450 potestatem
3117 5374 3324 5433 habens
3351 5388 3513 5449 super
3531 5372 3727 5429 decem

2122 5472 2371 5531 civitates
2403 5468 2555 5547 (Luc.
2587 5470 2724 5542 XIX).
2768 5490 2786 5527 ι
2828 5468 2928 5525 ilic
2953 5478 3037 5527 est
3059 5468 3153 5543 qui
3176 5477 3403 5541 accepto
3434 5483 3612 5539 regno
3644 5479 3728 5522 re-

2119 5578 2345 5640 gressus
2402 5570 2504 5621 est.
2555 5559 2663 5617 Sed
2715 5561 2933 5618 interim
2979 5559 3262 5619 videamus
3305 5574 3428 5630 quae
3475 5570 3726 5635 praesens

2118 5653 2281 5719 lectio
2307 5652 2526 5729 ingerit.
2552 5652 2615 5713 In
2641 5650 2859 5711 Iericho
2886 5661 2969 5714 est
2996 5652 3178 5718 Iesus.
3205 5650 3383 5714 adhuc
3405 5650 3607 5710 hostes
3634 5648 3729 5713 0b-

2120 5746 2297 5831 tinent
2318 5745 2615 5831 civitatem,
2643 5750 2699 5803 et
2721 5746 2967 5831 nondum
2992 5754 3215 5829 ceperat
3234 5760 3358 5804 eam
3379 5740 3571 5827 Iesus.
3586 5738 3731 5823 Iam
