3930 6344
174 383 290 448 itm

1068 369 1418 432 consum.
1456 355 1823 428 iuuerunt
1860 355 2091 428 totius.
2129 395 2200 410 --
2235 357 2436 423 1.15.1.

3255 363 3394 424 im

173 517 334 565 tamen
378 499 575 555 «ﬁcitur
617 498 688 553 ad
727 493 908 551 Jesu‘m
955 514 965 548 :
1027 513 1044 546 (
1090 493 1247 547 Solve
1297 490 1718 546 calceamentum
1745 484 2238 549 Asace’rdotalibus
2298 481 2637 545 cecinerunt;
2703 477 2898 533 Petrus
2959 479 3123 532 etiam
3188 482 3392 537 intubus

172 610 308 656 tuum
332 595 395 650 de
433 593 656 666 pedibus
689 592 817 655 tuis,
853 591 1000 644 locus
1027 589 1169 642 enim
1206 587 1257 640 in
1289 601 1394 655 quo
1430 593 1540 638 stas
1573 593 1717 638 terra

172 699 337 749 sancta
365 693 465 741 est.
508 705 525 735 ι
575 683 639 738 Et
666 683 931 752 quomodo
967 679 1183 733 Jericho
1213 685 1354 731 terra
1387 683 1572 730 sancta
1615 681 1716 740 est,

171 799 279 855 quzc
325 782 389 833 ab
441 777 685 831 hostibus
740 772 1040 827 retinetur?
1087 769 1194 824 Sed
1227 785 1292 822 ne
1337 769 1480 821 forte
1513 767 1613 820 hoc
1651 765 1721 818 sit

170 871 297 946 quod
332 869 628 932 indicatur,
683 865 806 934 quia
832 875 1162 932 quocunque
1215 857 1427 914 venerit
1473 857 1721 925 princeps

168 967 354 1022 militia:
386 961 604 1016 virtutis
654 959 888 1021 Domini,
940 957 1063 1011 illuc
1111 957 1262 1009 locus
1311 955 1415 1008 erit
1463 961 1716 1017 sanctus;

169 1074 254 1126 ego
280 1056 436 1108 etiam
470 1049 671 1121 aliquid
709 1049 936 1119 amplius
967 1047 1132 1101 audeo
1166 1053 1220 1099 et
1258 1044 1378 1097 dico
1410 1044 1534 1112 quia
1561 1042 1721 1096 etiam

169 1153 214 1198 et
258 1141 460 1211 Moyses
511 1140 598 1192 ubi
649 1139 857 1201 stabat,
911 1152 1005 1207 per
1056 1135 1402 1204 semetipsum
1456 1146 1560 1185 non
1609 1136 1726 1185 erat

168 1233 302 1284 locus
328 1239 565 1290 sanctus,
604 1228 698 1281 sed
727 1227 854 1296 quia
878 1225 1090 1278 Domini
1121 1240 1240 1277 cum
1276 1223 1456 1292 Moyse
1486 1235 1722 1292 [umescu-

171 1324 231 1377 tia
258 1322 686 1376 sanctilicaverat
732 1319 926 1372 locmn.
983 1315 1043 1369 Et
1075 1316 1193 1369 ideo
1224 1315 1419 1369 dicitur
1462 1313 1528 1366 ad
1555 1327 1676 1366 cum
1707 1329 1720 1364 :

173 1437 186 1465 ε
222 1414 374 1467 Solve
417 1413 705 1480 corrigiam
740 1409 1086 1465 calceamcnti
1146 1407 1254 1470 tui,
1307 1405 1456 1459 locus
1497 1405 1637 1457 enim
1673 1404 1726 1457 in

167 1521 264 1574 quo
293 1514 398 1558 stas
438 1513 581 1556 terra
614 1510 798 1554 sancta
828 1507 929 1553 est.
973 1518 990 1548 ι
1046 1498 1195 1552 Unde
1227 1505 1279 1550 ct
1321 1509 1417 1548 nos
1449 1495 1492 1547 si
1529 1495 1638 1546 vita
1675 1502 1727 1546 et

167 1596 366 1649 meritis
395 1594 713 1647 accedamus
739 1589 807 1643 ad
847 1590 1152 1658 Dominum,
1183 1595 1236 1640 et
1262 1587 1405 1655 digni
1435 1584 1728 1638 efﬁciamur

164 1694 220 1742 ut
253 1686 465 1740 assistat
498 1683 652 1739 nobis
682 1683 846 1745 Deus,
884 1681 1081 1736 dicitur
1109 1680 1276 1732 etiam
1305 1678 1373 1731 ad
1401 1692 1498 1731 nos
1533 1685 1590 1728 ut
1617 1675 1727 1729 sol-

163 1793 343 1831 vamus
379 1793 412 1829 a
439 1777 668 1846 pedibus
700 1773 892 1826 anima:
923 1778 1118 1824 nostra:
1146 1810 1159 1833 ,
1193 1770 1237 1822 si
1273 1769 1403 1837 quid
1428 1767 1480 1820 in
1511 1767 1591 1821 eis
1617 1767 1728 1819 vin-

1824 575 2181 646 Epistolarurn
2209 587 2431 627 suarum
2449 577 2702 640 personat
2723 567 2897 623 tubis:
2924 567 3162 624 Iacobus
3181 584 3396 640 Quoque

1820 675 1875 722 ct
1928 666 2112 720 ludas.
2174 664 2393 718 Addidit
2442 661 2792 716 nihilominus
2857 661 3096 716 Joannes
3153 669 3209 715 et
3254 661 3396 727 [tuba

1822 774 2023 816 canere
2057 773 2154 829 per
2203 757 2459 812 ecclesias
2509 771 2654 818 suas,
2694 761 2747 806 et
2804 754 2982 809 Lucas
3020 754 3388 824 apostolorum

1822 857 1969 922 gesta
2017 849 2344 904 describens.
2393 845 2728 900 Novissimus
2771 853 2950 900 autem
3001 844 3094 899 ille
3147 845 3389 909 veniens,
3431 857 3442 868 ·

1823 943 1916 1012 qui
1943 941 2078 995 dixit
2111 958 2122 992 :
2163 955 2181 989 ο
2215 938 2349 991 Puto
2388 945 2566 990 autem
2604 949 2706 988 nos
2735 935 2874 988 Deus
2903 934 3175 1002 apostolos
3212 935 3396 988 novis-

1823 1034 1986 1088 simos
2009 1033 2238 1088 ostendit
2262 1031 2312 1102 (1
2343 1029 2464 1084 Cor.
2495 1031 2592 1100 tv),
2624 1049 2644 1078 ι
2673 1037 2724 1083 et
2756 1030 2810 1082 in
2838 1029 3246 1098 quatuor-decim
3276 1029 3404 1098 Epi-

1825 1124 2081 1179 stolarum
2141 1137 2362 1177 suarum
2413 1120 2708 1173 i‘ulminans
2756 1119 2917 1180 tubis,
2960 1134 3144 1172 muros
3173 1117 3398 1172 Jericbo

1825 1223 1878 1270 et
1907 1230 2094 1270 omnes
2149 1213 2470 1268 idololatriae
2522 1212 2800 1265 machinas
2850 1217 2904 1264 et
2959 1211 3400 1279 philosophorum

1827 1308 2074 1378 dogmata
2108 1321 2280 1374 usque
2331 1305 2401 1357 ad
2460 1302 2809 1355 fundamenta
2847 1299 3061 1367 deiecit.
3105 1299 3280 1353 Movet
3310 1313 3400 1353 me

1829 1412 1960 1453 sane
1981 1399 2148 1451 etiam
2175 1397 2303 1450 illud
2331 1395 2474 1464 quod
2504 1393 2729 1447 historia
2763 1391 2947 1454 refert,
3000 1391 3124 1459 quia
3179 1405 3288 1444 non
3316 1405 3410 1445 so-

1827 1488 1944 1541 lum
1971 1489 2282 1542 sacerdotes
2316 1487 2460 1539 tubis
2509 1485 2821 1538 cecinerunt
2872 1489 2931 1534 ut
2959 1481 3216 1535 caderent
3265 1481 3406 1535 muri

1830 1579 2070 1642 Jericho,
2104 1577 2200 1630 sed
2226 1584 2282 1629 et
2310 1575 2489 1628 audita
2523 1589 2654 1628 voce
2708 1573 2850 1625 tubae
2896 1573 3095 1626 dicitur
3122 1573 3407 1627 universus

1831 1670 2055 1742 poptdus
2103 1668 2341 1722 ululasse
2387 1665 2594 1718 ululatu
2647 1678 2864 1733 magno,
2919 1662 3004 1716 vel
3032 1663 3172 1716 sicut
3203 1663 3259 1716 in
3285 1661 3409 1715 aliis

1831 1760 2232 1830 exemplaribus
2281 1759 2530 1820 habetur,
2583 1752 2846 1822 jnbilasse
2873 1753 3046 1822 iubilo
3088 1768 3301 1824 magno.
3341 1753 3408 1806 Et

162 1869 261 1921 culi
308 1843 551 1920 mort—alis
603 1877 869 1918 annexum
918 1870 1018 1915 est.
1056 1861 1149 1913 lsti
1185 1867 1309 1913 sunt
1355 1859 1496 1912 enim
1544 1857 1727 1928 pedes,
1757 1845 1804 1903 Β
1833 1852 2082 1922 quamvis
2110 1851 2212 1903 iste
2240 1861 2423 1902 sermo
2473 1846 2764 1914 improprie
2799 1845 3090 1898 translatus
3117 1843 3404 1907 videatur;

159 1973 288 2027 quos
323 1958 453 2010 lavit
483 1954 639 2008 Jesus
665 1993 679 2018 ,
721 1967 855 2021 quos
897 1950 998 2004 nisi
1048 1950 1239 2004 laverit
1278 1964 1382 2002 non
1414 1947 1732 2002 habebimus

155 2057 363 2118 partem
409 2061 528 2101 cum
578 2060 660 2098 eo.
705 2041 859 2108 Quod
901 2042 945 2096 si
985 2057 1112 2111 ergo
1155 2040 1218 2094 ab
1255 2042 1429 2093 anima
1469 2048 1648 2093 nostra
1679 2047 1732 2093 et

154 2139 406 2192 sensibus
440 2150 596 2190 omne
626 2134 894 2188 vinculum
924 2147 1066 2186 cum
1099 2130 1343 2184 mortalis
1370 2127 1730 2191 absolvamus,

157 2229 410 2283 continuo
434 2225 664 2281 libenter
689 2225 845 2278 etiam
869 2223 1023 2277 nobis
1050 2219 1223 2275 aderit
1250 2230 1302 2274 ct
1331 2220 1545 2273 assistet
1570 2217 1729 2273 Deus.

159 2321 284 2388 Quae
312 2329 492 2372 autem
522 2325 647 2372 sunt
677 2317 730 2370 in
771 2314 1224 2383 consequentibus
1253 2311 1550 2366 videamus.

229 2411 377 2482 (Csr.
409 2407 506 2479 γι.)
551 2425 569 2457 ‹
604 2403 820 2461 Jcricho
842 2411 1023 2458 autem
1053 2404 1234 2458 clausa
1265 2410 1382 2457 erat
1414 2410 1576 2470 atque
1617 2416 1734 2454 mus

166 2521 181 2551 ι
223 2500 334 2554 uita
364 2514 393 2552 a
427 2500 620 2552 timore
646 2497 876 2550 tiliorum
901 2495 1096 2557 Israel,
1136 2499 1189 2547 et
1216 2494 1388 2546 nullus
1417 2492 1596 2560 egredi
1636 2507 1734 2545 au-

168 2613 183 2645 t
228 2594 387 2648 debat
441 2601 535 2646 aut
576 2589 802 2659 ingredi.
858 2589 1106 2657 Dixitque
1139 2587 1400 2641 Dominus
1438 2586 1504 2638 ad
1531 2584 1733 2640 Josue:

167 2703 182 2734 ‹
227 2683 364 2738 Ecce
408 2683 531 2735 dedi
577 2679 631 2734 in
663 2695 820 2734 manu
867 2688 955 2732 tua
996 2675 1235 2742 Iericho,
1267 2687 1323 2731 et
1360 2692 1542 2747 regem
1593 2680 1732 2748 ejus,

168 2785 520 2840 «clunesque
582 2769 748 2824 fortes
799 2769 961 2823 viros.
1022 2768 1260 2823 Circuite
1316 2768 1500 2823 urbem
1551 2771 1730 2824 cuncti

166 2883 183 2914 ‹
222 2865 511 2919 bellatores
538 2864 704 2917 semel
728 2877 823 2932 per
852 2864 1010 2917 diem.
1043 2861 1132 2916 Sic
1162 2862 1369 2918 facietis
1393 2879 1484 2918 sex
1515 2863 1733 2931 diebus;

167 2976 181 3007 ι
223 2955 454 3027 scptimo
479 2964 657 3009 autem
690 2956 776 3009 die
807 2955 1116 3009 sacerdotes
1161 2955 1352 3010 tollant
1377 2963 1582 3027 septem
1612 2957 1739 3011 buc-

167 3055 184 3096 t
227 3048 397 3111 cinas,
433 3062 665 3116 quarum
693 3060 823 3101 usus
851 3054 934 3100 est
978 3047 1029 3099 in
1055 3046 1272 3116 jubiltco
1297 3089 1312 3112 ,
1351 3057 1406 3102 et
1436 3051 1740 3118 praecedant

168 3154 182 3184 ι
227 3150 406 3191 arcam
440 3133 664 3191 fwdcris
689 3136 920 3190 Domini.
955 3134 1273 3206 Septiesque
1297 3138 1592 3193 circuibitis
1616 3139 1740 3196 civi-

166 3241 183 3276 ‹
221 3234 384 3281 tatem
418 3269 432 3292 ,
479 3235 534 3281 et
581 3227 888 3281 sacerdotes
918 3226 1166 3297 clangcnt
1196 3228 1458 3282 buccinis.
1499 3227 1739 3300 Cumque

165 3335 182 3368 ε
225 3315 528 3371 insonuerit
552 3332 654 3370 vox
682 3318 823 3371 tubm
851 3317 1059 3388 longior
1089 3328 1249 3387 atque
1273 3318 1564 3385 concisior,
1595 3326 1649 3372 et
1686 3321 1740 3375 in

165 3427 182 3458 ‹
226 3409 449 3463 auribus
492 3410 687 3462 vestris
731 3410 1056 3478 increpuerit
1083 3451 1095 3474 ,
1152 3396 1512 3465 conclamabit
1564 3413 1740 3466 omnis

164 3513 182 3548 α
223 3499 456 3570 populus
496 3498 882 3552 vociferatione
930 3500 1184 3564 maxima,
1227 3508 1279 3554 et
1330 3501 1469 3554 muri
1501 3499 1740 3558 funditus

163 3605 183 3638 ι
221 3595 485 3644 corruent
535 3588 808 3653 civitatis,
863 3586 1340 3659 ingredienturque
1397 3591 1598 3658 singuli
1645 3607 1742 3661 per

162 3698 178 3730 ε
222 3679 402 3734 locum
434 3687 620 3733 contra
650 3693 810 3747 quem
853 3680 1119 3741 steterint,
1159 3699 1176 3728 ι
1209 3687 1311 3734 etc.
1347 3677 1453 3751 (Ex
1485 3677 1738 3755 Isidoro.)

155 3769 536 3823 Circumdatur
589 3767 810 3824 .lcricho
840 3809 856 3835 ,
917 3778 1363 3839 cxpugnaturque
1395 3812 1408 3836 ,
1480 3771 1740 3828 adversus

154 3873 315 3930 quam
350 3861 565 3929 gladius
616 3875 719 3914 non
767 3861 1102 3922 conducitur,
1146 3863 1288 3915 aries
1334 3878 1436 3916 non
1470 3864 1738 3933 dirigitur,

150 3967 248 4006 nec
289 3949 394 4006 tela
430 3953 715 4007 vibrantur
765 3968 780 4005 :
822 3953 961 4006 tubm
1000 3951 1337 4009 solummodo
1371 3959 1741 4011 saccrdotaies

151 4049 364 4109 septem
396 4039 591 4092 diebus
616 4039 887 4095 continuis
918 4039 1260 4107 adhibentur,
1293 4045 1477 4112 sicque
1506 4045 1738 4100 circum—

156 4139 273 4183 aeta
328 4143 460 4183 arca
503 4132 638 4184 muri
670 4129 884 4185 Jericho
928 4129 1276 4187 subruuntur.
1316 4133 1533 4189 Jcricho
1563 4143 1742 4190 autem

153 4233 248 4290 per
283 4222 792 4290 interpretationem
837 4222 958 4276 luna
986 4220 1209 4290 dicitur;
1244 4225 1368 4279 luna
1400 4241 1526 4281 vero
1558 4228 1740 4281 mundi

156 4309 312 4378 hujus
341 4312 580 4379 speciem
611 4319 776 4377 tenet,
807 4314 932 4381 quia
960 4315 1096 4368 sicut
1126 4315 1248 4369 luna
1274 4317 1566 4372 menstruis
1588 4333 1738 4372 com-

157 4402 484 4470 pletionihus
516 4404 734 4469 deﬁcit,
776 4404 848 4457 ita
903 4405 990 4460 hic
1038 4408 1272 4462 mundus
1315 4409 1382 4461 ad
1427 4405 1740 4478 completio-

159 4511 276 4549 nem
301 4505 608 4567 temporum
634 4511 881 4562 currens,
909 4495 1235 4568 quotidianis
1255 4500 1553 4557 defectibus
1574 4499 1734 4555 cadit.

158 4583 212 4640 ln
244 4603 371 4641 area
405 4602 540 4640 vero
565 4585 800 4640 Ecclesia
826 4585 1102 4656 figuratur,
1131 4590 1185 4642 in
1215 4590 1355 4644 tubis
1383 4599 1558 4644 autem
1581 4593 1738 4646 zercis

156 4682 542 4749 prmdicatores
581 4675 750 4732 fortes
799 4679 1152 4746 accipiuntur.
1203 4679 1350 4734 Hanc
1395 4696 1523 4752 ergo
1550 4681 1736 4738 urbem

157 4769 377 4827 Jericho
401 4769 594 4822 diebus
618 4775 823 4838 septem
841 4767 1076 4824 ferentes
1097 4785 1276 4824 arcam
1299 4772 1552 4827 lsraeliuc
1577 4774 1738 4827 iuncis

158 4863 298 4916 tubis
348 4860 727 4928 clangentibus
772 4860 1145 4926 circumeunt,
1197 4869 1249 4918 et
1297 4864 1438 4917 muri
1488 4865 1604 4933 ejus
1644 4880 1740 4933 per

160 4965 291 5006 arcae
308 4948 678 5022 prazsentiam,
705 4959 866 5019 atque
886 4966 1144 5007 sei-earum
1172 4955 1424 5008 tubarum
1447 4953 1624 5010 sonitu
1657 4972 1739 5011 ca-

163 5042 318 5107 dunt;
353 5041 487 5112 quia
517 5040 570 5093 in
608 5041 711 5094 hoc
743 5049 981 5110 tempore
1005 5044 1148 5111 quod
1186 5055 1388 5114 septem
1413 5047 1620 5101 dierum
1664 5047 1742 5101 vi-

163 5131 479 5185 cissitudine
510 5127 764 5196 volvitur,
814 5132 943 5184 dum
976 5132 1146 5187 fertur
1170 5150 1296 5189 arca
1317 5177 1331 5201 ,
1368 5138 1419 5191 id
1457 5147 1540 5192 est
1562 5180 1575 5201 ,
1615 5140 1740 5194 dum

161 5223 343 5276 orbem
391 5229 666 5276 terrarum
702 5223 1026 5277 circumiens
1061 5235 1308 5278 movetur
1343 5225 1603 5282 Ecclesia.
1637 5228 1741 5284 Vc-

161 5312 310 5366 nieus
334 5327 474 5368 vero
498 5312 758 5368 Dominus
785 5324 968 5367 noster
991 5314 1146 5369 Jesus
1175 5315 1442 5382 Christus,
1473 5319 1626 5388 cujus
1655 5321 1741 5376 ille

160 5403 308 5468 prior
324 5399 475 5456 ﬁlius
494 5401 637 5456 Nave
663 5399 982 5472 designabat
1003 5405 1290 5459 adventum
1308 5449 1320 5472 ,
1355 5408 1521 5461 mittit
1561 5424 1741 5464 sacer-

162 5491 310 5546 dotes
322 5488 602 5564 apostolos
624 5508 768 5559 suos,
784 5503 1063 5564 portantes
1094 5499 1249 5551 tubas
1279 5499 1526 5561 ductiles,
1551 5501 1742 5568 prtedi-

164 5583 387 5636 cationis
410 5584 754 5652 magnificam
775 5587 1157 5657 caelestemque
1177 5588 1496 5643 doctrinam.
1544 5590 1744 5645 Sacer-

167 5673 323 5728 dotali
355 5677 488 5729 tuba
512 5675 720 5745 primus
749 5678 800 5730 in
829 5677 1120 5750 Evangelii)
1143 5679 1423 5736 Matthteus
1445 5682 1736 5752 increpuit:

167 5761 375 5822 Marcus
402 5775 642 5842 quoque,
668 5763 844 5825 Lucas
873 5778 929 5826 et
955 5764 1206 5839 Joannes,
1239 5773 1350 5830 suis
1381 5773 1574 5846 singuli
1598 5774 1744 5831 tubis

1764 4541 1820 4604 D

1835 1943 2119 2015 stamus,
2180 1940 2325 1994 enim
2360 1940 2416 1992 in
2472 1938 2662 1993 Graeco
2697 1937 2975 2002 scribitur,
3034 1937 3176 2005 quod
3233 1947 3413 2004 neque

1828 2035 2082 2106 jubilum,
2115 2049 2294 2102 neque
2337 2033 2602 2088 ululatum
2624 2032 2839 2101 proprie
2900 2031 3184 2100 signiﬁcat,
3218 2030 3314 2084 sed
3338 2031 3405 2083 il-

1833 2128 1942 2181 lam
1967 2128 2137 2196 magis
2161 2125 2398 2179 ostendit
2426 2139 2644 2187 vocem,
2695 2139 2800 2193 qua
2828 2123 2954 2177 belli
2984 2129 3228 2194 tempore
3255 2135 3412 2177 exer-

1835 2221 1976 2272 citus
2027 2218 2321 2271 clamorem
2379 2230 2674 2271 consonum
2734 2216 2955 2278 tollens,
2991 2215 3321 2270 unanimiter
3353 2229 3414 2270 se

1835 2308 2106 2362 cohortari
2135 2309 2202 2360 ad
2239 2307 2436 2361 bellum
2469 2307 2625 2372 solet,
2660 2315 2838 2362 tamen
2869 2309 2959 2361 hic
2987 2323 3164 2362 sermo
3183 2309 3234 2362 in
3264 2307 3412 2362 Scri-

1833 2405 2008 2475 pturis
2039 2403 2294 2473 jubilatio
2323 2405 2496 2474 magis
2543 2420 2708 2473 quam
2736 2406 2958 2460 ululatio
3014 2407 3293 2462 consuevit
3330 2407 3414 2461 in-

1836 2494 2019 2558 scribi,
2059 2502 2116 2548 ut
2147 2494 2266 2549 ibi:
2324 2513 2346 2546 ρ
2403 2494 2637 2551 Jubilate
2673 2497 2782 2551 Deo
2832 2499 3009 2552 omnis
3041 2505 3182 2553 terra
3239 2499 3407 2571 (Psal.

1836 2587 2003 2655 va);
2049 2605 2066 2638 ι
2103 2587 2169 2640 Et
2204 2587 2444 2641 iterum:
2490 2607 2510 2637 ς
2545 2589 2740 2642 Beatus
2772 2589 2998 2660 populus
3043 2591 3134 2659 qui
3182 2592 3284 2646 scit
3329 2590 3416 2659 ju-

1836 2675 2152 2730 bilatlonem
2209 2671 2379 2747 (Psal.
2417 2679 2702 2748 Lxxxvm).
2746 2698 2763 2730 ι
2799 2679 2949 2744 Quod
2996 2681 3157 2734 etiam
3187 2696 3271 2733 me
3297 2693 3416 2748 per-

1839 2774 2017 2821 movet
2065 2767 2290 2831 dictum,
2325 2767 2456 2837 quid
2493 2769 2635 2821 istud
2673 2774 2882 2822 tantum
2934 2770 3003 2823 sit
3037 2769 3237 2838 operis,
3270 2769 3414 2837 quod

1838 2859 2056 2914 beatum
2084 2859 2336 2930 populum
2380 2859 2562 2913 faciat.
2599 2859 2713 2914 Non
2744 2861 2894 2921 dixit,
2936 2861 3060 2930 quia
3108 2862 3298 2920 beatus
3322 2876 3418 2936 po-

1838 2954 1996 3022 pulus
2023 2955 2114 3023 qui
2145 2955 2248 3008 scit
2273 2953 2556 3023 mysteria,
2584 2961 2640 3007 et
2673 2954 2765 3023 qui
2808 2955 2910 3007 scit
2936 2953 3061 3008 coeli
3089 2967 3154 3007 ac
3183 2961 3341 3009 terra:
3363 2960 3418 3008 et

1841 3046 2077 3100 siderum
2103 3046 2367 3099 rationem
2400 3061 2414 3109 ;
2451 3044 2546 3098 sed
2579 3063 2600 3094 ‹
2639 3043 2852 3109 beatus,
2895 3063 2912 3096 ι
2961 3043 3154 3114 inquit,
3194 3059 3216 3095 ‹
3249 3055 3420 3116 popu-

1841 3139 1927 3192 lus
1953 3133 2052 3206 qui
2091 3135 2193 3190 scit
2238 3134 2634 3207 jubilationem.
2673 3151 2690 3186 ι
2726 3133 2782 3188 In
2827 3131 2948 3188 aliis
2977 3135 3146 3189 timor
3169 3131 3268 3188 Dei
3297 3136 3419 3189 hea-

1847 3239 1960 3283 tum
1983 3227 2150 3294 facit;
2185 3227 2264 3282 sic
2313 3226 2456 3280 enim
2507 3227 2641 3281 dicit
2675 3241 2692 3280 :
2729 3242 2745 3276 ‹
2776 3225 2975 3280 Beatus
3025 3226 3110 3279 vir
3135 3225 3226 3295 qui
3264 3223 3418 3279 timet

1844 3319 2131 3377 Dominum
2188 3315 2361 3388 (Prol.
2423 3315 2556 3387 cm).
2597 3336 2615 3369 ι
2651 3316 2790 3370 Alibi
2825 3316 2989 3369 etiam
3053 3315 3238 3390 plures
3281 3314 3419 3368 titint

1843 3411 2008 3476 beati,
2045 3410 2182 3465 sicut
2211 3421 2478 3478 pauperes
2505 3406 2721 3477 spiritu,
2776 3406 2864 3461 vel
2887 3405 3178 3470 mansueti,
3205 3405 3292 3459 vel
3320 3419 3424 3476 pa-

1844 3503 2002 3568 Cilici,
2052 3503 2138 3557 vel
2186 3501 2374 3556 mundi
2424 3500 2592 3554 corde
2637 3497 2850 3568 (Matth.
2897 3498 2972 3567 v).
3008 3497 3106 3551 llic
3144 3495 3423 3550 beatitudo

1843 3594 2059 3666 proﬂisa
2080 3601 2182 3657 est,
2211 3596 2262 3645 et
2294 3600 2440 3644 tanta
2475 3589 2563 3643 hic
2609 3588 2797 3643 nescio
2821 3601 2941 3656 qua:
2985 3597 3153 3643 causa
3184 3586 3418 3641 beatitu-

1844 3685 1984 3741 dinis
2025 3684 2314 3747 indicatur,
2355 3688 2415 3734 ut
2452 3679 2762 3733 universum
2797 3679 3050 3747 populum
3099 3677 3262 3731 faciat
3291 3678 3416 3732 bea-

1846 3785 1985 3836 tum,
2037 3773 2129 3843 qui
2185 3779 2362 3826 tamen
2422 3770 2606 3824 scierit
2643 3765 3038 3835 jubilationem.
3087 3766 3240 3822 Unde
3285 3767 3421 3822 mihi

1843 3866 2054 3921 videtur
2091 3862 2342 3931 jubilatio
2373 3859 2478 3915 ista
2512 3859 2752 3915 indicare
2804 3859 3092 3929 quemdam
3119 3859 3422 3914 concordiae

1842 3963 1896 4011 et
1924 3955 2295 4009 unanimitatis
2320 3952 2589 4007 allectum.
2647 3947 2747 4016 Qui
2775 3950 2823 4004 si
2862 3949 3065 4004 incidat
3097 3949 3150 4003 in
3179 3949 3312 4003 duos
3336 3947 3420 4005 vel

1843 4046 1898 4099 in
1938 4054 2048 4099 tres
2073 4044 2274 4099 Christi
2307 4042 2624 4112 discipulos,
2657 4041 2838 4095 omnia
2895 4055 3225 4111 quascunque
3253 4043 3420 4112 petie-

1843 4138 1951 4192 rint
1980 4137 2034 4190 in
2055 4138 2270 4190 nomine
2288 4135 2587 4189 Salvatoris
2615 4141 2840 4205 praestat
2865 4135 2944 4189 eis
2968 4135 3130 4189 Pater
3153 4135 3408 4193 caelestis.

1844 4227 1904 4283 Si
1943 4242 2071 4281 vero
2106 4236 2256 4280 tanta
2286 4225 2445 4280 fuerit
2468 4226 2766 4290 beatitudo,
2795 4233 2855 4279 ut
2882 4226 3168 4281 universus
3191 4228 3420 4298 populus

1844 4336 2070 4376 concors
2096 4328 2149 4374 et
2175 4319 2461 4373 unanimus
2483 4326 2718 4382 maneat,
2769 4328 2832 4371 ut
2859 4319 3045 4372 cadent
3101 4319 3283 4373 dicant
3313 4336 3421 4374 om-

1845 4427 1960 4476 nes,
1996 4421 2050 4466 et
2081 4413 2136 4465 in
2162 4412 2353 4465 eodem
2381 4425 2563 4472 sensu,
2593 4419 2650 4463 et
2695 4409 2750 4462 in
2776 4409 2965 4461 eadem
3002 4409 3266 4460 sententia
3297 4421 3422 4476 per-

1843 4510 2142 4566 manentes,
2180 4502 2282 4555 isto
2313 4497 2404 4554 tali
2458 4498 2653 4570 populo
2710 4511 2898 4551 vocem
2945 4495 3272 4550 unanimiter
3307 4497 3418 4551 ele~

1846 4603 2024 4660 vantc,
2061 4593 2150 4647 ﬁet
2181 4592 2308 4646 illud
2352 4590 2494 4659 quod
2525 4589 2784 4657 scriptum
2817 4595 2901 4640 est
2949 4585 3002 4639 in
3029 4585 3254 4641 Actibus
3293 4603 3422 4658 apo;

1845 4685 2103 4739 stolarum
2133 4681 2292 4752 (Cap.
2327 4681 2420 4748 v),
2452 4679 2578 4747 quia
2615 4683 2956 4732 terrzemotus
2989 4673 3160 4730 factus
3203 4685 3287 4732 est
3327 4677 3419 4732 ubi

1845 4786 1973 4831 tunc
2022 4775 2303 4828 unanimes
2347 4773 2573 4825 orabant
2609 4767 2873 4838 apostoli,
2929 4783 3050 4822 cum
3102 4769 3421 4827 mulieribus

1845 4877 1898 4923 et
1945 4867 2110 4923 Maria
2146 4874 2318 4920 matre
2348 4864 2494 4918 Jesu.
2531 4864 2596 4918 Et
2619 4870 2930 4917 terrmmotu
2965 4861 3108 4917 facto
3140 4863 3419 4919 destruen-

1846 4968 1934 5015 tur
1995 4967 2050 5015 et
2100 4958 2294 5012 cadent
2343 4956 2524 5011 omnia
2579 4969 2699 5024 qum
2764 4961 2975 5008 terrena
3027 4963 3171 5020 sunt,
3206 4964 3262 5008 et
3289 4956 3416 5008 sub-

1843 5059 2083 5106 vertetur
2115 5051 2366 5104 mundus.
2401 5047 2538 5102 Audi
2569 5047 2797 5116 denique
2826 5043 3111 5100 Dominum
3149 5055 3203 5099 et
3227 5045 3416 5100 Salva-

1843 5147 2016 5196 torcm
2051 5148 2314 5202 nostrum,
2344 5138 2519 5193 adhuc
2559 5138 2731 5206 ipsum
2767 5155 2894 5194 suos
2923 5138 3116 5194 milites
3136 5138 3417 5190 cohortan-

1845 5238 1975 5291 tem,
2006 5230 2276 5299 quomodo
2313 5227 2444 5282 dicit
2473 5245 2484 5280 :
2524 5245 2542 5277 ‹
2576 5227 2863 5293 Conﬁdite,
2890 5245 2990 5300 ego
3022 5226 3122 5280 vici
3153 5224 3413 5279 numdum

1846 5321 2030 5395 (Joan.
2063 5321 2195 5391 xvi).
2238 5341 2254 5372 ι
2293 5320 2389 5374 lilo
2419 5335 2548 5390 ergo
2607 5322 2740 5378 duce
2783 5322 2896 5390 jam
2927 5319 3077 5376 nobis
3126 5319 3300 5374 victus
3332 5322 3415 5373 est

1848 5413 2097 5476 mundus,
2130 5420 2184 5466 ct
2210 5411 2347 5464 muri
2375 5410 2490 5479 ejus
2515 5407 2736 5481 collapsi
2775 5421 2916 5475 sunt,
2945 5410 3139 5479 quibus
3169 5409 3416 5464 homines

1843 5503 2022 5558 szcculi
2054 5501 2382 5557 nitebantur.
2417 5501 2524 5557 Sed
2546 5510 2600 5557 et
2622 5503 2991 5570 unusquisque
3031 5510 3276 5556 nostrum
3326 5502 3413 5554 de-

1841 5595 1926 5649 bet
1961 5597 2012 5648 in
2052 5596 2339 5663 semetipso
2381 5596 2483 5650 ista
2519 5594 2806 5663 complere.
2837 5593 3013 5648 llabes
3047 5595 3099 5648 in
3149 5602 3200 5648 te
3228 5592 3412 5653 Iesum

1842 5685 2030 5741 ducem
2054 5701 2149 5755 per
2181 5686 2354 5749 tidem,
2389 5684 2473 5739 {ac
2503 5685 2596 5739 tibi
2623 5683 2775 5738 tubas
2801 5684 3045 5750 ductiles,
3079 5685 3125 5738 si
3151 5684 3403 5740 sacerdos

1838 5790 1936 5846 es;
1995 5791 2127 5850 gens
2175 5778 2318 5835 enim
2346 5775 2545 5850 regalis
2594 5773 2781 5833 effecta
2841 5789 2920 5846 es,
2953 5784 3007 5832 et
3036 5777 3399 5836 sacerdotium
