  <div class='ocr_page' id='page_1' title='image "/cluster/home/n/w/nwhite01/storage/ocr_20150623/108/hvd.32044015466840/519.png"; bbox 0 0 3930 6344; ppageno 0'>
   <div class='ocr_carea' id='block_1_1' title="bbox 1101 300 2051 395">
    <p class='ocr_par' dir='ltr' id='par_1_1' title="bbox 1101 308 2051 387">
     <span class='ocr_line' id='line_1_1' title="bbox 1101 308 2051 387; baseline -0.009 -14"><span class='ocrx_word' id='word_1_1' title='bbox 1101 317 1162 373; x_wconf 81' lang='lat' dir='ltr'><strong>s.</strong></span> <span class='ocrx_word' id='word_1_2' title='bbox 1199 314 1455 373; x_wconf 73' lang='lat' dir='ltr'><strong>mm</strong></span> <span class='ocrx_word' id='word_1_3' title='bbox 1488 313 1707 387; x_wconf 72' lang='lat' dir='ltr'><strong>munt</strong></span> <span class='ocrx_word' id='word_1_4' title='bbox 1739 308 2051 387; x_wconf 70' lang='lat' dir='ltr'><strong>ARCBIEP.</strong></span> 
     </span>
    </p>
   </div>
   <div class='ocr_carea' id='block_1_2' title="bbox 2157 300 3757 395">
    <p class='ocr_par' dir='ltr' id='par_1_2' title="bbox 2157 300 3757 395">
     <span class='ocr_line' id='line_1_2' title="bbox 2157 300 3757 395; baseline -0.006 -30"><span class='ocrx_word' id='word_1_5' title='bbox 2157 302 2411 389; x_wconf 63' lang='lat' dir='ltr'><strong>osum.</strong></span> <span class='ocrx_word' id='word_1_6' title='bbox 2451 302 2738 383; x_wconf 75' lang='lat' dir='ltr'><strong>ornauit</strong></span> <span class='ocrx_word' id='word_1_7' title='bbox 2773 300 2956 358; x_wconf 64' lang='lat' dir='ltr'><strong>rans</strong></span> <span class='ocrx_word' id='word_1_8' title='bbox 2984 300 3029 357; x_wconf 82' lang='lat'><strong>1.</strong></span> <span class='ocrx_word' id='word_1_9' title='bbox 3570 300 3757 395; x_wconf 58' lang='lat' dir='ltr'><strong>was</strong></span> 
     </span>
    </p>
   </div>
   <div class='ocr_carea' id='block_1_3' title="bbox 466 326 629 387">
    <p class='ocr_par' dir='ltr' id='par_1_3' title="bbox 466 326 629 387">
     <span class='ocr_line' id='line_1_3' title="bbox 466 326 629 387; baseline 0 0"><span class='ocrx_word' id='word_1_10' title='bbox 466 326 629 387; x_wconf 66' lang='grc' dir='ltr'><strong>ωας,</strong></span> 
     </span>
    </p>
   </div>
   <div class='ocr_carea' id='block_1_4' title="bbox 466 325 3757 505">
    <p class='ocr_par' dir='ltr' id='par_1_4' title="bbox 466 325 3757 505">
     <span class='ocr_line' id='line_1_4' title="bbox 466 325 3757 397; baseline -0.009 -17"><span class='ocrx_word' id='word_1_11' title='bbox 466 325 629 397; x_wconf 63' lang='grc' dir='ltr'><strong>ερας,</strong></span> <span class='ocrx_word' id='word_1_12' title='bbox 1102 325 1162 373; x_wconf 87' lang='grc' dir='ltr'><strong>Β.</strong></span> <span class='ocrx_word' id='word_1_13' title='bbox 1200 325 1455 373; x_wconf 70' lang='lat' dir='ltr'><strong>MBAN!</strong></span> <span class='ocrx_word' id='word_1_14' title='bbox 1490 325 1707 387; x_wconf 68' lang='grc' dir='ltr'>ιυιυμι</span> <span class='ocrx_word' id='word_1_15' title='bbox 1739 325 2411 393; x_wconf 53' lang='grc' dir='ltr'><strong>Λιψιιιιςιθ..μτυυ.υιμι</strong></span> <span class='ocrx_word' id='word_1_16' title='bbox 2451 325 2738 383; x_wconf 63' lang='grc' dir='ltr'>υινιιιιψμ</span> <span class='ocrx_word' id='word_1_17' title='bbox 2773 325 2956 358; x_wconf 70' lang='lat' dir='ltr'><strong>num</strong></span> <span class='ocrx_word' id='word_1_18' title='bbox 2985 325 3029 357; x_wconf 90' lang='grc' dir='ltr'><strong>ι.</strong></span> <span class='ocrx_word' id='word_1_19' title='bbox 3570 325 3757 395; x_wconf 68' lang='grc' dir='ltr'><strong>-ιυιιι⁸</strong></span> 
     </span>
     <span class='ocr_line' id='line_1_5' title="bbox 466 411 3757 505; baseline -0.005 -17"><span class='ocrx_word' id='word_1_20' title='bbox 466 446 711 499; x_wconf 69' lang='grc' dir='ltr'><strong>ειωωω</strong></span> <span class='ocrx_word' id='word_1_21' title='bbox 738 435 807 495; x_wconf 70' lang='grc' dir='ltr'><strong>(ιο</strong></span> <span class='ocrx_word' id='word_1_22' title='bbox 832 440 889 490; x_wconf 79' lang='lat' dir='ltr'><strong>te</strong></span> <span class='ocrx_word' id='word_1_23' title='bbox 923 432 1125 493; x_wconf 70' lang='lat' dir='ltr'><strong>dictum</strong></span> <span class='ocrx_word' id='word_1_24' title='bbox 1177 438 1265 487; x_wconf 82' lang='lat' dir='ltr'><strong>est</strong></span> <span class='ocrx_word' id='word_1_25' title='bbox 1296 430 1424 489; x_wconf 67' lang='lat' dir='ltr'><strong>:iac</strong></span> <span class='ocrx_word' id='word_1_26' title='bbox 1453 432 1549 487; x_wconf 83' lang='lat' dir='ltr'><strong>tibi</strong></span> <span class='ocrx_word' id='word_1_27' title='bbox 1600 431 1757 489; x_wconf 74' lang='lat' dir='ltr'><strong>tubas</strong></span> <span class='ocrx_word' id='word_1_28' title='bbox 1814 426 2041 485; x_wconf 81' lang='lat' dir='ltr'><strong>ductiles</strong></span> <span class='ocrx_word' id='word_1_29' title='bbox 2066 430 2123 501; x_wconf 63' lang='grc' dir='ltr'>Α</span> <span class='ocrx_word' id='word_1_30' title='bbox 2143 420 2318 475; x_wconf 91' lang='lat' dir='ltr'><strong>tilium</strong></span> <span class='ocrx_word' id='word_1_31' title='bbox 2348 419 2641 484; x_wconf 80' lang='lat' dir='ltr'><strong>celebrant,</strong></span> <span class='ocrx_word' id='word_1_32' title='bbox 2693 417 2982 471; x_wconf 77' lang='lat' dir='ltr'><strong>anathema</strong></span> <span class='ocrx_word' id='word_1_33' title='bbox 3034 414 3090 470; x_wconf 91' lang='lat' dir='ltr'><strong>in</strong></span> <span class='ocrx_word' id='word_1_34' title='bbox 3117 411 3417 493; x_wconf 74' lang='lat' dir='ltr'><strong>Ecclesium</strong></span> <span class='ocrx_word' id='word_1_35' title='bbox 3465 414 3757 505; x_wconf 30' lang='lat' dir='ltr'><strong>introduj</strong></span> 
     </span>
    </p>
   </div>
   <div class='ocr_carea' id='block_1_5' title="bbox 466 504 3740 595">
    <p class='ocr_par' dir='ltr' id='par_1_5' title="bbox 466 504 3740 595">
     <span class='ocr_line' id='line_1_6' title="bbox 466 504 3740 595; baseline -0.005 -17"><span class='ocrx_word' id='word_1_36' title='bbox 466 545 543 589; x_wconf 69' lang='lat' dir='ltr'><strong>ex,</strong></span> <span class='ocrx_word' id='word_1_37' title='bbox 580 520 917 595; x_wconf 75' lang='lat' dir='ltr'><strong>&#39;Seripturis,</strong></span> <span class='ocrx_word' id='word_1_38' title='bbox 971 521 1098 581; x_wconf 81' lang='lat' dir='ltr'><strong>inde</strong></span> <span class='ocrx_word' id='word_1_39' title='bbox 1126 522 1231 577; x_wconf 88' lang='lat' dir='ltr'><strong>duc</strong></span> <span class='ocrx_word' id='word_1_40' title='bbox 1279 536 1492 586; x_wconf 86' lang='lat' dir='ltr'><strong>sensus,</strong></span> <span class='ocrx_word' id='word_1_41' title='bbox 1547 521 1670 576; x_wconf 91' lang='lat' dir='ltr'><strong>inde</strong></span> <span class='ocrx_word' id='word_1_42' title='bbox 1716 532 2035 585; x_wconf 81' lang='lat' dir='ltr'><strong>sermones;</strong></span> <span class='ocrx_word' id='word_1_43' title='bbox 2104 512 2308 576; x_wconf 81' lang='lat' dir='ltr'><strong>&#39;cuut;</strong></span> <span class='ocrx_word' id='word_1_44' title='bbox 2340 511 2432 581; x_wconf 87' lang='lat' dir='ltr'><strong>qui</strong></span> <span class='ocrx_word' id='word_1_45' title='bbox 2456 516 2727 565; x_wconf 90' lang='lat' dir='ltr'><strong>astrorum</strong></span> <span class='ocrx_word' id='word_1_46' title='bbox 2753 507 3006 565; x_wconf 84' lang='lat' dir='ltr'><strong>cursibus</strong></span> <span class='ocrx_word' id='word_1_47' title='bbox 3034 504 3174 560; x_wconf 88' lang='lat' dir='ltr'><strong>vitas</strong></span> <span class='ocrx_word' id='word_1_48' title='bbox 3220 506 3497 560; x_wconf 86' lang='lat' dir='ltr'><strong>hominum</strong></span> <span class='ocrx_word' id='word_1_49' title='bbox 3525 516 3740 579; x_wconf 76' lang='lat' dir='ltr'><strong>eLge-</strong></span> 
     </span>
    </p>
   </div>
   <div class='ocr_carea' id='block_1_6' title="bbox 463 595 3740 689">
    <p class='ocr_par' dir='ltr' id='par_1_6' title="bbox 463 595 3740 689">
     <span class='ocr_line' id='line_1_7' title="bbox 463 595 3740 689; baseline -0.006 -14"><span class='ocrx_word' id='word_1_50' title='bbox 463 623 750 689; x_wconf 72' lang='lat' dir='ltr'><strong>propterea</strong></span> <span class='ocrx_word' id='word_1_51' title='bbox 786 613 931 669; x_wconf 88' lang='lat' dir='ltr'><strong>enim</strong></span> <span class='ocrx_word' id='word_1_52' title='bbox 984 612 1127 667; x_wconf 66' lang='lat' dir='ltr'><strong>tuba:</strong></span> <span class='ocrx_word' id='word_1_53' title='bbox 1156 611 1390 677; x_wconf 81' lang='lat' dir='ltr'><strong>ductiles</strong></span> <span class='ocrx_word' id='word_1_54' title='bbox 1432 609 1788 680; x_wconf 72' lang='lat' dir='ltr'><strong>appellantur.</strong></span> <span class='ocrx_word' id='word_1_55' title='bbox 1820 608 1878 663; x_wconf 86' lang='lat' dir='ltr'><strong>In</strong></span> <span class='ocrx_word' id='word_1_56' title='bbox 1910 607 2041 679; x_wconf 82' lang='lat' dir='ltr'><strong>ipsis</strong></span> <span class='ocrx_word' id='word_1_57' title='bbox 2138 610 2220 689; x_wconf 68' lang='lat' dir='ltr'><strong>sta</strong></span> <span class='ocrx_word' id='word_1_58' title='bbox 2253 602 2591 673; x_wconf 84' lang='lat' dir='ltr'><strong>perquirunt,</strong></span> <span class='ocrx_word' id='word_1_59' title='bbox 2632 600 2726 673; x_wconf 87' lang='lat' dir='ltr'><strong>qui</strong></span> <span class='ocrx_word' id='word_1_60' title='bbox 2770 596 2982 653; x_wconf 81' lang='lat' dir='ltr'><strong>volatus</strong></span> <span class='ocrx_word' id='word_1_61' title='bbox 3029 595 3229 689; x_wconf 83' lang='lat' dir='ltr'><strong>avium,</strong></span> <span class='ocrx_word' id='word_1_62' title='bbox 3284 604 3340 653; x_wconf 88' lang='lat' dir='ltr'><strong>et</strong></span> <span class='ocrx_word' id='word_1_63' title='bbox 3367 606 3562 654; x_wconf 65' lang='lat' dir='ltr'><strong>caetera</strong></span> <span class='ocrx_word' id='word_1_64' title='bbox 3620 599 3740 654; x_wconf 80' lang='lat' dir='ltr'><strong>hu—</strong></span> 
     </span>
    </p>
   </div>
   <div class='ocr_carea' id='block_1_7' title="bbox 463 696 2059 787">
    <p class='ocr_par' dir='ltr' id='par_1_7' title="bbox 463 696 2059 787">
     <span class='ocr_line' id='line_1_8' title="bbox 463 696 2059 787; baseline -0.011 -19"><span class='ocrx_word' id='word_1_65' title='bbox 463 723 621 787; x_wconf 75' lang='lat' dir='ltr'><strong>cane,</strong></span> <span class='ocrx_word' id='word_1_66' title='bbox 645 702 718 767; x_wconf 73' lang='grc' dir='ltr'><strong>ἐι</strong></span> <span class='ocrx_word' id='word_1_67' title='bbox 743 706 789 762; x_wconf 90' lang='lat' dir='ltr'><strong>si</strong></span> <span class='ocrx_word' id='word_1_68' title='bbox 814 705 870 761; x_wconf 91' lang='lat' dir='ltr'><strong>in</strong></span> <span class='ocrx_word' id='word_1_69' title='bbox 901 701 1096 759; x_wconf 83' lang='lat' dir='ltr'><strong>talibus</strong></span> <span class='ocrx_word' id='word_1_70' title='bbox 1122 702 1385 759; x_wconf 87' lang='lat' dir='ltr'><strong>cecineris</strong></span> <span class='ocrx_word' id='word_1_71' title='bbox 1413 701 1576 764; x_wconf 88' lang='lat' dir='ltr'><strong>tubis,</strong></span> <span class='ocrx_word' id='word_1_72' title='bbox 1607 700 1660 754; x_wconf 90' lang='lat' dir='ltr'><strong>id</strong></span> <span class='ocrx_word' id='word_1_73' title='bbox 1691 707 1794 766; x_wconf 89' lang='lat' dir='ltr'><strong>est,</strong></span> <span class='ocrx_word' id='word_1_74' title='bbox 1826 698 1877 753; x_wconf 93' lang='lat' dir='ltr'><strong>in</strong></span> <span class='ocrx_word' id='word_1_75' title='bbox 1898 696 2059 783; x_wconf 28' lang='lat' dir='ltr'><strong>psal-‘</strong></span> 
     </span>
    </p>
   </div>
   <div class='ocr_carea' id='block_1_8' title="bbox 464 790 2053 870">
    <p class='ocr_par' dir='ltr' id='par_1_8' title="bbox 464 790 2053 870">
     <span class='ocr_line' id='line_1_9' title="bbox 464 790 2053 870; baseline -0.009 -14"><span class='ocrx_word' id='word_1_76' title='bbox 464 801 590 866; x_wconf 85' lang='lat' dir='ltr'><strong>mis,</strong></span> <span class='ocrx_word' id='word_1_77' title='bbox 628 798 845 870; x_wconf 84' lang='lat' dir='ltr'><strong>hymnis</strong></span> <span class='ocrx_word' id='word_1_78' title='bbox 888 804 944 852; x_wconf 89' lang='lat' dir='ltr'><strong>et</strong></span> <span class='ocrx_word' id='word_1_79' title='bbox 980 794 1209 852; x_wconf 89' lang='lat' dir='ltr'><strong>canticis</strong></span> <span class='ocrx_word' id='word_1_80' title='bbox 1258 792 1613 867; x_wconf 77' lang='lat' dir='ltr'><strong>spiritalibus,</strong></span> <span class='ocrx_word' id='word_1_81' title='bbox 1646 799 1701 847; x_wconf 91' lang='lat' dir='ltr'><strong>et</strong></span> <span class='ocrx_word' id='word_1_82' title='bbox 1729 790 1927 859; x_wconf 83' lang='lat' dir='ltr'><strong>septies</strong></span> <span class='ocrx_word' id='word_1_83' title='bbox 1953 803 2053 863; x_wconf 20' lang='lat' dir='ltr'><strong>ar-i</strong></span> 
     </span>
    </p>
   </div>
   <div class='ocr_carea' id='block_1_9' title="bbox 466 882 2042 953">
    <p class='ocr_par' dir='ltr' id='par_1_9' title="bbox 466 882 2042 953">
     <span class='ocr_line' id='line_1_10' title="bbox 466 882 2042 953; baseline -0.005 -6"><span class='ocrx_word' id='word_1_84' title='bbox 466 906 589 949; x_wconf 89' lang='lat' dir='ltr'><strong>cam</strong></span> <span class='ocrx_word' id='word_1_85' title='bbox 629 888 941 947; x_wconf 83' lang='lat' dir='ltr'><strong>testamenti</strong></span> <span class='ocrx_word' id='word_1_86' title='bbox 990 885 1410 950; x_wconf 88' lang='lat' dir='ltr'><strong>circumtuleris,</strong></span> <span class='ocrx_word' id='word_1_87' title='bbox 1448 883 1507 940; x_wconf 90' lang='lat' dir='ltr'><strong>id</strong></span> <span class='ocrx_word' id='word_1_88' title='bbox 1554 883 1823 953; x_wconf 59' lang='lat' dir='ltr'><strong>estAegis</strong></span> <span class='ocrx_word' id='word_1_89' title='bbox 1852 882 2042 939; x_wconf 81' lang='lat' dir='ltr'><strong>Mosai-</strong></span> 
     </span>
    </p>
   </div>
   <div class='ocr_carea' id='block_1_10' title="bbox 465 974 2038 1055">
    <p class='ocr_par' dir='ltr' id='par_1_10' title="bbox 465 974 2038 1055">
     <span class='ocr_line' id='line_1_11' title="bbox 465 974 2038 1055; baseline -0.007 -16"><span class='ocrx_word' id='word_1_90' title='bbox 465 998 544 1039; x_wconf 66' lang='lat' dir='ltr'><strong>cae</strong></span> <span class='ocrx_word' id='word_1_91' title='bbox 565 989 840 1053; x_wconf 65' lang='lat' dir='ltr'><strong>praecepta</strong></span> <span class='ocrx_word' id='word_1_92' title='bbox 870 978 938 1035; x_wconf 90' lang='lat' dir='ltr'><strong>ab</strong></span> <span class='ocrx_word' id='word_1_93' title='bbox 963 976 1292 1055; x_wconf 84' lang='lat' dir='ltr'><strong>evangelicis</strong></span> <span class='ocrx_word' id='word_1_94' title='bbox 1342 991 1454 1035; x_wconf 86' lang='lat' dir='ltr'><strong>non</strong></span> <span class='ocrx_word' id='word_1_95' title='bbox 1486 974 1828 1045; x_wconf 78' lang='lat' dir='ltr'><strong>separaveris</strong></span> <span class='ocrx_word' id='word_1_96' title='bbox 1855 974 2038 1040; x_wconf 88' lang='lat' dir='ltr'><strong>tubis;</strong></span> 
     </span>
    </p>
   </div>
   <div class='ocr_carea' id='block_1_11' title="bbox 467 1066 2042 1139">
    <p class='ocr_par' dir='ltr' id='par_1_11' title="bbox 467 1066 2042 1139">
     <span class='ocr_line' id='line_1_12' title="bbox 467 1066 2042 1139; baseline -0.007 -8"><span class='ocrx_word' id='word_1_97' title='bbox 467 1073 564 1131; x_wconf 87' lang='lat' dir='ltr'><strong>sed</strong></span> <span class='ocrx_word' id='word_1_98' title='bbox 589 1072 752 1139; x_wconf 86' lang='lat' dir='ltr'><strong>etiam</strong></span> <span class='ocrx_word' id='word_1_99' title='bbox 792 1069 1130 1139; x_wconf 77' lang='lat' dir='ltr'><strong>jubilatiouis</strong></span> <span class='ocrx_word' id='word_1_100' title='bbox 1177 1083 1245 1123; x_wconf 82' lang='lat' dir='ltr'><strong>ex</strong></span> <span class='ocrx_word' id='word_1_101' title='bbox 1276 1066 1562 1137; x_wconf 87' lang='lat' dir='ltr'><strong>temetipso</strong></span> <span class='ocrx_word' id='word_1_102' title='bbox 1601 1067 1785 1136; x_wconf 81' lang='lat' dir='ltr'><strong>exigas</strong></span> <span class='ocrx_word' id='word_1_103' title='bbox 1812 1080 2042 1121; x_wconf 86' lang='lat' dir='ltr'><strong>consen-</strong></span> 
     </span>
    </p>
   </div>
   <div class='ocr_carea' id='block_1_12' title="bbox 465 1157 2041 1232">
    <p class='ocr_par' dir='ltr' id='par_1_12' title="bbox 465 1157 2041 1232">
     <span class='ocr_line' id='line_1_13' title="bbox 465 1157 2041 1232; baseline -0.003 -13"><span class='ocrx_word' id='word_1_104' title='bbox 465 1178 609 1227; x_wconf 88' lang='lat' dir='ltr'><strong>sum,</strong></span> <span class='ocrx_word' id='word_1_105' title='bbox 660 1162 713 1221; x_wconf 88' lang='lat' dir='ltr'><strong>id</strong></span> <span class='ocrx_word' id='word_1_106' title='bbox 740 1168 851 1229; x_wconf 85' lang='lat' dir='ltr'><strong>est,</strong></span> <span class='ocrx_word' id='word_1_107' title='bbox 878 1160 931 1219; x_wconf 88' lang='lat' dir='ltr'><strong>si</strong></span> <span class='ocrx_word' id='word_1_108' title='bbox 978 1157 1368 1232; x_wconf 78' lang='lat' dir='ltr'><strong>cogitationum</strong></span> <span class='ocrx_word' id='word_1_109' title='bbox 1414 1165 1493 1229; x_wconf 72' lang='lat' dir='ltr'><strong>et</strong></span> <span class='ocrx_word' id='word_1_110' title='bbox 1524 1172 1782 1217; x_wconf 84' lang='lat' dir='ltr'><strong>sensuum</strong></span> <span class='ocrx_word' id='word_1_111' title='bbox 1827 1165 2041 1231; x_wconf 88' lang='lat' dir='ltr'><strong>tuorum</strong></span> 
     </span>
    </p>
   </div>
   <div class='ocr_carea' id='block_1_13' title="bbox 465 1246 2049 1325">
    <p class='ocr_par' dir='ltr' id='par_1_13' title="bbox 465 1246 2049 1325">
     <span class='ocr_line' id='line_1_14' title="bbox 465 1246 2049 1325; baseline -0.003 -16"><span class='ocrx_word' id='word_1_112' title='bbox 465 1253 693 1325; x_wconf 85' lang='lat' dir='ltr'><strong>populus</strong></span> <span class='ocrx_word' id='word_1_113' title='bbox 722 1252 814 1323; x_wconf 86' lang='lat' dir='ltr'><strong>qui</strong></span> <span class='ocrx_word' id='word_1_114' title='bbox 840 1246 982 1307; x_wconf 88' lang='lat' dir='ltr'><strong>intra</strong></span> <span class='ocrx_word' id='word_1_115' title='bbox 1012 1259 1063 1305; x_wconf 90' lang='lat' dir='ltr'><strong>te</strong></span> <span class='ocrx_word' id='word_1_116' title='bbox 1089 1258 1174 1306; x_wconf 91' lang='lat' dir='ltr'><strong>est</strong></span> <span class='ocrx_word' id='word_1_117' title='bbox 1222 1250 1551 1311; x_wconf 82' lang='lat' dir='ltr'><strong>concordem</strong></span> <span class='ocrx_word' id='word_1_118' title='bbox 1586 1264 1798 1320; x_wconf 73' lang='lat' dir='ltr'><strong>seraper</strong></span> <span class='ocrx_word' id='word_1_119' title='bbox 1825 1256 1880 1305; x_wconf 90' lang='lat' dir='ltr'><strong>et</strong></span> <span class='ocrx_word' id='word_1_120' title='bbox 1912 1264 2049 1321; x_wconf 45' lang='lat' dir='ltr'><strong>con:</strong></span> 
     </span>
    </p>
   </div>
   <div class='ocr_carea' id='block_1_14' title="bbox 466 1344 2049 1416">
    <p class='ocr_par' dir='ltr' id='par_1_14' title="bbox 466 1344 2049 1416">
     <span class='ocr_line' id='line_1_15' title="bbox 466 1344 2049 1416; baseline -0.006 -9"><span class='ocrx_word' id='word_1_121' title='bbox 466 1361 656 1407; x_wconf 83' lang='lat' dir='ltr'><strong>sonam</strong></span> <span class='ocrx_word' id='word_1_122' title='bbox 712 1344 954 1416; x_wconf 88' lang='lat' dir='ltr'><strong>proferat</strong></span> <span class='ocrx_word' id='word_1_123' title='bbox 1008 1359 1218 1411; x_wconf 88' lang='lat' dir='ltr'><strong>vocem,</strong></span> <span class='ocrx_word' id='word_1_124' title='bbox 1270 1354 1327 1399; x_wconf 90' lang='lat' dir='ltr'><strong>et</strong></span> <span class='ocrx_word' id='word_1_125' title='bbox 1373 1360 1480 1403; x_wconf 89' lang='lat' dir='ltr'><strong>non</strong></span> <span class='ocrx_word' id='word_1_126' title='bbox 1520 1344 1817 1415; x_wconf 72' lang='lat' dir='ltr'><strong>aliquando.</strong></span> <span class='ocrx_word' id='word_1_127' title='bbox 1854 1357 2049 1411; x_wconf 68' lang='lat' dir='ltr'><strong>verum.</strong></span> 
     </span>
    </p>
   </div>
   <div class='ocr_carea' id='block_1_15' title="bbox 466 1434 2047 1507">
    <p class='ocr_par' dir='ltr' id='par_1_15' title="bbox 466 1434 2047 1507">
     <span class='ocr_line' id='line_1_16' title="bbox 466 1434 2047 1507; baseline -0.005 -12"><span class='ocrx_word' id='word_1_128' title='bbox 466 1437 637 1507; x_wconf 74' lang='lat' dir='ltr'><strong>dicas.</strong></span> <span class='ocrx_word' id='word_1_129' title='bbox 661 1435 955 1507; x_wconf 82' lang='lat' dir='ltr'><strong>aliquando</strong></span> <span class='ocrx_word' id='word_1_130' title='bbox 982 1450 1231 1507; x_wconf 75' lang='lat' dir='ltr'><strong>personae</strong></span> <span class='ocrx_word' id='word_1_131' title='bbox 1259 1435 1547 1507; x_wconf 82' lang='lat' dir='ltr'><strong>potestatis</strong></span> <span class='ocrx_word' id='word_1_132' title='bbox 1598 1434 1868 1507; x_wconf 74' lang='lat' dir='ltr'><strong>adulantis</strong></span> <span class='ocrx_word' id='word_1_133' title='bbox 1892 1448 2047 1491; x_wconf 47' lang='lat' dir='ltr'><strong>mena</strong></span> 
     </span>
    </p>
   </div>
   <div class='ocr_carea' id='block_1_16' title="bbox 467 1522 2045 1595">
    <p class='ocr_par' dir='ltr' id='par_1_16' title="bbox 467 1522 2045 1595">
     <span class='ocr_line' id='line_1_17' title="bbox 467 1522 2045 1595; baseline -0.001 -16"><span class='ocrx_word' id='word_1_134' title='bbox 467 1524 620 1583; x_wconf 85' lang='lat' dir='ltr'><strong>dacio</strong></span> <span class='ocrx_word' id='word_1_135' title='bbox 662 1524 958 1591; x_wconf 82' lang='lat' dir='ltr'><strong>maculeris</strong></span> <span class='ocrx_word' id='word_1_136' title='bbox 986 1542 999 1579; x_wconf 89' lang='lat'><strong>:</strong></span> <span class='ocrx_word' id='word_1_137' title='bbox 1035 1525 1080 1587; x_wconf 88' lang='lat' dir='ltr'><strong>si</strong></span> <span class='ocrx_word' id='word_1_138' title='bbox 1111 1540 1219 1580; x_wconf 92' lang='lat' dir='ltr'><strong>non</strong></span> <span class='ocrx_word' id='word_1_139' title='bbox 1261 1533 1314 1585; x_wconf 84' lang='lat' dir='ltr'><strong>te</strong></span> <span class='ocrx_word' id='word_1_140' title='bbox 1343 1522 1631 1595; x_wconf 80' lang='lat' dir='ltr'><strong>aliquando</strong></span> <span class='ocrx_word' id='word_1_141' title='bbox 1668 1522 1929 1581; x_wconf 87' lang='lat' dir='ltr'><strong>blandum</strong></span> <span class='ocrx_word' id='word_1_142' title='bbox 1958 1537 2045 1578; x_wconf 85' lang='lat' dir='ltr'><strong>re-</strong></span> 
     </span>
    </p>
   </div>
   <div class='ocr_carea' id='block_1_17' title="bbox 465 1614 2045 1685">
    <p class='ocr_par' dir='ltr' id='par_1_17' title="bbox 465 1614 2045 1685">
     <span class='ocr_line' id='line_1_18' title="bbox 465 1614 2045 1685; baseline -0.001 -14"><span class='ocrx_word' id='word_1_143' title='bbox 465 1616 655 1675; x_wconf 80' lang='lat' dir='ltr'><strong>missio</strong></span> <span class='ocrx_word' id='word_1_144' title='bbox 718 1615 903 1682; x_wconf 84' lang='lat' dir='ltr'><strong>faciat,</strong></span> <span class='ocrx_word' id='word_1_145' title='bbox 957 1614 1245 1685; x_wconf 87' lang='lat' dir='ltr'><strong>aliquando</strong></span> <span class='ocrx_word' id='word_1_146' title='bbox 1298 1614 1581 1681; x_wconf 84' lang='lat' dir='ltr'><strong>iracundia</strong></span> <span class='ocrx_word' id='word_1_147' title='bbox 1639 1614 2045 1680; x_wconf 82' lang='lat' dir='ltr'><strong>truculentum;</strong></span> 
     </span>
    </p>
   </div>
   <div class='ocr_carea' id='block_1_18' title="bbox 466 1705 2046 1778">
    <p class='ocr_par' dir='ltr' id='par_1_18' title="bbox 466 1705 2046 1778">
     <span class='ocr_line' id='line_1_19' title="bbox 466 1705 2046 1778; baseline 0 -18"><span class='ocrx_word' id='word_1_148' title='bbox 466 1706 513 1761; x_wconf 91' lang='lat' dir='ltr'><strong>si</strong></span> <span class='ocrx_word' id='word_1_149' title='bbox 550 1722 665 1765; x_wconf 84' lang='lat' dir='ltr'><strong>non</strong></span> <span class='ocrx_word' id='word_1_150' title='bbox 688 1721 954 1777; x_wconf 72' lang='lat' dir='ltr'><strong>arrogans</strong></span> <span class='ocrx_word' id='word_1_151' title='bbox 1003 1705 1143 1778; x_wconf 91' lang='lat' dir='ltr'><strong>apud</strong></span> <span class='ocrx_word' id='word_1_152' title='bbox 1192 1707 1459 1772; x_wconf 83' lang='lat' dir='ltr'><strong>modicos,</strong></span> <span class='ocrx_word' id='word_1_153' title='bbox 1503 1713 1560 1761; x_wconf 90' lang='lat' dir='ltr'><strong>et</strong></span> <span class='ocrx_word' id='word_1_154' title='bbox 1604 1707 1749 1777; x_wconf 84' lang='lat' dir='ltr'><strong>apud</strong></span> <span class='ocrx_word' id='word_1_155' title='bbox 1784 1705 2046 1775; x_wconf 88' lang='lat' dir='ltr'><strong>superbos</strong></span> 
     </span>
    </p>
   </div>
   <div class='ocr_carea' id='block_1_19' title="bbox 2134 688 3737 768">
    <p class='ocr_par' dir='ltr' id='par_1_19' title="bbox 2134 688 3737 768">
     <span class='ocr_line' id='line_1_20' title="bbox 2134 688 3737 768; baseline -0.006 -16"><span class='ocrx_word' id='word_1_156' title='bbox 2134 688 2370 768; x_wconf 87' lang='lat' dir='ltr'><strong>jusmodi</strong></span> <span class='ocrx_word' id='word_1_157' title='bbox 2394 709 2514 765; x_wconf 62' lang='lat' dir='ltr'><strong>quae</strong></span> <span class='ocrx_word' id='word_1_158' title='bbox 2547 692 2600 747; x_wconf 86' lang='lat' dir='ltr'><strong>in</strong></span> <span class='ocrx_word' id='word_1_159' title='bbox 2629 691 2826 748; x_wconf 71' lang='lat' dir='ltr'><strong>szeculo</strong></span> <span class='ocrx_word' id='word_1_160' title='bbox 2882 690 3033 760; x_wconf 90' lang='lat' dir='ltr'><strong>prius</strong></span> <span class='ocrx_word' id='word_1_161' title='bbox 3068 688 3500 745; x_wconf 87' lang='lat' dir='ltr'><strong>observabautur</strong></span> <span class='ocrx_word' id='word_1_162' title='bbox 3532 689 3737 762; x_wconf 83' lang='lat' dir='ltr'><strong>inqui-</strong></span> 
     </span>
    </p>
   </div>
   <div class='ocr_carea' id='block_1_20' title="bbox 2140 768 3753 849">
    <p class='ocr_par' dir='ltr' id='par_1_20' title="bbox 2140 768 3753 849">
     <span class='ocr_line' id='line_1_21' title="bbox 2140 768 3753 849; baseline -0.001 -9"><span class='ocrx_word' id='word_1_163' title='bbox 2140 794 2288 849; x_wconf 90' lang='lat' dir='ltr'><strong>runt,</strong></span> <span class='ocrx_word' id='word_1_164' title='bbox 2314 784 2381 839; x_wconf 87' lang='lat' dir='ltr'><strong>de</strong></span> <span class='ocrx_word' id='word_1_165' title='bbox 2405 781 2619 838; x_wconf 90' lang='lat' dir='ltr'><strong>Iericho</strong></span> <span class='ocrx_word' id='word_1_166' title='bbox 2646 781 2938 837; x_wconf 84' lang='lat' dir='ltr'><strong>anathema</strong></span> <span class='ocrx_word' id='word_1_167' title='bbox 2982 776 3236 834; x_wconf 85' lang='lat' dir='ltr'><strong>deferunt</strong></span> <span class='ocrx_word' id='word_1_168' title='bbox 3283 780 3338 834; x_wconf 92' lang='lat' dir='ltr'><strong>in</strong></span> <span class='ocrx_word' id='word_1_169' title='bbox 3378 768 3753 848; x_wconf 43' lang='lat' dir='ltr'><strong>Ecclesiamf</strong></span> 
     </span>
    </p>
   </div>
   <div class='ocr_carea' id='block_1_21' title="bbox 2139 870 3737 950">
    <p class='ocr_par' dir='ltr' id='par_1_21' title="bbox 2139 870 3737 950">
     <span class='ocr_line' id='line_1_22' title="bbox 2139 870 3737 950; baseline -0.004 -17"><span class='ocrx_word' id='word_1_170' title='bbox 2139 885 2195 933; x_wconf 90' lang='lat' dir='ltr'><strong>et</strong></span> <span class='ocrx_word' id='word_1_171' title='bbox 2242 876 2488 950; x_wconf 87' lang='lat' dir='ltr'><strong>polluunt</strong></span> <span class='ocrx_word' id='word_1_172' title='bbox 2538 882 2714 931; x_wconf 89' lang='lat' dir='ltr'><strong>castra</strong></span> <span class='ocrx_word' id='word_1_173' title='bbox 2745 872 2983 938; x_wconf 90' lang='lat' dir='ltr'><strong>Domini,</strong></span> <span class='ocrx_word' id='word_1_174' title='bbox 3021 879 3075 928; x_wconf 90' lang='lat' dir='ltr'><strong>et</strong></span> <span class='ocrx_word' id='word_1_175' title='bbox 3105 871 3248 926; x_wconf 89' lang='lat' dir='ltr'><strong>vinci</strong></span> <span class='ocrx_word' id='word_1_176' title='bbox 3298 870 3505 927; x_wconf 82' lang='lat' dir='ltr'><strong>faciunt</strong></span> <span class='ocrx_word' id='word_1_177' title='bbox 3548 888 3737 944; x_wconf 76' lang='lat' dir='ltr'><strong>papu-</strong></span> 
     </span>
    </p>
   </div>
   <div class='ocr_carea' id='block_1_22' title="bbox 2139 962 3734 1033">
    <p class='ocr_par' dir='ltr' id='par_1_22' title="bbox 2139 962 3734 1033">
     <span class='ocr_line' id='line_1_23' title="bbox 2139 962 3734 1033; baseline -0.002 -11"><span class='ocrx_word' id='word_1_178' title='bbox 2139 968 2250 1022; x_wconf 91' lang='lat' dir='ltr'><strong>lum</strong></span> <span class='ocrx_word' id='word_1_179' title='bbox 2278 964 2393 1022; x_wconf 90' lang='lat' dir='ltr'><strong>Dei.</strong></span> <span class='ocrx_word' id='word_1_180' title='bbox 2423 964 2530 1021; x_wconf 90' lang='lat' dir='ltr'><strong>Sed</strong></span> <span class='ocrx_word' id='word_1_181' title='bbox 2558 973 2613 1021; x_wconf 90' lang='lat' dir='ltr'><strong>et</strong></span> <span class='ocrx_word' id='word_1_182' title='bbox 2656 964 2823 1019; x_wconf 89' lang='lat' dir='ltr'><strong>multa</strong></span> <span class='ocrx_word' id='word_1_183' title='bbox 2876 962 2982 1017; x_wconf 90' lang='lat' dir='ltr'><strong>alia</strong></span> <span class='ocrx_word' id='word_1_184' title='bbox 3029 970 3251 1032; x_wconf 89' lang='lat' dir='ltr'><strong>peccata</strong></span> <span class='ocrx_word' id='word_1_185' title='bbox 3291 971 3435 1028; x_wconf 89' lang='lat' dir='ltr'><strong>sunt,</strong></span> <span class='ocrx_word' id='word_1_186' title='bbox 3458 977 3559 1032; x_wconf 88' lang='lat' dir='ltr'><strong>per</strong></span> <span class='ocrx_word' id='word_1_187' title='bbox 3594 979 3734 1033; x_wconf 69' lang='lat' dir='ltr'><strong>qua</strong></span> 
     </span>
    </p>
   </div>
   <div class='ocr_carea' id='block_1_23' title="bbox 2141 1051 3735 1123">
    <p class='ocr_par' dir='ltr' id='par_1_23' title="bbox 2141 1051 3735 1123">
     <span class='ocr_line' id='line_1_24' title="bbox 2141 1051 3735 1123; baseline -0.002 -13"><span class='ocrx_word' id='word_1_188' title='bbox 2141 1056 2425 1111; x_wconf 85' lang='lat' dir='ltr'><strong>anathema</strong></span> <span class='ocrx_word' id='word_1_189' title='bbox 2451 1056 2517 1113; x_wconf 91' lang='lat' dir='ltr'><strong>de</strong></span> <span class='ocrx_word' id='word_1_190' title='bbox 2540 1054 2756 1110; x_wconf 87' lang='lat' dir='ltr'><strong>Iericho</strong></span> <span class='ocrx_word' id='word_1_191' title='bbox 2778 1053 3139 1108; x_wconf 87' lang='lat' dir='ltr'><strong>introducitur</strong></span> <span class='ocrx_word' id='word_1_192' title='bbox 3175 1052 3231 1106; x_wconf 91' lang='lat' dir='ltr'><strong>in</strong></span> <span class='ocrx_word' id='word_1_193' title='bbox 3274 1051 3571 1108; x_wconf 89' lang='lat' dir='ltr'><strong>Ecclesiam</strong></span> <span class='ocrx_word' id='word_1_194' title='bbox 3626 1069 3735 1123; x_wconf 79' lang='lat' dir='ltr'><strong>per</strong></span> 
     </span>
    </p>
   </div>
   <div class='ocr_carea' id='block_1_24' title="bbox 2141 1142 3732 1220">
    <p class='ocr_par' dir='ltr' id='par_1_24' title="bbox 2141 1142 3732 1220">
     <span class='ocr_line' id='line_1_25' title="bbox 2141 1142 3732 1220; baseline -0.002 -17"><span class='ocrx_word' id='word_1_195' title='bbox 2141 1166 2261 1220; x_wconf 83' lang='lat' dir='ltr'><strong>quae</strong></span> <span class='ocrx_word' id='word_1_196' title='bbox 2293 1149 2519 1220; x_wconf 84' lang='lat' dir='ltr'><strong>pepulus</strong></span> <span class='ocrx_word' id='word_1_197' title='bbox 2547 1146 2644 1201; x_wconf 86' lang='lat' dir='ltr'><strong>Dei</strong></span> <span class='ocrx_word' id='word_1_198' title='bbox 2672 1146 2905 1200; x_wconf 80' lang='lat' dir='ltr'><strong>vincitur</strong></span> <span class='ocrx_word' id='word_1_199' title='bbox 2935 1153 2989 1200; x_wconf 88' lang='lat' dir='ltr'><strong>et</strong></span> <span class='ocrx_word' id='word_1_200' title='bbox 3032 1142 3404 1214; x_wconf 87' lang='lat' dir='ltr'><strong>prosternitur</strong></span> <span class='ocrx_word' id='word_1_201' title='bbox 3440 1146 3509 1200; x_wconf 86' lang='lat' dir='ltr'><strong>ab</strong></span> <span class='ocrx_word' id='word_1_202' title='bbox 3534 1145 3732 1200; x_wconf 85' lang='lat' dir='ltr'><strong>inimi-</strong></span> 
     </span>
    </p>
   </div>
   <div class='ocr_carea' id='block_1_25' title="bbox 2143 1233 3729 1307">
    <p class='ocr_par' dir='ltr' id='par_1_25' title="bbox 2143 1233 3729 1307">
     <span class='ocr_line' id='line_1_26' title="bbox 2143 1233 3729 1307; baseline -0.003 -13"><span class='ocrx_word' id='word_1_203' title='bbox 2143 1240 2240 1295; x_wconf 86' lang='lat' dir='ltr'><strong>cis.</strong></span> <span class='ocrx_word' id='word_1_204' title='bbox 2273 1239 2379 1292; x_wconf 86' lang='lat' dir='ltr'><strong>Aut</strong></span> <span class='ocrx_word' id='word_1_205' title='bbox 2404 1254 2511 1293; x_wconf 89' lang='lat' dir='ltr'><strong>non</strong></span> <span class='ocrx_word' id='word_1_206' title='bbox 2555 1236 2846 1307; x_wconf 82' lang='lat' dir='ltr'><strong>Apostolus</strong></span> <span class='ocrx_word' id='word_1_207' title='bbox 2896 1235 3013 1290; x_wconf 64' lang='lat' dir='ltr'><strong>haec</strong></span> <span class='ocrx_word' id='word_1_208' title='bbox 3064 1233 3254 1289; x_wconf 89' lang='lat' dir='ltr'><strong>eadem</strong></span> <span class='ocrx_word' id='word_1_209' title='bbox 3287 1235 3548 1304; x_wconf 76' lang='lat' dir='ltr'><strong>praecipit,</strong></span> <span class='ocrx_word' id='word_1_210' title='bbox 3584 1250 3729 1290; x_wconf 84' lang='lat' dir='ltr'><strong>cum</strong></span> 
     </span>
    </p>
   </div>
   <div class='ocr_carea' id='block_1_26' title="bbox 2143 1326 3732 1384">
    <p class='ocr_par' dir='ltr' id='par_1_26' title="bbox 2143 1326 3732 1384">
     <span class='ocr_line' id='line_1_27' title="bbox 2143 1326 3732 1384; baseline -0.002 0"><span class='ocrx_word' id='word_1_211' title='bbox 2143 1329 2319 1384; x_wconf 84' lang='lat' dir='ltr'><strong>dicit:</strong></span> <span class='ocrx_word' id='word_1_212' title='bbox 2359 1348 2377 1380; x_wconf 75' lang='grc' dir='ltr'>ι</span> <span class='ocrx_word' id='word_1_213' title='bbox 2434 1328 2699 1383; x_wconf 85' lang='lat' dir='ltr'><strong>Modicum</strong></span> <span class='ocrx_word' id='word_1_214' title='bbox 2753 1326 3078 1381; x_wconf 81' lang='lat' dir='ltr'><strong>fermentum</strong></span> <span class='ocrx_word' id='word_1_215' title='bbox 3112 1332 3285 1380; x_wconf 87' lang='lat' dir='ltr'><strong>totam</strong></span> <span class='ocrx_word' id='word_1_216' title='bbox 3336 1338 3568 1381; x_wconf 82' lang='lat' dir='ltr'><strong>massam</strong></span> <span class='ocrx_word' id='word_1_217' title='bbox 3594 1342 3732 1381; x_wconf 80' lang='lat' dir='ltr'><strong>cor-</strong></span> 
     </span>
    </p>
   </div>
   <div class='ocr_carea' id='block_1_27' title="bbox 2144 1415 2779 1492">
    <p class='ocr_par' dir='ltr' id='par_1_27' title="bbox 2144 1415 2779 1492">
     <span class='ocr_line' id='line_1_28' title="bbox 2144 1415 2779 1492; baseline -0.003 -18"><span class='ocrx_word' id='word_1_218' title='bbox 2144 1416 2391 1491; x_wconf 89' lang='lat' dir='ltr'><strong>rumpit?</strong></span> <span class='ocrx_word' id='word_1_219' title='bbox 2426 1439 2445 1472; x_wconf 71' lang='grc' dir='ltr'><strong><em>ι</em></strong></span> <span class='ocrx_word' id='word_1_220' title='bbox 2477 1415 2531 1492; x_wconf 88' lang='lat' dir='ltr'><strong>(I</strong></span> <span class='ocrx_word' id='word_1_221' title='bbox 2552 1416 2674 1474; x_wconf 85' lang='lat' dir='ltr'><strong>Cor.</strong></span> <span class='ocrx_word' id='word_1_222' title='bbox 2702 1418 2779 1490; x_wconf 91' lang='lat' dir='ltr'><strong>v.)</strong></span> 
     </span>
    </p>
   </div>
   <div class='ocr_carea' id='block_1_28' title="bbox 2726 1531 3136 1591">
    <p class='ocr_par' dir='ltr' id='par_1_28' title="bbox 2726 1531 3136 1591">
     <span class='ocr_line' id='line_1_29' title="bbox 2726 1531 3136 1591; baseline -0.007 0"><span class='ocrx_word' id='word_1_223' title='bbox 2726 1531 2954 1591; x_wconf 81' lang='lat' dir='ltr'><strong>CAPUT</strong></span> <span class='ocrx_word' id='word_1_224' title='bbox 2998 1531 3136 1588; x_wconf 76' lang='lat' dir='ltr'><strong>VIII.</strong></span> 
     </span>
    </p>
   </div>
   <div class='ocr_carea' id='block_1_29' title="bbox 2146 1643 3734 1715">
    <p class='ocr_par' dir='ltr' id='par_1_29' title="bbox 2146 1643 3734 1715">
     <span class='ocr_line' id='line_1_30' title="bbox 2146 1643 3734 1715; baseline 0 -15"><span class='ocrx_word' id='word_1_225' title='bbox 2146 1643 2225 1700; x_wconf 83' lang='lat' dir='ltr'><strong>De</strong></span> <span class='ocrx_word' id='word_1_226' title='bbox 2251 1661 2310 1700; x_wconf 81' lang='lat' dir='ltr'><strong>eo</strong></span> <span class='ocrx_word' id='word_1_227' title='bbox 2336 1644 2478 1715; x_wconf 78' lang='lat' dir='ltr'><strong>quod</strong></span> <span class='ocrx_word' id='word_1_228' title='bbox 2500 1644 2651 1698; x_wconf 72' lang='lat' dir='ltr'><strong>Raab</strong></span> <span class='ocrx_word' id='word_1_229' title='bbox 2673 1645 2997 1699; x_wconf 74' lang='lat' dir='ltr'><strong>meretricem</strong></span> <span class='ocrx_word' id='word_1_230' title='bbox 3044 1651 3092 1715; x_wconf 63' lang='lat' dir='ltr'><strong>et</strong></span> <span class='ocrx_word' id='word_1_231' title='bbox 3114 1643 3341 1715; x_wconf 64' lang='lat' dir='ltr'><strong>domum</strong></span> <span class='ocrx_word' id='word_1_232' title='bbox 3368 1660 3431 1699; x_wconf 79' lang='lat' dir='ltr'><strong>ac</strong></span> <span class='ocrx_word' id='word_1_233' title='bbox 3460 1644 3734 1715; x_wconf 56' lang='lat' dir='ltr'><strong>(milia:</strong></span> 
     </span>
    </p>
   </div>
   <div class='ocr_carea' id='block_1_30' title="bbox 2216 1712 3734 1786">
    <p class='ocr_par' dir='ltr' id='par_1_30' title="bbox 2216 1712 3734 1786">
     <span class='ocr_line' id='line_1_31' title="bbox 2216 1712 3734 1786; baseline -0.001 -17"><span class='ocrx_word' id='word_1_234' title='bbox 2216 1715 2330 1786; x_wconf 72' lang='lat' dir='ltr'><strong>ejus</strong></span> <span class='ocrx_word' id='word_1_235' title='bbox 2350 1712 2529 1786; x_wconf 47' lang='lat' dir='ltr'><strong>locus</strong></span> <span class='ocrx_word' id='word_1_236' title='bbox 2571 1715 2695 1786; x_wconf 70' lang='lat' dir='ltr'><strong>fecit</strong></span> <span class='ocrx_word' id='word_1_237' title='bbox 2732 1715 2897 1786; x_wconf 72' lang='lat' dir='ltr'><strong>vivere</strong></span> <span class='ocrx_word' id='word_1_238' title='bbox 2918 1722 3001 1786; x_wconf 19' lang='lat' dir='ltr'><strong>net</strong></span> <span class='ocrx_word' id='word_1_239' title='bbox 3030 1713 3270 1786; x_wconf 66' lang='lat' dir='ltr'><strong>habitare</strong></span> <span class='ocrx_word' id='word_1_240' title='bbox 3303 1715 3359 1769; x_wconf 79' lang='lat' dir='ltr'><strong>in</strong></span> <span class='ocrx_word' id='word_1_241' title='bbox 3385 1712 3557 1768; x_wconf 76' lang='lat' dir='ltr'><strong>medio</strong></span> <span class='ocrx_word' id='word_1_242' title='bbox 3589 1714 3734 1786; x_wconf 70' lang='lat' dir='ltr'><strong>filio-</strong></span> 
     </span>
    </p>
   </div>
   <div class='ocr_carea' id='block_1_31' title="bbox 468 1781 3732 1873">
    <p class='ocr_par' dir='ltr' id='par_1_31' title="bbox 468 1781 3732 1873">
     <span class='ocr_line' id='line_1_32' title="bbox 468 1781 3732 1873; baseline 0 -34"><span class='ocrx_word' id='word_1_243' title='bbox 468 1794 689 1873; x_wconf 55' lang='lat' dir='ltr'><strong>humius</strong></span> <span class='ocrx_word' id='word_1_244' title='bbox 736 1796 1039 1861; x_wconf 52' lang='lat' dir='ltr'><strong>inveniris;</strong></span> <span class='ocrx_word' id='word_1_245' title='bbox 1072 1798 1309 1868; x_wconf 53' lang='lat' dir='ltr'><strong>deniqug</strong></span> <span class='ocrx_word' id='word_1_246' title='bbox 1350 1798 1397 1853; x_wconf 70' lang='lat' dir='ltr'><strong>si</strong></span> <span class='ocrx_word' id='word_1_247' title='bbox 1422 1813 1545 1853; x_wconf 69' lang='lat' dir='ltr'><strong>non</strong></span> <span class='ocrx_word' id='word_1_248' title='bbox 1590 1812 1771 1869; x_wconf 60' lang='lat' dir='ltr'><strong>pugna</strong></span> <span class='ocrx_word' id='word_1_249' title='bbox 1816 1798 1965 1855; x_wconf 63' lang='lat' dir='ltr'><strong>intra</strong></span> <span class='ocrx_word' id='word_1_250' title='bbox 1994 1805 2050 1857; x_wconf 67' lang='grc' dir='ltr'><strong>ιο</strong></span> <span class='ocrx_word' id='word_1_251' title='bbox 2073 1795 2123 1861; x_wconf 77' lang='grc' dir='ltr'><strong>Β</strong></span> <span class='ocrx_word' id='word_1_252' title='bbox 2220 1781 2337 1873; x_wconf 53' lang='lat' dir='ltr'><strong>tium</strong></span> <span class='ocrx_word' id='word_1_253' title='bbox 2358 1782 2550 1873; x_wconf 64' lang='grc' dir='ltr'><strong>ζει-αεὶ,</strong></span> <span class='ocrx_word' id='word_1_254' title='bbox 2572 1781 2626 1839; x_wconf 10' lang='lat' dir='ltr'><strong>ﬁet</strong></span> <span class='ocrx_word' id='word_1_255' title='bbox 2660 1784 2724 1839; x_wconf 82' lang='lat' dir='ltr'><strong>de</strong></span> <span class='ocrx_word' id='word_1_256' title='bbox 2755 1783 3033 1838; x_wconf 78' lang='lat' dir='ltr'><strong>maledicto</strong></span> <span class='ocrx_word' id='word_1_257' title='bbox 3082 1781 3290 1853; x_wconf 80' lang='lat' dir='ltr'><strong>prolato</strong></span> <span class='ocrx_word' id='word_1_258' title='bbox 3335 1792 3520 1838; x_wconf 79' lang='lat' dir='ltr'><strong>contra</strong></span> <span class='ocrx_word' id='word_1_259' title='bbox 3548 1781 3732 1839; x_wconf 63' lang='lat' dir='ltr'><strong>urbem</strong></span> 
     </span>
    </p>
   </div>
   <div class='ocr_carea' id='block_1_32' title="bbox 468 1884 2043 1959">
    <p class='ocr_par' dir='ltr' id='par_1_32' title="bbox 468 1884 2043 1959">
     <span class='ocr_line' id='line_1_33' title="bbox 468 1884 2043 1959; baseline 0 -16"><span class='ocrx_word' id='word_1_260' title='bbox 468 1886 699 1955; x_wconf 68' lang='lat' dir='ltr'><strong>geritur,</strong></span> <span class='ocrx_word' id='word_1_261' title='bbox 730 1884 861 1945; x_wconf 84' lang='lat' dir='ltr'><strong>dum</strong></span> <span class='ocrx_word' id='word_1_262' title='bbox 914 1889 1250 1958; x_wconf 82' lang='lat' dir='ltr'><strong>concupiscit</strong></span> <span class='ocrx_word' id='word_1_263' title='bbox 1284 1904 1425 1959; x_wconf 8' lang='lat' dir='ltr'><strong>(caro</strong></span> <span class='ocrx_word' id='word_1_264' title='bbox 1460 1889 1724 1949; x_wconf 81' lang='lat' dir='ltr'><strong>adversus</strong></span> <span class='ocrx_word' id='word_1_265' title='bbox 1770 1889 2043 1959; x_wconf 76' lang='lat' dir='ltr'><strong>spiritum,</strong></span> 
     </span>
    </p>
   </div>
   <div class='ocr_carea' id='block_1_33' title="bbox 467 1978 2050 2059">
    <p class='ocr_par' dir='ltr' id='par_1_33' title="bbox 467 1978 2050 2059">
     <span class='ocr_line' id='line_1_34' title="bbox 467 1978 2050 2059; baseline 0.005 -27"><span class='ocrx_word' id='word_1_266' title='bbox 467 1978 773 2047; x_wconf 72' lang='lat' dir='ltr'><strong>etspiritus</strong></span> <span class='ocrx_word' id='word_1_267' title='bbox 798 1979 1060 2037; x_wconf 88' lang='lat' dir='ltr'><strong>adversus</strong></span> <span class='ocrx_word' id='word_1_268' title='bbox 1088 1996 1333 2041; x_wconf 78' lang='lat' dir='ltr'><strong>carnem.</strong></span> <span class='ocrx_word' id='word_1_269' title='bbox 1384 1981 1494 2055; x_wconf 75' lang='lat' dir='ltr'><strong>(Ea:</strong></span> <span class='ocrx_word' id='word_1_270' title='bbox 1522 1980 1777 2053; x_wconf 75' lang='lat' dir='ltr'><strong>Isidoro.)</strong></span> <span class='ocrx_word' id='word_1_271' title='bbox 1818 1981 1880 2039; x_wconf 97' lang='lat' dir='ltr'><strong>Si</strong></span> <span class='ocrx_word' id='word_1_272' title='bbox 1931 1982 2050 2059; x_wconf 62' lang='lat' dir='ltr'><strong>hac</strong></span> 
     </span>
    </p>
   </div>
   <div class='ocr_carea' id='block_1_34' title="bbox 468 2066 2051 2143">
    <p class='ocr_par' dir='ltr' id='par_1_34' title="bbox 468 2066 2051 2143">
     <span class='ocr_line' id='line_1_35' title="bbox 468 2066 2051 2143; baseline -0.001 -14"><span class='ocrx_word' id='word_1_273' title='bbox 468 2069 691 2143; x_wconf 71' lang='lat' dir='ltr'><strong>intrate</strong></span> <span class='ocrx_word' id='word_1_274' title='bbox 704 2072 823 2142; x_wconf 84' lang='lat' dir='ltr'><strong>jam</strong></span> <span class='ocrx_word' id='word_1_275' title='bbox 857 2082 1159 2143; x_wconf 82' lang='lat' dir='ltr'><strong>consonant</strong></span> <span class='ocrx_word' id='word_1_276' title='bbox 1186 2075 1642 2141; x_wconf 66' lang='lat' dir='ltr'><strong>et,concordant,</strong></span> <span class='ocrx_word' id='word_1_277' title='bbox 1691 2066 1881 2133; x_wconf 85' lang='lat' dir='ltr'><strong>vocem</strong></span> <span class='ocrx_word' id='word_1_278' title='bbox 1905 2071 2051 2142; x_wconf 81' lang='lat' dir='ltr'><strong>iubi-</strong></span> 
     </span>
    </p>
   </div>
   <div class='ocr_carea' id='block_1_35' title="bbox 469 2156 2053 2241">
    <p class='ocr_par' dir='ltr' id='par_1_35' title="bbox 469 2156 2053 2241">
     <span class='ocr_line' id='line_1_36' title="bbox 469 2156 2053 2241; baseline 0.003 -26"><span class='ocrx_word' id='word_1_279' title='bbox 469 2156 690 2233; x_wconf 78' lang='lat' dir='ltr'><strong>lationis</strong></span> <span class='ocrx_word' id='word_1_280' title='bbox 736 2162 847 2219; x_wconf 89' lang='lat' dir='ltr'><strong>cito</strong></span> <span class='ocrx_word' id='word_1_281' title='bbox 904 2164 1126 2231; x_wconf 78' lang='lat' dir='ltr'><strong>emittis,</strong></span> <span class='ocrx_word' id='word_1_282' title='bbox 1183 2165 1441 2239; x_wconf 85' lang='lat' dir='ltr'><strong>quoniam</strong></span> <span class='ocrx_word' id='word_1_283' title='bbox 1485 2164 1791 2221; x_wconf 89' lang='lat' dir='ltr'><strong>destructus</strong></span> <span class='ocrx_word' id='word_1_284' title='bbox 1827 2172 1884 2218; x_wconf 90' lang='lat' dir='ltr'><strong>et</strong></span> <span class='ocrx_word' id='word_1_285' title='bbox 1907 2162 2053 2241; x_wconf 54' lang='grc' dir='ltr'><strong>ᾱςὶεέ</strong></span> 
     </span>
    </p>
   </div>
   <div class='ocr_carea' id='block_1_36' title="bbox 472 2251 2051 2335">
    <p class='ocr_par' dir='ltr' id='par_1_36' title="bbox 472 2251 2051 2335">
     <span class='ocr_line' id='line_1_37' title="bbox 472 2251 2051 2335; baseline 0.004 -28"><span class='ocrx_word' id='word_1_286' title='bbox 472 2258 594 2325; x_wconf 82' lang='lat' dir='ltr'><strong>ctus</strong></span> <span class='ocrx_word' id='word_1_287' title='bbox 616 2258 700 2335; x_wconf 79' lang='lat' dir='ltr'><strong>est</strong></span> <span class='ocrx_word' id='word_1_288' title='bbox 721 2251 977 2322; x_wconf 85' lang='lat' dir='ltr'><strong>mundus,</strong></span> <span class='ocrx_word' id='word_1_289' title='bbox 1026 2255 1122 2325; x_wconf 88' lang='lat' dir='ltr'><strong>qui</strong></span> <span class='ocrx_word' id='word_1_290' title='bbox 1171 2253 1274 2313; x_wconf 84' lang='lat' dir='ltr'><strong>fuit</strong></span> <span class='ocrx_word' id='word_1_291' title='bbox 1302 2264 1429 2311; x_wconf 87' lang='lat' dir='ltr'><strong>ante</strong></span> <span class='ocrx_word' id='word_1_292' title='bbox 1482 2254 1579 2309; x_wconf 85' lang='lat' dir='ltr'><strong>tibi</strong></span> <span class='ocrx_word' id='word_1_293' title='bbox 1618 2254 1832 2313; x_wconf 80' lang='lat' dir='ltr'><strong>rebellis</strong></span> <span class='ocrx_word' id='word_1_294' title='bbox 1863 2272 1876 2308; x_wconf 86' lang='lat'><strong>:</strong></span> <span class='ocrx_word' id='word_1_295' title='bbox 1903 2263 1961 2311; x_wconf 89' lang='lat' dir='ltr'><strong>et</strong></span> <span class='ocrx_word' id='word_1_296' title='bbox 1981 2255 2051 2319; x_wconf 76' lang='lat' dir='ltr'><strong>ad</strong></span> 
     </span>
    </p>
   </div>
   <div class='ocr_carea' id='block_1_37' title="bbox 465 2341 2051 2417">
    <p class='ocr_par' dir='ltr' id='par_1_37' title="bbox 465 2341 2051 2417">
     <span class='ocr_line' id='line_1_38' title="bbox 465 2341 2051 2417; baseline 0.004 -22"><span class='ocrx_word' id='word_1_297' title='bbox 465 2341 878 2410; x_wconf 73' lang='lat' dir='ltr'><strong>prmdicantium</strong></span> <span class='ocrx_word' id='word_1_298' title='bbox 932 2358 1114 2411; x_wconf 79' lang='lat' dir='ltr'><strong>voces,</strong></span> <span class='ocrx_word' id='word_1_299' title='bbox 1171 2345 1325 2414; x_wconf 87' lang='lat' dir='ltr'><strong>quasi</strong></span> <span class='ocrx_word' id='word_1_300' title='bbox 1382 2346 1451 2401; x_wconf 87' lang='lat' dir='ltr'><strong>ad</strong></span> <span class='ocrx_word' id='word_1_301' title='bbox 1509 2344 1764 2417; x_wconf 79' lang='lat' dir='ltr'><strong>tubarum</strong></span> <span class='ocrx_word' id='word_1_302' title='bbox 1813 2346 2051 2413; x_wconf 86' lang='lat' dir='ltr'><strong>sonitum</strong></span> 
     </span>
    </p>
   </div>
   <div class='ocr_carea' id='block_1_38' title="bbox 472 2426 2053 2509">
    <p class='ocr_par' dir='ltr' id='par_1_38' title="bbox 472 2426 2053 2509">
     <span class='ocr_line' id='line_1_39' title="bbox 472 2426 2053 2509; baseline 0.006 -26"><span class='ocrx_word' id='word_1_303' title='bbox 472 2429 614 2487; x_wconf 90' lang='lat' dir='ltr'><strong>muri</strong></span> <span class='ocrx_word' id='word_1_304' title='bbox 640 2426 878 2495; x_wconf 90' lang='lat' dir='ltr'><strong>Iericho,</strong></span> <span class='ocrx_word' id='word_1_305' title='bbox 905 2431 960 2486; x_wconf 91' lang='lat' dir='ltr'><strong>id</strong></span> <span class='ocrx_word' id='word_1_306' title='bbox 992 2440 1095 2497; x_wconf 86' lang='lat' dir='ltr'><strong>est,</strong></span> <span class='ocrx_word' id='word_1_307' title='bbox 1125 2432 1252 2489; x_wconf 91' lang='lat' dir='ltr'><strong>elati</strong></span> <span class='ocrx_word' id='word_1_308' title='bbox 1282 2434 1468 2509; x_wconf 81' lang='lat' dir='ltr'><strong>mundi</strong></span> <span class='ocrx_word' id='word_1_309' title='bbox 1502 2449 1567 2490; x_wconf 87' lang='lat' dir='ltr'><strong>ac</strong></span> <span class='ocrx_word' id='word_1_310' title='bbox 1597 2436 1831 2505; x_wconf 87' lang='lat' dir='ltr'><strong>superba</strong></span> <span class='ocrx_word' id='word_1_311' title='bbox 1859 2434 2053 2499; x_wconf 81' lang='lat' dir='ltr'><strong>infide.-</strong></span> 
     </span>
    </p>
   </div>
   <div class='ocr_carea' id='block_1_39' title="bbox 471 2517 2051 2601">
    <p class='ocr_par' dir='ltr' id='par_1_39' title="bbox 471 2517 2051 2601">
     <span class='ocr_line' id='line_1_40' title="bbox 471 2517 2051 2601; baseline 0.007 -30"><span class='ocrx_word' id='word_1_312' title='bbox 471 2517 642 2577; x_wconf 89' lang='lat' dir='ltr'><strong>litatis</strong></span> <span class='ocrx_word' id='word_1_313' title='bbox 674 2520 953 2577; x_wconf 87' lang='lat' dir='ltr'><strong>obstacula</strong></span> <span class='ocrx_word' id='word_1_314' title='bbox 982 2532 1267 2590; x_wconf 88' lang='lat' dir='ltr'><strong>corruunt,</strong></span> <span class='ocrx_word' id='word_1_315' title='bbox 1293 2524 1473 2599; x_wconf 84' lang='lat' dir='ltr'><strong>donec</strong></span> <span class='ocrx_word' id='word_1_316' title='bbox 1495 2523 1548 2579; x_wconf 90' lang='lat' dir='ltr'><strong>iu</strong></span> <span class='ocrx_word' id='word_1_317' title='bbox 1593 2524 1701 2583; x_wconf 78' lang='lat' dir='ltr'><strong>line</strong></span> <span class='ocrx_word' id='word_1_318' title='bbox 1746 2534 2051 2601; x_wconf 82' lang='lat' dir='ltr'><strong>temporum</strong></span> 
     </span>
    </p>
   </div>
   <div class='ocr_carea' id='block_1_40' title="bbox 471 2610 2055 2691">
    <p class='ocr_par' dir='ltr' id='par_1_40' title="bbox 471 2610 2055 2691">
     <span class='ocr_line' id='line_1_41' title="bbox 471 2610 2055 2691; baseline 0.004 -25"><span class='ocrx_word' id='word_1_319' title='bbox 471 2624 622 2689; x_wconf 82' lang='lat' dir='ltr'><strong>mors</strong></span> <span class='ocrx_word' id='word_1_320' title='bbox 655 2610 952 2669; x_wconf 88' lang='lat' dir='ltr'><strong>novissima</strong></span> <span class='ocrx_word' id='word_1_321' title='bbox 982 2612 1202 2691; x_wconf 81' lang='lat' dir='ltr'><strong>inimica</strong></span> <span class='ocrx_word' id='word_1_322' title='bbox 1256 2614 1589 2673; x_wconf 81' lang='lat' dir='ltr'><strong>destruatur.</strong></span> <span class='ocrx_word' id='word_1_323' title='bbox 1622 2616 1692 2673; x_wconf 84' lang='lat' dir='ltr'><strong>Et</strong></span> <span class='ocrx_word' id='word_1_324' title='bbox 1741 2632 1809 2673; x_wconf 77' lang='lat' dir='ltr'><strong>ex</strong></span> <span class='ocrx_word' id='word_1_325' title='bbox 1858 2617 2055 2690; x_wconf 83' lang='lat' dir='ltr'><strong>impio-</strong></span> 
     </span>
    </p>
   </div>
   <div class='ocr_carea' id='block_1_41' title="bbox 473 2700 2050 2778">
    <p class='ocr_par' dir='ltr' id='par_1_41' title="bbox 473 2700 2050 2778">
     <span class='ocr_line' id='line_1_42' title="bbox 473 2700 2050 2778; baseline 0.009 -25"><span class='ocrx_word' id='word_1_326' title='bbox 473 2714 595 2763; x_wconf 87' lang='lat' dir='ltr'><strong>rum</strong></span> <span class='ocrx_word' id='word_1_327' title='bbox 612 2700 921 2771; x_wconf 89' lang='lat' dir='ltr'><strong>perditione</strong></span> <span class='ocrx_word' id='word_1_328' title='bbox 945 2703 1105 2763; x_wconf 81' lang='lat' dir='ltr'><strong>unica</strong></span> <span class='ocrx_word' id='word_1_329' title='bbox 1135 2704 1327 2773; x_wconf 84' lang='lat' dir='ltr'><strong>domus</strong></span> <span class='ocrx_word' id='word_1_330' title='bbox 1358 2703 1535 2777; x_wconf 83' lang='lat' dir='ltr'><strong>Raab,</strong></span> <span class='ocrx_word' id='word_1_331' title='bbox 1590 2716 1846 2778; x_wconf 84' lang='lat' dir='ltr'><strong>tauquam</strong></span> <span class='ocrx_word' id='word_1_332' title='bbox 1888 2708 2050 2767; x_wconf 78' lang='lat' dir='ltr'><strong>unica</strong></span> 
     </span>
    </p>
   </div>
   <div class='ocr_carea' id='block_1_42' title="bbox 470 2787 2048 2873">
    <p class='ocr_par' dir='ltr' id='par_1_42' title="bbox 470 2787 2048 2873">
     <span class='ocr_line' id='line_1_43' title="bbox 470 2787 2048 2873; baseline 0.004 -28"><span class='ocrx_word' id='word_1_333' title='bbox 470 2787 719 2845; x_wconf 82' lang='lat' dir='ltr'><strong>Ecclesia</strong></span> <span class='ocrx_word' id='word_1_334' title='bbox 764 2791 1046 2873; x_wconf 80' lang='lat' dir='ltr'><strong>liberatur,</strong></span> <span class='ocrx_word' id='word_1_335' title='bbox 1095 2796 1295 2853; x_wconf 89' lang='lat' dir='ltr'><strong>munda</strong></span> <span class='ocrx_word' id='word_1_336' title='bbox 1338 2811 1371 2851; x_wconf 91' lang='lat' dir='ltr'><strong>a</strong></span> <span class='ocrx_word' id='word_1_337' title='bbox 1402 2797 1619 2855; x_wconf 85' lang='lat' dir='ltr'><strong>turbine</strong></span> <span class='ocrx_word' id='word_1_338' title='bbox 1652 2798 2048 2866; x_wconf 79' lang='lat' dir='ltr'><strong>fornicationis,</strong></span> 
     </span>
    </p>
   </div>
   <div class='ocr_carea' id='block_1_43' title="bbox 469 2881 2049 2969">
    <p class='ocr_par' dir='ltr' id='par_1_43' title="bbox 469 2881 2049 2969">
     <span class='ocr_line' id='line_1_44' title="bbox 469 2881 2049 2969; baseline 0.008 -36"><span class='ocrx_word' id='word_1_339' title='bbox 469 2895 570 2957; x_wconf 72' lang='lat' dir='ltr'><strong>per</strong></span> <span class='ocrx_word' id='word_1_340' title='bbox 598 2881 894 2951; x_wconf 81' lang='lat' dir='ltr'><strong>fenestram</strong></span> <span class='ocrx_word' id='word_1_341' title='bbox 924 2884 1301 2969; x_wconf 81' lang='lat' dir='ltr'><strong>confessionis,</strong></span> <span class='ocrx_word' id='word_1_342' title='bbox 1331 2888 1384 2942; x_wconf 91' lang='lat' dir='ltr'><strong>iu</strong></span> <span class='ocrx_word' id='word_1_343' title='bbox 1411 2889 1672 2959; x_wconf 77' lang='lat' dir='ltr'><strong>sanguine</strong></span> <span class='ocrx_word' id='word_1_344' title='bbox 1693 2889 2049 2947; x_wconf 76' lang='lat' dir='ltr'><strong>remissionis.</strong></span> 
     </span>
    </p>
   </div>
   <div class='ocr_carea' id='block_1_44' title="bbox 472 2975 2051 3053">
    <p class='ocr_par' dir='ltr' id='par_1_44' title="bbox 472 2975 2051 3053">
     <span class='ocr_line' id='line_1_45' title="bbox 472 2975 2051 3053; baseline 0.003 -21"><span class='ocrx_word' id='word_1_345' title='bbox 472 2975 582 3033; x_wconf 86' lang='lat' dir='ltr'><strong>ista</strong></span> <span class='ocrx_word' id='word_1_346' title='bbox 607 2978 754 3039; x_wconf 83' lang='lat' dir='ltr'><strong>enim</strong></span> <span class='ocrx_word' id='word_1_347' title='bbox 789 2980 1054 3053; x_wconf 74' lang='lat' dir='ltr'><strong>meretrix</strong></span> <span class='ocrx_word' id='word_1_348' title='bbox 1077 2980 1137 3037; x_wconf 87' lang='lat' dir='ltr'><strong>in</strong></span> <span class='ocrx_word' id='word_1_349' title='bbox 1171 2979 1391 3049; x_wconf 82' lang='lat' dir='ltr'><strong>Iericho</strong></span> <span class='ocrx_word' id='word_1_350' title='bbox 1443 2990 1701 3052; x_wconf 86' lang='lat' dir='ltr'><strong>tanquam</strong></span> <span class='ocrx_word' id='word_1_351' title='bbox 1729 2983 1785 3038; x_wconf 91' lang='lat' dir='ltr'><strong>in</strong></span> <span class='ocrx_word' id='word_1_352' title='bbox 1832 2982 2051 3041; x_wconf 88' lang='lat' dir='ltr'><strong>mortali</strong></span> 
     </span>
    </p>
   </div>
   <div class='ocr_carea' id='block_1_45' title="bbox 474 3070 2052 3147">
    <p class='ocr_par' dir='ltr' id='par_1_45' title="bbox 474 3070 2052 3147">
     <span class='ocr_line' id='line_1_46' title="bbox 474 3070 2052 3147; baseline 0.005 -23"><span class='ocrx_word' id='word_1_353' title='bbox 474 3070 578 3125; x_wconf 87' lang='lat' dir='ltr'><strong>hoc</strong></span> <span class='ocrx_word' id='word_1_354' title='bbox 603 3072 803 3141; x_wconf 54' lang='lat' dir='ltr'><strong>saeculo</strong></span> <span class='ocrx_word' id='word_1_355' title='bbox 824 3082 1089 3140; x_wconf 82' lang='lat' dir='ltr'><strong>moratur,</strong></span> <span class='ocrx_word' id='word_1_356' title='bbox 1141 3090 1261 3145; x_wconf 73' lang='lat' dir='ltr'><strong>quae</strong></span> <span class='ocrx_word' id='word_1_357' title='bbox 1286 3084 1345 3130; x_wconf 93' lang='lat' dir='ltr'><strong>ut</strong></span> <span class='ocrx_word' id='word_1_358' title='bbox 1370 3075 1572 3135; x_wconf 88' lang='lat' dir='ltr'><strong>salvari</strong></span> <span class='ocrx_word' id='word_1_359' title='bbox 1618 3077 1813 3146; x_wconf 85' lang='lat' dir='ltr'><strong>possit,</strong></span> <span class='ocrx_word' id='word_1_360' title='bbox 1843 3090 1942 3147; x_wconf 85' lang='lat' dir='ltr'><strong>per</strong></span> <span class='ocrx_word' id='word_1_361' title='bbox 1975 3075 2052 3132; x_wconf 78' lang='lat' dir='ltr'><strong>fe-</strong></span> 
     </span>
    </p>
   </div>
   <div class='ocr_carea' id='block_1_46' title="bbox 2220 1854 2432 1909">
    <p class='ocr_par' dir='ltr' id='par_1_46' title="bbox 2220 1854 2432 1909">
     <span class='ocr_line' id='line_1_47' title="bbox 2220 1854 2432 1909; baseline -0.005 0"><span class='ocrx_word' id='word_1_362' title='bbox 2220 1854 2432 1909; x_wconf 80' lang='lat' dir='ltr'><strong>Iericho</strong></span> 
     </span>
    </p>
   </div>
   <div class='ocr_carea' id='block_1_47' title="bbox 2222 1964 3730 2039">
    <p class='ocr_par' dir='ltr' id='par_1_47' title="bbox 2222 1964 3730 2039">
     <span class='ocr_line' id='line_1_48' title="bbox 2222 1964 3730 2039; baseline 0.003 -20"><span class='ocrx_word' id='word_1_363' title='bbox 2222 1964 2399 2039; x_wconf 66' lang='lat' dir='ltr'><strong>(Isim)</strong></span> <span class='ocrx_word' id='word_1_364' title='bbox 2440 1983 2458 2017; x_wconf 70' lang='grc' dir='ltr'>ι</span> <span class='ocrx_word' id='word_1_365' title='bbox 2486 1966 2637 2021; x_wconf 86' lang='lat' dir='ltr'><strong>Raab</strong></span> <span class='ocrx_word' id='word_1_366' title='bbox 2665 1980 2795 2021; x_wconf 90' lang='lat' dir='ltr'><strong>vero</strong></span> <span class='ocrx_word' id='word_1_367' title='bbox 2835 1967 3200 2033; x_wconf 86' lang='lat' dir='ltr'><strong>meretricem,</strong></span> <span class='ocrx_word' id='word_1_368' title='bbox 3226 1975 3284 2023; x_wconf 86' lang='lat' dir='ltr'><strong>et</strong></span> <span class='ocrx_word' id='word_1_369' title='bbox 3306 1968 3531 2022; x_wconf 89' lang='lat' dir='ltr'><strong>domum</strong></span> <span class='ocrx_word' id='word_1_370' title='bbox 3558 1966 3730 2037; x_wconf 81' lang='lat' dir='ltr'><strong>patris</strong></span> 
     </span>
    </p>
   </div>
   <div class='ocr_carea' id='block_1_48' title="bbox 2158 2056 3709 2130">
    <p class='ocr_par' dir='ltr' id='par_1_48' title="bbox 2158 2056 3709 2130">
     <span class='ocr_line' id='line_1_49' title="bbox 2158 2056 3709 2130; baseline 0.005 -21"><span class='ocrx_word' id='word_1_371' title='bbox 2158 2075 2177 2109; x_wconf 73' lang='grc' dir='ltr'><strong><em>ι</em></strong></span> <span class='ocrx_word' id='word_1_372' title='bbox 2221 2056 2358 2125; x_wconf 89' lang='lat' dir='ltr'><strong>ejus,</strong></span> <span class='ocrx_word' id='word_1_373' title='bbox 2386 2065 2548 2130; x_wconf 88' lang='lat' dir='ltr'><strong>atque</strong></span> <span class='ocrx_word' id='word_1_374' title='bbox 2592 2060 2772 2113; x_wconf 89' lang='lat' dir='ltr'><strong>omnia</strong></span> <span class='ocrx_word' id='word_1_375' title='bbox 2799 2075 2920 2130; x_wconf 58' lang='lat' dir='ltr'><strong>quae</strong></span> <span class='ocrx_word' id='word_1_376' title='bbox 2952 2060 3207 2129; x_wconf 84' lang='lat' dir='ltr'><strong>habebat,</strong></span> <span class='ocrx_word' id='word_1_377' title='bbox 3269 2059 3401 2115; x_wconf 89' lang='lat' dir='ltr'><strong>fecit</strong></span> <span class='ocrx_word' id='word_1_378' title='bbox 3439 2059 3609 2114; x_wconf 84' lang='lat' dir='ltr'><strong>Iosue</strong></span> <span class='ocrx_word' id='word_1_379' title='bbox 3661 2062 3709 2116; x_wconf 80' lang='lat' dir='ltr'><strong>vi</strong></span> 
     </span>
    </p>
   </div>
   <div class='ocr_carea' id='block_1_49' title="bbox 2158 2147 3728 2218">
    <p class='ocr_par' dir='ltr' id='par_1_49' title="bbox 2158 2147 3728 2218">
     <span class='ocr_line' id='line_1_50' title="bbox 2158 2147 3728 2218; baseline 0.003 -19"><span class='ocrx_word' id='word_1_380' title='bbox 2158 2166 2177 2199; x_wconf 77' lang='grc' dir='ltr'>ι</span> <span class='ocrx_word' id='word_1_381' title='bbox 2221 2164 2370 2213; x_wconf 83' lang='lat' dir='ltr'><strong>vere,</strong></span> <span class='ocrx_word' id='word_1_382' title='bbox 2400 2156 2454 2204; x_wconf 88' lang='lat' dir='ltr'><strong>et</strong></span> <span class='ocrx_word' id='word_1_383' title='bbox 2478 2148 2859 2205; x_wconf 82' lang='lat' dir='ltr'><strong>habitaverunt</strong></span> <span class='ocrx_word' id='word_1_384' title='bbox 2910 2150 2965 2203; x_wconf 93' lang='lat' dir='ltr'><strong>in</strong></span> <span class='ocrx_word' id='word_1_385' title='bbox 3012 2150 3192 2205; x_wconf 87' lang='lat' dir='ltr'><strong>medio</strong></span> <span class='ocrx_word' id='word_1_386' title='bbox 3238 2147 3412 2204; x_wconf 88' lang='lat' dir='ltr'><strong>Israel</strong></span> <span class='ocrx_word' id='word_1_387' title='bbox 3458 2164 3635 2218; x_wconf 91' lang='lat' dir='ltr'><strong>usque</strong></span> <span class='ocrx_word' id='word_1_388' title='bbox 3682 2148 3728 2204; x_wconf 82' lang='lat' dir='ltr'><strong>in</strong></span> 
     </span>
    </p>
   </div>
   <div class='ocr_carea' id='block_1_50' title="bbox 2158 2239 3727 2313">
    <p class='ocr_par' dir='ltr' id='par_1_50' title="bbox 2158 2239 3727 2313">
     <span class='ocr_line' id='line_1_51' title="bbox 2158 2239 3727 2313; baseline 0.003 -19"><span class='ocrx_word' id='word_1_389' title='bbox 2158 2244 2197 2294; x_wconf 69' lang='grc' dir='ltr'><em>ς’</em></span> <span class='ocrx_word' id='word_1_390' title='bbox 2222 2248 2546 2313; x_wconf 76' lang='lat' dir='ltr'><strong>praesentem</strong></span> <span class='ocrx_word' id='word_1_391' title='bbox 2602 2239 2765 2305; x_wconf 90' lang='lat' dir='ltr'><strong>diem,</strong></span> <span class='ocrx_word' id='word_1_392' title='bbox 2819 2252 2884 2296; x_wconf 94' lang='lat' dir='ltr'><strong>eo</strong></span> <span class='ocrx_word' id='word_1_393' title='bbox 2938 2240 3081 2309; x_wconf 89' lang='lat' dir='ltr'><strong>quod</strong></span> <span class='ocrx_word' id='word_1_394' title='bbox 3130 2241 3479 2297; x_wconf 88' lang='lat' dir='ltr'><strong>absconderit</strong></span> <span class='ocrx_word' id='word_1_395' title='bbox 3518 2242 3727 2298; x_wconf 81' lang='lat' dir='ltr'><strong>nuntios</strong></span> 
     </span>
    </p>
   </div>
   <div class='ocr_carea' id='block_1_51' title="bbox 2160 2318 3728 2402">
    <p class='ocr_par' dir='ltr' id='par_1_51' title="bbox 2160 2318 3728 2402">
     <span class='ocr_line' id='line_1_52' title="bbox 2160 2318 3728 2402; baseline 0 -16"><span class='ocrx_word' id='word_1_396' title='bbox 2160 2351 2179 2385; x_wconf 75' lang='grc' dir='ltr'>ι</span> <span class='ocrx_word' id='word_1_397' title='bbox 2224 2345 2362 2402; x_wconf 92' lang='lat' dir='ltr'><strong>quos</strong></span> <span class='ocrx_word' id='word_1_398' title='bbox 2418 2329 2661 2393; x_wconf 86' lang='lat' dir='ltr'><strong>miserat,</strong></span> <span class='ocrx_word' id='word_1_399' title='bbox 2698 2338 2758 2383; x_wconf 92' lang='lat' dir='ltr'><strong>ut</strong></span> <span class='ocrx_word' id='word_1_400' title='bbox 2805 2330 3151 2399; x_wconf 78' lang='lat' dir='ltr'><strong>explorarent</strong></span> <span class='ocrx_word' id='word_1_401' title='bbox 3202 2330 3445 2386; x_wconf 90' lang='lat' dir='ltr'><strong>Iericho.</strong></span> <span class='ocrx_word' id='word_1_402' title='bbox 3484 2350 3503 2383; x_wconf 73' lang='grc' dir='ltr'><strong><em>ι</em></strong></span> <span class='ocrx_word' id='word_1_403' title='bbox 3556 2318 3728 2386; x_wconf 75' lang='lat' dir='ltr'><strong>Velim</strong></span> 
     </span>
    </p>
   </div>
   <div class='ocr_carea' id='block_1_52' title="bbox 2153 2416 3714 2495">
    <p class='ocr_par' dir='ltr' id='par_1_52' title="bbox 2153 2416 3714 2495">
     <span class='ocr_line' id='line_1_53' title="bbox 2153 2416 3714 2495; baseline -0.002 -15"><span class='ocrx_word' id='word_1_404' title='bbox 2153 2423 2429 2495; x_wconf 86' lang='lat' dir='ltr'><strong>requirere</strong></span> <span class='ocrx_word' id='word_1_405' title='bbox 2467 2437 2498 2477; x_wconf 89' lang='lat' dir='ltr'><strong>a</strong></span> <span class='ocrx_word' id='word_1_406' title='bbox 2535 2416 2735 2477; x_wconf 65' lang='lat' dir='ltr'><strong>Iudaeis</strong></span> <span class='ocrx_word' id='word_1_407' title='bbox 2782 2428 2838 2477; x_wconf 90' lang='lat' dir='ltr'><strong>et</strong></span> <span class='ocrx_word' id='word_1_408' title='bbox 2882 2421 2948 2477; x_wconf 91' lang='lat' dir='ltr'><strong>ab</strong></span> <span class='ocrx_word' id='word_1_409' title='bbox 3007 2422 3092 2477; x_wconf 88' lang='lat' dir='ltr'><strong>his</strong></span> <span class='ocrx_word' id='word_1_410' title='bbox 3138 2422 3232 2493; x_wconf 92' lang='lat' dir='ltr'><strong>qui</strong></span> <span class='ocrx_word' id='word_1_411' title='bbox 3261 2421 3565 2479; x_wconf 84' lang='lat' dir='ltr'><strong>Christiani</strong></span> <span class='ocrx_word' id='word_1_412' title='bbox 3614 2422 3714 2494; x_wconf 86' lang='lat' dir='ltr'><strong>qui-</strong></span> 
     </span>
    </p>
   </div>
   <div class='ocr_carea' id='block_1_53' title="bbox 2153 2500 3717 2582">
    <p class='ocr_par' dir='ltr' id='par_1_53' title="bbox 2153 2500 3717 2582">
     <span class='ocr_line' id='line_1_54' title="bbox 2153 2500 3717 2582; baseline -0.002 -13"><span class='ocrx_word' id='word_1_413' title='bbox 2153 2515 2277 2569; x_wconf 88' lang='lat' dir='ltr'><strong>dem</strong></span> <span class='ocrx_word' id='word_1_414' title='bbox 2304 2513 2576 2580; x_wconf 89' lang='lat' dir='ltr'><strong>dicuutur,</strong></span> <span class='ocrx_word' id='word_1_415' title='bbox 2628 2513 2721 2568; x_wconf 89' lang='lat' dir='ltr'><strong>sed</strong></span> <span class='ocrx_word' id='word_1_416' title='bbox 2755 2512 2811 2567; x_wconf 90' lang='lat' dir='ltr'><strong>iu</strong></span> <span class='ocrx_word' id='word_1_417' title='bbox 2839 2508 3141 2582; x_wconf 87' lang='lat' dir='ltr'><strong>Scripturis</strong></span> <span class='ocrx_word' id='word_1_418' title='bbox 3174 2511 3355 2567; x_wconf 91' lang='lat' dir='ltr'><strong>adhuc</strong></span> <span class='ocrx_word' id='word_1_419' title='bbox 3400 2527 3620 2568; x_wconf 82' lang='lat' dir='ltr'><strong>sensum</strong></span> <span class='ocrx_word' id='word_1_420' title='bbox 3644 2500 3717 2566; x_wconf 63' lang='lat' dir='ltr'><strong>Iit</strong></span> 
     </span>
    </p>
   </div>
   <div class='ocr_carea' id='block_1_54' title="bbox 2153 2596 3724 2675">
    <p class='ocr_par' dir='ltr' id='par_1_54' title="bbox 2153 2596 3724 2675">
     <span class='ocr_line' id='line_1_55' title="bbox 2153 2596 3724 2675; baseline -0.001 -16"><span class='ocrx_word' id='word_1_421' title='bbox 2153 2596 2365 2659; x_wconf 78' lang='lat' dir='ltr'><strong>daicum</strong></span> <span class='ocrx_word' id='word_1_422' title='bbox 2414 2612 2656 2672; x_wconf 83' lang='lat' dir='ltr'><strong>servant,</strong></span> <span class='ocrx_word' id='word_1_423' title='bbox 2686 2604 2955 2675; x_wconf 91' lang='lat' dir='ltr'><strong>quomodo</strong></span> <span class='ocrx_word' id='word_1_424' title='bbox 2982 2612 3258 2675; x_wconf 81' lang='lat' dir='ltr'><strong>exponant</strong></span> <span class='ocrx_word' id='word_1_425' title='bbox 3286 2603 3441 2661; x_wconf 88' lang='lat' dir='ltr'><strong>Raab</strong></span> <span class='ocrx_word' id='word_1_426' title='bbox 3492 2605 3724 2660; x_wconf 74' lang='lat' dir='ltr'><strong>meretri-</strong></span> 
     </span>
    </p>
   </div>
   <div class='ocr_carea' id='block_1_55' title="bbox 2154 2684 3727 2766">
    <p class='ocr_par' dir='ltr' id='par_1_55' title="bbox 2154 2684 3727 2766">
     <span class='ocr_line' id='line_1_56' title="bbox 2154 2684 3727 2766; baseline 0 -18"><span class='ocrx_word' id='word_1_427' title='bbox 2154 2710 2270 2749; x_wconf 90' lang='lat' dir='ltr'><strong>cem</strong></span> <span class='ocrx_word' id='word_1_428' title='bbox 2292 2684 2558 2765; x_wconf 87' lang='lat' dir='ltr'><strong>adjectam</strong></span> <span class='ocrx_word' id='word_1_429' title='bbox 2584 2711 2705 2751; x_wconf 90' lang='lat' dir='ltr'><strong>esse</strong></span> <span class='ocrx_word' id='word_1_430' title='bbox 2732 2692 2912 2752; x_wconf 90' lang='lat' dir='ltr'><strong>domui</strong></span> <span class='ocrx_word' id='word_1_431' title='bbox 2936 2694 3103 2750; x_wconf 90' lang='lat' dir='ltr'><strong>Israel</strong></span> <span class='ocrx_word' id='word_1_432' title='bbox 3130 2711 3304 2766; x_wconf 92' lang='lat' dir='ltr'><strong>usque</strong></span> <span class='ocrx_word' id='word_1_433' title='bbox 3334 2696 3390 2749; x_wconf 90' lang='lat' dir='ltr'><strong>in</strong></span> <span class='ocrx_word' id='word_1_434' title='bbox 3415 2694 3727 2751; x_wconf 85' lang='lat' dir='ltr'><strong>hodiernum</strong></span> 
     </span>
    </p>
   </div>
   <div class='ocr_carea' id='block_1_56' title="bbox 2154 2782 3731 2855">
    <p class='ocr_par' dir='ltr' id='par_1_56' title="bbox 2154 2782 3731 2855">
     <span class='ocr_line' id='line_1_57' title="bbox 2154 2782 3731 2855; baseline 0 -16"><span class='ocrx_word' id='word_1_435' title='bbox 2154 2785 2316 2839; x_wconf 85' lang='lat' dir='ltr'><strong>diem.</strong></span> <span class='ocrx_word' id='word_1_436' title='bbox 2368 2784 2649 2852; x_wconf 82' lang='lat' dir='ltr'><strong>Quomodo</strong></span> <span class='ocrx_word' id='word_1_437' title='bbox 2698 2785 2850 2840; x_wconf 86' lang='lat' dir='ltr'><strong>Raab</strong></span> <span class='ocrx_word' id='word_1_438' title='bbox 2907 2800 3080 2855; x_wconf 91' lang='lat' dir='ltr'><strong>usque</strong></span> <span class='ocrx_word' id='word_1_439' title='bbox 3130 2785 3187 2839; x_wconf 92' lang='lat' dir='ltr'><strong>iu</strong></span> <span class='ocrx_word' id='word_1_440' title='bbox 3234 2783 3553 2840; x_wconf 89' lang='lat' dir='ltr'><strong>hodiernum</strong></span> <span class='ocrx_word' id='word_1_441' title='bbox 3588 2782 3731 2839; x_wconf 89' lang='lat' dir='ltr'><strong>diem</strong></span> 
     </span>
    </p>
   </div>
   <div class='ocr_carea' id='block_1_57' title="bbox 2154 2862 3731 2946">
    <p class='ocr_par' dir='ltr' id='par_1_57' title="bbox 2154 2862 3731 2946">
     <span class='ocr_line' id='line_1_58' title="bbox 2154 2862 3731 2946; baseline 0 -17"><span class='ocrx_word' id='word_1_442' title='bbox 2154 2874 2361 2945; x_wconf 85' lang='lat' dir='ltr'><strong>adjecta</strong></span> <span class='ocrx_word' id='word_1_443' title='bbox 2392 2891 2517 2932; x_wconf 86' lang='lat' dir='ltr'><strong>esse</strong></span> <span class='ocrx_word' id='word_1_444' title='bbox 2564 2876 2804 2931; x_wconf 82' lang='lat' dir='ltr'><strong>dicitur?</strong></span> <span class='ocrx_word' id='word_1_445' title='bbox 2831 2873 2945 2931; x_wconf 78' lang='lat' dir='ltr'><strong>Hoc</strong></span> <span class='ocrx_word' id='word_1_446' title='bbox 2993 2876 3137 2931; x_wconf 89' lang='lat' dir='ltr'><strong>enim</strong></span> <span class='ocrx_word' id='word_1_447' title='bbox 3182 2873 3480 2946; x_wconf 65' lang='lat' dir='ltr'><strong>Scriptura</strong></span> <span class='ocrx_word' id='word_1_448' title='bbox 3531 2862 3731 2930; x_wconf 47' lang='lat' dir='ltr'><strong>sancta</strong></span> 
     </span>
    </p>
   </div>
   <div class='ocr_carea' id='block_1_58' title="bbox 2154 2965 3730 3037">
    <p class='ocr_par' dir='ltr' id='par_1_58' title="bbox 2154 2965 3730 3037">
     <span class='ocr_line' id='line_1_59' title="bbox 2154 2965 3730 3037; baseline 0.001 -17"><span class='ocrx_word' id='word_1_449' title='bbox 2154 2967 2320 3023; x_wconf 89' lang='lat' dir='ltr'><strong>moris</strong></span> <span class='ocrx_word' id='word_1_450' title='bbox 2376 2974 2478 3034; x_wconf 85' lang='lat' dir='ltr'><strong>est,</strong></span> <span class='ocrx_word' id='word_1_451' title='bbox 2539 2969 2720 3023; x_wconf 87' lang='lat' dir='ltr'><strong>dicere</strong></span> <span class='ocrx_word' id='word_1_452' title='bbox 2754 2965 2819 3023; x_wconf 92' lang='lat' dir='ltr'><strong>de</strong></span> <span class='ocrx_word' id='word_1_453' title='bbox 2862 2965 2946 3021; x_wconf 91' lang='lat' dir='ltr'><strong>his</strong></span> <span class='ocrx_word' id='word_1_454' title='bbox 2990 2982 3110 3037; x_wconf 65' lang='lat' dir='ltr'><strong>qua“:</strong></span> <span class='ocrx_word' id='word_1_455' title='bbox 3152 2981 3328 3035; x_wconf 90' lang='lat' dir='ltr'><strong>usque</strong></span> <span class='ocrx_word' id='word_1_456' title='bbox 3372 2966 3429 3021; x_wconf 88' lang='lat' dir='ltr'><strong>in</strong></span> <span class='ocrx_word' id='word_1_457' title='bbox 3466 2966 3625 3021; x_wconf 77' lang='lat' dir='ltr'><strong>linem</strong></span> <span class='ocrx_word' id='word_1_458' title='bbox 3650 2965 3730 3021; x_wconf 73' lang='lat' dir='ltr'><strong>vd</strong></span> 
     </span>
    </p>
   </div>
   <div class='ocr_carea' id='block_1_59' title="bbox 2155 3057 3724 3129">
    <p class='ocr_par' dir='ltr' id='par_1_59' title="bbox 2155 3057 3724 3129">
     <span class='ocr_line' id='line_1_60' title="bbox 2155 3057 3724 3129; baseline 0.001 -18"><span class='ocrx_word' id='word_1_459' title='bbox 2155 3057 2281 3113; x_wconf 68' lang='lat' dir='ltr'><strong>vita:</strong></span> <span class='ocrx_word' id='word_1_460' title='bbox 2313 3058 2396 3113; x_wconf 90' lang='lat' dir='ltr'><strong>vel</strong></span> <span class='ocrx_word' id='word_1_461' title='bbox 2434 3058 2617 3114; x_wconf 71' lang='lat' dir='ltr'><strong>saeculi</strong></span> <span class='ocrx_word' id='word_1_462' title='bbox 2668 3066 3006 3129; x_wconf 89' lang='lat' dir='ltr'><strong>permanent.</strong></span> <span class='ocrx_word' id='word_1_463' title='bbox 3064 3058 3233 3116; x_wconf 75' lang='lat' dir='ltr'><strong>Verbi</strong></span> <span class='ocrx_word' id='word_1_464' title='bbox 3287 3074 3479 3124; x_wconf 88' lang='lat' dir='ltr'><strong>causa,</strong></span> <span class='ocrx_word' id='word_1_465' title='bbox 3528 3068 3587 3115; x_wconf 89' lang='lat' dir='ltr'><strong>ut</strong></span> <span class='ocrx_word' id='word_1_466' title='bbox 3617 3058 3724 3115; x_wconf 85' lang='lat' dir='ltr'><strong>ait:</strong></span> 
     </span>
    </p>
   </div>
   <div class='ocr_carea' id='block_1_60' title="bbox 474 3138 3733 3239">
    <p class='ocr_par' dir='ltr' id='par_1_60' title="bbox 474 3138 3733 3239">
     <span class='ocr_line' id='line_1_61' title="bbox 474 3138 3733 3239; baseline 0.003 -25"><span class='ocrx_word' id='word_1_467' title='bbox 474 3138 719 3215; x_wconf 83' lang='lat' dir='ltr'><strong>uestram</strong></span> <span class='ocrx_word' id='word_1_468' title='bbox 760 3160 954 3225; x_wconf 87' lang='lat' dir='ltr'><strong>domus</strong></span> <span class='ocrx_word' id='word_1_469' title='bbox 987 3138 1122 3230; x_wconf 78' lang='lat' dir='ltr'><strong>suae,</strong></span> <span class='ocrx_word' id='word_1_470' title='bbox 1156 3138 1417 3239; x_wconf 69' lang='lat' dir='ltr'><strong>tanquam</strong></span> <span class='ocrx_word' id='word_1_471' title='bbox 1460 3180 1559 3237; x_wconf 89' lang='lat' dir='ltr'><strong>per</strong></span> <span class='ocrx_word' id='word_1_472' title='bbox 1585 3138 1649 3221; x_wconf 77' lang='lat' dir='ltr'><strong>os</strong></span> <span class='ocrx_word' id='word_1_473' title='bbox 1676 3138 1919 3237; x_wconf 72' lang='lat' dir='ltr'><strong>corporis</strong></span> <span class='ocrx_word' id='word_1_474' title='bbox 1944 3166 2049 3232; x_wconf 89' lang='lat' dir='ltr'><strong>sui,</strong></span> <span class='ocrx_word' id='word_1_475' title='bbox 2070 3138 2124 3231; x_wconf 46' lang='grc' dir='ltr'><strong>,(ιῖ</strong></span> <span class='ocrx_word' id='word_1_476' title='bbox 2162 3169 2181 3202; x_wconf 67' lang='grc' dir='ltr'>ί</span> <span class='ocrx_word' id='word_1_477' title='bbox 2228 3149 2330 3205; x_wconf 76' lang='grc' dir='ltr'><strong>Ηίο</strong></span> <span class='ocrx_word' id='word_1_478' title='bbox 2374 3160 2544 3239; x_wconf 61' lang='lat' dir='ltr'><strong>pater</strong></span> <span class='ocrx_word' id='word_1_479' title='bbox 2586 3160 2671 3207; x_wconf 67' lang='grc' dir='ltr'><strong>εει</strong></span> <span class='ocrx_word' id='word_1_480' title='bbox 2698 3152 3056 3209; x_wconf 68' lang='grc' dir='ltr'><strong>Μοθδίῑειτιιω</strong></span> <span class='ocrx_word' id='word_1_481' title='bbox 3089 3168 3263 3223; x_wconf 71' lang='lat' dir='ltr'><strong>usque</strong></span> <span class='ocrx_word' id='word_1_482' title='bbox 3321 3154 3380 3208; x_wconf 67' lang='lat' dir='ltr'><strong>in</strong></span> <span class='ocrx_word' id='word_1_483' title='bbox 3420 3154 3733 3210; x_wconf 67' lang='grc' dir='ltr'><strong>δοάῖθτοιιιιι</strong></span> 
     </span>
    </p>
   </div>
   <div class='ocr_carea' id='block_1_61' title="bbox 473 3252 2053 3328">
    <p class='ocr_par' dir='ltr' id='par_1_61' title="bbox 473 3252 2053 3328">
     <span class='ocr_line' id='line_1_62' title="bbox 473 3252 2053 3328; baseline 0.006 -24"><span class='ocrx_word' id='word_1_484' title='bbox 473 3263 699 3306; x_wconf 74' lang='lat' dir='ltr'><strong>coccum</strong></span> <span class='ocrx_word' id='word_1_485' title='bbox 723 3252 911 3318; x_wconf 89' lang='lat' dir='ltr'><strong>mittit,</strong></span> <span class='ocrx_word' id='word_1_486' title='bbox 960 3255 1108 3327; x_wconf 88' lang='lat' dir='ltr'><strong>quod</strong></span> <span class='ocrx_word' id='word_1_487' title='bbox 1135 3264 1221 3310; x_wconf 92' lang='lat' dir='ltr'><strong>est</strong></span> <span class='ocrx_word' id='word_1_488' title='bbox 1272 3257 1551 3326; x_wconf 75' lang='lat' dir='ltr'><strong>sanguinis</strong></span> <span class='ocrx_word' id='word_1_489' title='bbox 1584 3256 1786 3312; x_wconf 90' lang='lat' dir='ltr'><strong>Christi</strong></span> <span class='ocrx_word' id='word_1_490' title='bbox 1840 3257 2053 3328; x_wconf 85' lang='lat' dir='ltr'><strong>signum</strong></span> 
     </span>
    </p>
   </div>
   <div class='ocr_carea' id='block_1_62' title="bbox 460 3343 2051 3419">
    <p class='ocr_par' dir='ltr' id='par_1_62' title="bbox 460 3343 2051 3419">
     <span class='ocr_line' id='line_1_63' title="bbox 460 3343 2051 3419; baseline 0.003 -19"><span class='ocrx_word' id='word_1_491' title='bbox 460 3356 576 3412; x_wconf 73' lang='lat' dir='ltr'><strong>pro</strong></span> <span class='ocrx_word' id='word_1_492' title='bbox 627 3343 950 3407; x_wconf 71' lang='lat' dir='ltr'><strong>remissione</strong></span> <span class='ocrx_word' id='word_1_493' title='bbox 990 3356 1344 3419; x_wconf 86' lang='lat' dir='ltr'><strong>peccatorum</strong></span> <span class='ocrx_word' id='word_1_494' title='bbox 1394 3349 1646 3405; x_wconf 86' lang='lat' dir='ltr'><strong>confiteri</strong></span> <span class='ocrx_word' id='word_1_495' title='bbox 1691 3351 1763 3405; x_wconf 91' lang='lat' dir='ltr'><strong>ad</strong></span> <span class='ocrx_word' id='word_1_496' title='bbox 1797 3351 2051 3407; x_wconf 89' lang='lat' dir='ltr'><strong>salutem.</strong></span> 
     </span>
    </p>
   </div>
   <div class='ocr_carea' id='block_1_63' title="bbox 475 3429 2056 3515">
    <p class='ocr_par' dir='ltr' id='par_1_63' title="bbox 475 3429 2056 3515">
     <span class='ocr_line' id='line_1_64' title="bbox 475 3429 2056 3515; baseline 0.005 -28"><span class='ocrx_word' id='word_1_497' title='bbox 475 3429 579 3500; x_wconf 88' lang='lat' dir='ltr'><strong>Qui</strong></span> <span class='ocrx_word' id='word_1_498' title='bbox 609 3430 817 3491; x_wconf 83' lang='lat' dir='ltr'><strong>inventi</strong></span> <span class='ocrx_word' id='word_1_499' title='bbox 840 3442 968 3511; x_wconf 87' lang='lat' dir='ltr'><strong>sunt</strong></span> <span class='ocrx_word' id='word_1_500' title='bbox 995 3436 1049 3490; x_wconf 90' lang='lat' dir='ltr'><strong>in</strong></span> <span class='ocrx_word' id='word_1_501' title='bbox 1076 3436 1237 3501; x_wconf 78' lang='lat' dir='ltr'><strong>domo</strong></span> <span class='ocrx_word' id='word_1_502' title='bbox 1268 3436 1431 3505; x_wconf 90' lang='lat' dir='ltr'><strong>illius,</strong></span> <span class='ocrx_word' id='word_1_503' title='bbox 1484 3438 1680 3499; x_wconf 86' lang='lat' dir='ltr'><strong>salvati</strong></span> <span class='ocrx_word' id='word_1_504' title='bbox 1723 3448 1850 3497; x_wconf 90' lang='lat' dir='ltr'><strong>sunt</strong></span> <span class='ocrx_word' id='word_1_505' title='bbox 1874 3438 1943 3495; x_wconf 86' lang='lat' dir='ltr'><strong>ab</strong></span> <span class='ocrx_word' id='word_1_506' title='bbox 1972 3440 2056 3515; x_wconf 71' lang='lat' dir='ltr'><strong>in-</strong></span> 
     </span>
    </p>
   </div>
   <div class='ocr_carea' id='block_1_64' title="bbox 477 3522 2056 3605">
    <p class='ocr_par' dir='ltr' id='par_1_64' title="bbox 477 3522 2056 3605">
     <span class='ocr_line' id='line_1_65' title="bbox 477 3522 2056 3605; baseline 0.011 -28"><span class='ocrx_word' id='word_1_507' title='bbox 477 3522 637 3599; x_wconf 85' lang='lat' dir='ltr'><strong>teritu</strong></span> <span class='ocrx_word' id='word_1_508' title='bbox 686 3525 857 3593; x_wconf 82' lang='lat' dir='ltr'><strong>urbis,</strong></span> <span class='ocrx_word' id='word_1_509' title='bbox 898 3536 957 3583; x_wconf 86' lang='lat' dir='ltr'><strong>et</strong></span> <span class='ocrx_word' id='word_1_510' title='bbox 998 3529 1304 3601; x_wconf 90' lang='lat' dir='ltr'><strong>quicunque</strong></span> <span class='ocrx_word' id='word_1_511' title='bbox 1357 3530 1499 3589; x_wconf 86' lang='lat' dir='ltr'><strong>intra</strong></span> <span class='ocrx_word' id='word_1_512' title='bbox 1547 3532 1848 3590; x_wconf 76' lang='lat' dir='ltr'><strong>Ecclesium</strong></span> <span class='ocrx_word' id='word_1_513' title='bbox 1902 3547 2056 3605; x_wconf 82' lang='lat' dir='ltr'><strong>repe-</strong></span> 
     </span>
    </p>
   </div>
   <div class='ocr_carea' id='block_1_65' title="bbox 475 3611 2055 3695">
    <p class='ocr_par' dir='ltr' id='par_1_65' title="bbox 475 3611 2055 3695">
     <span class='ocr_line' id='line_1_66' title="bbox 475 3611 2055 3695; baseline 0.009 -28"><span class='ocrx_word' id='word_1_514' title='bbox 475 3611 710 3682; x_wconf 89' lang='lat' dir='ltr'><strong>riuntur,</strong></span> <span class='ocrx_word' id='word_1_515' title='bbox 749 3615 854 3686; x_wconf 88' lang='lat' dir='ltr'><strong>ipsi</strong></span> <span class='ocrx_word' id='word_1_516' title='bbox 904 3625 1118 3675; x_wconf 90' lang='lat' dir='ltr'><strong>tantum</strong></span> <span class='ocrx_word' id='word_1_517' title='bbox 1170 3618 1492 3695; x_wconf 83' lang='lat' dir='ltr'><strong>salvantur;</strong></span> <span class='ocrx_word' id='word_1_518' title='bbox 1531 3631 1685 3679; x_wconf 78' lang='lat' dir='ltr'><strong>extra</strong></span> <span class='ocrx_word' id='word_1_519' title='bbox 1711 3623 1855 3685; x_wconf 31' lang='lat' dir='ltr'><strong>hanc,</strong></span> <span class='ocrx_word' id='word_1_520' title='bbox 1871 3631 2055 3681; x_wconf 86' lang='lat' dir='ltr'><strong>autem</strong></span> 
     </span>
    </p>
   </div>
   <div class='ocr_carea' id='block_1_66' title="bbox 454 3704 1911 3779">
    <p class='ocr_par' dir='ltr' id='par_1_66' title="bbox 454 3704 1911 3779">
     <span class='ocr_line' id='line_1_67' title="bbox 454 3704 1911 3779; baseline 0.003 -16"><span class='ocrx_word' id='word_1_521' title='bbox 454 3704 714 3773; x_wconf 75' lang='lat' dir='ltr'><strong>,domum,</strong></span> <span class='ocrx_word' id='word_1_522' title='bbox 738 3706 791 3768; x_wconf 85' lang='lat' dir='ltr'><strong>id</strong></span> <span class='ocrx_word' id='word_1_523' title='bbox 820 3718 925 3773; x_wconf 88' lang='lat' dir='ltr'><strong>est,</strong></span> <span class='ocrx_word' id='word_1_524' title='bbox 951 3719 1104 3766; x_wconf 85' lang='lat' dir='ltr'><strong>extra</strong></span> <span class='ocrx_word' id='word_1_525' title='bbox 1127 3710 1447 3779; x_wconf 88' lang='lat' dir='ltr'><strong>Ecclesiam,</strong></span> <span class='ocrx_word' id='word_1_526' title='bbox 1472 3728 1633 3773; x_wconf 90' lang='lat' dir='ltr'><strong>nemo</strong></span> <span class='ocrx_word' id='word_1_527' title='bbox 1656 3713 1911 3769; x_wconf 88' lang='lat' dir='ltr'><strong>salvatur.</strong></span> 
     </span>
    </p>
   </div>
   <div class='ocr_carea' id='block_1_67' title="bbox 498 3794 2057 3871">
    <p class='ocr_par' dir='ltr' id='par_1_67' title="bbox 498 3794 2057 3871">
     <span class='ocr_line' id='line_1_68' title="bbox 498 3794 2057 3871; baseline 0.008 -23"><span class='ocrx_word' id='word_1_528' title='bbox 498 3860 503 3871; x_wconf 20' lang='grc' dir='ltr'><strong>μ</strong></span> <span class='ocrx_word' id='word_1_529' title='bbox 550 3794 729 3869; x_wconf 67' lang='lat' dir='ltr'><strong>(Imm)</strong></span> <span class='ocrx_word' id='word_1_530' title='bbox 771 3814 791 3853; x_wconf 83' lang='grc'><em>‹</em></span> <span class='ocrx_word' id='word_1_531' title='bbox 837 3798 1091 3871; x_wconf 82' lang='lat' dir='ltr'><strong>Dixitque</strong></span> <span class='ocrx_word' id='word_1_532' title='bbox 1119 3797 1281 3859; x_wconf 84' lang='lat' dir='ltr'><strong>Iosue</strong></span> <span class='ocrx_word' id='word_1_533' title='bbox 1330 3801 1397 3856; x_wconf 89' lang='lat' dir='ltr'><strong>ad</strong></span> <span class='ocrx_word' id='word_1_534' title='bbox 1448 3816 1663 3863; x_wconf 86' lang='lat' dir='ltr'><strong>omnem</strong></span> <span class='ocrx_word' id='word_1_535' title='bbox 1710 3801 1876 3858; x_wconf 89' lang='lat' dir='ltr'><strong>Israel</strong></span> <span class='ocrx_word' id='word_1_536' title='bbox 1906 3821 1918 3857; x_wconf 89' lang='lat'><strong>:</strong></span> <span class='ocrx_word' id='word_1_537' title='bbox 1950 3803 2057 3860; x_wconf 82' lang='lat' dir='ltr'><strong>Vo-</strong></span> 
     </span>
    </p>
   </div>
   <div class='ocr_carea' id='block_1_68' title="bbox 482 3885 2052 3956">
    <p class='ocr_par' dir='ltr' id='par_1_68' title="bbox 482 3885 2052 3956">
     <span class='ocr_line' id='line_1_69' title="bbox 482 3885 2052 3956; baseline 0.008 -20"><span class='ocrx_word' id='word_1_538' title='bbox 482 3903 502 3936; x_wconf 76' lang='grc' dir='ltr'><strong><em>ι</em></strong></span> <span class='ocrx_word' id='word_1_539' title='bbox 544 3885 845 3944; x_wconf 89' lang='lat' dir='ltr'><strong>ciferamini</strong></span> <span class='ocrx_word' id='word_1_540' title='bbox 871 3906 887 3956; x_wconf 87' lang='lat'><strong>;</strong></span> <span class='ocrx_word' id='word_1_541' title='bbox 921 3892 1101 3948; x_wconf 88' lang='lat' dir='ltr'><strong>tradet</strong></span> <span class='ocrx_word' id='word_1_542' title='bbox 1125 3892 1270 3947; x_wconf 91' lang='lat' dir='ltr'><strong>enim</strong></span> <span class='ocrx_word' id='word_1_543' title='bbox 1296 3892 1447 3949; x_wconf 90' lang='lat' dir='ltr'><strong>vobis</strong></span> <span class='ocrx_word' id='word_1_544' title='bbox 1473 3891 1734 3954; x_wconf 89' lang='lat' dir='ltr'><strong>Dominus</strong></span> <span class='ocrx_word' id='word_1_545' title='bbox 1755 3894 2052 3951; x_wconf 89' lang='lat' dir='ltr'><strong>civitatem.</strong></span> 
     </span>
    </p>
   </div>
   <div class='ocr_carea' id='block_1_69' title="bbox 484 3968 2056 4067">
    <p class='ocr_par' dir='ltr' id='par_1_69' title="bbox 484 3968 2056 4067">
     <span class='ocr_line' id='line_1_70' title="bbox 484 3968 2056 4067; baseline 0.01 -39"><span class='ocrx_word' id='word_1_546' title='bbox 484 3996 504 4028; x_wconf 75' lang='grc' dir='ltr'>ι</span> <span class='ocrx_word' id='word_1_547' title='bbox 548 3977 740 4050; x_wconf 90' lang='lat' dir='ltr'><strong>Sitque</strong></span> <span class='ocrx_word' id='word_1_548' title='bbox 772 3982 966 4038; x_wconf 88' lang='lat' dir='ltr'><strong>civitas</strong></span> <span class='ocrx_word' id='word_1_549' title='bbox 1027 3985 1144 4041; x_wconf 60' lang='lat' dir='ltr'><strong>hate</strong></span> <span class='ocrx_word' id='word_1_550' title='bbox 1173 3986 1487 4067; x_wconf 80' lang='lat' dir='ltr'><strong>anathema,</strong></span> <span class='ocrx_word' id='word_1_551' title='bbox 1528 3993 1582 4040; x_wconf 89' lang='lat' dir='ltr'><strong>et</strong></span> <span class='ocrx_word' id='word_1_552' title='bbox 1627 3986 1809 4043; x_wconf 90' lang='lat' dir='ltr'><strong>omnia</strong></span> <span class='ocrx_word' id='word_1_553' title='bbox 1858 3968 2056 4061; x_wconf 62' lang='grc' dir='ltr'><strong>(ιυεῶ</strong></span> 
     </span>
    </p>
   </div>
   <div class='ocr_carea' id='block_1_70' title="bbox 481 4073 2056 4143">
    <p class='ocr_par' dir='ltr' id='par_1_70' title="bbox 481 4073 2056 4143">
     <span class='ocr_line' id='line_1_71' title="bbox 481 4073 2056 4143; baseline 0.013 -19"><span class='ocrx_word' id='word_1_554' title='bbox 481 4088 502 4123; x_wconf 69' lang='grc' dir='ltr'><strong>ε</strong></span> <span class='ocrx_word' id='word_1_555' title='bbox 543 4073 622 4127; x_wconf 93' lang='lat' dir='ltr'><strong>eis</strong></span> <span class='ocrx_word' id='word_1_556' title='bbox 650 4083 797 4140; x_wconf 83' lang='lat' dir='ltr'><strong>sunt,</strong></span> <span class='ocrx_word' id='word_1_557' title='bbox 824 4077 1075 4141; x_wconf 87' lang='lat' dir='ltr'><strong>Domino.</strong></span> <span class='ocrx_word' id='word_1_558' title='bbox 1109 4076 1236 4135; x_wconf 88' lang='lat' dir='ltr'><strong>Sola</strong></span> <span class='ocrx_word' id='word_1_559' title='bbox 1265 4079 1418 4137; x_wconf 87' lang='lat' dir='ltr'><strong>Raab</strong></span> <span class='ocrx_word' id='word_1_560' title='bbox 1443 4082 1705 4141; x_wconf 77' lang='lat' dir='ltr'><strong>meretrix</strong></span> <span class='ocrx_word' id='word_1_561' title='bbox 1730 4082 1879 4139; x_wconf 82' lang='lat' dir='ltr'><strong>vivat</strong></span> <span class='ocrx_word' id='word_1_562' title='bbox 1930 4099 2056 4143; x_wconf 84' lang='lat' dir='ltr'><strong>cum</strong></span> 
     </span>
    </p>
   </div>
   <div class='ocr_carea' id='block_1_71' title="bbox 454 4164 2058 4237">
    <p class='ocr_par' dir='ltr' id='par_1_71' title="bbox 454 4164 2058 4237">
     <span class='ocr_line' id='line_1_72' title="bbox 454 4164 2058 4237; baseline 0.007 -22"><span class='ocrx_word' id='word_1_563' title='bbox 454 4179 505 4231; x_wconf 29' lang='grc' dir='ltr'><strong>η(</strong></span> <span class='ocrx_word' id='word_1_564' title='bbox 550 4164 819 4219; x_wconf 88' lang='lat' dir='ltr'><strong>universis</strong></span> <span class='ocrx_word' id='word_1_565' title='bbox 848 4166 941 4235; x_wconf 93' lang='lat' dir='ltr'><strong>qui</strong></span> <span class='ocrx_word' id='word_1_566' title='bbox 969 4182 1093 4228; x_wconf 79' lang='lat' dir='ltr'><strong>eum</strong></span> <span class='ocrx_word' id='word_1_567' title='bbox 1138 4182 1203 4222; x_wconf 89' lang='lat' dir='ltr'><strong>ea</strong></span> <span class='ocrx_word' id='word_1_568' title='bbox 1255 4169 1311 4225; x_wconf 91' lang='lat' dir='ltr'><strong>iu</strong></span> <span class='ocrx_word' id='word_1_569' title='bbox 1371 4170 1529 4227; x_wconf 90' lang='lat' dir='ltr'><strong>domo</strong></span> <span class='ocrx_word' id='word_1_570' title='bbox 1560 4180 1730 4237; x_wconf 86' lang='lat' dir='ltr'><strong>sunt;</strong></span> <span class='ocrx_word' id='word_1_571' title='bbox 1773 4171 2058 4231; x_wconf 84' lang='lat' dir='ltr'><strong>abscondit</strong></span> 
     </span>
    </p>
   </div>
   <div class='ocr_carea' id='block_1_72' title="bbox 480 4253 2058 4329">
    <p class='ocr_par' dir='ltr' id='par_1_72' title="bbox 480 4253 2058 4329">
     <span class='ocr_line' id='line_1_73' title="bbox 480 4253 2058 4329; baseline 0.006 -21"><span class='ocrx_word' id='word_1_572' title='bbox 480 4270 504 4323; x_wconf 67' lang='grc' dir='ltr'><strong>ς</strong></span> <span class='ocrx_word' id='word_1_573' title='bbox 536 4254 698 4329; x_wconf 77' lang='lat' dir='ltr'><strong>enim</strong></span> <span class='ocrx_word' id='word_1_574' title='bbox 727 4253 947 4307; x_wconf 87' lang='lat' dir='ltr'><strong>nuntios</strong></span> <span class='ocrx_word' id='word_1_575' title='bbox 964 4268 1106 4327; x_wconf 89' lang='lat' dir='ltr'><strong>quos</strong></span> <span class='ocrx_word' id='word_1_576' title='bbox 1131 4255 1448 4313; x_wconf 78' lang='lat' dir='ltr'><strong>direximus.</strong></span> <span class='ocrx_word' id='word_1_577' title='bbox 1504 4259 1612 4314; x_wconf 75' lang='lat' dir='ltr'><strong>Vos</strong></span> <span class='ocrx_word' id='word_1_578' title='bbox 1638 4269 1817 4315; x_wconf 86' lang='lat' dir='ltr'><strong>autem</strong></span> <span class='ocrx_word' id='word_1_579' title='bbox 1869 4270 2058 4319; x_wconf 87' lang='lat' dir='ltr'><strong>cavete</strong></span> 
     </span>
    </p>
   </div>
   <div class='ocr_carea' id='block_1_73' title="bbox 481 4343 2058 4421">
    <p class='ocr_par' dir='ltr' id='par_1_73' title="bbox 481 4343 2058 4421">
     <span class='ocr_line' id='line_1_74' title="bbox 481 4343 2058 4421; baseline 0.001 -18"><span class='ocrx_word' id='word_1_580' title='bbox 481 4362 503 4403; x_wconf 78' lang='grc' dir='ltr'>ι</span> <span class='ocrx_word' id='word_1_581' title='bbox 534 4359 618 4419; x_wconf 80' lang='lat' dir='ltr'><strong>ne</strong></span> <span class='ocrx_word' id='word_1_582' title='bbox 642 4344 710 4401; x_wconf 90' lang='lat' dir='ltr'><strong>de</strong></span> <span class='ocrx_word' id='word_1_583' title='bbox 733 4343 817 4400; x_wconf 90' lang='lat' dir='ltr'><strong>his</strong></span> <span class='ocrx_word' id='word_1_584' title='bbox 854 4358 975 4413; x_wconf 84' lang='lat' dir='ltr'><strong>quae</strong></span> <span class='ocrx_word' id='word_1_585' title='bbox 1030 4357 1300 4415; x_wconf 72' lang='lat' dir='ltr'><strong>praecepta</strong></span> <span class='ocrx_word' id='word_1_586' title='bbox 1350 4355 1476 4407; x_wconf 83' lang='lat' dir='ltr'><strong>sunt</strong></span> <span class='ocrx_word' id='word_1_587' title='bbox 1526 4349 2058 4421; x_wconf 76' lang='lat' dir='ltr'><strong>quidpiamcontin-</strong></span> 
     </span>
    </p>
   </div>
   <div class='ocr_carea' id='block_1_74' title="bbox 481 4436 2055 4509">
    <p class='ocr_par' dir='ltr' id='par_1_74' title="bbox 481 4436 2055 4509">
     <span class='ocr_line' id='line_1_75' title="bbox 481 4436 2055 4509; baseline 0.003 -18"><span class='ocrx_word' id='word_1_588' title='bbox 481 4456 500 4509; x_wconf 68' lang='grc' dir='ltr'><strong><em>ᾳ</em></strong></span> <span class='ocrx_word' id='word_1_589' title='bbox 547 4437 710 4509; x_wconf 84' lang='lat' dir='ltr'><strong>gatis,</strong></span> <span class='ocrx_word' id='word_1_590' title='bbox 756 4444 814 4501; x_wconf 85' lang='lat' dir='ltr'><strong>et</strong></span> <span class='ocrx_word' id='word_1_591' title='bbox 835 4436 954 4495; x_wconf 89' lang='lat' dir='ltr'><strong>sitis</strong></span> <span class='ocrx_word' id='word_1_592' title='bbox 1006 4436 1471 4507; x_wconf 78' lang='lat' dir='ltr'><strong>praevaricationis</strong></span> <span class='ocrx_word' id='word_1_593' title='bbox 1518 4438 1595 4505; x_wconf 84' lang='lat' dir='ltr'><strong>rei</strong></span> <span class='ocrx_word' id='word_1_594' title='bbox 1632 4479 1648 4505; x_wconf 84' lang='lat'><strong>,</strong></span> <span class='ocrx_word' id='word_1_595' title='bbox 1681 4447 1735 4495; x_wconf 88' lang='lat' dir='ltr'><strong>et</strong></span> <span class='ocrx_word' id='word_1_596' title='bbox 1755 4439 1936 4495; x_wconf 90' lang='lat' dir='ltr'><strong>omnia</strong></span> <span class='ocrx_word' id='word_1_597' title='bbox 1964 4454 2055 4496; x_wconf 88' lang='lat' dir='ltr'><strong>ca-</strong></span> 
     </span>
    </p>
   </div>
   <div class='ocr_carea' id='block_1_75' title="bbox 480 4528 2049 4601">
    <p class='ocr_par' dir='ltr' id='par_1_75' title="bbox 480 4528 2049 4601">
     <span class='ocr_line' id='line_1_76' title="bbox 480 4528 2049 4601; baseline 0.004 -21"><span class='ocrx_word' id='word_1_598' title='bbox 480 4549 499 4580; x_wconf 74' lang='grc' dir='ltr'>ι</span> <span class='ocrx_word' id='word_1_599' title='bbox 548 4538 659 4583; x_wconf 88' lang='lat' dir='ltr'><strong>stra</strong></span> <span class='ocrx_word' id='word_1_600' title='bbox 709 4529 874 4582; x_wconf 85' lang='lat' dir='ltr'><strong>Israel</strong></span> <span class='ocrx_word' id='word_1_601' title='bbox 909 4528 1011 4583; x_wconf 87' lang='lat' dir='ltr'><strong>sub</strong></span> <span class='ocrx_word' id='word_1_602' title='bbox 1045 4535 1291 4600; x_wconf 80' lang='lat' dir='ltr'><strong>peccato</strong></span> <span class='ocrx_word' id='word_1_603' title='bbox 1330 4529 1440 4585; x_wconf 90' lang='lat' dir='ltr'><strong>sint</strong></span> <span class='ocrx_word' id='word_1_604' title='bbox 1485 4537 1649 4601; x_wconf 91' lang='lat' dir='ltr'><strong>atque</strong></span> <span class='ocrx_word' id='word_1_605' title='bbox 1688 4531 1990 4600; x_wconf 88' lang='lat' dir='ltr'><strong>turbentur,</strong></span> <span class='ocrx_word' id='word_1_606' title='bbox 2026 4553 2049 4586; x_wconf 74' lang='grc' dir='ltr'><strong><em>ι</em></strong></span> 
     </span>
    </p>
   </div>
   <div class='ocr_carea' id='block_1_76' title="bbox 474 4618 2048 4691">
    <p class='ocr_par' dir='ltr' id='par_1_76' title="bbox 474 4618 2048 4691">
     <span class='ocr_line' id='line_1_77' title="bbox 474 4618 2048 4691; baseline 0.006 -22"><span class='ocrx_word' id='word_1_607' title='bbox 474 4628 539 4681; x_wconf 34' lang='grc' dir='ltr'><strong>ει.</strong></span> <span class='ocrx_word' id='word_1_608' title='bbox 560 4618 787 4686; x_wconf 86' lang='lat' dir='ltr'><strong>reliqua.</strong></span> <span class='ocrx_word' id='word_1_609' title='bbox 845 4619 993 4691; x_wconf 12' lang='lat' dir='ltr'><strong>Tale,</strong></span> <span class='ocrx_word' id='word_1_610' title='bbox 1020 4628 1103 4674; x_wconf 89' lang='lat' dir='ltr'><strong>est</strong></span> <span class='ocrx_word' id='word_1_611' title='bbox 1135 4619 1275 4691; x_wconf 89' lang='lat' dir='ltr'><strong>quod</strong></span> <span class='ocrx_word' id='word_1_612' title='bbox 1315 4620 1586 4678; x_wconf 86' lang='lat' dir='ltr'><strong>indicatur</strong></span> <span class='ocrx_word' id='word_1_613' title='bbox 1622 4623 1676 4679; x_wconf 87' lang='lat' dir='ltr'><strong>in</strong></span> <span class='ocrx_word' id='word_1_614' title='bbox 1707 4625 1791 4680; x_wconf 91' lang='lat' dir='ltr'><strong>his</strong></span> <span class='ocrx_word' id='word_1_615' title='bbox 1819 4625 2001 4683; x_wconf 85' lang='lat' dir='ltr'><strong>verbis</strong></span> <span class='ocrx_word' id='word_1_616' title='bbox 2034 4642 2048 4679; x_wconf 89' lang='lat'>:</span> 
     </span>
    </p>
   </div>
   <div class='ocr_carea' id='block_1_77' title="bbox 444 4694 2054 4789">
    <p class='ocr_par' dir='ltr' id='par_1_77' title="bbox 444 4694 2054 4789">
     <span class='ocr_line' id='line_1_78' title="bbox 444 4694 2054 4789; baseline 0.009 -30"><span class='ocrx_word' id='word_1_617' title='bbox 444 4694 667 4789; x_wconf 43' lang='lat' dir='ltr'><strong>:Yidete</strong></span> <span class='ocrx_word' id='word_1_618' title='bbox 692 4724 758 4765; x_wconf 89' lang='lat' dir='ltr'><strong>ue</strong></span> <span class='ocrx_word' id='word_1_619' title='bbox 782 4708 911 4785; x_wconf 86' lang='lat' dir='ltr'><strong>quid</strong></span> <span class='ocrx_word' id='word_1_620' title='bbox 940 4710 995 4765; x_wconf 90' lang='lat' dir='ltr'><strong>in</strong></span> <span class='ocrx_word' id='word_1_621' title='bbox 1029 4711 1183 4767; x_wconf 88' lang='lat' dir='ltr'><strong>vobis</strong></span> <span class='ocrx_word' id='word_1_622' title='bbox 1221 4714 1480 4787; x_wconf 72' lang='lat' dir='ltr'><strong>saeculare</strong></span> <span class='ocrx_word' id='word_1_623' title='bbox 1536 4715 1799 4785; x_wconf 88' lang='lat' dir='ltr'><strong>habeatis,</strong></span> <span class='ocrx_word' id='word_1_624' title='bbox 1835 4733 1903 4772; x_wconf 91' lang='lat' dir='ltr'><strong>ne</strong></span> <span class='ocrx_word' id='word_1_625' title='bbox 1951 4733 2054 4789; x_wconf 64' lang='lat' dir='ltr'><strong>sa:-</strong></span> 
     </span>
    </p>
   </div>
   <div class='ocr_carea' id='block_1_78' title="bbox 448 4782 2051 4877">
    <p class='ocr_par' dir='ltr' id='par_1_78' title="bbox 448 4782 2051 4877">
     <span class='ocr_line' id='line_1_79' title="bbox 448 4782 2051 4877; baseline 0.011 -32"><span class='ocrx_word' id='word_1_626' title='bbox 448 4782 690 4848; x_wconf 41' lang='lat' dir='ltr'><strong>&#39;culares</strong></span> <span class='ocrx_word' id='word_1_627' title='bbox 736 4782 1027 4877; x_wconf 80' lang='lat' dir='ltr'><strong>nequitias,</strong></span> <span class='ocrx_word' id='word_1_628' title='bbox 1058 4813 1126 4852; x_wconf 92' lang='lat' dir='ltr'><strong>ne</strong></span> <span class='ocrx_word' id='word_1_629' title='bbox 1162 4782 1685 4877; x_wconf 56' lang='lat' dir='ltr'><strong>tergiversationem</strong></span> <span class='ocrx_word' id='word_1_630' title='bbox 1742 4782 1808 4861; x_wconf 87' lang='lat' dir='ltr'><strong>de</strong></span> <span class='ocrx_word' id='word_1_631' title='bbox 1853 4782 2051 4875; x_wconf 80' lang='lat' dir='ltr'><strong>saeculo</strong></span> 
     </span>
    </p>
   </div>
   <div class='ocr_carea' id='block_1_79' title="bbox 474 4885 2054 4975">
    <p class='ocr_par' dir='ltr' id='par_1_79' title="bbox 474 4885 2054 4975">
     <span class='ocr_line' id='line_1_80' title="bbox 474 4885 2054 4975; baseline 0.011 -36"><span class='ocrx_word' id='word_1_632' title='bbox 474 4885 754 4963; x_wconf 55' lang='lat' dir='ltr'><strong>vobiscum</strong></span> <span class='ocrx_word' id='word_1_633' title='bbox 782 4889 848 4940; x_wconf 88' lang='lat' dir='ltr'><strong>ad</strong></span> <span class='ocrx_word' id='word_1_634' title='bbox 876 4886 1162 4946; x_wconf 88' lang='lat' dir='ltr'><strong>ecclesiam</strong></span> <span class='ocrx_word' id='word_1_635' title='bbox 1213 4891 1487 4962; x_wconf 74' lang='lat' dir='ltr'><strong>deieratis,</strong></span> <span class='ocrx_word' id='word_1_636' title='bbox 1522 4899 1616 4953; x_wconf 88' lang='lat' dir='ltr'><strong>sed</strong></span> <span class='ocrx_word' id='word_1_637' title='bbox 1646 4900 1931 4955; x_wconf 88' lang='lat' dir='ltr'><strong>anathema</strong></span> <span class='ocrx_word' id='word_1_638' title='bbox 1961 4917 2054 4975; x_wconf 75' lang='lat' dir='ltr'><strong>vp-</strong></span> 
     </span>
    </p>
   </div>
   <div class='ocr_carea' id='block_1_80' title="bbox 446 4974 2054 5047">
    <p class='ocr_par' dir='ltr' id='par_1_80' title="bbox 446 4974 2054 5047">
     <span class='ocr_line' id='line_1_81' title="bbox 446 4974 2054 5047; baseline 0.008 -14"><span class='ocrx_word' id='word_1_639' title='bbox 446 4975 560 5033; x_wconf 90' lang='lat' dir='ltr'><strong>.bis</strong></span> <span class='ocrx_word' id='word_1_640' title='bbox 589 4974 660 5030; x_wconf 88' lang='lat' dir='ltr'><strong>sit</strong></span> <span class='ocrx_word' id='word_1_641' title='bbox 702 4976 880 5033; x_wconf 92' lang='lat' dir='ltr'><strong>omnis</strong></span> <span class='ocrx_word' id='word_1_642' title='bbox 911 4984 1249 5039; x_wconf 89' lang='lat' dir='ltr'><strong>conversatio</strong></span> <span class='ocrx_word' id='word_1_643' title='bbox 1278 4985 1571 5041; x_wconf 64' lang='lat' dir='ltr'><strong>saecularis.</strong></span> <span class='ocrx_word' id='word_1_644' title='bbox 1622 4986 1800 5044; x_wconf 82' lang='lat' dir='ltr'><strong>Nolite</strong></span> <span class='ocrx_word' id='word_1_645' title='bbox 1852 4974 2054 5047; x_wconf 87' lang='lat' dir='ltr'><strong>divinis</strong></span> 
     </span>
    </p>
   </div>
   <div class='ocr_carea' id='block_1_81' title="bbox 477 5067 2058 5151">
    <p class='ocr_par' dir='ltr' id='par_1_81' title="bbox 477 5067 2058 5151">
     <span class='ocr_line' id='line_1_82' title="bbox 477 5067 2058 5151; baseline 0.012 -33"><span class='ocrx_word' id='word_1_646' title='bbox 477 5067 753 5151; x_wconf 75' lang='lat' dir='ltr'><strong>mundana</strong></span> <span class='ocrx_word' id='word_1_647' title='bbox 778 5067 1027 5134; x_wconf 88' lang='lat' dir='ltr'><strong>miscere,</strong></span> <span class='ocrx_word' id='word_1_648' title='bbox 1060 5072 1222 5131; x_wconf 86' lang='lat' dir='ltr'><strong>nolite</strong></span> <span class='ocrx_word' id='word_1_649' title='bbox 1279 5076 1493 5151; x_wconf 79' lang='lat' dir='ltr'><strong>negotia</strong></span> <span class='ocrx_word' id='word_1_650' title='bbox 1540 5078 1824 5135; x_wconf 57' lang='lat' dir='ltr'><strong>saecularia</strong></span> <span class='ocrx_word' id='word_1_651' title='bbox 1874 5078 2058 5137; x_wconf 89' lang='lat' dir='ltr'><strong>Eccle-</strong></span> 
     </span>
    </p>
   </div>
   <div class='ocr_carea' id='block_1_82' title="bbox 477 5159 2056 5251">
    <p class='ocr_par' dir='ltr' id='par_1_82' title="bbox 477 5159 2056 5251">
     <span class='ocr_line' id='line_1_83' title="bbox 477 5159 2056 5251; baseline 0.011 -38"><span class='ocrx_word' id='word_1_652' title='bbox 477 5159 572 5215; x_wconf 64' lang='lat' dir='ltr'><strong>sia:</strong></span> <span class='ocrx_word' id='word_1_653' title='bbox 602 5161 840 5233; x_wconf 85' lang='lat' dir='ltr'><strong>servitiis</strong></span> <span class='ocrx_word' id='word_1_654' title='bbox 897 5162 1156 5221; x_wconf 89' lang='lat' dir='ltr'><strong>inserere.</strong></span> <span class='ocrx_word' id='word_1_655' title='bbox 1191 5164 1303 5223; x_wconf 84' lang='lat' dir='ltr'><strong>Hoc</strong></span> <span class='ocrx_word' id='word_1_656' title='bbox 1339 5177 1422 5245; x_wconf 83' lang='lat' dir='ltr'><strong>est</strong></span> <span class='ocrx_word' id='word_1_657' title='bbox 1464 5171 1609 5243; x_wconf 84' lang='lat' dir='ltr'><strong>quod</strong></span> <span class='ocrx_word' id='word_1_658' title='bbox 1644 5169 1882 5229; x_wconf 89' lang='lat' dir='ltr'><strong>Ioannes</strong></span> <span class='ocrx_word' id='word_1_659' title='bbox 1928 5174 2056 5251; x_wconf 74' lang='lat' dir='ltr'><strong>Epi-</strong></span> 
     </span>
    </p>
   </div>
   <div class='ocr_carea' id='block_1_83' title="bbox 448 5249 2055 5341">
    <p class='ocr_par' dir='ltr' id='par_1_83' title="bbox 448 5249 2055 5341">
     <span class='ocr_line' id='line_1_84' title="bbox 448 5249 2055 5341; baseline 0.012 -37"><span class='ocrx_word' id='word_1_660' title='bbox 448 5249 627 5335; x_wconf 78' lang='lat' dir='ltr'><strong>stulae</strong></span> <span class='ocrx_word' id='word_1_661' title='bbox 653 5267 763 5307; x_wconf 79' lang='lat' dir='ltr'><strong>suae</strong></span> <span class='ocrx_word' id='word_1_662' title='bbox 786 5261 1046 5321; x_wconf 88' lang='lat' dir='ltr'><strong>personat</strong></span> <span class='ocrx_word' id='word_1_663' title='bbox 1093 5256 1241 5319; x_wconf 89' lang='lat' dir='ltr'><strong>tuba,</strong></span> <span class='ocrx_word' id='word_1_664' title='bbox 1270 5259 1456 5317; x_wconf 91' lang='lat' dir='ltr'><strong>dicens</strong></span> <span class='ocrx_word' id='word_1_665' title='bbox 1482 5280 1495 5314; x_wconf 88' lang='lat'>:</span> <span class='ocrx_word' id='word_1_666' title='bbox 1526 5281 1551 5321; x_wconf 61' lang='grc' dir='ltr'><em>ι</em></span> <span class='ocrx_word' id='word_1_667' title='bbox 1587 5260 1767 5320; x_wconf 83' lang='lat' dir='ltr'><strong>Nolite</strong></span> <span class='ocrx_word' id='word_1_668' title='bbox 1826 5266 2055 5341; x_wconf 83' lang='lat' dir='ltr'><strong>diligere</strong></span> 
     </span>
    </p>
   </div>
   <div class='ocr_carea' id='block_1_84' title="bbox 474 5341 2047 5429">
    <p class='ocr_par' dir='ltr' id='par_1_84' title="bbox 474 5341 2047 5429">
     <span class='ocr_line' id='line_1_85' title="bbox 474 5341 2047 5429; baseline 0.013 -37"><span class='ocrx_word' id='word_1_669' title='bbox 474 5341 766 5411; x_wconf 86' lang='lat' dir='ltr'><strong>mundum,</strong></span> <span class='ocrx_word' id='word_1_670' title='bbox 817 5358 989 5429; x_wconf 85' lang='lat' dir='ltr'><strong>neque</strong></span> <span class='ocrx_word' id='word_1_671' title='bbox 1029 5360 1092 5401; x_wconf 89' lang='lat' dir='ltr'><strong>ea</strong></span> <span class='ocrx_word' id='word_1_672' title='bbox 1146 5360 1269 5419; x_wconf 66' lang='lat' dir='ltr'><strong>quae</strong></span> <span class='ocrx_word' id='word_1_673' title='bbox 1308 5349 1371 5429; x_wconf 81' lang='lat' dir='ltr'><strong>in</strong></span> <span class='ocrx_word' id='word_1_674' title='bbox 1416 5354 1618 5410; x_wconf 91' lang='lat' dir='ltr'><strong>mundo</strong></span> <span class='ocrx_word' id='word_1_675' title='bbox 1652 5363 1778 5411; x_wconf 86' lang='lat' dir='ltr'><strong>sunt</strong></span> <span class='ocrx_word' id='word_1_676' title='bbox 1809 5353 1860 5428; x_wconf 87' lang='grc' dir='ltr'><strong>(Ι</strong></span> <span class='ocrx_word' id='word_1_677' title='bbox 1886 5356 2047 5414; x_wconf 79' lang='lat' dir='ltr'><strong>Joan.</strong></span> 
     </span>
    </p>
   </div>
   <div class='ocr_carea' id='block_1_85' title="bbox 475 5429 2054 5518">
    <p class='ocr_par' dir='ltr' id='par_1_85' title="bbox 475 5429 2054 5518">
     <span class='ocr_line' id='line_1_86' title="bbox 475 5429 2054 5518; baseline 0.008 -29"><span class='ocrx_word' id='word_1_678' title='bbox 475 5429 563 5505; x_wconf 85' lang='grc' dir='ltr'><strong>ιι).</strong></span> <span class='ocrx_word' id='word_1_679' title='bbox 600 5452 619 5483; x_wconf 77' lang='grc' dir='ltr'><strong><em>ι</em></strong></span> <span class='ocrx_word' id='word_1_680' title='bbox 652 5432 717 5507; x_wconf 73' lang='lat' dir='ltr'><strong>Et</strong></span> <span class='ocrx_word' id='word_1_681' title='bbox 741 5431 940 5511; x_wconf 78' lang='lat' dir='ltr'><strong>Paulus</strong></span> <span class='ocrx_word' id='word_1_682' title='bbox 972 5436 1222 5492; x_wconf 90' lang='lat' dir='ltr'><strong>similiter</strong></span> <span class='ocrx_word' id='word_1_683' title='bbox 1252 5455 1266 5493; x_wconf 86' lang='lat'><strong>:</strong></span> <span class='ocrx_word' id='word_1_684' title='bbox 1305 5457 1324 5490; x_wconf 76' lang='grc' dir='ltr'><strong><em>ι</em></strong></span> <span class='ocrx_word' id='word_1_685' title='bbox 1358 5437 1558 5509; x_wconf 86' lang='lat' dir='ltr'><strong>Nolite,</strong></span> <span class='ocrx_word' id='word_1_686' title='bbox 1597 5464 1615 5495; x_wconf 77' lang='grc' dir='ltr'><strong><em>ι</em></strong></span> <span class='ocrx_word' id='word_1_687' title='bbox 1648 5446 1846 5518; x_wconf 88' lang='lat' dir='ltr'><strong>inquit,</strong></span> <span class='ocrx_word' id='word_1_688' title='bbox 1879 5466 1897 5498; x_wconf 69' lang='grc' dir='ltr'>ς</span> <span class='ocrx_word' id='word_1_689' title='bbox 1929 5463 2054 5515; x_wconf 82' lang='lat' dir='ltr'><strong>con-</strong></span> 
     </span>
    </p>
   </div>
   <div class='ocr_carea' id='block_1_86' title="bbox 478 5522 2053 5605">
    <p class='ocr_par' dir='ltr' id='par_1_86' title="bbox 478 5522 2053 5605">
     <span class='ocr_line' id='line_1_87' title="bbox 478 5522 2053 5605; baseline 0.011 -28"><span class='ocrx_word' id='word_1_690' title='bbox 478 5522 699 5579; x_wconf 86' lang='lat' dir='ltr'><strong>formari</strong></span> <span class='ocrx_word' id='word_1_691' title='bbox 732 5525 858 5581; x_wconf 91' lang='lat' dir='ltr'><strong>huic</strong></span> <span class='ocrx_word' id='word_1_692' title='bbox 905 5529 1099 5593; x_wconf 63' lang='lat' dir='ltr'><strong>saeculo</strong></span> <span class='ocrx_word' id='word_1_693' title='bbox 1135 5528 1306 5603; x_wconf 85' lang='lat' dir='ltr'><strong>(Rom.</strong></span> <span class='ocrx_word' id='word_1_694' title='bbox 1357 5530 1502 5603; x_wconf 82' lang='lat' dir='ltr'><strong>xu);</strong></span> <span class='ocrx_word' id='word_1_695' title='bbox 1549 5553 1568 5585; x_wconf 72' lang='grc' dir='ltr'><strong>ι</strong></span> <span class='ocrx_word' id='word_1_696' title='bbox 1601 5537 1695 5605; x_wconf 91' lang='lat' dir='ltr'><strong>qui</strong></span> <span class='ocrx_word' id='word_1_697' title='bbox 1754 5538 1897 5594; x_wconf 90' lang='lat' dir='ltr'><strong>enim</strong></span> <span class='ocrx_word' id='word_1_698' title='bbox 1949 5539 2053 5594; x_wconf 86' lang='lat' dir='ltr'><strong>hoc</strong></span> 
     </span>
    </p>
   </div>
   <div class='ocr_carea' id='block_1_87' title="bbox 440 5606 2051 5702">
    <p class='ocr_par' dir='ltr' id='par_1_87' title="bbox 440 5606 2051 5702">
     <span class='ocr_line' id='line_1_88' title="bbox 440 5606 2051 5702; baseline 0.01 -33"><span class='ocrx_word' id='word_1_699' title='bbox 440 5680 445 5685; x_wconf 26' lang='grc' dir='ltr'>ι</span> <span class='ocrx_word' id='word_1_700' title='bbox 478 5610 709 5682; x_wconf 83' lang='lat' dir='ltr'><strong>faciunt,</strong></span> <span class='ocrx_word' id='word_1_701' title='bbox 760 5619 1031 5691; x_wconf 90' lang='lat' dir='ltr'><strong>accipiunt</strong></span> <span class='ocrx_word' id='word_1_702' title='bbox 1085 5623 1151 5689; x_wconf 85' lang='lat' dir='ltr'><strong>de</strong></span> <span class='ocrx_word' id='word_1_703' title='bbox 1183 5624 1548 5681; x_wconf 84' lang='lat' dir='ltr'><strong>anathemate.</strong></span> <span class='ocrx_word' id='word_1_704' title='bbox 1607 5624 1731 5685; x_wconf 88' lang='lat' dir='ltr'><strong>Sed.</strong></span> <span class='ocrx_word' id='word_1_705' title='bbox 1767 5629 1925 5685; x_wconf 87' lang='lat' dir='ltr'><strong>etilli</strong></span> <span class='ocrx_word' id='word_1_706' title='bbox 1956 5606 2051 5702; x_wconf 82' lang='lat' dir='ltr'><strong>qui</strong></span> 
     </span>
    </p>
   </div>
   <div class='ocr_carea' id='block_1_88' title="bbox 481 5703 2053 5799">
    <p class='ocr_par' dir='ltr' id='par_1_88' title="bbox 481 5703 2053 5799">
     <span class='ocr_line' id='line_1_89' title="bbox 481 5703 2053 5799; baseline 0.01 -36"><span class='ocrx_word' id='word_1_707' title='bbox 481 5703 654 5789; x_wconf 84' lang='lat' dir='ltr'><strong>(verbi</strong></span> <span class='ocrx_word' id='word_1_708' title='bbox 679 5709 867 5783; x_wconf 74' lang='lat' dir='ltr'><strong>causa)</strong></span> <span class='ocrx_word' id='word_1_709' title='bbox 895 5726 1021 5799; x_wconf 81' lang='lat' dir='ltr'><strong>cum</strong></span> <span class='ocrx_word' id='word_1_710' title='bbox 1042 5713 1336 5797; x_wconf 81' lang='lat' dir='ltr'><strong>Christiani</strong></span> <span class='ocrx_word' id='word_1_711' title='bbox 1360 5715 1490 5793; x_wconf 77' lang='lat' dir='ltr'><strong>sint,</strong></span> <span class='ocrx_word' id='word_1_712' title='bbox 1526 5717 2053 5797; x_wconf 64' lang='lat' dir='ltr'><strong>solemnitatesgeu-</strong></span> 
     </span>
    </p>
   </div>
   <div class='ocr_carea' id='block_1_89' title="bbox 2155 3238 3733 3314">
    <p class='ocr_par' dir='ltr' id='par_1_89' title="bbox 2155 3238 3733 3314">
     <span class='ocr_line' id='line_1_90' title="bbox 2155 3238 3733 3314; baseline 0.001 -19"><span class='ocrx_word' id='word_1_713' title='bbox 2155 3238 2299 3295; x_wconf 91' lang='lat' dir='ltr'><strong>diem</strong></span> <span class='ocrx_word' id='word_1_714' title='bbox 2332 3238 2483 3314; x_wconf 83' lang='lat' dir='ltr'><strong>(Gen.</strong></span> <span class='ocrx_word' id='word_1_715' title='bbox 2539 3242 2678 3313; x_wconf 75' lang='lat' dir='ltr'><strong>xix),</strong></span> <span class='ocrx_word' id='word_1_716' title='bbox 2736 3261 2752 3295; x_wconf 73' lang='grc' dir='ltr'><strong>ι</strong></span> <span class='ocrx_word' id='word_1_717' title='bbox 2796 3243 2941 3312; x_wconf 93' lang='lat' dir='ltr'><strong>quod</strong></span> <span class='ocrx_word' id='word_1_718' title='bbox 2981 3241 3272 3313; x_wconf 76' lang='lat' dir='ltr'><strong>signiﬁcat,</strong></span> <span class='ocrx_word' id='word_1_719' title='bbox 3322 3258 3493 3313; x_wconf 89' lang='lat' dir='ltr'><strong>usque</strong></span> <span class='ocrx_word' id='word_1_720' title='bbox 3518 3244 3733 3297; x_wconf 82' lang='lat' dir='ltr'><strong>incon-</strong></span> 
     </span>
    </p>
   </div>
   <div class='ocr_carea' id='block_1_90' title="bbox 2158 3332 3737 3407">
    <p class='ocr_par' dir='ltr' id='par_1_90' title="bbox 2158 3332 3737 3407">
     <span class='ocr_line' id='line_1_91' title="bbox 2158 3332 3737 3407; baseline 0.001 -19"><span class='ocrx_word' id='word_1_721' title='bbox 2158 3333 2573 3389; x_wconf 90' lang='lat' dir='ltr'><strong>summatiouem</strong></span> <span class='ocrx_word' id='word_1_722' title='bbox 2600 3334 2802 3389; x_wconf 74' lang='lat' dir='ltr'><strong>saeculi.</strong></span> <span class='ocrx_word' id='word_1_723' title='bbox 2833 3334 2901 3389; x_wconf 87' lang='lat' dir='ltr'><strong>Et</strong></span> <span class='ocrx_word' id='word_1_724' title='bbox 2930 3335 3129 3390; x_wconf 87' lang='lat' dir='ltr'><strong>iterum</strong></span> <span class='ocrx_word' id='word_1_725' title='bbox 3176 3336 3231 3389; x_wconf 93' lang='lat' dir='ltr'><strong>in</strong></span> <span class='ocrx_word' id='word_1_726' title='bbox 3268 3334 3558 3407; x_wconf 83' lang='lat' dir='ltr'><strong>Evangelio</strong></span> <span class='ocrx_word' id='word_1_727' title='bbox 3603 3332 3737 3393; x_wconf 78' lang='lat' dir='ltr'><strong>dici-</strong></span> 
     </span>
    </p>
   </div>
   <div class='ocr_carea' id='block_1_91' title="bbox 2158 3422 3738 3497">
    <p class='ocr_par' dir='ltr' id='par_1_91' title="bbox 2158 3422 3738 3497">
     <span class='ocr_line' id='line_1_92' title="bbox 2158 3422 3738 3497; baseline 0.004 -21"><span class='ocrx_word' id='word_1_728' title='bbox 2158 3429 2247 3476; x_wconf 89' lang='lat' dir='ltr'><strong>tur</strong></span> <span class='ocrx_word' id='word_1_729' title='bbox 2277 3441 2288 3477; x_wconf 91' lang='lat'>:</span> <span class='ocrx_word' id='word_1_730' title='bbox 2326 3440 2345 3474; x_wconf 78' lang='grc' dir='ltr'>ι</span> <span class='ocrx_word' id='word_1_731' title='bbox 2389 3422 2526 3490; x_wconf 83' lang='lat' dir='ltr'><strong>Quia</strong></span> <span class='ocrx_word' id='word_1_732' title='bbox 2557 3423 2864 3479; x_wconf 71' lang='lat' dir='ltr'><strong>diffamatus</strong></span> <span class='ocrx_word' id='word_1_733' title='bbox 2892 3434 2978 3480; x_wconf 89' lang='lat' dir='ltr'><strong>est</strong></span> <span class='ocrx_word' id='word_1_734' title='bbox 3020 3425 3111 3480; x_wconf 90' lang='lat' dir='ltr'><strong>hic</strong></span> <span class='ocrx_word' id='word_1_735' title='bbox 3143 3441 3326 3482; x_wconf 89' lang='lat' dir='ltr'><strong>sermo</strong></span> <span class='ocrx_word' id='word_1_736' title='bbox 3359 3427 3505 3497; x_wconf 89' lang='lat' dir='ltr'><strong>apud</strong></span> <span class='ocrx_word' id='word_1_737' title='bbox 3525 3425 3738 3482; x_wconf 69' lang='lat' dir='ltr'><strong>Iudaea</strong></span> 
     </span>
    </p>
   </div>
   <div class='ocr_carea' id='block_1_92' title="bbox 2156 3514 3739 3589">
    <p class='ocr_par' dir='ltr' id='par_1_92' title="bbox 2156 3514 3739 3589">
     <span class='ocr_line' id='line_1_93' title="bbox 2156 3514 3739 3589; baseline 0.002 -20"><span class='ocrx_word' id='word_1_738' title='bbox 2156 3528 2327 3585; x_wconf 88' lang='lat' dir='ltr'><strong>usque</strong></span> <span class='ocrx_word' id='word_1_739' title='bbox 2352 3515 2410 3570; x_wconf 90' lang='lat' dir='ltr'><strong>in</strong></span> <span class='ocrx_word' id='word_1_740' title='bbox 2431 3515 2757 3571; x_wconf 89' lang='lat' dir='ltr'><strong>hodiernum</strong></span> <span class='ocrx_word' id='word_1_741' title='bbox 2799 3517 2942 3572; x_wconf 91' lang='lat' dir='ltr'><strong>diem</strong></span> <span class='ocrx_word' id='word_1_742' title='bbox 2995 3514 3212 3589; x_wconf 75' lang='lat' dir='ltr'><strong>(Matth.</strong></span> <span class='ocrx_word' id='word_1_743' title='bbox 3236 3517 3456 3588; x_wconf 72' lang='lat' dir='ltr'><strong>xxvru),</strong></span> <span class='ocrx_word' id='word_1_744' title='bbox 3488 3535 3509 3568; x_wconf 81' lang='grc' dir='ltr'><strong><em>ι</em></strong></span> <span class='ocrx_word' id='word_1_745' title='bbox 3550 3517 3739 3584; x_wconf 81' lang='lat' dir='ltr'><strong>idest,</strong></span> 
     </span>
    </p>
   </div>
   <div class='ocr_carea' id='block_1_93' title="bbox 2158 3610 3742 3682">
    <p class='ocr_par' dir='ltr' id='par_1_93' title="bbox 2158 3610 3742 3682">
     <span class='ocr_line' id='line_1_94' title="bbox 2158 3610 3742 3682; baseline 0 -17"><span class='ocrx_word' id='word_1_746' title='bbox 2158 3625 2438 3682; x_wconf 90' lang='lat' dir='ltr'><strong>usquequo</strong></span> <span class='ocrx_word' id='word_1_747' title='bbox 2481 3610 2737 3665; x_wconf 56' lang='lat' dir='ltr'><strong>saeculum</strong></span> <span class='ocrx_word' id='word_1_748' title='bbox 2767 3618 2895 3666; x_wconf 84' lang='lat' dir='ltr'><strong>stat.</strong></span> <span class='ocrx_word' id='word_1_749' title='bbox 2942 3611 3091 3666; x_wconf 86' lang='lat' dir='ltr'><strong>Raab</strong></span> <span class='ocrx_word' id='word_1_750' title='bbox 3117 3624 3245 3666; x_wconf 88' lang='lat' dir='ltr'><strong>vero</strong></span> <span class='ocrx_word' id='word_1_751' title='bbox 3279 3610 3479 3665; x_wconf 85' lang='lat' dir='ltr'><strong>mulier</strong></span> <span class='ocrx_word' id='word_1_752' title='bbox 3504 3622 3742 3679; x_wconf 85' lang='lat' dir='ltr'><strong>quomo-</strong></span> 
     </span>
    </p>
   </div>
   <div class='ocr_carea' id='block_1_94' title="bbox 2157 3697 3746 3769">
    <p class='ocr_par' dir='ltr' id='par_1_94' title="bbox 2157 3697 3746 3769">
     <span class='ocr_line' id='line_1_95' title="bbox 2157 3697 3746 3769; baseline -0.001 -13"><span class='ocrx_word' id='word_1_753' title='bbox 2157 3701 2226 3756; x_wconf 91' lang='lat' dir='ltr'><strong>do</strong></span> <span class='ocrx_word' id='word_1_754' title='bbox 2254 3699 2464 3769; x_wconf 84' lang='lat' dir='ltr'><strong>adjecta</strong></span> <span class='ocrx_word' id='word_1_755' title='bbox 2501 3715 2620 3757; x_wconf 88' lang='lat' dir='ltr'><strong>esse</strong></span> <span class='ocrx_word' id='word_1_756' title='bbox 2648 3700 2848 3756; x_wconf 89' lang='lat' dir='ltr'><strong>dicitur</strong></span> <span class='ocrx_word' id='word_1_757' title='bbox 2901 3702 3083 3757; x_wconf 90' lang='lat' dir='ltr'><strong>domui</strong></span> <span class='ocrx_word' id='word_1_758' title='bbox 3125 3698 3285 3756; x_wconf 87' lang='lat' dir='ltr'><strong>Israel</strong></span> <span class='ocrx_word' id='word_1_759' title='bbox 3326 3714 3498 3768; x_wconf 89' lang='lat' dir='ltr'><strong>usque</strong></span> <span class='ocrx_word' id='word_1_760' title='bbox 3542 3699 3597 3753; x_wconf 90' lang='lat' dir='ltr'><strong>in</strong></span> <span class='ocrx_word' id='word_1_761' title='bbox 3628 3697 3746 3754; x_wconf 83' lang='lat' dir='ltr'><strong>ho-</strong></span> 
     </span>
    </p>
   </div>
   <div class='ocr_carea' id='block_1_95' title="bbox 2157 3790 3740 3862">
    <p class='ocr_par' dir='ltr' id='par_1_95' title="bbox 2157 3790 3740 3862">
     <span class='ocr_line' id='line_1_96' title="bbox 2157 3790 3740 3862; baseline -0.002 -14"><span class='ocrx_word' id='word_1_762' title='bbox 2157 3792 2403 3848; x_wconf 90' lang='lat' dir='ltr'><strong>diernum</strong></span> <span class='ocrx_word' id='word_1_763' title='bbox 2428 3792 2616 3847; x_wconf 83' lang='lat' dir='ltr'><strong>diem?</strong></span> <span class='ocrx_word' id='word_1_764' title='bbox 2642 3791 2895 3862; x_wconf 75' lang='lat' dir='ltr'><strong>Nunquid</strong></span> <span class='ocrx_word' id='word_1_765' title='bbox 2948 3808 3058 3848; x_wconf 91' lang='lat' dir='ltr'><strong>non</strong></span> <span class='ocrx_word' id='word_1_766' title='bbox 3107 3791 3262 3846; x_wconf 85' lang='lat' dir='ltr'><strong>matri</strong></span> <span class='ocrx_word' id='word_1_767' title='bbox 3294 3790 3575 3846; x_wconf 84' lang='lat' dir='ltr'><strong>successio</strong></span> <span class='ocrx_word' id='word_1_768' title='bbox 3634 3804 3740 3861; x_wconf 85' lang='lat' dir='ltr'><strong>po-</strong></span> 
     </span>
    </p>
   </div>
   <div class='ocr_carea' id='block_1_96' title="bbox 2157 3882 3741 3954">
    <p class='ocr_par' dir='ltr' id='par_1_96' title="bbox 2157 3882 3741 3954">
     <span class='ocr_line' id='line_1_97' title="bbox 2157 3882 3741 3954; baseline -0.001 -16"><span class='ocrx_word' id='word_1_769' title='bbox 2157 3883 2423 3939; x_wconf 87' lang='lat' dir='ltr'><strong>steritatis</strong></span> <span class='ocrx_word' id='word_1_770' title='bbox 2458 3885 2769 3951; x_wconf 90' lang='lat' dir='ltr'><strong>ascribitur,</strong></span> <span class='ocrx_word' id='word_1_771' title='bbox 2822 3892 2884 3939; x_wconf 88' lang='lat' dir='ltr'><strong>ut</strong></span> <span class='ocrx_word' id='word_1_772' title='bbox 2913 3885 3163 3940; x_wconf 90' lang='lat' dir='ltr'><strong>videatur</strong></span> <span class='ocrx_word' id='word_1_773' title='bbox 3204 3884 3262 3938; x_wconf 91' lang='lat' dir='ltr'><strong>in</strong></span> <span class='ocrx_word' id='word_1_774' title='bbox 3287 3883 3494 3939; x_wconf 86' lang='lat' dir='ltr'><strong>sobolis</strong></span> <span class='ocrx_word' id='word_1_775' title='bbox 3519 3882 3741 3954; x_wconf 75' lang='lat' dir='ltr'><strong>repara-</strong></span> 
     </span>
    </p>
   </div>
   <div class='ocr_carea' id='block_1_97' title="bbox 2161 3973 3739 4047">
    <p class='ocr_par' dir='ltr' id='par_1_97' title="bbox 2161 3973 3739 4047">
     <span class='ocr_line' id='line_1_98' title="bbox 2161 3973 3739 4047; baseline -0.002 -16"><span class='ocrx_word' id='word_1_776' title='bbox 2161 3977 2303 4032; x_wconf 85' lang='lat' dir='ltr'><strong>tione</strong></span> <span class='ocrx_word' id='word_1_777' title='bbox 2325 3974 2572 4032; x_wconf 87' lang='lat' dir='ltr'><strong>servari?</strong></span> <span class='ocrx_word' id='word_1_778' title='bbox 2602 3992 2670 4033; x_wconf 89' lang='lat' dir='ltr'><strong>an</strong></span> <span class='ocrx_word' id='word_1_779' title='bbox 2700 3977 2871 4046; x_wconf 84' lang='lat' dir='ltr'><strong>magis</strong></span> <span class='ocrx_word' id='word_1_780' title='bbox 2899 3975 3311 4047; x_wconf 89' lang='lat' dir='ltr'><strong>intelligendum</strong></span> <span class='ocrx_word' id='word_1_781' title='bbox 3338 3985 3424 4031; x_wconf 80' lang='lat' dir='ltr'><strong>est</strong></span> <span class='ocrx_word' id='word_1_782' title='bbox 3449 3973 3587 4045; x_wconf 89' lang='lat' dir='ltr'><strong>quod</strong></span> <span class='ocrx_word' id='word_1_783' title='bbox 3606 3984 3739 4028; x_wconf 75' lang='lat' dir='ltr'><strong>vere</strong></span> 
     </span>
    </p>
   </div>
   <div class='ocr_carea' id='block_1_98' title="bbox 2160 4060 3736 4139">
    <p class='ocr_par' dir='ltr' id='par_1_98' title="bbox 2160 4060 3736 4139">
     <span class='ocr_line' id='line_1_99' title="bbox 2160 4060 3736 4139; baseline -0.002 -16"><span class='ocrx_word' id='word_1_784' title='bbox 2160 4068 2345 4124; x_wconf 86' lang='lat' dir='ltr'><strong>Israeli</strong></span> <span class='ocrx_word' id='word_1_785' title='bbox 2373 4066 2563 4137; x_wconf 87' lang='lat' dir='ltr'><strong>juncta</strong></span> <span class='ocrx_word' id='word_1_786' title='bbox 2593 4078 2680 4124; x_wconf 92' lang='lat' dir='ltr'><strong>est</strong></span> <span class='ocrx_word' id='word_1_787' title='bbox 2720 4085 2785 4124; x_wconf 91' lang='lat' dir='ltr'><strong>ac</strong></span> <span class='ocrx_word' id='word_1_788' title='bbox 2834 4069 3039 4125; x_wconf 88' lang='lat' dir='ltr'><strong>sociata</strong></span> <span class='ocrx_word' id='word_1_789' title='bbox 3078 4082 3253 4139; x_wconf 90' lang='lat' dir='ltr'><strong>usque</strong></span> <span class='ocrx_word' id='word_1_790' title='bbox 3306 4068 3366 4123; x_wconf 90' lang='lat' dir='ltr'><strong>in</strong></span> <span class='ocrx_word' id='word_1_791' title='bbox 3423 4060 3736 4123; x_wconf 65' lang='lat' dir='ltr'><strong>hodiernum</strong></span> 
     </span>
    </p>
   </div>
   <div class='ocr_carea' id='block_1_99' title="bbox 2159 4154 3740 4233">
    <p class='ocr_par' dir='ltr' id='par_1_99' title="bbox 2159 4154 3740 4233">
     <span class='ocr_line' id='line_1_100' title="bbox 2159 4154 3740 4233; baseline -0.003 -17"><span class='ocrx_word' id='word_1_792' title='bbox 2159 4159 2344 4217; x_wconf 89' lang='lat' dir='ltr'><strong>diem?</strong></span> <span class='ocrx_word' id='word_1_793' title='bbox 2381 4156 2449 4214; x_wconf 85' lang='lat' dir='ltr'><strong>Et</strong></span> <span class='ocrx_word' id='word_1_794' title='bbox 2477 4159 2521 4214; x_wconf 92' lang='lat' dir='ltr'><strong>si</strong></span> <span class='ocrx_word' id='word_1_795' title='bbox 2549 4160 2630 4214; x_wconf 92' lang='lat' dir='ltr'><strong>vis</strong></span> <span class='ocrx_word' id='word_1_796' title='bbox 2668 4158 3011 4215; x_wconf 87' lang='lat' dir='ltr'><strong>manifestius</strong></span> <span class='ocrx_word' id='word_1_797' title='bbox 3062 4158 3249 4215; x_wconf 88' lang='lat' dir='ltr'><strong>videre</strong></span> <span class='ocrx_word' id='word_1_798' title='bbox 3294 4158 3553 4233; x_wconf 90' lang='lat' dir='ltr'><strong>quomodo</strong></span> <span class='ocrx_word' id='word_1_799' title='bbox 3573 4154 3740 4211; x_wconf 79' lang='lat' dir='ltr'><strong>Raab</strong></span> 
     </span>
    </p>
   </div>
   <div class='ocr_carea' id='block_1_100' title="bbox 2150 4247 3741 4323">
    <p class='ocr_par' dir='ltr' id='par_1_100' title="bbox 2150 4247 3741 4323">
     <span class='ocr_line' id='line_1_101' title="bbox 2150 4247 3741 4323; baseline -0.002 -18"><span class='ocrx_word' id='word_1_800' title='bbox 2150 4250 2396 4323; x_wconf 77' lang='lat' dir='ltr'><strong>jungitur</strong></span> <span class='ocrx_word' id='word_1_801' title='bbox 2437 4250 2644 4317; x_wconf 88' lang='lat' dir='ltr'><strong>lsraeli,</strong></span> <span class='ocrx_word' id='word_1_802' title='bbox 2700 4252 2912 4308; x_wconf 89' lang='lat' dir='ltr'><strong>intuere</strong></span> <span class='ocrx_word' id='word_1_803' title='bbox 2960 4250 3236 4322; x_wconf 87' lang='lat' dir='ltr'><strong>quomodo</strong></span> <span class='ocrx_word' id='word_1_804' title='bbox 3282 4264 3472 4304; x_wconf 90' lang='lat' dir='ltr'><strong>ramus</strong></span> <span class='ocrx_word' id='word_1_805' title='bbox 3518 4247 3741 4302; x_wconf 88' lang='lat' dir='ltr'><strong>oleastri</strong></span> 
     </span>
    </p>
   </div>
   <div class='ocr_carea' id='block_1_101' title="bbox 2157 4343 3721 4413">
    <p class='ocr_par' dir='ltr' id='par_1_101' title="bbox 2157 4343 3721 4413">
     <span class='ocr_line' id='line_1_102' title="bbox 2157 4343 3721 4413; baseline -0.003 -14"><span class='ocrx_word' id='word_1_806' title='bbox 2157 4343 2415 4400; x_wconf 91' lang='lat' dir='ltr'><strong>inseritur</strong></span> <span class='ocrx_word' id='word_1_807' title='bbox 2437 4344 2493 4398; x_wconf 91' lang='lat' dir='ltr'><strong>in</strong></span> <span class='ocrx_word' id='word_1_808' title='bbox 2532 4343 2770 4403; x_wconf 88' lang='lat' dir='ltr'><strong>radicem</strong></span> <span class='ocrx_word' id='word_1_809' title='bbox 2799 4344 2954 4399; x_wconf 66' lang='lat' dir='ltr'><strong>bona:</strong></span> <span class='ocrx_word' id='word_1_810' title='bbox 2993 4343 3188 4409; x_wconf 73' lang='lat' dir='ltr'><strong>olivre;</strong></span> <span class='ocrx_word' id='word_1_811' title='bbox 3219 4351 3276 4398; x_wconf 89' lang='lat' dir='ltr'><strong>et</strong></span> <span class='ocrx_word' id='word_1_812' title='bbox 3314 4343 3577 4413; x_wconf 87' lang='lat' dir='ltr'><strong>intelliges</strong></span> <span class='ocrx_word' id='word_1_813' title='bbox 3609 4356 3721 4410; x_wconf 88' lang='lat' dir='ltr'><strong>quo</strong></span> 
     </span>
    </p>
   </div>
   <div class='ocr_carea' id='block_1_102' title="bbox 2158 4432 3743 4513">
    <p class='ocr_par' dir='ltr' id='par_1_102' title="bbox 2158 4432 3743 4513">
     <span class='ocr_line' id='line_1_103' title="bbox 2158 4432 3743 4513; baseline -0.003 -23"><span class='ocrx_word' id='word_1_814' title='bbox 2158 4435 2317 4490; x_wconf 91' lang='lat' dir='ltr'><strong>modo</strong></span> <span class='ocrx_word' id='word_1_815' title='bbox 2371 4435 2427 4490; x_wconf 92' lang='lat' dir='ltr'><strong>hi</strong></span> <span class='ocrx_word' id='word_1_816' title='bbox 2456 4435 2549 4507; x_wconf 90' lang='lat' dir='ltr'><strong>qui</strong></span> <span class='ocrx_word' id='word_1_817' title='bbox 2576 4434 2767 4513; x_wconf 87' lang='lat' dir='ltr'><strong>inserti</strong></span> <span class='ocrx_word' id='word_1_818' title='bbox 2802 4445 2927 4491; x_wconf 91' lang='lat' dir='ltr'><strong>sunt</strong></span> <span class='ocrx_word' id='word_1_819' title='bbox 2967 4434 3095 4502; x_wconf 90' lang='lat' dir='ltr'><strong>fide,</strong></span> <span class='ocrx_word' id='word_1_820' title='bbox 3151 4434 3390 4490; x_wconf 67' lang='lat' dir='ltr'><strong>Abrahae</strong></span> <span class='ocrx_word' id='word_1_821' title='bbox 3416 4444 3469 4490; x_wconf 92' lang='lat' dir='ltr'><strong>et</strong></span> <span class='ocrx_word' id='word_1_822' title='bbox 3505 4432 3658 4491; x_wconf 83' lang='lat' dir='ltr'><strong>Isaac</strong></span> <span class='ocrx_word' id='word_1_823' title='bbox 3683 4440 3743 4486; x_wconf 87' lang='lat' dir='ltr'><strong>et</strong></span> 
     </span>
    </p>
   </div>
   <div class='ocr_carea' id='block_1_103' title="bbox 2158 4523 3739 4598">
    <p class='ocr_par' dir='ltr' id='par_1_103' title="bbox 2158 4523 3739 4598">
     <span class='ocr_line' id='line_1_104' title="bbox 2158 4523 3739 4598; baseline -0.002 -19"><span class='ocrx_word' id='word_1_824' title='bbox 2158 4523 2344 4591; x_wconf 87' lang='lat' dir='ltr'><strong>Iacob,</strong></span> <span class='ocrx_word' id='word_1_825' title='bbox 2400 4534 2546 4580; x_wconf 92' lang='lat' dir='ltr'><strong>recte</strong></span> <span class='ocrx_word' id='word_1_826' title='bbox 2582 4526 2809 4598; x_wconf 85' lang='lat' dir='ltr'><strong>appositi</strong></span> <span class='ocrx_word' id='word_1_827' title='bbox 2859 4527 3114 4583; x_wconf 86' lang='lat' dir='ltr'><strong>dicuntur</strong></span> <span class='ocrx_word' id='word_1_828' title='bbox 3152 4533 3207 4582; x_wconf 90' lang='lat' dir='ltr'><strong>et</strong></span> <span class='ocrx_word' id='word_1_829' title='bbox 3236 4524 3440 4594; x_wconf 88' lang='lat' dir='ltr'><strong>adjecti</strong></span> <span class='ocrx_word' id='word_1_830' title='bbox 3489 4524 3552 4581; x_wconf 85' lang='lat' dir='ltr'><strong>ad</strong></span> <span class='ocrx_word' id='word_1_831' title='bbox 3576 4524 3739 4579; x_wconf 85' lang='lat' dir='ltr'><strong>Israel</strong></span> 
     </span>
    </p>
   </div>
   <div class='ocr_carea' id='block_1_104' title="bbox 2160 4618 3743 4692">
    <p class='ocr_par' dir='ltr' id='par_1_104' title="bbox 2160 4618 3743 4692">
     <span class='ocr_line' id='line_1_105' title="bbox 2160 4618 3743 4692; baseline -0.001 -18"><span class='ocrx_word' id='word_1_832' title='bbox 2160 4635 2330 4690; x_wconf 86' lang='lat' dir='ltr'><strong>usque</strong></span> <span class='ocrx_word' id='word_1_833' title='bbox 2356 4620 2412 4673; x_wconf 90' lang='lat' dir='ltr'><strong>in</strong></span> <span class='ocrx_word' id='word_1_834' title='bbox 2440 4619 2762 4675; x_wconf 89' lang='lat' dir='ltr'><strong>hodiernum</strong></span> <span class='ocrx_word' id='word_1_835' title='bbox 2807 4620 2951 4676; x_wconf 90' lang='lat' dir='ltr'><strong>diem</strong></span> <span class='ocrx_word' id='word_1_836' title='bbox 2983 4640 2996 4675; x_wconf 90' lang='lat'>:</span> <span class='ocrx_word' id='word_1_837' title='bbox 3029 4621 3158 4692; x_wconf 90' lang='lat' dir='ltr'><strong>quia</strong></span> <span class='ocrx_word' id='word_1_838' title='bbox 3184 4620 3240 4675; x_wconf 91' lang='lat' dir='ltr'><strong>in</strong></span> <span class='ocrx_word' id='word_1_839' title='bbox 3288 4618 3509 4674; x_wconf 91' lang='lat' dir='ltr'><strong>illorum</strong></span> <span class='ocrx_word' id='word_1_840' title='bbox 3563 4618 3743 4673; x_wconf 85' lang='lat' dir='ltr'><strong>radice</strong></span> 
     </span>
    </p>
   </div>
   <div class='ocr_carea' id='block_1_105' title="bbox 2158 4708 3744 4785">
    <p class='ocr_par' dir='ltr' id='par_1_105' title="bbox 2158 4708 3744 4785">
     <span class='ocr_line' id='line_1_106' title="bbox 2158 4708 3744 4785; baseline -0.001 -20"><span class='ocrx_word' id='word_1_841' title='bbox 2158 4726 2259 4767; x_wconf 88' lang='lat' dir='ltr'><strong>nos</strong></span> <span class='ocrx_word' id='word_1_842' title='bbox 2297 4711 2434 4766; x_wconf 91' lang='lat' dir='ltr'><strong>rami</strong></span> <span class='ocrx_word' id='word_1_843' title='bbox 2488 4712 2711 4767; x_wconf 87' lang='lat' dir='ltr'><strong>oleastri</strong></span> <span class='ocrx_word' id='word_1_844' title='bbox 2757 4728 2824 4768; x_wconf 79' lang='lat' dir='ltr'><strong>ex</strong></span> <span class='ocrx_word' id='word_1_845' title='bbox 2878 4713 3129 4785; x_wconf 80' lang='lat' dir='ltr'><strong>gentibus</strong></span> <span class='ocrx_word' id='word_1_846' title='bbox 3173 4711 3464 4783; x_wconf 88' lang='lat' dir='ltr'><strong>assumpti,</strong></span> <span class='ocrx_word' id='word_1_847' title='bbox 3515 4712 3617 4781; x_wconf 90' lang='lat' dir='ltr'><strong>qui</strong></span> <span class='ocrx_word' id='word_1_848' title='bbox 3650 4708 3744 4763; x_wconf 85' lang='lat' dir='ltr'><strong>ali-</strong></span> 
     </span>
    </p>
   </div>
   <div class='ocr_carea' id='block_1_106' title="bbox 2158 4800 3745 4877">
    <p class='ocr_par' dir='ltr' id='par_1_106' title="bbox 2158 4800 3745 4877">
     <span class='ocr_line' id='line_1_107' title="bbox 2158 4800 3745 4877; baseline -0.003 -18"><span class='ocrx_word' id='word_1_849' title='bbox 2158 4805 2374 4876; x_wconf 91' lang='lat' dir='ltr'><strong>quando</strong></span> <span class='ocrx_word' id='word_1_850' title='bbox 2432 4806 2935 4871; x_wconf 89' lang='lat' dir='ltr'><strong>meretricabamur,</strong></span> <span class='ocrx_word' id='word_1_851' title='bbox 2991 4804 3198 4877; x_wconf 81' lang='lat' dir='ltr'><strong>lignum</strong></span> <span class='ocrx_word' id='word_1_852' title='bbox 3253 4814 3308 4860; x_wconf 89' lang='lat' dir='ltr'><strong>et</strong></span> <span class='ocrx_word' id='word_1_853' title='bbox 3361 4800 3601 4874; x_wconf 83' lang='lat' dir='ltr'><strong>lapidem</strong></span> <span class='ocrx_word' id='word_1_854' title='bbox 3648 4816 3745 4872; x_wconf 87' lang='lat' dir='ltr'><strong>pro</strong></span> 
     </span>
    </p>
   </div>
   <div class='ocr_carea' id='block_1_107' title="bbox 2160 4893 3747 4969">
    <p class='ocr_par' dir='ltr' id='par_1_107' title="bbox 2160 4893 3747 4969">
     <span class='ocr_line' id='line_1_108' title="bbox 2160 4893 3747 4969; baseline -0.004 -18"><span class='ocrx_word' id='word_1_855' title='bbox 2160 4895 2272 4952; x_wconf 92' lang='lat' dir='ltr'><strong>Deo</strong></span> <span class='ocrx_word' id='word_1_856' title='bbox 2341 4896 2600 4963; x_wconf 89' lang='lat' dir='ltr'><strong>colentes,</strong></span> <span class='ocrx_word' id='word_1_857' title='bbox 2658 4897 2890 4969; x_wconf 88' lang='lat' dir='ltr'><strong>appositi</strong></span> <span class='ocrx_word' id='word_1_858' title='bbox 2939 4912 3128 4951; x_wconf 90' lang='lat' dir='ltr'><strong>sumus</strong></span> <span class='ocrx_word' id='word_1_859' title='bbox 3197 4910 3371 4966; x_wconf 89' lang='lat' dir='ltr'><strong>usque</strong></span> <span class='ocrx_word' id='word_1_860' title='bbox 3421 4895 3481 4951; x_wconf 90' lang='lat' dir='ltr'><strong>in</strong></span> <span class='ocrx_word' id='word_1_861' title='bbox 3526 4893 3747 4949; x_wconf 63' lang='lat' dir='ltr'><strong>bodier.</strong></span> 
     </span>
    </p>
   </div>
   <div class='ocr_carea' id='block_1_108' title="bbox 2154 4982 3595 5057">
    <p class='ocr_par' dir='ltr' id='par_1_108' title="bbox 2154 4982 3595 5057">
     <span class='ocr_line' id='line_1_109' title="bbox 2154 4982 3595 5057; baseline -0.005 -14"><span class='ocrx_word' id='word_1_862' title='bbox 2154 5003 2283 5043; x_wconf 92' lang='lat' dir='ltr'><strong>num</strong></span> <span class='ocrx_word' id='word_1_863' title='bbox 2307 4986 2469 5055; x_wconf 89' lang='lat' dir='ltr'><strong>diem,</strong></span> <span class='ocrx_word' id='word_1_864' title='bbox 2494 4995 2549 5041; x_wconf 91' lang='lat' dir='ltr'><strong>et</strong></span> <span class='ocrx_word' id='word_1_865' title='bbox 2581 4985 2711 5041; x_wconf 90' lang='lat' dir='ltr'><strong>facti</strong></span> <span class='ocrx_word' id='word_1_866' title='bbox 2738 5002 2923 5045; x_wconf 91' lang='lat' dir='ltr'><strong>sumus</strong></span> <span class='ocrx_word' id='word_1_867' title='bbox 2950 5002 3049 5057; x_wconf 90' lang='lat' dir='ltr'><strong>per</strong></span> <span class='ocrx_word' id='word_1_868' title='bbox 3083 4986 3245 5041; x_wconf 85' lang='lat' dir='ltr'><strong>fidem</strong></span> <span class='ocrx_word' id='word_1_869' title='bbox 3276 4982 3595 5041; x_wconf 72' lang='lat' dir='ltr'><strong>Christiani.</strong></span> 
     </span>
    </p>
   </div>
   <div class='ocr_carea' id='block_1_109' title="bbox 2226 5068 3752 5151">
    <p class='ocr_par' dir='ltr' id='par_1_109' title="bbox 2226 5068 3752 5151">
     <span class='ocr_line' id='line_1_110' title="bbox 2226 5068 3752 5151; baseline -0.005 -18"><span class='ocrx_word' id='word_1_870' title='bbox 2226 5076 2404 5151; x_wconf 75' lang='lat' dir='ltr'><strong>(lBlD.)</strong></span> <span class='ocrx_word' id='word_1_871' title='bbox 2451 5096 2469 5128; x_wconf 73' lang='grc' dir='ltr'>ι</span> <span class='ocrx_word' id='word_1_872' title='bbox 2512 5074 2573 5132; x_wconf 92' lang='lat' dir='ltr'><strong>In</strong></span> <span class='ocrx_word' id='word_1_873' title='bbox 2628 5086 2870 5148; x_wconf 87' lang='lat' dir='ltr'><strong>tempore</strong></span> <span class='ocrx_word' id='word_1_874' title='bbox 2921 5077 3013 5133; x_wconf 90' lang='lat' dir='ltr'><strong>illo</strong></span> <span class='ocrx_word' id='word_1_875' title='bbox 3065 5077 3401 5148; x_wconf 87' lang='lat' dir='ltr'><strong>imprecatus</strong></span> <span class='ocrx_word' id='word_1_876' title='bbox 3449 5084 3533 5132; x_wconf 88' lang='lat' dir='ltr'><strong>est</strong></span> <span class='ocrx_word' id='word_1_877' title='bbox 3573 5068 3752 5128; x_wconf 88' lang='lat' dir='ltr'><strong>Iosue</strong></span> 
     </span>
    </p>
   </div>
   <div class='ocr_carea' id='block_1_110' title="bbox 2159 5166 3757 5245">
    <p class='ocr_par' dir='ltr' id='par_1_110' title="bbox 2159 5166 3757 5245">
     <span class='ocr_line' id='line_1_111' title="bbox 2159 5166 3757 5245; baseline 0 -22"><span class='ocrx_word' id='word_1_878' title='bbox 2159 5190 2178 5223; x_wconf 71' lang='grc' dir='ltr'>ι</span> <span class='ocrx_word' id='word_1_879' title='bbox 2226 5172 2454 5245; x_wconf 76' lang='lat' dir='ltr'><strong>dicens;</strong></span> <span class='ocrx_word' id='word_1_880' title='bbox 2504 5168 2824 5227; x_wconf 81' lang='lat' dir='ltr'><strong>Maledictus</strong></span> <span class='ocrx_word' id='word_1_881' title='bbox 2872 5170 2957 5227; x_wconf 87' lang='lat' dir='ltr'><strong>vir</strong></span> <span class='ocrx_word' id='word_1_882' title='bbox 2988 5170 3079 5226; x_wconf 88' lang='lat' dir='ltr'><strong>ille</strong></span> <span class='ocrx_word' id='word_1_883' title='bbox 3132 5184 3319 5226; x_wconf 89' lang='lat' dir='ltr'><strong>coram</strong></span> <span class='ocrx_word' id='word_1_884' title='bbox 3369 5170 3613 5225; x_wconf 88' lang='lat' dir='ltr'><strong>Domino</strong></span> <span class='ocrx_word' id='word_1_885' title='bbox 3662 5166 3757 5238; x_wconf 80' lang='lat' dir='ltr'><strong>qui</strong></span> 
     </span>
    </p>
   </div>
   <div class='ocr_carea' id='block_1_111' title="bbox 2159 5258 3761 5323">
    <p class='ocr_par' dir='ltr' id='par_1_111' title="bbox 2159 5258 3761 5323">
     <span class='ocr_line' id='line_1_112' title="bbox 2159 5258 3761 5323; baseline -0.001 -5"><span class='ocrx_word' id='word_1_886' title='bbox 2159 5284 2177 5318; x_wconf 71' lang='grc' dir='ltr'>ι</span> <span class='ocrx_word' id='word_1_887' title='bbox 2222 5268 2566 5323; x_wconf 90' lang='lat' dir='ltr'><strong>suscitaverit</strong></span> <span class='ocrx_word' id='word_1_888' title='bbox 2593 5275 2649 5323; x_wconf 91' lang='lat' dir='ltr'><strong>et</strong></span> <span class='ocrx_word' id='word_1_889' title='bbox 2687 5266 3037 5323; x_wconf 72' lang='lat' dir='ltr'><strong>aedificaverit</strong></span> <span class='ocrx_word' id='word_1_890' title='bbox 3078 5266 3356 5323; x_wconf 88' lang='lat' dir='ltr'><strong>civitatem</strong></span> <span class='ocrx_word' id='word_1_891' title='bbox 3408 5262 3669 5320; x_wconf 84' lang='lat' dir='ltr'><strong>Iericho.</strong></span> <span class='ocrx_word' id='word_1_892' title='bbox 3697 5258 3761 5316; x_wconf 87' lang='lat' dir='ltr'><strong>In</strong></span> 
     </span>
    </p>
   </div>
   <div class='ocr_carea' id='block_1_112' title="bbox 2160 5344 3789 5433">
    <p class='ocr_par' dir='ltr' id='par_1_112' title="bbox 2160 5344 3789 5433">
     <span class='ocr_line' id='line_1_113' title="bbox 2160 5344 3789 5433; baseline -0.002 -23"><span class='ocrx_word' id='word_1_893' title='bbox 2160 5376 2178 5410; x_wconf 73' lang='grc' dir='ltr'>ι</span> <span class='ocrx_word' id='word_1_894' title='bbox 2220 5359 2579 5433; x_wconf 85' lang='lat' dir='ltr'><strong>primogenito</strong></span> <span class='ocrx_word' id='word_1_895' title='bbox 2620 5372 2717 5416; x_wconf 88' lang='lat' dir='ltr'><strong>suo</strong></span> <span class='ocrx_word' id='word_1_896' title='bbox 2759 5357 3107 5415; x_wconf 87' lang='lat' dir='ltr'><strong>fundamenta</strong></span> <span class='ocrx_word' id='word_1_897' title='bbox 3158 5354 3304 5413; x_wconf 90' lang='lat' dir='ltr'><strong>illius</strong></span> <span class='ocrx_word' id='word_1_898' title='bbox 3356 5355 3559 5427; x_wconf 73' lang='lat' dir='ltr'><strong>iaciat,</strong></span> <span class='ocrx_word' id='word_1_899' title='bbox 3608 5360 3668 5409; x_wconf 89' lang='lat' dir='ltr'><strong>et</strong></span> <span class='ocrx_word' id='word_1_900' title='bbox 3706 5344 3789 5406; x_wconf 19' lang='lat' dir='ltr'><strong>ini</strong></span> 
     </span>
    </p>
   </div>
   <div class='ocr_carea' id='block_1_113' title="bbox 2161 5444 3763 5521">
    <p class='ocr_par' dir='ltr' id='par_1_113' title="bbox 2161 5444 3763 5521">
     <span class='ocr_line' id='line_1_114' title="bbox 2161 5444 3763 5521; baseline -0.001 -20"><span class='ocrx_word' id='word_1_901' title='bbox 2161 5466 2180 5501; x_wconf 89' lang='grc'><strong>‹</strong></span> <span class='ocrx_word' id='word_1_902' title='bbox 2224 5449 2521 5506; x_wconf 89' lang='lat' dir='ltr'><strong>novissimo</strong></span> <span class='ocrx_word' id='word_1_903' title='bbox 2565 5448 2858 5506; x_wconf 89' lang='lat' dir='ltr'><strong>liberorum</strong></span> <span class='ocrx_word' id='word_1_904' title='bbox 2916 5460 3086 5521; x_wconf 89' lang='lat' dir='ltr'><strong>ponat</strong></span> <span class='ocrx_word' id='word_1_905' title='bbox 3126 5458 3318 5520; x_wconf 88' lang='lat' dir='ltr'><strong>portas</strong></span> <span class='ocrx_word' id='word_1_906' title='bbox 3346 5447 3492 5518; x_wconf 78' lang='lat' dir='ltr'><strong>eius.</strong></span> <span class='ocrx_word' id='word_1_907' title='bbox 3534 5465 3559 5499; x_wconf 70' lang='grc' dir='ltr'>ι</span> <span class='ocrx_word' id='word_1_908' title='bbox 3606 5444 3763 5501; x_wconf 75' lang='lat' dir='ltr'><strong>Hanc</strong></span> 
     </span>
    </p>
   </div>
   <div class='ocr_carea' id='block_1_114' title="bbox 2156 5538 3765 5612">
    <p class='ocr_par' dir='ltr' id='par_1_114' title="bbox 2156 5538 3765 5612">
     <span class='ocr_line' id='line_1_115' title="bbox 2156 5538 3765 5612; baseline -0.002 -19"><span class='ocrx_word' id='word_1_909' title='bbox 2156 5540 2602 5609; x_wconf 89' lang='lat' dir='ltr'><strong>imprecationem</strong></span> <span class='ocrx_word' id='word_1_910' title='bbox 2658 5540 2936 5612; x_wconf 81' lang='lat' dir='ltr'><strong>impletum</strong></span> <span class='ocrx_word' id='word_1_911' title='bbox 2991 5556 3112 5596; x_wconf 88' lang='lat' dir='ltr'><strong>esse</strong></span> <span class='ocrx_word' id='word_1_912' title='bbox 3155 5538 3502 5611; x_wconf 87' lang='lat' dir='ltr'><strong>temporibus</strong></span> <span class='ocrx_word' id='word_1_913' title='bbox 3562 5549 3765 5609; x_wconf 73' lang='lat' dir='ltr'><strong>regum</strong></span> 
     </span>
    </p>
   </div>
   <div class='ocr_carea' id='block_1_115' title="bbox 2157 5624 3769 5702">
    <p class='ocr_par' dir='ltr' id='par_1_115' title="bbox 2157 5624 3769 5702">
     <span class='ocr_line' id='line_1_116' title="bbox 2157 5624 3769 5702; baseline -0.003 -16"><span class='ocrx_word' id='word_1_914' title='bbox 2157 5628 2504 5687; x_wconf 89' lang='lat' dir='ltr'><strong>manifestum</strong></span> <span class='ocrx_word' id='word_1_915' title='bbox 2551 5639 2658 5699; x_wconf 90' lang='lat' dir='ltr'><strong>est,</strong></span> <span class='ocrx_word' id='word_1_916' title='bbox 2688 5647 2812 5687; x_wconf 91' lang='lat' dir='ltr'><strong>cum</strong></span> <span class='ocrx_word' id='word_1_917' title='bbox 2853 5632 2911 5687; x_wconf 95' lang='lat' dir='ltr'><strong>iu</strong></span> <span class='ocrx_word' id='word_1_918' title='bbox 2938 5631 3080 5687; x_wconf 89' lang='lat' dir='ltr'><strong>libro</strong></span> <span class='ocrx_word' id='word_1_919' title='bbox 3130 5631 3306 5702; x_wconf 90' lang='lat' dir='ltr'><strong>primo</strong></span> <span class='ocrx_word' id='word_1_920' title='bbox 3347 5627 3672 5686; x_wconf 66' lang='lat' dir='ltr'><strong>Malachim</strong></span> <span class='ocrx_word' id='word_1_921' title='bbox 3702 5624 3769 5681; x_wconf 79' lang='lat' dir='ltr'><strong>de</strong></span> 
     </span>
    </p>
   </div>
   <div class='ocr_carea' id='block_1_116' title="bbox 2157 5715 3769 5797">
    <p class='ocr_par' dir='ltr' id='par_1_116' title="bbox 2157 5715 3769 5797">
     <span class='ocr_line' id='line_1_117' title="bbox 2157 5715 3769 5797; baseline 0 -23"><span class='ocrx_word' id='word_1_922' title='bbox 2157 5719 2490 5795; x_wconf 84' lang='lat' dir='ltr'><strong>temporibus</strong></span> <span class='ocrx_word' id='word_1_923' title='bbox 2534 5722 2687 5793; x_wconf 84' lang='lat' dir='ltr'><strong>regni</strong></span> <span class='ocrx_word' id='word_1_924' title='bbox 2715 5720 2905 5778; x_wconf 78' lang='lat' dir='ltr'><strong>Achab</strong></span> <span class='ocrx_word' id='word_1_925' title='bbox 2931 5722 3008 5778; x_wconf 89' lang='lat' dir='ltr'><strong>ita</strong></span> <span class='ocrx_word' id='word_1_926' title='bbox 3033 5721 3295 5794; x_wconf 90' lang='lat' dir='ltr'><strong>scriptum</strong></span> <span class='ocrx_word' id='word_1_927' title='bbox 3332 5720 3423 5776; x_wconf 81' lang='lat' dir='ltr'><strong>est</strong></span> <span class='ocrx_word' id='word_1_928' title='bbox 3452 5739 3470 5776; x_wconf 88' lang='lat'><strong>:</strong></span> <span class='ocrx_word' id='word_1_929' title='bbox 3488 5737 3531 5797; x_wconf 38' lang='grc' dir='ltr'><strong>,ι</strong></span> <span class='ocrx_word' id='word_1_930' title='bbox 3572 5717 3647 5777; x_wconf 77' lang='lat' dir='ltr'><strong>In</strong></span> <span class='ocrx_word' id='word_1_931' title='bbox 3665 5715 3769 5774; x_wconf 57' lang='lat' dir='ltr'><strong>dh-</strong></span> 
     </span>
    </p>
   </div>
  </div>
