3930 6344
304 374 311 403 f
890 366 897 393 l

167 417 290 478 1025

1065 354 1433 460 notitiem;
1459 356 1529 454 iri
1565 368 2095 452 meticulosum
2129 382 2365 443 Jun.-
2402 374 2483 440 ιε’
2524 386 2527 391 ’
2582 368 2623 381 ’³

3254 368 3413 446 1026’

166 540 259 593 bus
288 500 401 605 ejus
453 492 743 584 aediﬁcavit
791 494 951 581 Ahiel
991 523 1059 578 de
1098 520 1289 577 Bethel
1339 517 1557 575 Jericho
1603 533 1617 569 ε
1665 512 1721 568 in
1821 522 2041 580 pinnam
2071 492 2948 605 salubremque‘terrOremi‘Nou
2997 488 3142 553 enim
3186 492 3419 569 sma-

164 604 369 680 Abiram
394 615 755 688 primogenito
778 629 877 669 suo
918 611 1160 673 fundavit
1198 625 1339 674 eam,
1368 617 1424 663 et
1448 608 1504 662 in
1545 604 1723 681 Segub

167 710 448 769 novissimo
474 721 573 762 suo
614 704 797 774 posuit
838 710 1023 774 portas
1079 701 1197 771 ejus
1228 696 1350 793 (III
1376 695 1508 766 Reg.
1531 692 1665 766 xvr).
1702 714 1721 747 ι

166 806 309 861 Patet
359 815 574 871 sensus,
621 796 752 867 quia
817 810 941 852 cum
989 790 1224 864 prrel‘atae
1275 784 1523 845 conditor
1580 784 1747 857 urbis?

166 894 501 951 fundamenta
526 888 672 945 illius
724 900 930 958 ponere
994 884 1279 957 inciperet,
1332 872 1730 952 primogenitus

164 989 292 1059 ejus,
331 986 426 1059 qui
460 983 756 1041 vocabatur
795 980 1043 1043 Abiram,
1097 985 1345 1032 mortuus
1366 984 1488 1029 est:
1520 984 1576 1027 et
1608 985 1733 1026 cum

166 1081 290 1136 urbe
314 1076 582 1134 aediﬁcata
601 1081 787 1147 portas
834 1070 1050 1126 munire
1093 1073 1352 1132 tentaret,
1379 1062 1731 1119 novissimum

167 1173 387 1231 ﬁliorum
413 1173 770 1240 cognomento
792 1163 975 1235 Segub
1027 1159 1247 1216 amisit:
1278 1156 1425 1227 quod
1460 1155 1537 1209 ita
1584 1151 1732 1207 futu-

169 1279 277 1321 rum
301 1260 491 1327 Iosue,
546 1274 670 1314 cum
699 1271 822 1314 eam
869 1254 1200 1310 destructam
1248 1245 1576 1305 anathemati
1626 1252 1737 1298 tra-

167 1356 332 1421 deret,
384 1348 737 1424 imprecando
793 1344 1084 1418 praedixit,
1143 1360 1161 1393 ι
1198 1339 1538 1402 Maledictus,
1588 1355 1606 1388 ι
1652 1335 1737 1389 in-

168 1446 377 1516 quiens,
435 1461 455 1494 ι
500 1441 586 1496 vir
633 1453 819 1494 coram
866 1434 1116 1499 Domino,
1157 1432 1252 1505 qui
1300 1427 1644 1486 suscitaverit
1683 1434 1741 1482 et

166 1532 515 1590 mdiﬁcaverit
540 1528 815 1584 civitatem
845 1524 1082 1581 Jericho.
1138 1521 1195 1575 In
1246 1519 1605 1591 primOgenito
1640 1531 1739 1573 suo

166 1622 512 1679 lundamenta
541 1619 689 1674 illius
713 1614 900 1687 iaciat,
951 1621 1007 1668 et
1034 1613 1090 1666 in
1118 1610 1418 1666 novissimo
1442 1607 1740 1663 liberorum

165 1720 327 1784 ponat
367 1718 555 1783 portas
605 1708 742 1778 ejus.
783 1726 801 1759 ι
834 1704 970 1773 Quia
1019 1714 1155 1758 vero
1182 1699 1340 1755 Abiel
1377 1697 1568 1753 vivens
1606 1696 1739 1761 Deo,

163 1801 349 1871 Bethel
400 1803 788 1871 interpretatur
847 1795 1039 1850 domus
1087 1788 1323 1855 Domini,
1364 1788 1524 1844 Ahiel
1550 1787 1617 1844 de
1642 1786 1740 1842 Be-

1828 601 2027 666 dirum,
2065 594 2346 675 (quantum
2386 592 2605 650 attinet'
2630 590 2700 647 ad
2736 590 2976 648 universi
3024 586 3215 647 mundi
3236 592 3411 650 admic'

1829 687 2226 760 nistrationem)
2256 686 2520 757 contingit
2548 682 2889 749 mortalibus,
2926 698 3053 739 cum
3096 682 3420 740 moriuntur:

1829 781 2152 854 quandoque
2180 777 2471 841 morituri;
2502 783 2558 831 et
2599 782 2779 831 tamen
2819 775 2961 845 apud
2996 791 3091 831 eos
3132 777 3225 846 qui
3272 772 3403 831 talia

1831 864 2113 935 metuunt,
2135 865 2418 938 disciplina
2448 866 2709 932 sancitur,
2737 874 2798 921 ut
2835 882 2943 922 non
2975 882 3035 922 se
3062 864 3236 924 solum
3264 867 3422 939 quisi

1832 977 1937 1033 que
1967 964 2123 1017 curet
2158 959 2213 1014 in
2264 956 2485 1030 populo,
2538 956 2633 1013 sed
2686 958 2920 1014 invicem
2969 956 3072 1014 sibi
3115 952 3409 1016 adhibeant

1833 1052 2191 1124 diligentiam,
2223 1052 2278 1107 et
2320 1058 2578 1119 tanquam
2608 1047 2770 1103 unius
2809 1049 3054 1119 corporis
3089 1056 3146 1107 et
3169 1050 3408 1107 hominis

1834 1143 1993 1198 unius
2038 1142 2144 1197 alia
2189 1136 2290 1212 pro
2320 1140 2443 1195 aliis
2469 1141 2579 1196 sint
2626 1140 2869 1196 membra
2896 1141 3143 1197 sollicita.
3201 1140 3311 1199 Nec
3334 1152 3412 1199 tas

1837 1246 1965 1289 men
1996 1231 2327 1288 credendum
2353 1239 2438 1287 est
2473 1230 2639 1287 etiam
2664 1231 2842 1301 poenis
2869 1238 3009 1301 quae
3034 1241 3156 1302 post
3181 1238 3427 1290 mortem

1838 1325 2171 1394 irrogantur,
2206 1322 2372 1377 alium
2398 1337 2499 1392 pro
2522 1318 2629 1377 alio
2680 1334 2842 1391 posse
2894 1322 3141 1376 damnari
3170 1340 3181 1376 :
3220 1325 3317 1379 sed
3355 1316 3423 1380 in

1838 1414 1927 1469 his
1954 1421 2162 1469 tantum
2202 1413 2369 1467 rebus
2395 1412 2537 1467 hanc
2559 1410 2786 1483 irrogari
2812 1420 3051 1481 poenam,
3104 1426 3224 1481 quae
3253 1412 3414 1468 ﬁnem

1841 1504 2057 1565 fuerant
2098 1502 2384 1566 habiturae,
2428 1500 2641 1556 etiamsi
2670 1514 2780 1556 non
2807 1515 2874 1556 eo
2900 1500 3077 1557 modo
3112 1500 3425 1557 ﬁnirentur‘.‘

1843 1588 2016 1652 Simul
2042 1595 2205 1652 etiam
2236 1592 2544 1649 ostenditur
2597 1598 2802 1662 quanta
2827 1604 3071 1647 connexa
3102 1592 3181 1648 sit
3214 1592 3278 1646 'in
3318 1606 3417 1662 po-

1842 1682 1970 1755 pulo
2011 1683 2270 1740 societate
2305 1683 2422 1753 ipsa
2472 1680 2823 1746 universitas,
2878 1689 2943 1735 ut
2970 1694 3080 1735 non
3114 1680 3184 1736 in
3233 1688 3293 1737 se
3317 1678 3423 1753 ipsi

1847 1773 2045 1846 singuli
2095 1773 2190 1830 sed
2248 1780 2504 1842 tanquam
2544 1778 2732 1841 partes
2788 1769 2844 1826 in
2904 1777 3019 1825 toto
3064 1770 3420 1825 aestimentur;

164 1866 274 1949 thel
318 1844 603 1947 destructa
642 1905 673 1943 a
698 1887 860 1943 Josue
900 1894 1063 1955 atque
1108 1882 1571 1938 anathematizata
1600 1862 1774 1937 Jeri—I

1862 1844 1957 1921 Per
1979 1866 2138 1922 unius
2184 1864 2354 1936 igitur
2411 1871 2699 1933 peccatum
2741 1870 3083 1932 mortemque
3128 1874 3426 1934 paucorum

162 1982 268 2041 rho
294 1983 503 2041 moenia
524 1986 820 2044 restaurat,
870 1992 992 2031 cum
1019 1976 1140 2047 quis
1184 1990 1377 2039 eorum
1420 1974 1513 2044 qui
1562 1973 1617 2028 in
1642 1972 1745 2029 Eo-

159 2072 331 2129 clesia
357 2070 605 2126 habitum
653 2067 928 2137 religionis
967 2074 1392 2137 assumpserant,
1445 2063 1514 2119 ad
1541 2065 1747 2135 agenda

163 2161 404 2227 scelera,
447 2175 567 2230 qua:
601 2159 653 2214 ei
692 2157 952 2213 Dominus
993 2154 1152 2211 Iesus
1194 2155 1249 2210 in
1287 2156 1375 2210 die
1400 2138 1747 2225 baptismatis

163 2228 490 2316 donaverat,
516 2250 701 2304 redit:
744 2261 988 2318 quasque
1036 2247 1153 2316 ipse
1198 2228 1749 2300 anathematizaverat

82 2418 91 2425 _
165 2341 373 2400 diaboli
406 2354 654 2410 pompas,
683 2338 961 2395 luxuriose
985 2336 1215 2393 vivendo
1254 2336 1474 2407 repetit,
1507 2352 1632 2393 cum
1656 2350 1747 2391 er-

169 2449 360 2489 rorum
392 2432 666 2502 dogmata,
710 2428 795 2484 vel
822 2426 1104 2500 gentilium
1147 2425 1360 2484 fabulas
1404 2426 1625 2481 veritati
1667 2440 1753 2482 ec-

170 2521 513 2601 clesiasticae,
585 2534 691 2591 qua
740 2516 981 2573 imbutus
1040 2525 1146 2584 est,
1202 2516 1360 2588 quasi
1425 2516 1493 2570 de
1565 2508 1755 2572 Bethel

169 2612 479 2686 egrediens,
538 2609 726 2665 ruinas
798 2606 1016 2663 Jericho
1072 2605 1379 2662 resuscitat.
1456 2603 1755 2676 Meritoque

170 2704 292 2763 talis
339 2718 529 2760 coram
585 2699 814 2756 Domino
849 2698 1190 2763 maledictus,
1240 2705 1297 2751 et
1339 2694 1576 2769 primum
1621 2695 1758 2750 ﬁlio-

171 2812 289 2855 rum
330 2795 390 2850 in
425 2791 743 2849 fundatione
782 2787 1003 2845 nefariae
1031 2787 1289 2854 civitatis,
1324 2795 1380 2841 et
1404 2786 1759 2843 novissimum

168 2886 223 2945 in
250 2894 545 2958 portarum
570 2884 845 2955 positione
872 2881 1112 2947 amittit;
1144 2879 1270 2949 quia
1308 2888 1364 2934 et
1408 2875 1759 2933 fundamenta

166 2976 293 3033 ﬁdei
325 2994 357 3032 a
387 2976 592 3047 quibus
647 2976 790 3037 bona
818 2973 1045 3030 aediﬁcia
1094 2972 1373 3036 inchoare,
1417 2980 1473 3029 et
1519 2967 1760 3029 claustra

171 3072 328 3129 bona:
382 3070 623 3129 actionis
675 3069 873 3140 quibus
912 3065 1102 3139 perﬁci
1131 3064 1418 3129 debuerat,
1453 3060 1650 3137 perdit.

172 3281 249 3336 De
276 3295 339 3334 eo
389 3276 538 3350 quod
587 3275 791 3350 Aeliam
816 3272 981 3350 ﬁlius
1007 3269 1225 3350 Charm:
1264 3271 1537 3350 usurpavit
1572 3271 1672 3327 sibi
1697 3271 1764 3326 de

240 3340 584 3474 irritamentum
616 3346 762 3402 urbis
799 3340 1033 3409 Jericho,
1080 3350 1130 3396 et
1162 3340 1403 3397 vindicta
1419 3343 1476 3397 in
1495 3358 1614 3399 eum
1644 3358 1766 3415 pro-

264 3439 297 3475 a
327 3438 383 3475 a.

180 3578 187 3583 .
246 3535 411 3606 (CAP.
441 3530 566 3603 vn.)
611 3547 630 3582 ι
674 3527 805 3583 Fuit
846 3542 977 3597 ergo
1020 3527 1281 3585 Dominus
1325 3542 1450 3583 cum
1498 3525 1687 3593 Josue,
1713 3535 1769 3583 et

157 3612 202 3677 ἰ
250 3638 459 3681 nomen
482 3618 598 3688 ejus
623 3619 681 3673 in
717 3617 866 3673 omni
894 3625 1043 3672 terra
1095 3615 1371 3686 vulgatum
1397 3623 1519 3671 est:
1548 3614 1643 3667 ﬁlii
1675 3629 1769 3668 au-

178 3733 199 3766 ι
243 3722 360 3769 tem
388 3708 561 3766 lsrael
600 3705 942 3781 praevaricati
987 3712 1113 3759 sunt
1148 3703 1490 3769 mandatum,
1538 3712 1595 3757 et
1620 3717 1771 3756 usur-

178 3822 198 3855 ‹
244 3807 530 3874 paverunt
556 3799 622 3854 de
652 3796 1017 3853 anathemate.
1045 3792 1182 3848 Nam
1218 3792 1411 3851 Achati
1439 3791 1581 3848 ﬁlius
1609 3789 1773 3847 Char-

177 3916 197 3951 ι
247 3898 351 3962 mi,
414 3894 514 3949 ﬁlii
562 3891 753 3957 Zabdi,
804 3889 901 3944 ﬁlii
950 3889 1109 3953 Zare,
1159 3889 1225 3944 de
1271 3887 1416 3943 tribu
1458 3885 1618 3950 Juda,
1648 3880 1773 3941 tulit

166 4008 201 4055 ,ι
251 3984 473 4057 aliquid
501 3984 570 4039 de
597 3982 968 4039 anathemate.
1008 3975 1293 4046 [ratusque
1342 3968 1608 4030 Dominus
1650 3987 1776 4028 con-

178 4100 198 4135 ι
250 4087 340 4134 tra
396 4074 538 4129 ﬁlios
578 4071 783 4137 'lsrael,
846 4090 865 4123 ι
919 4078 1025 4124 etc.
1081 4065 1191 4139 (Ea:
1248 4063 1586 4137 Augustino.)
1621 4062 1679 4117 In
1709 4076 1775 4119 eo

172 4168 328 4245 quod
358 4167 572 4221 factum
598 4171 684 4219 est
708 4169 770 4217 ut
811 4158 998 4215 Achan
1030 4156 1096 4215 de
1120 4155 1267 4211 tribu
1317 4154 1453 4209 Juda
1499 4151 1775 4213 furaretur

176 4262 246 4319 de
277 4256 639 4313 anathemate
668 4250 904 4306 civitatis
957 4245 1176 4303 Jericho
1211 4253 1400 4302 contra
1444 4249 1775 4323 praeceptum

174 4346 434 4425 (Domini,
482 4352 538 4415 et
561 4348 784 4413 propter
833 4337 950 4409 ejus
1004 4345 1291 4409 peccatum
1329 4335 1431 4389 tria
1461 4331 1631 4388 millia
1655 4347 1777 4402 qua:

182 4439 360 4497 missa
384 4430 609 4492 fuerant
645 4435 701 4489 in
737 4430 840 4486 Hai
895 4429 1159 4487 dederunt
1211 4435 1364 4499 terga
1417 4422 1683 4491 hostibus,
1721 4429 1778 4477 et

158 4530 362 4599 Ioccisi
396 4536 528 4585 sunt
551 4542 619 4581 ex
645 4525 725 4580 eis
759 4522 981 4593 triginta
1010 4536 1108 4576 sex
1157 4518 1286 4586 viri,
1331 4526 1385 4572 et
1418 4515 1614 4589 populo
1658 4530 1856 4633 gra-D

218 4624 251 4633 .r
379 4627 390 4633 -
498 4618 561 4633 ’.κ
656 4613 806 4633 1,,---
869 4627 978 4633 --__..
1032 4610 1334 4633 -....ε-..ει.--..
1380 4624 1434 4633 ..Α
1482 4607 1773 4633 ..-Α.ι..η-οει

1850 1955 2160 2012 admonitus
2188 1962 2272 2011 est
2303 1953 2533 2025 populus
2586 1953 2895 2017 universus,
2930 1958 3190 2022 tanquam
3211 1952 3267 2007 in
3306 1964 3429 2006 coro
3488 1988 3493 1995 η

1848 2060 1981 2118 pore
2015 2046 2273 2101 universo
2299 2058 2543 2115 quaerere
2597 2042 2755 2114 quod
2797 2044 3147 2099 commissum
3173 2046 3278 2099 est.
3333 2042 3427 2098 Si:

1850 2142 1962 2197 mul
2000 2142 2164 2198 etiam
2208 2140 2570 2214 signiﬁcatum
2623 2146 2710 2195 est
2752 2147 3013 2209 quantum
3073 2135 3202 2192 mali
3250 2134 3426 2200 ﬁeret;

1851 2234 1899 2290 si
1927 2234 2181 2289 universa
2209 2233 2301 2288 illa
2348 2230 2697 2305 congregatio
2733 2238 3032 2302 peccasset,
3083 2228 3297 2300 quando
3328 2236 3429 2283 nec

1850 2336 2000 2381 unus
2049 2324 2268 2395 quidem
2313 2324 2390 2379 ita
2426 2324 2605 2396 potuit
2647 2321 2881 2391 iudicari
2924 2320 3079 2377 utab
3123 2318 3436 2391 eopossent

1856 2416 2037 2474 caeteri
2066 2426 2186 2473 esse
2212 2416 2412 2472 securi.
2456 2414 2532 2468 ‘At
2577 2426 2709 2468 vero
2756 2413 2802 2468 si
2828 2413 3016 2467 Achan
3051 2410 3121 2466 ab
3148 2408 3329 2483 aliquo
3354 2409 3437 2464 ina-

1854 2515 2051 2563 ventus
2077 2515 2241 2576 atque
2265 2502 2715 2576 comprehensus,
2747 2511 2804 2558 et
2859 2500 3005 2557 illius
3036 2496 3283 2556 criminis
3296 2510 3433 2575 reus

1858 2596 1927 2653 ad
1948 2594 2214 2667 judicium
2241 2593 2373 2652 Jesu
2421 2593 2616 2650 fuisset
2657 2592 2944 2659 adductus,
2973 2600 3315 2662 nequaquam
3338 2602 3431 2659 pu-

1859 2690 2083 2744 tandum
2103 2696 2207 2755 est,
2236 2687 2510 2743 hominem
2532 2682 2793 2756 iudicem,
2828 2683 2917 2739 vel
2954 2697 3065 2753 pro
3109 2682 3201 2737 illo
3224 2692 3280 2736 et
3310 2688 3430 2735 cum

1858 2777 1954 2836 illo
1991 2780 2319 2849 quemquam
2365 2776 2531 2830 alium
2584 2775 2677 2845 qui
2712 2773 2973 2829 societate
3015 2764 3143 2825 facti
3185 2768 3303 2839 ejus
3340 2768 3435 2849 mi-

1860 2873 2006 2930 nime
2034 2879 2339 2937 teneretur,
2390 2869 2557 2925 fuisse
2612 2844 2953 2938 puniturum.
2984 2863 3171 2934 Neque
3212 2861 3356 2916 enim
3385 2844 3437 2915 ei

1862 2965 2180 3022 mandatum
2198 2965 2339 3035 legis
2368 2962 2567 3018 licebat
2619 2957 2902 3026 excedere,
2942 2954 3085 3027 quod
3135 2953 3324 3010 datum
3357 2946 3438 3024 est

1860 3057 2199 3123 hominibus,
2240 3067 2312 3110 ne
2335 3052 2542 3123 judicio
2591 3062 2691 3107 suo
2735 3042 2897 3120 quod
2920 3048 2977 3102 in
3028 3044 3303 3102 hominem
3346 3036 3442 3099 h’o'.

1867 3149 2003 3204 mini
2022 3146 2237 3218 iussum
2266 3146 2383 3201 sive
2433 3136 2756 3215 permissum
2786 3148 2894 3205 est,
2941 3132 3174 3194 alterum
3214 3150 3316 3207 pro
3368 3132 3448 3189 al-

1790 3196 1837 3280 C
1868 3196 2044 3296 terius
2054 3196 2313 3309 Ego};
2331 3196 2339 3201 ⁷
2357 3196 2656 3290 sarisa;
2680 3196 2827 3287 esse
2865 3196 3235 3301 plectendum:
3261 3222 3447 3295 Longe

1868 3340 2051 3388 autem
2097 3329 2393 3386 secretiore
2416 3324 2630 3395 iustitia
2673 3322 2884 3392 iudicat
2906 3319 3072 3386 Deus,
3132 3317 3225 3388 qui
3250 3310 3448 3386 potens

1867 3432 1952 3480 est
1982 3423 2148 3479 etiam
2173 3428 2300 3491 post
2320 3426 2553 3475 mortem
2582 3414 2748 3487 (quod
2792 3413 2956 3469 homo
2993 3422 3102 3466 non
3138 3407 3337 3480 potest)
3365 3405 3452 3462 vel

1868 3510 2102 3571 liberare
2147 3512 2233 3567 vel
2289 3510 2538 3582 perdere.
2597 3505 2849 3562 Visibiles
2910 3501 3077 3573 igitur
3130 3498 3451 3553 afﬂictiones

1868 3604 2171 3670 hominum,
2201 3602 2315 3658 sive
2341 3607 2572 3665 mortes,
2632 3596 2888 3668 quoniam
2935 3594 3021 3650 his
3067 3588 3264 3663 quibus
3304 3588 3454 3662 lnge-

1872 3704 2068 3752 runtur
2091 3705 2147 3751 et
2179 3695 2370 3749 obesse
2398 3700 2453 3747 et
2472 3689 2736 3762 prodesse
2779 3693 3031 3758 possunt,
3070 3683 3222 3739 novit
3266 3679 3451 3736 Domi-

1873 3804 1977 3844 nus
2035 3788 2092 3843 in
2138 3784 2351 3843 occulto
2402 3781 2772 3854 providentia:
2820 3792 2950 3845 suae,
2998 3768 3455 3848 quemadmodum

1867 3876 2017 3953 ἱυθῑθ
2040 3877 2350 3951 qnibusque
2394 3876 2690 3947 dispenset,
2739 3873 2902 3928 etiam
2929 3884 3053 3949 cum
3076 3864 3306 3924 aliorum
3327 3881 3453 3951 pec-

1856 3980 1997 4031 ‘cata
2020 3973 2076 4028 in
2121 3971 2241 4029 aliis
2261 3944 2498 4025 videtur:
2524 3964 2735 4022 ulcisci.
2793 3944 2995 4019 Poenas
3039 3975 3171 4018 vero
3213 3944 3459 4016 invisibi-

1874 4065 1976 4132 les,
2018 4078 2140 4137 quaa
2164 4058 2381 4118 nonnisi
2419 4065 2627 4137 nocent
2665 4062 2719 4112 et
2756 4056 3015 4128 prodesse
3070 4068 3179 4109 non
3204 4040 3452 4123 possunt,

1876 4156 1952 4213 ita
1976 4134 2155 4209 nullus
2204 4148 2518 4218 Deojudice
2540 4134 2642 4219 pro
2675 4145 2866 4202 alienis
2902 4144 3145 4217 peccatis
3197 4140 3320 4208 luit,
3351 4140 3456 4198 sic-

1878 4257 1939 4304 ut
1976 4246 2196 4303 homine
2228 4239 2411 4315 judice
2469 4240 2621 4296 luere
2673 4237 2851 4294 nullus
2878 4234 3005 4293 ‘nisi
3028 4248 3128 4307 pro
3178 4236 3274 4290 sua
3301 4224 3458 4303 culpa

1880 4341 2014 4397 istas
2054 4334 2296 4393 visibiles
2346 4324 2524 4389 debet.
2582 4330 2696 4387 Hoc
2744 4330 2890 4386 enim
2930 4325 3187 4400 praecepit
3234 4320 3458 4379 [homini

1854 4424 2046 4503 Ljudici
2071 4430 2213 4483 Deus
2234 4427 2292 4481 in
2339 4424 2428 4482 his
2456 4423 2667 4499 quaead
2712 4422 3006 4477 humanum
3046 4414 3309 4503 judicium
3338 4408 3462 4503 per-

1884 4496 2057 4578 tinent
2074 4516 2416 4585 vindicanda,
2467 4496 2611 4586 quod
2656 4515 2712 4569 in
2752 4526 2851 4568 suo
2894 4500 3105 4582 judicio’
3134 4504 3265 4561 facit
3296 4496 3457 4575 'ipse,

179 4624 326 4679 viter
372 4618 593 4683 territo,
651 4613 810 4670 Jesus
861 4627 984 4668 cum
1031 4610 1337 4667 senioribus
1379 4624 1437 4664 se
1482 4607 1779 4679 prostravit
1805 4596 1991 4686 “quo
2015 4606 2258 4684 potestas
2282 4610 2388 4665 non
2416 4608 2621 4686 aspirat
2645 4596 2900 4660 humana;

181 4694 253 4770 ad
312 4708 635 4771 Dominum,
687 4706 846 4773 eique
908 4718 1227 4773 responsum
1273 4708 1359 4755 est
1399 4700 1522 4756 ideo
1576 4700 1776 4755 factum

174 4823 311 4879 esse
342 4801 497 4874 quod
531 4807 854 4872 peccaverat
898 4794 1175 4868 populus;
1211 4784 1448 4848 minatus
1490 4800 1573 4848 est
1612 4793 1780 4847 etiam

178 4903 334 4959 Deus
361 4911 478 4952 non
504 4909 564 4949 se
591 4907 713 4948 cum
738 4891 817 4946 eis
847 4888 1108 4954 futurum,
1149 4886 1254 4943 nisi
1299 4882 1622 4941 abstulerint
1650 4898 1783 4941 ana-

185 4993 381 5048 thema
411 4983 484 5041 de
534 4983 768 5054 seipsis;
803 4989 860 5036 et
890 4978 1035 5051 quod
1080 4987 1331 5035 ostensus
1379 4984 1464 5032 est
1490 4976 1582 5047 qui
1637 4972 1783 5031 defe-

181 5090 363 5157 cerat,
416 5091 521 5132 nec
567 5073 715 5130 solus
741 5071 974 5133 occisus,
1031 5069 1126 5124 sed
1167 5084 1290 5124 cum
1326 5066 1579 5123 omnibus
1625 5066 1780 5123 suis:

178 5170 364 5247 quaeri
406 5166 549 5224 solet
574 5163 845 5236 quomodo
864 5159 1013 5230 juste
1056 5174 1156 5230 pro
1204 5158 1428 5215 alterius
1461 5159 1698 5228 peccatis
1725 5159 1781 5213 in

188 5260 328 5318 alios
380 5255 730 5321 vindicetur;
778 5250 1017 5308 maxime
1073 5249 1199 5320 quia
1258 5249 1311 5303 in
1358 5248 1476 5319 lege
1523 5247 1784 5305 Dominus

180 5348 327 5407 dixit
375 5347 599 5422 (Ezech.
658 5344 845 5427 xviii),
885 5360 989 5400 nec
1022 5351 1205 5414 patres
1256 5357 1355 5415 pro
1400 5342 1655 5408 ﬁliorum,
1685 5357 1787 5399 nec

184 5442 330 5499 ﬁlios
358 5456 466 5514 pro
494 5447 713 5510 patrum
754 5435 996 5510 peccatis
1037 5450 1158 5490 esse
1197 5433 1518 5506 puniendos.
1544 5433 1629 5488 An
1652 5432 1783 5489 illud

179 5529 565 5603 judicantibus
595 5527 907 5584 hominibus
956 5533 1039 5581 est
1081 5532 1431 5597 praiceplum,
1474 5538 1550 5603 ne
1598 5539 1785 5594 quem-

189 5644 358 5701 quam
392 5640 498 5700 pro
527 5623 702 5681 altero
747 5623 979 5699 puniant
1008 5638 1024 5687 ;
1079 5618 1173 5676 Dei
1209 5628 1392 5674 autem
1433 5616 1637 5687 judicia
1675 5631 1785 5673 non

191 5722 304 5776 sint
326 5717 623 5792 ejusmodi,
652 5716 744 5786 qui
770 5715 880 5770 alto
906 5721 966 5770 et
1011 5710 1268 5771 invisibili
1297 5710 1522 5767 consilio
1546 5724 1645 5765 suo
1688 5722 1787 5764 no-

190 5810 273 5867 vit
317 5817 597 5887 quatenus
627 5805 890 5864 extendat
930 5804 1097 5862 etiam
1130 5801 1477 5876 temporalem
1503 5799 1785 5858 hominum

1957 4676 2136 4777 asin.)
2181 4722 2200 4775 ς
2234 4694 2456 4757 Tollens
2479 4676 2665 4769 itaque
2693 4694 2863 4777 Iosue.
2882 4691 3072 4759 Achan
3092 4676 3275 4777 ﬁlium
3299 4682 3461 4777 Zare,

1862 4791 1913 4848 'i
1955 4770 2366 4867 argentumque,
2408 4796 2463 4845 et
2504 4784 2754 4859 pallium,
2824 4772 2881 4840 et
2919 4770 3155 4867 auream
3191 4770 3459 4863 regulam,

1895 4908 1914 4940 α
1961 4886 2209 4959 ﬁliosque
2236 4884 2354 4956 ejus
2381 4891 2438 4938 et
2465 4880 2624 4950 ﬁlias,
2655 4882 2821 4937 boves
2866 4884 2925 4934 et
2954 4864 3161 4942 asinos,
3210 4881 3266 4929 et
3306 4856 3460 4939 oves,

1868 4986 1915 5034 'c
1957 4981 2243 5053 ipsumque
2287 4968 2714 5049 tabernaculum,
2758 4977 2813 5027 et
2858 4960 3109 5025 cunctam
3157 4961 3466 5035 Supellecti-

1894 5090 1914 5127 ι
1958 5048 2090 5137 lem,
2134 5048 2191 5124 et
2226 5064 2404 5122 omnis
2452 5059 2619 5118 Israel
2656 5048 2781 5116 cum
2825 5070 2914 5125 eo,
2961 5056 3229 5113 duxerunt
3272 5048 3368 5109 eos
3399 5048 3466 5104 ad

1893 5180 1913 5214 ι
1957 5159 2156 5215 vallem
2176 5156 2383 5216 Achor,
2406 5144 2891 5219 ubidixitflosue:
2924 5146 3062 5215 Quia
3081 5140 3312 5200 turbasti
3343 5146 3463 5219 nos,

1894 5269 1914 5304 ι
1961 5247 2212 5307 exturbet
2262 5254 2317 5300 te
2360 5243 2621 5299 Dominus
2666 5236 2723 5296 in
2776 5239 2863 5297 die
2901 5238 3049 5295 hac:
3100 5230 3467 5309 lapidavitque

1856 5354 1859 5357 ·
1897 5360 1916 5394 ι
1961 5353 2088 5397 eum
2133 5336 2311 5393 omnis
2362 5332 2550 5400 Israel,
2607 5340 2667 5388 et
2705 5340 2901 5388 cuncta
2926 5318 2927 5323 “
2950 5339 3070 5397 quae
3109 5323 3258 5380 illius
3307 5330 3468 5379 erant

1897 5452 1916 5487 ι
1961 5430 2088 5504 igne
2140 5434 2459 5498 consumpta
2519 5431 2664 5482 sunt.
2719 5416 3195 5490 Congregaverunt
3251 5424 3469 5485 quoque

1895 5541 1915 5576 ι
1959 5508 2135 5594 super
2159 5532 2281 5576 eum
2323 5530 2579 5572 acervum
2621 5524 2875 5584 magnum
2916 5506 3156 5579 lapidum
3194 5505 3288 5577 qui
3342 5506 3469 5574 per-

1897 5633 1917 5666 r
1959 5619 2142 5669 manet
2181 5618 2350 5681 usque
2397 5608 2454 5664 in
2481 5609 2807 5678 praesentem
2849 5600 2991 5657 diem
3018 5617 3031 5653 :
3056 5602 3113 5656 et
3139 5608 3362 5679 aversus
3384 5601 3470 5650 est
3557 5630 3563 5635 ι

1899 5724 1922 5758 ‹
1964 5702 2116 5760 furor
2161 5698 2378 5758 Domini
2415 5696 2485 5753 ab
2537 5694 2617 5750 eis
2650 5710 2663 5746 :
2694 5698 3059 5761 vocatumque
3120 5695 3207 5745 est
3267 5690 3469 5740 nomen

1899 5816 1919 5852 ι
1962 5794 2234 5856 loci‘illius
2258 5790 2417 5851 vallis
2442 5787 2624 5847 Achar
2654 5794 2822 5855 usque
2873 5780 3065 5843 hodie.
3093 5799 3112 5835 ι
3153 5776 3472 5853 (Ex‘Augu-
