3930 6344
459 335 598 397 1031

1110 326 1174 383 Β.
1213 325 1467 382 RABANI
1505 317 1728 382 MAURI
1763 311 2082 380 ARCHIEP.
2109 307 2432 379 'MOGUNT.
2470 317 2756 376 OPERUM
2793 315 2974 374 PARS
3004 315 3046 371 Ι.

3580 311 3715 367 {03%

460 445 758 515 scripturae
787 436 984 494 divina
1016 435 1343 492 testimoniis
1371 434 1602 505 aperire.
1647 434 1704 488 In
1750 433 2039 503 superiori-
2063 438 2118 498 Α
2143 433 2452 489 caelestibus
2479 434 2782 489 considere.
2811 431 2916 487 Sed
2944 430 3190 484 umbrata
3219 435 3347 483 sunt
3369 427 3594 497 quidem
3617 430 3720 486 haec

462 540 566 596 bus
601 535 836 591 diximus
880 543 1064 602 regem
1094 529 1198 583 Ahi
1229 527 1440 583 diabolo
1466 542 1624 596 posse
1662 524 1894 581 conferri
1912 567 1928 592 ,
1956 525 2046 580 hic

461 625 736 699 quomodo
776 620 995 693 gemino
1027 618 1181 689 ligno
1223 615 1514 672 cruciﬁxus
1554 624 1670 681 est,
1709 627 1886 685 Opera:
1925 628 2048 685 pre-

462 718 600 772 tium
627 722 713 770 est
753 724 999 767 noscere.
1039 709 1185 765 Crux
1221 709 1435 765 Domini
1479 710 1649 765 nostri
1685 708 1812 764 Jesu
1843 707 2047 764 Christi

463 809 684 880 gemina
713 804 834 860 fuit.
876 803 1048 857 Mirus
1080 802 1178 857 tibi
1208 817 1386 858 sermo
1420 801 1652 858 fortasse
1680 811 1736 858 et
1763 815 1935 856 novus
1964 801 2047 854 vi-

465 902 644 957 detur.
672 896 827 966 Quod
856 896 978 951 dico
1005 910 1138 950 crux
1167 895 1379 964 gemina
1411 894 1535 961 fuit,
1565 895 1667 949 hoc
1691 902 1803 958 est,
1836 893 2048 962 gemina

464 993 676 1048 ratione
718 997 932 1045 constat
967 997 1022 1042 et
1062 986 1294 1056 duplici;
1339 988 1465 1056 quia
1509 986 1792 1042 visibiliter
1835 987 2049 1055 quidem

463 1081 638 1137 Filius
664 1079 759 1135 Dei
798 1080 852 1132 in
889 1091 1052 1133 carne
1078 1076 1372 1132 cruciﬁxus
1399 1085 1515 1140 est;
1549 1076 1895 1131 invisibiliter
1920 1089 2050 1130 vero

464 1171 520 1228 in
555 1173 656 1227 hac
683 1183 843 1226 cruce
880 1167 1126 1223 diabolus
1152 1183 1278 1222 cum
1305 1167 1700 1237 principatibus
1729 1175 1784 1221 et
1813 1175 2023 1236 potesta

468 1263 613 1316 tibus
640 1259 829 1314 afﬁxus
855 1265 941 1313 est
967 1258 1138 1312 cruci.
1182 1256 1299 1312 Non
1330 1257 1425 1311 tibi
1458 1259 1560 1311 hoc
1597 1256 1812 1311 videtur
1839 1271 2047 1322 verum,

463 1352 511 1408 si
538 1352 636 1407 tibi
664 1352 858 1406 horum
898 1357 1088 1404 testem
1129 1348 1437 1418 produxero
1462 1348 1762 1417 apostolum
1792 1347 2052 1402 Paulum?

465 1442 605 1497 Audi
636 1455 766 1512 ergo
804 1440 874 1495 de
914 1440 1000 1494 his
1039 1439 1168 1508 quid
1209 1439 1323 1509 ipse
1359 1439 1676 1508 pronuntiat
1705 1455 1719 1490 :
1757 1457 1778 1488 ι
1812 1438 1878 1492 Ει
1910 1437 2053 1508 quod

467 1541 603 1595 erat,
635 1530 842 1600 inquit,
879 1530 1212 1584 contrarium
1240 1529 1427 1594 nobis,
1456 1529 1577 1584 tulit
1607 1529 1755 1584 illum
1783 1545 1815 1584 e
1843 1531 2049 1594 medio,

469 1621 690 1693 aiﬁgens
713 1621 864 1676 cruci
894 1636 1036 1685 stite,
1069 1636 1278 1675 exuens
1307 1620 1639 1690 principatus
1667 1627 1722 1674 et
1757 1628 2054 1689 potestates

471 1715 708 1771 traduxit
737 1715 925 1780 libere,
955 1715 1299 1784 triumphans
1330 1729 1425 1769 eos
1450 1715 1504 1768 in
1530 1715 1676 1784 ligno
1707 1714 1884 1769 crucis
1913 1713 2050 1786 (Col.

2146 539 2287 579 nunc
2314 540 2410 594 per
2430 523 2612 588 ﬁdem,
2639 524 2764 594 quia
2793 529 2974 576 mente
2997 527 3053 575 et
3080 533 3175 589 spe
3196 534 3225 572 a
3254 518 3490 572 terrenis
3517 528 3570 571 et
3595 533 3725 572 mor-

2145 614 2255 668 tuis
2284 615 2538 683 operibus
2563 611 2858 677 elevamur,
2893 617 2948 665 et
2975 625 3070 664 cor
3095 617 3338 664 nostrum
3369 607 3635 678 erigimus
3666 610 3722 662 ad

2146 705 2386 760 caelestia
2422 721 2452 758 a
2484 713 2646 760 terra.
2676 701 2992 774 lmplebitur
3029 709 3212 755 tamen
3252 699 3358 755 hoc
3404 700 3462 754 in
3500 700 3724 756 secundo

2147 799 2377 853 adventu
2405 795 2521 866 ejus
2539 839 2553 864 ,
2587 804 2646 851 ut
2672 812 2735 852 ea
2764 810 2884 866 quae
2928 809 3073 849 nunc
3101 793 3207 848 fide
3233 801 3288 848 et
3323 805 3423 862 spe
3451 795 3722 862 praesumi-

2149 903 2304 954 mus,
2335 898 2462 944 tunc
2498 890 2663 944 etiam
2701 899 2882 942 rerum
2923 884 3119 940 eﬁectu
3153 882 3524 954 corporaliter
3560 891 3724 939 tenea-

2149 995 2289 1037 mus.
2319 981 2397 1036 lta
2427 997 2556 1052 ergo
2581 980 2649 1035 de
2676 977 2889 1034 diabolo
2914 977 3320 1047 intelligendum
3349 984 3452 1040 est,
3485 977 3628 1046 quod
3650 979 3720 1032 vi-

2149 1082 2268 1128 ctus
2297 1082 2380 1128 est
2397 1073 2615 1143 quidem
2651 1079 2706 1126 et
2735 1069 3025 1125 cruciﬁxus
3056 1075 3154 1130 est,
3191 1068 3286 1122 sed
3316 1067 3404 1121 his
3432 1068 3529 1137 qui

2149 1163 2243 1216 ﬁxi
2279 1171 2407 1218 sunt
2439 1178 2564 1219 cum
2596 1162 2846 1226 Christo;
2879 1160 3129 1216 omnibus
3158 1167 3344 1214 autem
3371 1159 3719 1225 credentibus,

2150 1263 2205 1310 et
2231 1254 2496 1309 universis
2523 1253 2736 1324 populis
2763 1261 2892 1307 tunc
2922 1253 3026 1306 erit
3053 1249 3370 1306 cruciﬁxus.
3407 1250 3559 1305 Tunc
3583 1261 3720 1304 com-

2151 1345 2387 1418 plebitur
2423 1344 2552 1398 illud
2594 1346 2737 1413 quod
2766 1344 2899 1398 dicit
2937 1342 3260 1413 Apostolus;
3303 1359 3324 1391 ‹
3356 1342 3490 1411 quia
3517 1341 3649 1396 sicut
3673 1341 3720 1395 in

2152 1438 2322 1492 Adam
2349 1450 2538 1491 omnes
2565 1436 2890 1500 moriuntur,
2923 1435 2996 1490 ita
3026 1443 3082 1489 et
3115 1435 3168 1489 in
3204 1433 3426 1489 Christo
3450 1449 3633 1488 omnes
3655 1434 3722 1487 vi—

2153 1528 2517 1583 viﬁcabuntur
2543 1525 2596 1598 (1
2627 1526 2750 1581 Cor.
2775 1527 2888 1597 xv).
2925 1547 2943 1578 ι
2979 1525 3074 1580 Est
3109 1541 3237 1596 ergo
3267 1535 3324 1580 et
3357 1526 3414 1579 in
3453 1526 3555 1580 hoc
3575 1525 3720 1579 etiam

2157 1617 2330 1674 latens
2357 1619 2542 1689 ﬁgurae
2569 1617 2920 1687 mysterium;
2950 1632 3080 1672 nam
3119 1625 3172 1670 et
3212 1615 3484 1671 dividetur
3521 1617 3721 1684 populus

2159 1712 2211 1765 in
2239 1711 2373 1765 duas
2397 1717 2582 1779 partes
2615 1727 2626 1762 :
2660 1716 2822 1764 erunt
2850 1716 2904 1762 et
2927 1708 3018 1763 alii
3046 1708 3226 1778 primi,
3252 1716 3307 1763 et
3335 1708 3425 1761 alii
3452 1708 3718 1776 postremi;

464 1807 551 1879 ιι).
587 1828 605 1860 ι
625 1807 781 1862 Licet
799 1816 854 1863 et
878 1807 932 1861 in
951 1806 1072 1861 aliis
1093 1805 1496 1874 exemplaribus
1515 1806 1798 1870 habeatur,
1830 1824 1848 1856 ι
1873 1805 2060 1859 trium-
2086 1791 2134 1854 Β
2162 1799 2254 1870 qui
2282 1815 2405 1854 cum
2447 1800 2513 1854 ad
2553 1799 2736 1853 Jesum
2779 1813 2942 1852 unum
2971 1797 3406 1866 conSpiraverint
3424 1837 3439 1862 ,
3472 1794 3586 1863 jam
3617 1805 3721 1852 tunc

468 1900 643 1970 phans
669 1913 765 1954 eos
799 1899 854 1952 in
897 1897 1206 1967 semetipso.
1253 1915 1272 1949 ›
1311 1895 1416 1950 Sed
1459 1897 1599 1966 apud
1629 1896 1849 1952 Graecos
1887 1895 2055 1950 habe-

472 1997 582 2055 tur,
605 1990 662 2042 in
687 1989 850 2059 ligno.
870 1987 927 2042 lu
951 1987 1096 2058 ligno
1117 2002 1248 2057 ergo
1275 1987 1468 2056 duplex
1494 1988 1634 2042 ratio
1657 1996 1742 2041 est
1767 1986 2058 2040 Dominicae

471 2081 651 2135 crucis
681 2095 698 2130 ι
729 2095 836 2134 una
866 2079 958 2134 illa
987 2094 1152 2150 quam
1185 2079 1317 2134 dicit
1343 2079 1619 2148 apostolus
1659 2078 1885 2142 Petrus,
1915 2075 2058 2146 quod

471 2171 722 2228 Christus
749 2171 1044 2227 cruciﬁxus
1073 2171 1292 2241 reliquit
1319 2171 1477 2226 nobis
1503 2171 1829 2240 exemplum.
1857 2170 1924 2224 Et
1946 2170 2061 2222 haec

470 2263 706 2318 secunda
751 2277 885 2316 crux
927 2261 1017 2314 illa
1058 2269 1322 2329 tropaeum
1362 2261 1430 2315 de
1465 2258 1680 2314 diabolo
1707 2257 1841 2322 fuit,
1871 2258 1925 2311 in
1953 2271 2061 2326 quo

468 2353 764 2410 cruciﬁxus
791 2362 874 2408 est
899 2364 957 2407 et
997 2353 1384 2423 triumphatas.
1425 2353 1549 2406 Ideo
1585 2351 1817 2420 denique
1847 2360 2062 2422 aposto-

472 2442 559 2497 lus
585 2441 785 2496 Paulus
811 2443 1030 2497 dicebat
1061 2460 1074 2495 :
1115 2461 1133 2493 ι
1170 2442 1300 2496 Mihi
1330 2451 1511 2498 autem
1533 2443 1674 2498 absit
1693 2443 1931 2513 gloriari,
1957 2443 2061 2498 nisi

470 2534 530 2589 in
553 2547 720 2589 cruce
747 2534 964 2589 Domini
992 2534 1162 2589 nostri
1200 2534 1330 2590 Jesu
1364 2534 1587 2601 Christi,
1614 2551 1713 2606 per
1735 2552 1895 2604 quem
1928 2536 2061 2590 mihi

477 2624 711 2678 mundus
749 2624 1044 2680 cruciﬁxus
1084 2631 1204 2690 est,
1239 2633 1296 2679 et
1323 2641 1424 2695 ego
1460 2627 1661 2680 mundo
1700 2624 1851 2695 (Gal.
1879 2625 1991 2697 vr).
2035 2645 2056 2678 ι

473 2714 638 2770 Vides
665 2715 792 2783 quia
817 2723 872 2770 et
899 2715 987 2769 hic
1007 2713 1300 2785 Apostolus
1322 2715 1593 2786 duplicem
1619 2716 1798 2771 crucis
1826 2714 2064 2786 prodidit

470 2808 758 2863 rationem.
799 2807 918 2863 Duo
953 2807 1096 2862 enim
1127 2808 1230 2863 sibi
1269 2809 1541 2863 contraria
1575 2808 1707 2862 dicit
1736 2823 1856 2863 esse
1883 2807 2062 2862 cruci-

472 2898 582 2954 ﬁxa
612 2917 625 2952 :
657 2906 902 2953 sanctum
932 2905 988 2952 et
1013 2904 1377 2968 peccatorem,
1407 2897 1666 2951 mundum
1694 2905 1752 2952 et
1780 2896 1926 2950 illam
1954 2895 2067 2950 for-

477 3004 623 3044 mam
662 2989 781 3044 sine
821 2987 987 3042 dubio
1023 3002 1186 3056 quam
1218 2986 1469 3057 superius
1508 2986 1743 3041 diximus
1773 2985 1976 3040 Christi
2010 2991 2066 3039 et

2161 1894 2301 1947 ultra
2338 1892 2559 1946 omnino
2601 1905 2711 1945 non
2750 1890 2854 1944 erit
2891 1888 3168 1953 diabolus,
3197 1888 3326 1958 quia
3356 1886 3474 1956 jam
3514 1903 3615 1942 non
3639 1888 3721 1940 erit

2161 2000 2329 2040 mors.
2358 1982 2452 2038 Vis
2477 1982 2574 2036 tibi
2605 1981 2770 2035 etiam
2793 1982 2907 2036 hate
2927 1981 3126 2035 divinis
3150 1979 3479 2034 testimoniis
3507 1994 3721 2049 compro-

2161 2079 2384 2134 bemus?
2412 2077 2550 2131 Audi
2579 2075 2895 2146 Apostolum
2921 2077 3190 2132 dicentem
3228 2096 3240 2130 :
3283 2095 3302 2126 ς
3339 2075 3456 2132 Hoc
3480 2076 3620 2132 enim
3643 2093 3718 2131 vo-

2161 2170 2245 2224 bis
2275 2168 2505 2223 dicimus
2533 2167 2588 2221 in
2618 2167 2783 2222 verbo
2809 2166 3020 2221 Domini
3044 2207 3060 2231 ,
3085 2166 3213 2237 quia
3243 2181 3344 2220 nos
3371 2167 3465 2236 qui
3491 2167 3720 2230 vivimus,

2161 2261 2252 2331 qui
2290 2260 2491 2315 residui
2523 2274 2746 2324 sumus,
2781 2260 2835 2313 in
2884 2260 3116 2314 adventu
3151 2259 3368 2314 Domini
3406 2275 3506 2312 non
3537 2272 3722 2328 pracve-

2163 2353 2374 2408 niemus
2394 2368 2488 2408 eos
2523 2352 2613 2422 qui
2645 2351 2984 2406 dormierunt
3013 2370 3026 2404 :
3059 2351 3320 2421 quoniam
3345 2351 3460 2421 ipse
3484 2349 3721 2404 Dominus

2162 2444 2217 2498 in
2248 2441 2438 2510 jussu,
2477 2450 2533 2496 et
2568 2442 2622 2496 in
2652 2457 2786 2496 voce
2814 2442 3157 2512 archangeli,
3189 2450 3244 2496 et
3283 2443 3338 2496 in
3369 2443 3502 2496 tuba
3533 2441 3615 2496 Dei
3639 2440 3718 2494 de-

2163 2533 2390 2589 scendet
2418 2533 2484 2587 de
2517 2532 2656 2588 caelo
2688 2551 2701 2584 :
2731 2541 2786 2586 et
2812 2532 3015 2588 mortui
3042 2533 3133 2602 qui
3163 2532 3218 2587 in
3243 2531 3470 2587 Christo
3497 2541 3628 2594 sunt,
3651 2546 3719 2584 re-

2165 2633 2389 2694 surgent
2425 2624 2617 2694 primi;
2647 2623 2842 2678 deinde
2876 2641 2976 2680 nos
3014 2625 3106 2694 qui
3139 2625 3409 2689 vivimus,
3449 2626 3540 2695 qui
3579 2623 3716 2678 relin-

2165 2715 2404 2784 quimur,
2451 2714 2611 2769 simul
2660 2716 2932 2786 rapiemur
2969 2732 3092 2772 cum
3137 2715 3241 2771 illis
3289 2718 3346 2770 in
3390 2716 3608 2771 nubibus
3642 2716 3723 2770 ob-

2164 2807 2308 2862 viam
2348 2806 2567 2862 Christo
2603 2807 2661 2861 in
2697 2821 2824 2863 aera
2863 2817 2959 2862 :ct
2995 2809 3074 2863 sic
3110 2824 3328 2879 semper
3365 2826 3483 2866 cum
3521 2808 3723 2864 Domino

2165 2899 2370 2954 erimus
2402 2897 2454 2968 (Ι
2485 2897 2662 2953 Thess.
2689 2897 2787 2967 tv).
2831 2917 2848 2950 ι
2889 2899 2964 2953 De
2989 2899 3208 2955 diabolo
3231 2909 3415 2956 autem
3442 2903 3516 2956 ait
3545 2919 3558 2954 :
3592 2919 3610 2950 ι
3634 2901 3724 2956 No-

2167 2988 2421 3043 vissimus
2453 2989 2706 3044 inimicus
2732 2990 3040 3045 destruetur
3059 3007 3208 3046 mors
3231 2991 3280 3062 (1
3305 2991 3431 3047 Cor.
3460 2993 3575 3063 xv);
3607 3014 3622 3043 ι
3647 2993 3720 3062 qui

474 3079 693 3137 diaboli.
721 3077 834 3133 Nos
852 3077 998 3133 enim
1029 3078 1398 3149 cruciﬁgimur
1420 3078 1623 3133 mundo
1651 3085 1800 3142 tunc,
1825 3091 1947 3131 cum
1971 3091 2066 3131 ve-
2107 3147 2131 3149 _
2171 3087 2300 3134 tunc
2333 3095 2462 3136 vere
2490 3081 2744 3148 vincitur,
2774 3097 2899 3137 cum
2937 3082 3170 3138 mortale
3208 3084 3316 3140 hoc
3342 3084 3675 3140 absorbeatur
3695 3100 3724 3136 a

474 3172 630 3226 niens
666 3171 922 3240 princeps
963 3170 1152 3224 mundi
1193 3147 1356 3238 hujus
1400 3169 1453 3225 in
1499 3170 1658 3225 nobis
1700 3185 1807 3225 non
1855 3168 2061 3223 invenit
2087 3147 2136 3213 ο
2167 3170 2296 3224 vita.

475 3259 771 3328 quidquam
795 3275 810 3323 ;
838 3267 894 3314 et
921 3259 1076 3314 nobis
1104 3259 1443 3329 cruciﬁgitur
1470 3260 1703 3314 mundus
1721 3300 1736 3323 ,
1770 3274 1894 3314 cum
1931 3273 2059 3330 pec-

475 3351 586 3406 cati
630 3351 1127 3420 concupiscentiam
1173 3366 1280 3405 non
1332 3352 1642 3420 recipimus.
1692 3349 1798 3406 Sed
1847 3353 1894 3406 si
1944 3351 2067 3421 quis

478 3441 622 3498 forte
662 3449 746 3496 est
783 3442 1046 3497 attentior
1084 3441 1316 3505 auditor,
1370 3450 1547 3511 potest
1595 3441 1777 3496 dicere
1815 3459 1828 3495 :
1871 3440 2066 3495 Forma

478 3533 696 3601 quidem
735 3547 922 3589 rerum
956 3533 1171 3588 videtur
1207 3548 1328 3588 esse
1369 3533 1730 3600 conveniens,
1769 3535 1860 3588 sed
1891 3534 2068 3588 adhuc

477 3621 608 3676 illud
624 3637 711 3677 me
733 3632 916 3679 movet
934 3625 1078 3693 quod
1099 3622 1347 3679 diabolus
1370 3633 1425 3679 et
1445 3625 1716 3679 exercitus
1739 3639 2072 3693 suus,qnan-

480 3722 594 3770 tum
621 3716 690 3769 ad
715 3717 959 3776 historia:
977 3717 1286 3773 ostenditur
1311 3717 1560 3787 ﬁguram,
1583 3718 1937 3787 interemptus
1962 3728 2065 3772 est.

481 3808 550 3861 Et
571 3810 841 3878 quomodo
874 3809 1123 3865 videmus
1153 3810 1333 3864 adhuc
1363 3810 1633 3865 diabolum
1669 3819 1722 3866 et
1765 3811 2069 3866 contrarias

476 3907 773 3968 petestates
802 3899 858 3954 in
886 3908 1096 3955 tantum
1125 3901 1307 3956 valere
1338 3901 1600 3957 adversus
1635 3916 1822 3956 servos
1848 3902 1976 3966 Dei,
2011 3909 2070 3955 ut

477 3992 641 4045 etiam
675 3991 957 4060 apostolus
982 3991 1176 4047 Petrus
1202 4007 1325 4048 cum
1361 3992 1570 4063 ingenti
1599 3993 1808 4048 cautela
1834 4007 2068 4062 praemo-

485 4087 612 4134 neat
639 4089 694 4132 et
727 4080 874 4135 dicat
900 4080 1297 4136 observandum
1331 4097 1483 4147 esse,
1520 4101 1539 4133 ι
1574 4083 1700 4152 quia
1727 4084 2071 4140 adversarius

487 4175 674 4222 noster
701 4167 978 4233 diabolus,
1009 4169 1151 4222 sicut
1179 4171 1267 4225 leo
1302 4173 1555 4241 rugiens,
1593 4173 1788 4227 circuit
1821 4188 2071 4243 quaerens

486 4273 648 4328 quem
678 4257 896 4313 devoret
924 4258 977 4328 (Ι
1001 4257 1148 4312 Petr.
1170 4261 1244 4332 v).
1285 4281 1304 4313 ›
1340 4262 1629 4318 Videamus
1654 4280 1784 4334 ergo
1813 4267 1859 4318 si
1889 4276 1944 4320 et
1983 4267 2071 4320 hic

485 4351 707 4423 dignum
745 4350 948 4420 aliquid
987 4352 1164 4408 sancti
1219 4352 1454 4423 Spiritus
1502 4355 1734 4424 eloquiis
1782 4372 2068 4426 possumus

482 4441 746 4498 invenire.
774 4441 1052 4498 Adventus
1077 4439 1312 4510 Christi,
1343 4460 1481 4499 unus
1509 4444 1725 4514 quidem
1756 4447 1811 4501 in
1849 4447 2065 4502 humili-

484 4543 597 4590 tate
623 4541 930 4603 compertus
955 4541 1070 4598 est,
1105 4534 1247 4590 alius
1275 4549 1405 4590 vero
1431 4544 1682 4604 speratur
1703 4536 1756 4590 in
1783 4536 1982 4606 gloria;
2015 4547 2070 4593 et

485 4621 578 4676 hic
601 4622 810 4688 primus
838 4624 1103 4679 adventus
1140 4625 1194 4678 in
1230 4640 1416 4690 carne,
1446 4625 1674 4696 mystico
1703 4628 1933 4696 quodam
1956 4643 2071 4683 ser-

489 4725 682 4775 mone,
711 4711 768 4766 in
798 4710 1094 4782 Scripturis
1122 4717 1327 4771 sanctis
1364 4717 1555 4772 umbra
1593 4716 1711 4785 ejus
1748 4718 2065 4788 appellatur,

491 4800 633 4858 sicut
670 4812 726 4858 et
761 4802 1025 4862 Jeremias
1063 4809 1324 4878 propheta
1366 4810 1540 4865 dicit:
1575 4829 1592 4859 ι
1631 4809 1866 4880 Spiritus
1889 4812 2071 4867 vultus

488 4893 664 4954 nostri
702 4893 952 4950 Christus
995 4895 1280 4965 Dominus,
1312 4901 1400 4955 cui
1438 4915 1538 4956 nos
1575 4902 1840 4967 diximus;
1873 4902 1927 4956 in
1956 4918 2074 4957 um-

489 4983 592 5040 bra
632 4984 750 5054 ejus
776 4985 1019 5042 vivemus
1051 4987 1107 5043 in
1143 4992 1393 5060 gentibus
1436 4992 1652 5064 (Thren.
1683 4992 1781 5063 IV).
1821 5013 1839 5045 ι
1876 4993 1984 5048 Sed
2021 5001 2077 5049 et

494 5072 732 5140 Gabriel,
766 5091 888 5131 cum
910 5078 1309 5148 evangelizarct
1333 5082 1514 5138 Mariae
1535 5084 1600 5138 de
1628 5083 1910 5139 nativitate
1935 5083 2072 5153 ejus,

495 5164 667 5221 dicit:
708 5183 726 5216 t
764 5166 949 5221 Virtus
977 5166 1242 5222 Altissimi
1268 5171 1612 5230 obumbrabit
1639 5175 1733 5230 tibi
1755 5175 1906 5248 (Luc.
1936 5175 2010 5248 t);
2049 5195 2068 5230 ι

427 5321 436 5325 τ
493 5264 718 5326 propter
755 5259 900 5327 quod
941 5257 1290 5330 intelligimus
1330 5266 1504 5332 primo
1544 5268 1648 5324 hoc
1684 5270 1916 5325 adventu
1959 5268 2075 5339 ejus

497 5345 844 5415 adumbrari,
881 5365 1112 5420 quorum
1153 5350 1462 5420 adimpletio
1499 5366 1554 5411 et
1587 5359 1850 5428 perfectio
1884 5363 1938 5416 in
1984 5376 2072 5418 se—

497 5437 676 5493 cundo
705 5451 1112 5500 consummetur
1133 5445 1386 5500 adventu.
1421 5445 1573 5504 Unde
1608 5451 1892 5522 Apostolus
1921 5455 2071 5523 dicit,

504 5541 527 5612 ι
564 5533 691 5596 quia
724 5533 1067 5588 resuscitavit
1107 5550 1206 5590 nos
1236 5551 1360 5591 cum
1401 5535 1548 5606 ipso,
1583 5541 1846 5612 simulque
1885 5547 2076 5601 sedere

501 5611 630 5672 fecit
659 5618 711 5674 in
737 5621 1046 5680 cmlestibus
1070 5625 1230 5697 (Eph.
1256 5625 1339 5700 ιι).
1379 5648 1397 5680 ι
1429 5627 1498 5682 Ει
1525 5631 1708 5700 utique
1736 5611 1968 5693 nondum
1997 5638 2077 5694 vi-

505 5701 696 5766 demus
731 5712 1014 5771 credentes
1052 5724 1144 5773 aut
1184 5720 1537 5777 resuscitatos
1573 5737 1693 5780 esse
1720 5723 1867 5798 jam,
1901 5730 2076 5788 autin

2238 3261 2389 3331 (CAP.
2433 3259 2576 3332 vm.)
2617 3279 2636 3313 ι
2672 3260 2842 3334 Igitur
2869 3265 3119 3320 omnibus
3147 3265 3445 3322 interfectis
3464 3267 3546 3335 qui
3565 3265 3727 3319 Israe-

2173 3371 2192 3404 ι
2227 3353 2331 3408 lem
2359 3354 2427 3407 ad
2453 3354 2668 3410 deserta
2695 3357 3005 3412 tendentem
3033 3357 3253 3412 fuerant
3280 3359 3572 3428 persecuti,
3597 3363 3651 3410 et
3677 3355 3725 3408 in

2175 3465 2193 3497 ι
2233 3447 2421 3502 eodem
2451 3447 2572 3502 loco
2599 3447 2776 3519 gladio
2800 3449 3198 3514 corruentibus,
3231 3453 3434 3506 reversi
3466 3450 3553 3504 ﬁlii
3583 3445 3730 3502 lsfael

2175 3559 2194 3591 ‹
2231 3548 2619 3610 percusserunt
2656 3540 2968 3606 civitatem,
3015 3561 3034 3592 ι
3073 3549 3127 3595 ει
3163 3541 3386 3611 reliqua.
3426 3541 3558 3608 Quid
3586 3549 3732 3608 putas

2167 3646 2288 3684 esse
2326 3629 2471 3698 quod
2513 3628 2670 3684 Jesus
2709 3628 2920 3700 fugiens
2956 3632 3306 3704 designabat?
3350 3631 3630 3684 Videamus
3671 3644 3739 3682 ne

2169 3721 2307 3776 forte
2352 3722 2423 3776 sit
2464 3722 2666 3792 aliquid
2702 3723 2844 3791 quod
2894 3722 3143 3793 fugiendo
3177 3722 3452 3776 vincamus
3496 3739 3510 3773 :
3553 3728 3610 3775 et
3659 3727 3740 3774 est

2170 3811 2350 3881 aliqua
2380 3811 2622 3881 perfecta
2652 3812 2828 3867 virtus
2859 3812 2913 3868 in
2953 3813 3099 3883 fuga.
3129 3813 3320 3868 Paulus
3343 3828 3446 3868 nos
3472 3811 3736 3882 apostolus

2172 3902 2349 3968 docet,
2385 3903 2570 3959 dicens
2596 3922 2608 3958 :
2641 3923 2660 3955 ‹
2691 3905 2884 3975 Fugite
2913 3906 3330 3964 fornicationem
3358 3907 3411 3977 (Ι
3434 3906 3549 3962 Cor.
3580 3907 3682 3976 vi);
3711 3923 3728 3956 ι

2172 3995 2321 4049 vides
2362 4009 2492 4063 ergo
2539 3997 2825 4064 quemdam
2873 3999 3120 4068 spiritum
3173 3999 3548 4056 fornicationis
3592 4011 3728 4066 quem

2171 4084 2359 4154 fugere
2385 4086 2664 4154 debemus,
2694 4090 3003 4159 quicunque
3023 4100 3171 4145 caste
3191 4100 3249 4146 et
3269 4093 3358 4161 pie
3390 4092 3444 4146 in
3471 4091 3661 4147 Christo
3682 4093 3732 4140 et

2172 4178 2368 4247 pudice
2403 4178 2647 4234 volumus
2681 4195 3020 4250 permanere.
3061 4182 3166 4237 Ista
3203 4182 3332 4254 fuga
3375 4182 3730 4238 beatitudinem

2174 4266 2400 4322 confert.
2428 4268 2494 4322 Et
2514 4285 2619 4324 non
2643 4270 2816 4324 solum
2840 4271 3210 4328 fornicationis
3232 4274 3458 4344 spiritus
3477 4272 3733 4343 fugiendus

2172 4364 2274 4420 est,
2305 4356 2399 4411 sed
2428 4359 2590 4412 simili
2619 4359 2812 4424 modo,
2847 4361 2988 4414 sicut
3012 4362 3214 4416 dictum
3246 4373 3361 4424 est,
3403 4384 3419 4413 ι
3452 4363 3603 4434 fugite
3627 4361 3731 4415 for-

2173 4447 2532 4512 nicationem,
2569 4468 2588 4502 ι
2631 4449 2914 4506 audiamus
2959 4452 3088 4522 quid
3122 4453 3257 4508 dicit
3300 4455 3374 4509 ad
3412 4470 3528 4509 nos.
3558 4452 3734 4522 Fugite

2175 4538 2310 4592 iram
2334 4579 2347 4604 ,
2375 4539 2542 4610 fugite
2577 4541 2893 4609 avaritiam,
2930 4544 3097 4612 fugite
3132 4545 3396 4602 invidiam
3426 4559 3484 4602 et
3517 4547 3734 4608 livorem,

2172 4628 2342 4699 fugite
2367 4629 2729 4688 detractiones
2751 4642 2805 4687 et
2834 4633 2971 4688 mala
2996 4634 3263 4704 colloquia
3293 4635 3434 4706 (Col.
3469 4653 3559 4700 ιιι;
3585 4634 3614 4688 Ι
3633 4633 3732 4687 Pet.

2174 4738 2245 4788 ιι;
2288 4722 2421 4792 ΕρΙι.
2453 4723 2537 4794 ν);
2567 4739 2686 4793 quae
2719 4735 2900 4781 tamen
2927 4728 3110 4783 nescio
3137 4729 3261 4798 quis
3287 4729 3511 4784 evadat.
3541 4729 3640 4784 Iste
3668 4739 3734 4782 ta-

2172 4812 2238 4866 lis
2267 4820 2383 4867 crat
2409 4815 2677 4869 exercitus
2707 4815 2810 4869 Abi
2832 4857 2846 4881 ,
2878 4832 3036 4886 quem
3065 4817 3223 4873 Iesus
3251 4816 3572 4890 fugiendum
3598 4820 3735 4873 dore—

2173 4903 2265 4958 bat
2293 4905 2489 4959 milites
2511 4920 2637 4960 suos
2660 4924 2673 4960 :
2700 4915 2755 4960 et
2775 4907 2841 4960 de
2866 4907 2951 4961 his
2977 4909 3205 4965 fortasse
3232 4911 3464 4966 mandat
3490 4908 3739 4980 discipulis

2180 4993 2311 5058 suis,
2345 4993 2530 5049 dicens
2562 5015 2574 5048 :
2610 5015 2628 5046 ‹
2668 4995 2726 5051 Si
2755 5011 2852 5052 vos
2879 5009 3275 5068 persequantur
3297 5001 3356 5057 in
3383 5019 3501 5058 una
3526 5002 3738 5063 civitate,

2177 5083 2345 5155 fugite
2378 5087 2432 5140 in
2471 5088 2630 5142 aliam
2660 5088 2886 5160 (Matth.
2909 5090 2998 5163 x).
3038 5114 3056 5145 ι
3091 5092 3245 5160 Quod
3274 5094 3319 5150 si
3353 5096 3410 5150 in
3448 5098 3603 5152 aliam
3627 5108 3746 5166 per-

2177 5185 2498 5247 sequuntur,
2529 5180 2798 5251 fugiamus
2837 5181 2892 5236 in
2934 5183 3170 5239 tertiam.
3207 5185 3339 5239 Vult
3379 5203 3522 5261 ergo
3559 5201 3654 5244 nos
3680 5183 3752 5239 fu-

2178 5283 2304 5340 gere
2336 5272 2404 5327 ab
2429 5272 2733 5343 hujusmodi
2772 5275 3015 5332 hostibus
3032 5317 3048 5344 ,
3075 5277 3191 5332 vult
3215 5294 3316 5335 nos
3342 5279 3518 5355 longe
3542 5281 3675 5339 effici
3699 5277 3754 5334 ab

2175 5358 2479 5429 hujusmodi
2506 5365 2680 5421 malis.

2248 5451 2425 5526 (iam)
2468 5476 2486 5505 ι
2523 5454 2686 5512 Josue
2711 5472 2841 5513 vero
2873 5475 2976 5515 non
3011 5470 3283 5519 contraxit
3319 5479 3580 5531 manum,
3606 5477 3756 5536 quam

2183 5561 2201 5593 ι
2236 5544 2290 5598 in
2318 5545 2544 5602 sublime
2573 5560 2890 5617 porrexerat
2910 5591 2926 5614 ,
2957 5560 3146 5607 tenens
3169 5554 3423 5625 clypeum
3443 5598 3459 5623 ,
3491 5559 3672 5612 donec
3690 5557 3759 5610 in-

2185 5657 2203 5688 (
2242 5638 2550 5694 terﬁcerent
2585 5657 2774 5698 omnes
2810 5643 3144 5702 habitatores
3175 5647 3311 5714 Abi,
3370 5669 3388 5702 ι
3432 5652 3508 5704 et
3555 5658 3758 5722 caetera.

2178 5729 2306 5788 Haec
2333 5745 2457 5787 cum
2487 5730 2671 5804 legunt
2705 5733 2908 5805 Judaei,
2950 5736 3197 5798 crudeles
3221 5737 3567 5811 adiciuntur,
3594 5747 3648 5798 et
3677 5737 3764 5794 btt-
