3930 6344
210 361 338 424 rosa

1113 346 1469 407 COMMENT.
1509 345 1577 402 IN
1615 343 1876 402 manus
1922 342 2154 402 JOSUE.
2187 373 2259 386 —
2295 343 2424 401 LIB.
2463 344 2507 401 ι.
2544 299 2549 306 ’

3301 349 3438 406 1054

198 452 416 534 ’ωωιωη
438 464 758 540 sanguinem
787 462 1051 527 sitientes,
1081 467 1332 532 putantes
1353 458 1480 528 quia
1513 464 1566 511 et
1595 454 1766 512 sancti
1793 456 1845 526 Α
1870 453 1972 510 hoc
1999 455 2160 512 modo
2189 471 2296 527 quo
2323 470 2485 527 supra
2511 455 2886 528 exposuimus,
2917 456 3156 528 intelligo
3181 458 3320 516 bella
3352 463 3442 533 ju—

201 568 273 624 ita
291 564 678 635 percusserunt
703 570 798 611 eos
822 554 914 625 qui
943 553 1260 609 habitabant
1289 549 1415 616 Ahi,
1447 557 1506 604 ut
1542 564 1649 604 non
1678 564 1766 603 re.

195 659 527 727 linqueretur
552 651 620 706 ab
648 649 730 705 eis
757 648 851 719 qui
877 647 1061 703 salvus
1094 644 1252 700 ﬁeret
1273 652 1328 699 et
1355 658 1529 715 neque
1556 642 1647 713 qui
1677 640 1764 695 fu-

193 743 341 822 geret
388 763 404 801 :
449 757 558 800 non
599 739 962 812 intelligentes
1002 737 1058 792 in
1099 737 1184 793 his
1229 735 1410 792 verbis
1453 733 1766 791 adumbrari

197 838 469 913 mysteria,
499 839 554 892 et
579 835 686 892 hoc
713 849 748 890 a
772 832 928 889 nobis
957 830 1130 903 magis
1154 830 1402 897 indicari,
1427 830 1571 900 quod
1592 843 1657 883 ex
1681 828 1766 884 his

196 947 419 1006 quorum
454 930 620 988 chaos
645 936 731 986 est
754 926 1124 984 habitaculum
1143 967 1159 993 ,
1189 933 1245 982 et
1273 925 1368 996 qui
1401 931 1768 995 regnaverunt

193 1025 246 1083 in
269 1024 464 1096 abysso
487 1019 842 1086 demonibus,
872 1018 1081 1074 nullum
1103 1017 1320 1088 penitus
1347 1015 1652 1086 relinquere
1679 1017 1769 1074 de-

191 1123 438 1187 beamus,
475 1118 572 1176 sed
595 1131 785 1173 omnes
817 1114 1153 1172 interimere.
1190 1111 1554 1170 lnterimimus
1582 1121 1764 1168 autem

192 1212 483 1276 daemones,
520 1223 632 1264 non
667 1206 842 1277 ipsam
879 1218 1066 1260 eorum
1108 1202 1467 1260 substantiam
1490 1201 1765 1271 perimeno

190 1309 267 1358 tes
304 1319 320 1355 :
359 1300 458 1358 sed
499 1299 803 1370 quiaopus
842 1310 1030 1353 eorum
1061 1310 1128 1351 ac
1161 1293 1399 1350 studium
1439 1293 1544 1348 hoc
1583 1301 1668 1348 est
1705 1300 1765 1348 ut

188 1405 408 1460 peccare
437 1389 683 1446 homines
705 1386 936 1452 faciant,
977 1394 1034 1440 et
1064 1385 1180 1439 haec
1216 1390 1300 1438 est
1328 1382 1544 1439 illorum
1569 1382 1679 1437 vita
1716 1382 1763 1438 si

187 1495 281 1538 nos
307 1494 619 1550 peccemus,
649 1477 766 1534 sine
792 1477 956 1532 dubio
980 1475 1232 1531 interitus
1260 1488 1449 1530 eorum
1477 1483 1562 1530 est
1583 1475 1628 1530 si
1654 1490 1763 1530 non

185 1583 488 1641 peccemus.
511 1566 914 1624 Interﬁciuntur
931 1580 1060 1637 ergo
1085 1564 1421 1622 habitatores
1438 1564 1564 1632 Ahi,
1587 1565 1762 1622 sancti

184 1662 376 1732 quique
401 1662 677 1732 perimunt
693 1700 709 1728 ,
734 1667 790 1714 et
822 1675 931 1715 non
959 1658 1239 1714 dimittunt
1261 1672 1328 1714 ex
1350 1657 1432 1713 eis
1464 1657 1632 1713 ullum
1661 1676 1676 1712 :
1705 1659 1761 1714 hi

181 1740 504 1810 sine'dubio
551 1751 646 1822 qui
700 1765 826 1808 cum
863 1749 1013 1805 omni
1066 1746 1342 1817 diligentia
1391 1755 1612 1802 servant
1665 1763 1760 1804 cor

1866 555 2107 613 storum,
2147 549 2273 618 quia
2312 548 2429 604 haec
2461 547 2600 604 bella
2639 549 2704 603 ab
2731 548 2810 603 eis
2838 550 3126 604 adversum
3160 559 3444 620 peccatum

1867 647 2144 708 geruntur.
2175 638 2455 706 Quomodo
2483 639 2781 695 manebunt
2805 640 2973 711 justi,
3013 642 3062 696 si
3099 642 3182 696 vel
3215 657 3444 712 parvum

1866 730 2071 801 aliquid
2105 731 2316 802 peccati
2355 730 2409 784 in
2454 730 2758 801 semetipsis
2795 732 3166 788 servaverint?
3207 734 3278 791 Et
3323 735 3447 793 ideo

1867 823 2064 880 dicitur
2093 823 2160 878 de
2188 823 2269 878 eis
2298 822 2425 893 quia
2453 836 2565 877 non
2589 822 2996 894 dereliquerunt
3021 839 3124 883 nec
3159 841 3329 884 unum
3353 828 3448 901 qui

1865 914 2047 972 salvus
2075 915 2229 971 ﬁeret
2251 922 2306 972 et
2331 915 2426 984 qui
2451 913 2728 986 effugeret.

1937 1005 2114 1080 (Imm)
2159 1024 2177 1057 ι
2208 1005 2577 1077 Praecepitque
2612 1005 2806 1074 Josue,
2844 1007 3315 1081 deposueruntque
3349 1028 3445 1070 ca-

1871 1114 1891 1164 (
1928 1097 2093 1152 daver
2117 1095 2234 1167 ejus
2275 1097 2344 1153 de
2381 1112 2579 1164 cruce,
2612 1095 3067 1169 projeceruntque
3104 1101 3163 1156 in
3201 1101 3319 1172 ipso
3363 1104 3449 1160 in~

1871 1207 1890 1242 ι
1930 1190 2096 1246 troitu
2119 1175 2372 1256 civitatis,
2402 1197 2660 1261 congesto
2686 1205 2847 1260 super
2872 1205 2995 1245 eum
3029 1207 3223 1262 magno
3252 1209 3449 1254 acervo

1872 1299 1891 1334 ‹
1925 1280 2186 1352 lapidum,
2207 1282 2301 1352 qui
2321 1290 2605 1352 permanet
2626 1294 2798 1350 usque
2823 1281 2877 1335 in
2897 1291 3220 1350 praesentem
3243 1285 3442 1352 diem,»

1865 1382 1924 1428 et
1959 1375 2186 1444 reliqua.
2229 1374 2368 1440 Quid
2399 1374 2667 1445 signiﬁcat
2695 1373 2838 1442 quod
2878 1375 3111 1431 cadaver
3145 1377 3293 1447 regis
3317 1378 3447 1444 Ahi,

1862 1481 1962 1539 per
1986 1476 2317 1538 praeceptum
2345 1466 2509 1524 Josue
2535 1469 2603 1523 de
2628 1483 2791 1524 cruce
2812 1469 3138 1540 depositum,
3163 1471 3446 1540 projicitur

1863 1560 1918 1615 in
1948 1545 2171 1616 introitu
2204 1560 2461 1626 civitatis,
2489 1560 2596 1616 nisi
2623 1561 2770 1630 quod
2798 1547 3012 1617 diabolo
3053 1561 3311 1616 damnato
3346 1577 3448 1630 per

1861 1650 2172 1721 passionem
2201 1651 2426 1716 Christi,
2451 1651 2635 1706 statim
2669 1652 2718 1706 ei
2751 1652 2809 1706 in
2838 1651 3086 1722 ingressu
3113 1651 3240 1708 ﬁdei
3271 1660 3328 1707 et
3352 1651 3446 1706 ba~

1861 1738 2133 1811 ptismatis
2158 1742 2524 1812 perceptione,
2553 1757 2586 1796 a
2623 1741 2926 1812 quibusque
2956 1742 3324 1808 credentibus,
3353 1757 3444 1798 seu

177 1859 358 1914 suum,
387 1861 457 1902 ne
483 1812 644 1904 decc
665 1843 1022 1916 cogitationes
1055 1812 1212 1898 malae
1234 1840 1547 1912 procedant.
1575 1838 1682 1898 Sed
1704 1849 1760 1898 et
1785 1812 1834 1872 Β
1863 1831 2102 1888 cundum
2139 1831 2439 1888 Salvatoris
2476 1833 2649 1890 nostri
2695 1833 3039 1898 mandatum,
3081 1834 3446 1900 renuntiatur,

175 1937 266 2006 qui
302 1936 598 1996 observant
628 1950 691 1992 os
719 1950 914 2000 suum,
949 1942 1012 1989 ut
1051 1932 1226 1990 omnis
1265 1946 1447 1989 sermo
1482 1931 1658 1988 malus
1691 1947 1760 1990 ex

171 2042 271 2084 ore
302 2043 495 2084 eorum
523 2041 631 2083 non
670 2026 950 2096 procedat.
983 2022 1098 2080 Hoc
1128 2030 1214 2080 est
1249 2039 1360 2079 non
1391 2023 1559 2079 ullum
1596 2023 1762 2078 relin-

168 2132 342 2188 quere
360 2117 457 2188 qui
478 2115 696 2188 effugiat
721 2131 846 2174 cum
870 2115 970 2183 eis,
993 2129 1097 2170 nec
1121 2128 1299 2171 sermo
1318 2113 1538 2184 eﬁ‘ugiat
1560 2113 1757 2168 malus.

167 2207 333 2280 Agite
360 2223 494 2280 ergo
521 2217 577 2264 et
614 2223 710 2264 vos
742 2224 757 2263 :
798 2221 1166 2277 praeparemus
1201 2221 1302 2262 nos
1341 2205 1410 2260 ad
1450 2202 1758 2272 huiusmodi

169 2297 378 2370 praelia,
412 2299 781 2368 percutiamus
799 2295 903 2352 Διιὶ
933 2296 988 2350 in
1015 2309 1111 2352 ore
1137 2293 1330 2365 gladii,
1359 2301 1416 2349 et
1450 2294 1761 2362 exstingua-

172 2407 294 2448 mus
315 2404 505 2446 omnes
531 2388 865 2445 habitatores
890 2389 1078 2455 chaos,
1108 2402 1297 2442 omnes
1325 2386 1632 2444 contrarias
1654 2385 1760 2441 vir-

176 2489 339 2537 tutes.
370 2479 593 2536 Utinam
621 2487 678 2536 et
700 2494 800 2550 ego
827 2479 987 2534 modo
1013 2477 1142 2533 dum
1181 2476 1373 2546 loquor
1409 2477 1479 2532 ad
1510 2492 1607 2534 vos
1637 2492 1762 2532 ver—

172 2567 299 2624 bum
339 2566 476 2633 Dei,
514 2581 610 2624 cor
645 2567 882 2637 pectoris
920 2566 1136 2637 pulsare
1162 2566 1403 2635 possim!
1442 2566 1586 2638 quod
1614 2566 1662 2622 si
1685 2565 1761 2622 fe-

173 2675 326 2728 cero,
373 2669 586 2719 certum
622 2670 707 2718 est
743 2661 888 2733 quod
937 2660 1113 2729 gladio
1150 2660 1262 2715 oris
1299 2659 1406 2715 mei
1454 2659 1760 2730 percutiam

171 2751 618 2820 fornicationem,
642 2753 944 2823 percutiam
985 2752 1281 2818 malitiam,
1317 2750 1587 2806 refrencm
1611 2750 1760 2806 furo—

168 2857 306 2911 rem,
335 2852 392 2900 et
422 2846 473 2900 si
502 2860 610 2916 qua
639 2844 745 2900 alia
773 2853 901 2901 sunt
928 2844 1091 2901 mala.
1117 2844 1173 2899 in
1203 2858 1298 2898 ore
1318 2843 1504 2913 gladii,
1527 2843 1631 2898 hoc
1649 2851 1756 2910 est,

169 2933 278 2990 oris
307 2935 420 2990 mei
452 2949 734 3002 sermone,
765 2935 1100 3005 restinguam
1119 2974 1134 3000 ,
1163 2942 1218 2988 et
1246 2948 1354 2988 non
1386 2932 1760 3003 derelinquam

168 3037 233 3080 ex
265 3025 346 3082 eis
389 3023 488 3098 qui
529 3025 713 3082 salvus
743 3025 868 3092 fiat,
897 3039 1073 3094 neque
1108 3024 1200 3094 qui
1241 3023 1478 3094 eﬂ'ugiat.
1516 3022 1574 3079 Si
1611 3024 1757 3080 enim

169 3129 356 3172 omnes
383 3115 573 3172 hostes
593 3123 813 3172 nostros
843 3114 1278 3180 exstinxerimus,
1307 3123 1434 3169 tunc
1453 3128 1579 3170 vere
1609 3115 1754 3171 diem

167 3201 363 3260 festum
394 3203 791 3262 celebrabimus
816 3207 959 3271 Deo,
1001 3212 1078 3271 et,
1119 3203 1344 3260 devictis
1389 3205 1748 3272 adversariis,
1780 3175 1826 3238 Ο

167 3293 287 3350 laeta
305 3295 651 3354 solemnitate
669 3296 1043 3366 gaudebimus.
1057 3295 1190 3352 Tale
1212 3295 1413 3367 aliquid
1431 3296 1564 3352 mihi
1587 3297 1752 3353 etiam

167 3386 384 3444 videtur
412 3396 635 3445 sanctus
668 3390 930 3460 propheta
957 3390 1015 3445 in
1049 3389 1274 3460 psalmis
1309 3390 1624 3460 designare,
1661 3390 1756 3448 ubi

168 3475 297 3532 dicit
328 3477 400 3533 de
427 3491 505 3544 se,
537 3477 666 3548 quia
695 3496 714 3529 ς
745 3477 801 3534 in
831 3479 1112 3535 matutinis
1145 3480 1536 3537 interﬁciebam
1565 3496 1756 3539 omnes

164 3577 489 3639 peccatores
518 3562 700 3634 terrae,
730 3577 792 3623 ut
819 3569 1186 3640 disperderem
1207 3570 1275 3624 de
1295 3571 1511 3626 civitate
1539 3572 1757 3629 Domini

163 3671 358 3715 omnes
380 3659 475 3744 qui
495 3668 788 3730 operantur
811 3659 1152 3728 iniquitatem
1173 3656 1346 3744 (Psal.
1371 3659 1446 3734 c).
1477 3681 1497 3714 ι
1527 3661 1587 3718 Si
1607 3663 1754 3720 enim

164 3748 362 3806 civitas
393 3744 613 3804 Domini
653 3749 896 3806 Ecclesia
933 3750 1028 3806 Dei
1073 3750 1305 3806 viventis
1344 3751 1625 3822 accipitur,
1666 3753 1758 3822 eji.

163 3839 316 3895 ciunt
358 3841 612 3897 doctores
657 3841 723 3898 de
769 3841 1009 3898 Ecclesia
1050 3850 1108 3898 et
1151 3842 1486 3900 interﬁciunt
1523 3859 1618 3902 eos
1663 3846 1759 3917 qui

161 3939 468 4000 operantur
493 3930 859 3999 iniquitatem,
890 3932 1194 3989 contrarias
1225 3936 1532 3991 daemonum
1567 3937 1758 3993 adver~

158 4022 454 4090 sariasque
487 4020 745 4089 virtutes,
785 4036 905 4091 quae
948 4031 1146 4094 cogunt
1177 4025 1423 4082 homines
1461 4029 1529 4083 ad
1565 4041 1760 4098 pecca-

161 4121 277 4168 tum
317 4111 567 4168 docendo
609 4120 665 4168 et
706 4113 1066 4183 instituendo,
1102 4122 1158 4172 et
1197 4116 1414 4172 occulta
1458 4118 1516 4174 in
1561 4118 1760 4178 divinis

164 4201 364 4258 litteris
403 4217 475 4258 ex
517 4200 652 4259 locis
700 4204 895 4261 talibus
921 4245 937 4272 ,
964 4205 1019 4280 in
1054 4205 1302 4276 qualibus
1348 4223 1494 4264 nunc
1537 4225 1756 4278 sumus,

166 4293 432 4367 mysteria
460 4296 770 4351 reserando.
806 4295 932 4352 Sive
958 4297 1236 4354 civitatem
1262 4298 1476 4354 Domini
1504 4299 1758 4356 uniuscu-

164 4382 363 4456 jusque
393 4393 639 4440 nostrum
671 4387 910 4442 animam
945 4388 1334 4460 intelligamus,
1374 4405 1494 4460 quae
1525 4390 1758 4446 aediﬁca-

168 4481 256 4530 tur
281 4489 314 4530 a
342 4475 576 4532 Domino
598 4493 666 4531 ex
693 4477 958 4548 lapidibus
979 4479 1139 4546 vivis,
1163 4479 1219 4536 id
1243 4488 1348 4546 est,
1373 4495 1441 4535 cx
1464 4481 1755 4537 virtutibus

167 4565 338 4623 variis
379 4573 442 4622 et
483 4565 732 4622 diversis.
770 4568 846 4621 De
885 4568 1004 4638 ipsa
1035 4583 1250 4640 quoque
1287 4569 1508 4625 civitate
1536 4577 1758 4628 sanctus

169 4657 403 4727 quisque
443 4664 502 4712 et
539 4655 766 4728 diligens
793 4655 976 4725 ejiciet
1011 4667 1360 4728 peccatores,
1397 4661 1453 4716 id
1479 4670 1583 4730 est,
1613 4663 1758 4734 cogi-

168 4747 408 4804 tationes
438 4747 704 4818 pessimas
733 4756 788 4803 et
815 4748 1136 4819 cupiditates
1161 4764 1357 4819 pravas
1384 4750 1674 4808 interﬁciet
1699 4752 1758 4809 in

168 4836 448 4893 matutino
475 4845 627 4891 ortus
655 4836 758 4892 sui.
799 4835 983 4893 Justus
1020 4839 1164 4894 enim
1195 4839 1325 4895 dicit
1350 4858 1362 4893 :
1400 4857 1423 4892 ι
1450 4839 1510 4895 In
1536 4841 1758 4898 matuti-

170 4927 251 4982 nis
274 4924 590 4984 meditabor
618 4926 673 4982 in
700 4936 782 4996 te,
822 4929 950 5000 quia
976 4929 1127 4986 fuisti
1156 4930 1371 5002 adjutor
1403 4947 1556 4989 meus
1581 4931 1754 5005 (Psal.

171 5022 339 5095 LXII).
385 5041 409 5076 ι
449 5020 606 5089 Quod
646 5031 730 5077 est
767 5022 912 5079 istud
938 5024 1298 5094 matutinum,
1345 5025 1450 5081 nisi
1501 5027 1762 5084 Dominus

172 5123 361 5169 noster
394 5110 561 5168 Jesus
600 5111 879 5180 Christus,
919 5114 1012 5184 qui
1056 5123 1140 5170 est
1179 5113 1273 5170 lux
1318 5131 1448 5172 vera
1485 5117 1667 5174 oriens
1705 5117 1767 5173 in.

175 5205 436 5261 cordibus
459 5203 683 5271 nostris,
708 5213 872 5275 atque
895 5203 1204 5262 illuminans
1223 5207 1543 5278 ignorantiae
1561 5217 1762 5264 nostrae

177 5293 435 5350 tenebras
453 5334 471 5363 ,
497 5293 630 5350 facit
658 5312 756 5352 nos
785 5296 839 5352 in
878 5296 1082 5352 lumine
1112 5312 1208 5353 suo
1244 5297 1428 5352 lumen
1451 5298 1671 5354 videre?
1702 5299 1761 5355 Si

175 5385 397 5453 quando
434 5399 565 5456 ergo
603 5385 751 5459 legas
789 5387 844 5442 in
889 5386 1186 5458 Scripturis
1221 5387 1493 5459 justorum
1533 5403 1760 5460 pugnas,

179 5476 356 5531 caedes
383 5492 449 5532 ac
479 5485 688 5549 strages
715 5479 1189 5550 interemptorum,
1219 5487 1274 5537 et
1299 5481 1424 5551 quia
1455 5480 1627 5536 sancti
1652 5480 1767 5536 nul-

179 5563 244 5619 lis
270 5568 492 5638 penitus
513 5569 749 5624 hostium
778 5579 1033 5642 parcunt;
1063 5573 1193 5642 quin
1225 5573 1334 5628 imo
1360 5582 1414 5629 et
1444 5573 1490 5629 si
1513 5586 1766 5645 peperce-

184 5656 323 5723 tint,
359 5659 606 5741 reputari
642 5660 722 5715 eis
755 5661 807 5714 in
831 5672 1151 5733 peccatum,
1183 5665 1324 5720 sicut
1352 5673 1658 5737 reputatum
1686 5671 1769 5720 est

185 5745 354 5818 Sauli,
407 5751 502 5824 qui
540 5750 721 5806 vivum
756 5763 1067 5808 servaverat
1116 5755 1264 5828 Agag
1300 5769 1482 5830 regem
1516 5757 1766 5825 Amalec;

590 5843 870 5908 PATROL.
916 5843 1134 5909 CVIII.

1859 1931 1918 1980 et
1971 1922 2088 1992 ejus
2130 1924 2302 1980 cultui
2343 1924 2564 1995 penitus
2621 1925 3052 1982 contradicitur?
3085 1943 3130 2007 α(
3175 1924 3446 1997 Congesta

1861 2029 2023 2086 super
2054 2030 2179 2072 eum
2205 2031 2404 2088 magno
2430 2031 2628 2074 acervo
2655 2017 2913 2088 lapidum,
2947 2038 2967 2071 ›
2993 2019 3101 2074 hoc
3124 2027 3230 2084 est,
3260 2017 3445 2072 multi-

1862 2111 2047 2167 tudine
2079 2113 2338 2167 durarum
2373 2114 2794 2182 sententiarum,
2832 2113 3032 2184 quibus
3066 2112 3186 2182 ejus
3219 2113 3446 2184 perﬁdia

1860 2215 1955 2256 seu
1983 2202 2226 2272 nequitia
2253 2205 2593 2274 improbatur
2619 2214 2783 2276 atque
2811 2205 3138 2262 damnatur?
3163 2203 3294 2272 Qum
3318 2219 3448 2259 con-

1860 2292 2037 2362 geries
2083 2303 2368 2362 permanet
2413 2311 2585 2365 usque
2630 2297 2688 2352 in
2730 2304 3053 2367 praesentem
3093 2297 3267 2362 diem,
3314 2295 3444 2365 quia

1861 2380 2226 2439 damnationis
2247 2398 2361 2438 suae
2397 2386 2745 2455 opprobrium
2773 2387 2876 2456 ipsi
2900 2377 3124 2441 'diabolo
3149 2393 3206 2440 et
3239 2384 3454 2454 angelis

1858 2471 1979 2543 ejus
2015 2482 2335 2542 perseverat
2373 2475 2430 2531 in
2471 2483 2791 2547 perpetuum
2826 2491 2841 2530 :
2880 2477 3008 2547 quia
3049 2476 3192 2531 sicut
3226 2475 3448 2530 illorum-

1860 2564 2129 2620 correctio
2153 2581 2430 2636 nunquam
2457 2568 2594 2634 erit,
2626 2568 2702 2623 ita
2729 2568 3094 2624 damnationis
3123 2581 3285 2639 poena
3312 2582 3448 2622 nun-

1860 2668 2024 2723 quam
2047 2656 2302 2713 cessabit.
3241 2704 3243 2706 -

1930 2745 2112 2818 (Imm)
2145 2766 2166 2800 ι
2201 2748 2352 2805 Tunc
2381 2750 2670 2807 aediﬁcavit
2695 2750 2860 2808 Josue
2882 2752 3053 2807 altare
3076 2752 3306 2808 Domino
3331 2751 3444 2808 Deo

1866 2856 1885 2892 t
1922 2839 2088 2896 Israel
2112 2840 2170 2895 in
2197 2850 2382 2897 monte
2407 2841 2562 2909 Ebal,
2593 2843 2736 2898 sicut
2765 2851 3098 2913 praeceperat
3124 2843 3338 2913 Moyses
3365 2843 3450 2898 fa—

1863 2951 1884 2985 ι
1918 2933 2098 2990 mulus
2131 2933 2344 2991 Domini
2380 2935 2506 2991 ﬁliis
2533 2935 2721 2996 Israel.
2753 2956 2772 2990 ι
2807 2946 2864 2992 ct
2886 2937 3113 3008 reliqua.
3156 2934 3442 2992 Videamus

1856 3026 1988 3096 quid
2020 3027 2076 3080 in
2102 3027 2189 3082 his
2224 3027 2476 3082 omnibus
2515 3027 2808 3094 indicatur,
2835 3038 2892 3085 et
2928 3029 3060 3098 quid
3097 3044 3337 3100 praesens
3371 3028 3446 3083 le-

1856 3119 1968 3175 ctio
2011 3120 2170 3176 nobis
2208 3120 2584 3176 mdiﬁcationis
2613 3123 2879 3192 acquirat.
2913 3121 3114 3178 Omnes
3143 3123 3235 3193 qui
3271 3123 3326 3177 in
3355 3120 3444 3175 Je—

1857 3223 1981 3266 sum
2007 3209 2285 3267 Christum
2308 3212 2611 3280 credimus,
2650 3213 2856 3284 lapides
2890 3213 2997 3268 vivi
3034 3227 3156 3270 esse
3190 3214 3440 3279 dicimur,

1857 3300 2002 3370 quod
2047 3299 2334 3371 Scriptura
2376 3304 2709 3371 praenuntiat
2751 3304 2940 3360 dicens
2982 3323 2996 3358 :
3041 3321 3061 3356 ‹
3106 3305 3215 3360 Vos
3263 3311 3444 3359 autem

1857 3389 1992 3446 estis
2018 3391 2224 3462 lapides
2250 3392 2362 3447 vivi
2399 3393 2650 3451 aediﬁcati
2679 3395 2869 3451 domus
2910 3395 3198 3467 spiritalis,
3237 3395 3446 3452 hostias

1857 3482 2217 3550 acceptabiles
2249 3481 2542 3539 offerentes
2581 3486 2694 3541 Deo
2718 3501 2818 3555 per
2857 3485 3043 3542 Iesum
3077 3488 3352 3542 Christum
3379 3486 3445 3559 (ι

1857 3569 2005 3624 Patr.
2033 3571 2118 3643 ιι).
2150 3590 2170 3623 ι
2207 3572 2360 3628 Sicut
2386 3581 2566 3628 autem
2586 3574 2643 3628 in
2664 3575 2786 3630 istis
2808 3577 3039 3631 terrenis
3060 3576 3329 3646 lapidibus
3349 3577 3445 3631 ob-

1857 3661 2066 3717 servari
2095 3662 2368 3727 novimus,
2387 3670 2446 3718 et
2469 3663 2527 3717 hi
2553 3664 2774 3732 quidem
2800 3664 3007 3735 lapides
3034 3667 3128 3736 qui
3154 3667 3446 3723 validiores

1859 3753 1969 3808 sint
2000 3761 2057 3808 et
2098 3754 2433 3824 potentiores
2461 3756 2624 3825 primi
2659 3757 2716 3811 in
2756 3755 3105 3814 fundamenta
3136 3757 3444 3828 ejiciantur,

1857 3855 1920 3903 ut
1949 3848 2083 3919 ipsis
2119 3848 2269 3905 credi
2305 3857 2362 3905 et
2391 3851 2681 3921 superponi
2707 3852 2881 3922 possit
2915 3853 3083 3908 totius
3107 3852 3320 3910 aediﬁcii
3354 3854 3446 3908 do-

1858 3953 2012 4005 mus;
2043 3939 2134 3994 alii
2171 3955 2300 3994 vero
2327 3940 2422 4010 qui
2446 3951 2734 4011 sequentes
2764 3950 2924 4010 sunt,
2959 3944 3012 3998 id
3039 3951 3124 3998 cst
3151 3942 3312 4014 paulo
3340 3943 3444 4000 illis

1859 4028 2166 4096 inferiores,
2189 4033 2422 4102 proximi
2450 4032 2557 4088 illis
2583 4035 2676 4104 qui
2713 4035 2769 4089 in
2796 4034 3146 4091 fundamento
3172 4045 3330 4104 sunt,
3355 4053 3447 4094 or-

1861 4117 2155 4186 dinantur;
2199 4120 2292 4190 qui
2318 4136 2449 4176 vero
2472 4122 2596 4192 plus
2622 4121 2908 4180 inferiores
2931 4134 3076 4194 sunt,
3101 4127 3264 4198 paulo
3286 4143 3444 4200 supe-

1859 4209 1976 4266 rius
2008 4225 2038 4264 a
2075 4211 2456 4279 fundamento;
2487 4222 2602 4268 tum
2633 4215 2830 4271 deinde
2849 4216 2905 4271 in
2931 4233 3156 4288 corpore
3182 4219 3441 4290 lapidum,

1859 4301 1955 4371 qui
1978 4301 2302 4359 inﬁrmiores
2341 4313 2502 4370 sunt,
2545 4305 2600 4360 in
2629 4307 3000 4377 superioribus
3033 4318 3088 4364 et
3123 4326 3290 4382 prope
3327 4313 3444 4382 ipsa

1854 4389 1970 4461 jam
1997 4393 2127 4449 tecti
2152 4393 2368 4466 fastigia
2393 4396 2729 4455 collocantur
2767 4417 2781 4453 :
2819 4400 2896 4453 ita
2922 4415 3066 4454 nunc
3099 4400 3265 4453 etiam
3295 4402 3450 4456 intel-

1862 4483 1968 4555 lige
2006 4485 2074 4541 de
2105 4485 2372 4555 lapidibus
2409 4487 2547 4544 vivis
2587 4490 2798 4559 aliquos
2826 4503 2946 4544 esse
2986 4489 3041 4542 in
3083 4487 3459 4545 fundamentis

1863 4571 2026 4641 hujus
2053 4573 2312 4643 spiritalis
2339 4575 2570 4630 aediﬁcii.
2612 4575 2716 4643 Qui
2745 4583 2927 4630 autem
2967 4584 3096 4631 sunt
3130 4577 3220 4632 isti
3257 4579 3346 4648 qui
3391 4579 3443 4633 in

1863 4664 2231 4719 fundamentis
2261 4663 2627 4721 collocantur?
2659 4666 2903 4736 Apostoli
2934 4675 2990 4723 et
3018 4668 3314 4739 prophetae.
3351 4669 3443 4726 Sic

1863 4754 2011 4810 enim
2034 4754 2168 4810 dicit
2191 4753 2390 4810 Paulus
2413 4756 2528 4810 haec
2555 4756 2671 4826 ipse
2697 4756 2898 4814 docens
2924 4773 2940 4812 :
2969 4775 2990 4811 ‹
3019 4757 3296 4817 Ediﬁcati
3313 4801 3330 4828 ,
3363 4762 3445 4817 in—

1863 4845 2018 4916 quit,
2043 4859 2208 4915 super
2242 4843 2654 4902 fundamentum
2682 4838 3046 4917 ap‘ostolorum
3074 4859 3130 4906 et
3153 4853 3446 4922 propheta-

1864 4951 2019 5003 rum,
2062 4935 2118 4990 in
2157 4936 2274 5007 ipso
2310 4937 2554 5008 angulari
2583 4937 2762 5009 lapide
2799 4937 2931 4996 Iesu
2965 4939 3182 4997 Christo
3217 4943 3457 4998 Domino

1865 5035 2055 5084 nostro
2084 5027 2244 5100 (Eph.
2275 5028 2358 5101 ιι).
2398 5048 2417 5082 ι
2450 5028 2521 5086 Ut
2548 5038 2729 5086 autem
2765 5039 2819 5088 te
2844 5033 3260 5104 promptiorem,
3292 5049 3326 5089 ο
3349 5049 3446 5088 au-

1866 5121 2008 5178 ditor
2033 5122 2229 5178 horum
2245 5163 2262 5188 ,
2289 5137 2626 5193 praepararet;
2663 5126 2732 5181 ad
2757 5125 2919 5196 hujus
2951 5127 3162 5183 aediﬁcii
3191 5134 3444 5183 constru-

1866 5211 2135 5278 ctionem,
2175 5220 2236 5266 ut
2267 5212 2407 5283 lapis
2435 5213 2630 5284 aliquis
2664 5216 2960 5273 inveniaris
2987 5217 3216 5271 vicinior
3253 5216 3444 5272 funda-

1867 5310 2077 5369 mento,
2105 5303 2253 5358 disce
2282 5305 2408 5374 quia
2437 5315 2491 5360 et
2519 5307 2632 5376 ipse
2659 5305 2906 5364 Christus
2940 5308 3100 5376 hujus
3128 5307 3268 5376 quod
3299 5322 3446 5362 nunc

1869 5394 2254 5466 descripsimus
2281 5397 2493 5454 aediﬁcii
2519 5398 2924 5455 fundamentum
2949 5406 3052 5452 est.
3080 5397 3171 5453 Sic
3196 5399 3344 5452 enim
3371 5399 3447 5453 di-

1868 5484 1942 5540 cit
1976 5485 2267 5556 Apostolus
2310 5505 2325 5542 :
2371 5505 2389 5540 ι
2435 5488 2866 5544 Fundamentum
2912 5489 3058 5543 enim
3098 5489 3241 5543 aliud
3283 5503 3445 5544 nemo

1867 5583 2044 5644 potest
2068 5591 2287 5646 ponere,
2313 5588 2511 5649 printer
2538 5579 2590 5634 id
2615 5580 2758 5649 quod
2784 5578 3018 5649 positum
3047 5586 3151 5644 est,
3181 5580 3324 5648 quod
3360 5586 3445 5633 est

1869 5665 2114 5724 Christus
2157 5669 2314 5727 Jesus
2353 5672 2405 5742 (Ι
2434 5673 2555 5728 Cor.
2585 5673 2689 5743 Ill).
2732 5691 2750 5723 ι
2795 5671 2946 5725 Beati
2990 5685 3119 5740 ergo
3153 5671 3243 5739 qui
3282 5683 3444 5740 super

1873 5761 2017 5817 istud
2049 5761 2227 5820 nobile
2265 5764 2672 5823 fundmnentum
2703 5761 3062 5829 :cdiﬁcantes,
3109 5761 3359 5834 religiosa
3389 5770 3443 5816 et

2931 5854 3008 5914 33
