3930 6344
478 264 503 319 ‘l
513 260 619 319 055

1135 259 1220 315 ΓΒ.
1262 257 1519 316 RABANI
1558 256 1779 316 MAURI
1814 250 2135 313 ARCHIEP.
2176 248 2488 308 MOGUN’I‘.
2529 250 2815 310 OPERUM
2851 250 3034 310 PARS
3065 249 3110 308 Ι.

3619 251 3741 313 1056

471 383 661 435 sancta
694 362 1096 433 construxerint
1121 388 1307 448 opera.
1342 374 1449 430 Sed
1482 375 1538 430 in
1573 376 1677 431 hoc
1712 371 1940 430 aediﬁcio
1968 386 2058 427 ec—
2083 368 2140 431 Α
2163 375 2351 424 noster
2389 366 2559 423 altare
2600 367 2906 423 construxit
2944 365 3217 437 lapidibus
3251 364 3523 439 integris,
3568 367 3744 439 quibus

470 472 650 528 etesia:
678 484 798 525 esse
822 475 1035 540 Oportet
1076 467 1281 533 altare;
1321 469 1464 524 unde
1500 483 1599 541 ego
1635 465 1876 522 arbitror
1917 463 2062 535 quod

470 567 781 637 quicunque
806 578 875 617 ex
900 561 1055 617 vobis
1083 559 1352 631 lapidibus
1386 561 1525 617 vivis
1553 561 1663 633 apti
1688 566 1847 626 sunt,
1879 557 1932 614 in
1958 557 2065 612 hoc

467 664 522 711 et
550 652 826 727 prompti,
865 661 925 707 ut
953 651 1293 707 orationibus
1320 660 1545 718 vacent,
1575 660 1635 707 ut
1662 650 1751 706 diu
1789 660 2066 720 noctuque

467 745 881 804 obsecrationes
910 744 1144 801 olTerant
1171 745 1313 812 Deo,
1340 753 1395 801 et
1423 743 1875 817 supplicationum
1904 741 2063 799 victi-

468 854 587 895 mas
626 838 942 905 immolent,
992 836 1094 908 ipsi
1133 823 1363 893 suntex
1400 836 1597 908 quibus
1639 834 1871 892 aediﬁcat
1907 832 2064 890 Iesus

470 932 661 987 altare.
697 930 807 987 Sed
831 932 1043 986 intuere
1069 930 1200 1002 quid
1226 928 1401 985 laudis
1430 928 1562 1003 ipsis
1587 926 1855 999 lapidibus
1876 924 2066 981 altaris

468 1022 800 1080 ascribitur?
842 1020 993 1077 Sicut
1028 1020 1194 1086 dixit,
1241 1019 1449 1091 inquit,
1490 1018 1773 1091 legislator
1804 1015 2015 1089 Moyses
2046 1034 2061 1071 :

469 1114 760 1170 Ediﬁcate
786 1111 957 1169 altare
978 1128 1045 1167 ex
1075 1110 1344 1182 lapidibus
1367 1110 1611 1181 integris,
1640 1109 1835 1180 quibus
1858 1104 2067 1163 ferrum

470 1222 580 1261 non
608 1214 693 1260 est
729 1203 1007 1274 injectum.
1043 1200 1184 1271 Quid
1214 1208 1375 1273 putas
1410 1209 1535 1256 sunt
1573 1200 1662 1256 isti
1697 1199 1893 1269 integri
1935 1197 2069 1269 lapi—

468 1297 607 1352 des?
644 1296 804 1351 Novit
843 1293 1270 1365 uniuscujusque
1308 1293 1635 1350 conscientia
1676 1293 1797 1365 quis
1827 1292 1899 1349 sit
1925 1293 2067 1348 inte-

469 1404 584 1461 ger,
610 1396 666 1442 et
688 1388 807 1458 quis
836 1386 905 1441 sit
932 1387 1302 1455 incorruptus,
1336 1384 1716 1440 immaculatus
1743 1385 1797 1439 in
1820 1399 1984 1440 carne
2012 1392 2069 1440 et

468 1476 683 1549 spiritu.
734 1474 922 1532 Iacula
974 1477 1195 1549 maligni
1244 1476 1413 1547 ignita
1458 1476 1911 1547 concupiscentiae
1957 1489 2068 1531 non

469 1569 698 1641 recipit,
734 1571 829 1626 sed
861 1576 1017 1625 scuto
1055 1586 1119 1624 ea
1159 1568 1283 1626 ﬁdei
1314 1569 1598 1625 restrinxit
1637 1576 1694 1625 et
1722 1569 1936 1642 repulit.
1969 1566 2068 1625 Vel

468 1660 590 1734 quis
616 1670 701 1716 est
728 1661 818 1717 ille
845 1661 938 1732 qui
974 1660 1179 1717 ferrum
1209 1677 1424 1735 pugnaz,
1450 1662 1657 1718 ferrum
1678 1662 1829 1730 belli,
1858 1660 2066 1719 ferrum

2166 462 2372 516 ferrum
2400 474 2507 516 non
2539 468 2622 515 est
2650 458 2941 529 injectum,
2967 469 3028 514 ut
3060 458 3254 515 offerat
3290 472 3460 530 super
3483 473 3587 515 eos
3611 460 3747 519 holo-

2168 562 2355 612 causta
2382 563 2439 611 et
2466 554 2796 610 sacriﬁcium
2817 553 3029 609 salutis.
3053 552 3170 625 Ego
3189 561 3323 624 puto
3341 553 3494 625 quod
3517 553 3612 610 isti
3633 556 3748 614 tales

2168 646 2377 720 lapides
2407 647 2605 718 integri
2636 655 2689 703 et
2726 644 3141 705 incontaminati
3170 647 3349 702 sancti
3381 647 3621 719 apostoli
3646 664 3750 708 esse

2170 742 2414 814 possint,
2444 755 2633 798 omnes
2659 741 2819 798 simul
2842 756 3013 797 unum
3040 740 3217 797 altare
3247 739 3519 798 facientes
3551 752 3748 815 propter

2169 834 2585 891 unanimitatem
2609 845 2772 906 atque
2806 823 3177 891 concordiam.
3211 833 3307 890 Sic
3341 835 3497 890 enim
3521 836 3746 894 retem-

2170 933 2265 983 tur
2284 940 2495 992 omnes,
2515 925 2677 982 simul
2704 926 3037 982 unanimiter
3057 933 3279 981 orantes
3292 932 3352 981 et
3374 926 3679 996 aperientes
3694 943 3746 987 os

2173 1034 2363 1087 suum,
2396 1017 2602 1075 dixisse
2632 1036 2647 1073 :
2681 1036 2703 1071 ι
2738 1017 2853 1085 Tu,
2880 1017 3145 1086 Domine,
3183 1020 3277 1089 qui
3315 1018 3489 1075 corda
3532 1022 3744 1077 omnium

2170 1109 2314 1166 nosti
2345 1108 2483 1181 (Act.
2510 1110 2574 1183 ι).
2614 1130 2635 1163 ι
2666 1108 2760 1165 Isti
2788 1124 2925 1181 ergo
2947 1110 3044 1180 qui
3066 1117 3331 1182 poterunt
3354 1112 3744 1169 manis-unua

2170 1216 2305 1258 voce
2332 1210 2496 1272 atque
2517 1201 2710 1272 spiritu
2739 1188 3055 1274 orare,'ipsi
3084 1201 3319 1259 fortasse
3524 1198 3742 1275 suntqui

2172 1293 2408 1349 debeant
2435 1292 2597 1348 simul
2625 1308 2814 1350 omnes
2842 1310 3010 1350 unum
3040 1294 3215 1350 altare
3238 1302 3584 1361 oonstmere,
3600 1310 3745 1366 smper

2172 1385 2318 1456 quod
2352 1382 2510 1441 Iesus
2547 1384 2879 1442 sacriﬁcium
2905 1385 3100 1443 offerat
3133 1385 3308 1443 Patri.
3343 1387 3557 1442 Tamen
3589 1396 3640 1444 et
3660 1403 3743 1445 nos

2173 1484 2446 1533 tentemus
2484 1476 2619 1534 dare
2654 1492 2909 1549 operam,
2946 1476 3233 1534 eteadem
3265 1478 3517 1533 dicamus
3557 1493 3739 1546 omnes,

2170 1568 2479 1638 unanimes,
2510 1584 2683 1625 unum
2706 1571 3022 1637 sentientes,
3046 1558 3182 1626 nihil
3208 1586 3313 1642 per
3337 1572 3741 1641 contentionem,

2169 1677 2350 1734 neque
2389 1676 2489 1734 per
2541 1662 2759 1719 inanem
2805 1662 3034 1736 gloriam
3085 1673 3368 1736 gerentes;
3421 1665 3525 1720 sed
3566 1664 3615 1719 in
3647 1680 3741 1722 uno

468 1754 645 1810 litium
676 1770 953 1829 nunquam
988 1757 1224 1829 recepit;
1254 1758 1350 1813 sed
1393 1772 1609 1829 semper
1644 1756 1906 1829 paciﬁcus
1941 1756 2067 1825 fuit,
2094 1773 2147 1839 Β
2172 1771 2337 1813 sensu
2387 1765 2551 1827 atque
2595 1755 2653 1810 in
2697 1755 2888 1812 eadem
2936 1756 3207 1812 sententia
3258 1764 3665 1828 permanentes;
3702 1758 3740 1813 ἡ

468 1861 683 1917 semper
706 1846 920 1916 quietus
948 1855 1003 1902 et
1028 1848 1195 1916 mitis,
1230 1858 1284 1903 et
1310 1847 1512 1906 Christi
1539 1850 1845 1905 humilitate
1874 1848 2068 1905 funda-

467 1939 589 1994 tus?
609 1936 702 1994 Isti
728 1954 857 2012 ergo
892 1949 1016 1999 sunt
1050 1938 1259 2014 lapides
1286 1942 1437 2013 vivi,
1472 1959 1540 2001 ex
1578 1944 1774 2017 quibus
1803 1943 2065 2001 Dominus

2174 1848 2315 1905 forte
2357 1848 2629 1922 possimus
2668 1848 2834 1904 etiam
2870 1860 2972 1903 nos
3010 1847 3120 1919 apti
3160 1846 3300 1907 edici
3338 1847 3557 1919 hpides
3591 1848 3653 1902 ad
3678 1848 3738 1901 al-

2172 1951 2292 1999 tare
2319 1961 2332 1999 :
2359 1958 2468 1999 non
2496 1942 2643 2000 enim
2667 1942 2868 1999 deserit
2893 1956 2996 2000 nos
3024 1941 3288 1999 Dominus
3312 1942 3467 1998 Deus
3493 1951 3682 1998 noster.

474 2096 3731 2137 Μ

1656 2239 1963 2321 LIBER
2017 2237 2583 2323 SECUNDUS.

982 2481 1211 2541 CAPUT
1245 2480 1536 2539 PRIMUM.

460 2616 541 2673 De
567 2633 629 2692 eo
663 2592 805 2689 quod
835 2615 1008 2692 Iosue
1038 2617 1507 2692 Deuteronomium
1548 2617 1677 2692 legis
1718 2621 1892 2692 Moysi
1930 2626 2067 2679 “ri-

530 2690 651 2775 psit.
672 2687 829 2775 super
865 2687 1065 2775 lapides
1094 2688 1430 2775 cqrquﬂliis
1462 2687 1666 2756 Israel,
1696 2702 1743 2747 et
1773 2687 1937 2775 le'gem
1970 2695 2059 2775 be-

531 2758 839 2842 nedictionis
871 2768 1026 2830 atque
1052 2758 1438 2814 malediclionis
1467 2776 1645 2815 coram
1687 2758 1840 2817 omni
1866 2764 2059 2835 populo

532 2839 790 2885 recitavit.

2171 2484 2413 2549 habent,
2471 2479 2795 2539 naturaliter
2841 2494 2906 2536 ea
2960 2494 3083 2552 quae
3135 2482 3271 2555 legis
3310 2493 3480 2554 sunt,
3529 2486 3735 2557 ἠῶθι,

2168 2574 2480 2647 hujusmodl
2510 2575 2685 2645 legem
2725 2588 2833 2629 non
2864 2573 3157 2641 habentes,
3203 2573 3309 2645 ipsi
3337 2576 3447 2633 sibi
3489 2589 3607 2636 amt
3636 2580 3737 2649 lex,

2167 2670 2260 2742 qui
2291 2667 2588 2727 ostendunt
2625 2682 2761 2738 opus
2789 2666 2925 2738 legis
2957 2667 3219 2738 scriptum
3252 2668 3313 2724 in
3345 2673 3598 2730 cordibus
3625 2675 3736 2741 suis,

2166 2761 2542 2819 testimonium
2585 2760 2847 2816 reddente
2894 2758 2975 2814 eis
3021 2759 3363 2816 conscientia
3409 2762 3581 2834 (Rom.
3616 2766 3690 2836 ιι).
3719 2785 3738 2819 ι

2168 2855 2226 2910 Si
2268 2870 2398 2927 ergo
2436 2853 2623 2909 videas
2665 2861 2855 2924 gentes
2885 2850 2953 2907 ad
2986 2849 3173 2907 Iesum
3212 2855 3437 2919 venire,
3466 2864 3516 2910 et
3540 2856 3743 2912 credere

534 2942 711 3017 (lam).
757 2963 775 2995 ι
812 2944 879 2999 Et
910 2944 1129 3015 scripsit
1162 2942 1327 3001 Iosue
1360 2960 1523 3016 super
1564 2946 1770 3018 lapides
1796 2947 2060 3005 Dcutcro-
2094 3008 2132 3022 Α
2165 2948 2236 3015 ei,
2269 2956 2324 3004 et
2354 2963 2492 3019 opus
2526 2945 2660 3018 legis
2690 2946 2919 3016 implere
2949 2944 3097 3015 quod
3120 2944 3197 3001 illi
3223 2946 3319 3017 qui
3350 2946 3523 3020 legem
3544 2964 3744 3022 accepe-

466 3054 487 3089 ι
526 3008 768 3093 nomium
811 3036 945 3110 legis
982 3008 1186 3111 Moysi,
1217 3039 1360 3109 quod
1398 3008 1491 3095 ille
1535 3008 1834 3113 digesserat
1870 3058 2058 3098 coram
2087 3008 2134 3073 Ο
2167 3008 2291 3094 rant
2314 3008 2542 3110 implere
2574 3008 2683 3093 non
2714 3008 3103 3107 possunt,-non
3126 3008 3348 3094 dubites
3374 3008 3444 3096 a2
3472 3039 3548 3096 eis
3582 3008 3744 3099 dicere

467 3147 488 3181 ι
525 3128 652 3185 ﬁliis
687 3129 869 3186 Israel.
910 3150 929 3184 ›
964 3129 1215 3201 Scripsit,
1256 3131 1452 3202 inquit,
1476 3130 1635 3188 Iesus
1663 3148 1826 3206 super
1850 3134 2060 3207 lapides

460 3218 651 3276 altaris
698 3220 1181 3277 Deuteronomium
1232 3223 1369 3293 legis
1414 3222 1615 3296 Moysi,
1655 3234 1709 3281 et
1743 3227 1962 3299 scripsit
2002 3227 2061 3286 in

458 3317 759 3381 conspectu
796 3310 1033 3367 ﬁliorum
1064 3311 1250 3367 Israel.
1281 3312 1561 3382 Quomodo
1606 3316 1823 3386 scripsit
1847 3325 1901 3372 et
1925 3334 2060 3388 quo-

462 3400 626 3458 modo
665 3401 842 3474 potuit
889 3409 1019 3456 tunc
1059 3400 1203 3458 ﬁlius
1247 3400 1395 3457 Nave
1440 3419 1604 3474 super
1629 3404 1837 3477 lapides
1872 3407 2061 3464 altaris

461 3490 640 3564 legem
679 3499 849 3547 totam
884 3491 1231 3550 describere?
1271 3493 1413 3564 Ergo
1452 3503 1615 3567 prout
1659 3497 1831 3554 voluit
1872 3505 2062 3571 typum

463 3582 826 3641 adumbravit.
869 3584 984 3642 Nos
1013 3586 1230 3642 interim
1260 3588 1542 3644 videamus
1574 3592 1845 3661 quomodo
1875 3601 2063 3649 noster

460 3674 618 3734 Iesus
644 3679 700 3733 in
731 3678 997 3750 lapidibus
1021 3680 1161 3737 vivis
1195 3689 1253 3737 et
1282 3682 1507 3755 integris
1548 3685 1829 3756 scripserit
1865 3685 2062 3743 Deute-

462 3772 793 3851 ronomium,
822 3773 965 3843 quod
997 3774 1250 3830 secundae
1270 3775 1406 3847 legis
1432 3775 1565 3831 latio
1593 3776 1811 3833 dicitur.
1843 3776 1901 3833 Si
1932 3795 2061 3855 ergo

459 3866 545 3922 vis
568 3866 751 3922 videre
775 3866 1065 3937 quomodo,
1096 3867 1271 3938 prima
1300 3866 1416 3941 lege
1438 3867 1736 3936 inﬁrmata,
1765 3869 2061 3926 secundam

461 3956 639 4031 legem
669 3959 873 4014 scribat
895 3956 1075 4026 Iesus,
1101 3959 1227 4015 audi
1253 3974 1377 4014 eum
1400 3959 1457 4015 in
1483 3958 1730 4016 ecclesiis
1750 3961 2017 4017 dicentem
2042 3974 2060 4017 :

468 4071 487 4105 ι
518 4053 730 4107 Dictum
758 4060 843 4106 est
870 4052 1139 4122 antiquis:
1171 4051 1291 4108 Non
1318 4051 1564 4121 occides;
1598 4068 1697 4124 ego
1725 4060 1908 4109 autem
1937 4053 2061 4109 dico

465 4142 620 4195 vobis
652 4141 779 4211 quia
810 4142 988 4195 omnis
1017 4143 1110 4211 qui
1146 4143 1400 4198 irascitur
1442 4144 1599 4199 fratri
1636 4159 1753 4212 suo,
1786 4144 2062 4201 homicida

464 4237 547 4284 est
582 4228 795 4300 (Matth.
826 4227 906 4301 v).
942 4248 962 4281 ι
1008 4229 1077 4285 Et
1100 4232 1299 4285 iterum
1332 4247 1347 4285 :
1386 4252 1403 4283 ί
1434 4233 1650 4289 Dictum
1678 4242 1763 4289 est
1798 4234 2057 4305 antiquis,

463 4321 581 4399 Non
614 4317 1009 4388 moecliaberis;
1039 4337 1139 4393 ego
1167 4330 1347 4375 autem
1373 4306 1495 4378 dico
1526 4324 1676 4379 vobis
1704 4324 1831 4396 quia
1857 4326 1949 4396 qui
1980 4325 2061 4379 vl-

464 4413 607 4470 derit
639 4412 927 4469 mulierem
962 4412 1031 4467 ad
1067 4411 1563 4484 concupiscendum
1600 4429 1753 4483 eam,
1778 4413 1892 4486 jam
1923 4432 2061 4473 moe-

462 4507 656 4564 chatus
675 4513 759 4562 est
778 4521 900 4561 eam
924 4505 980 4560 in
1006 4506 1171 4561 corde
1197 4522 1295 4563 suo
1324 4502 1513 4579 (Ibid.,
1542 4524 1591 4563 υ.
1616 4510 1812 4579 xxvn).
1843 4508 2057 4565 Dictum

464 4605 559 4659 est
575 4597 836 4669 antiquis,
867 4597 985 4657 Non
1017 4597 1354 4671 perjurabis;
1386 4614 1485 4673 ego
1517 4609 1702 4659 autem
1730 4601 1853 4659 dico
1878 4601 2055 4671 vobis,

465 4686 648 4747 Nolite
674 4688 862 4758 iurare
885 4690 1108 4747 omnino
1135 4690 1323 4765 (Ibid.,
1351 4710 1399 4747 υ.
1430 4691 1649 4767 xxmt).
1689 4714 1710 4747 ι
1736 4693 1899 4751 Vides
1919 4694 2059 4750 Deu-

466 4782 830 4841 teronomium
861 4785 1009 4855 quod
1026 4786 1246 4859 scripsit
1271 4784 1431 4845 Iesus
1460 4788 1516 4843 in
1542 4786 1810 4858 lapidibus
1839 4789 1975 4845 vivis
2003 4798 2061 4844 et

467 4872 730 4949 integris,
772 4872 832 4929 in
879 4874 1078 4932 tabulis
1121 4877 1313 4951 cordis,
1352 4878 1699 4946 carnalibus,
1749 4894 1859 4936 non
1913 4888 2060 4935 atra-

467 4975 687 5035 mento,
716 4966 812 5025 sed
841 4965 1039 5037 spiritu
1060 4968 1156 5026 Dei
1182 4969 1310 5025 vivi.
1340 4969 1401 5026 Si
1436 4977 1619 5027 autem
1646 4970 1729 5025 vis
1755 4970 2058 5027 evidentius

469 5074 698 5119 noscere
725 5059 783 5116 in
823 5058 1020 5131 quibus
1047 5061 1300 5120 cordibus
1339 5059 1495 5120 Iesus
1532 5061 1813 5134 scripserit
1853 5061 2055 5135 legem,

471 5162 527 5212 et
553 5155 612 5211 in
641 5154 841 5224 quibus
863 5168 973 5210 non
998 5155 1314 5225 scripserit,
1342 5158 1508 5213 etiam
1540 5157 1644 5216 hoc
1682 5157 1777 5213 tibi
1806 5173 1874 5215 ex
1908 5155 2057 5214 Scri-

468 5254 754 5319 pturarum
793 5247 1119 5307 auctoritate
1154 5246 1474 5318 patefaciam
1496 5292 1512 5319 ,
1543 5260 1606 5309 ut
1632 5250 2059 5309 consolationem

471 5340 657 5411 capias
682 5347 741 5396 tu
767 5341 861 5413 qui
892 5355 960 5397 ex
989 5338 1243 5412 gentibus
1282 5351 1509 5400 vocatus
1541 5359 1631 5412 es,
1676 5358 1779 5402 nec
1817 5344 2061 5402 verearis

471 5445 662 5489 eorum
698 5430 1053 5504 iactantiam,
1098 5432 1194 5506 qui
1238 5431 1415 5506 legem
1457 5436 1627 5509 Moysi
1673 5444 1731 5494 et
1770 5437 1975 5494 tabulis
2005 5446 2061 5497 et

474 5523 736 5581 chartulis
758 5525 1077 5599 inscriptam
1102 5542 1162 5583 se
1187 5526 1466 5596 accepisse
1494 5527 1809 5601 gloriantur.
1837 5529 1898 5585 In
1926 5544 2060 5602 quo-

473 5633 599 5673 rum
648 5620 904 5678 cordibus
948 5621 1210 5679 Dominus
1257 5619 1415 5676 Iesus
1462 5618 1798 5692 inscripserit
1842 5623 2054 5696 legem,

475 5707 676 5770 Paulus
712 5714 842 5772 dicit
880 5732 895 5771 :
935 5733 955 5768 ι
992 5715 1131 5773 Cum
1165 5715 1312 5775 enim
1350 5721 1542 5787 gentes
1578 5728 1697 5785 quae
1734 5715 1908 5789 legem
1949 5731 2058 5774 non

2164 3130 2291 3199 quia
2314 3128 2471 3185 Iesus
2497 3130 2553 3183 in
2584 3128 2705 3184 istis
2734 3125 3002 3198 lapidibus
3032 3127 3262 3199 integris
3290 3127 3743 3186 Deuteronomium

2165 3222 2409 3294 scripsit.
2448 3219 2626 3278 Movet
2657 3234 2745 3275 me
2781 3233 2913 3276 sane
2942 3220 3086 3289 quod
3115 3220 3331 3277 addidit
3356 3222 3413 3277 in
3438 3236 3747 3291 consequen-

2163 3315 2310 3375 tibus
2355 3313 2643 3385 Scriptura
2683 3330 2697 3367 :
2737 3330 2756 3363 ‹
2792 3311 2861 3367 Et
2895 3310 3149 3381 scripsit,
3181 3310 3392 3383 inquit,
3418 3312 3562 3367 Iesus
3587 3325 3748 3380 super

2164 3407 2375 3478 lapides
2419 3404 2903 3463 Deuteronomium
2946 3419 3131 3462 coram
3175 3403 3307 3462 ﬁliis
3346 3404 3520 3462 lsrael.
3559 3423 3582 3458 ν
3614 3403 3750 3473 Quo-

2168 3501 2332 3559 modo
2363 3500 2604 3575 potuerit
2640 3507 2752 3555 tam
2788 3512 3046 3571 magnum
3081 3497 3317 3567 librum,
3350 3501 3434 3556 vel
3460 3500 3753 3555 assistenti-

2164 3592 2270 3649 bus
2295 3599 2350 3649 et
2376 3590 2822 3666 permanentibus
2847 3578 2975 3646 ﬁliis
3003 3588 3191 3655 Israel,
3226 3589 3550 3657 describere,
3589 3591 3667 3646 ita
3700 3599 3758 3645 ut

2167 3702 2277 3745 non
2322 3687 2664 3744 discederent
2719 3700 3007 3758 usquequo
3059 3685 3314 3754 scriptura
3374 3692 3449 3738 tot
3489 3699 3762 3741 versuum

2166 3779 2456 3838 ﬁniretur?
2480 3778 2580 3836 Vel
2612 3778 2798 3845 etiam,
2837 3778 3110 3850 quomodo
3132 3781 3417 3847 potuerunt
3436 3774 3659 3847 lapides
3686 3775 3761 3831 al-

2167 3870 2303 3929 taris
2340 3868 2486 3927 ferre
2528 3877 2642 3925 tam
2687 3868 2870 3942 magni
2917 3868 3044 3925 libri
3092 3865 3515 3924 continentiam?
3568 3867 3759 3924 Dicant

2166 3967 2303 4024 mihi
2349 3975 2651 4025 assertores
2698 3965 2894 4021 littera:
2944 3963 3147 4029 Iudaei,
3198 3963 3291 4035 qui
3337 3964 3584 4035 spiritum
3634 3964 3755 4035 legis

2167 4063 2442 4135 ignorant,
2473 4060 2743 4132 quomodo
2774 4058 2958 4116 hocin
2987 4057 3273 4130 Scriptura
3302 4058 3545 4115 historiae
3566 4058 3754 4113 veteris

2167 4157 2573 4213 demonstratur
2611 4172 2626 4209 :
2668 4153 2765 4211 sed
2806 4152 2952 4225 apud
2985 4151 3109 4209 illos
3140 4168 3321 4223 usque
3354 4152 3411 4208 in
3445 4152 3755 4208 hodiernum

2165 4250 2310 4307 diem
2339 4266 2464 4307 cum
2489 4247 2686 4322 legitur
2720 4247 2931 4320 Moyses
2951 4288 2965 4315 ,
2995 4246 3248 4303 velamen
3283 4255 3373 4304 est
3404 4246 3633 4319 positum
3672 4262 3758 4301 su—

2165 4358 2266 4414 per
2292 4356 2388 4399 eor
2416 4356 2606 4397 eorum
2637 4358 2651 4397 :
2684 4338 2841 4396 nobis
2879 4354 3011 4395 vero
3053 4338 3341 4395 conversis
3377 4338 3445 4393 ad
3477 4337 3755 4393 Dominum

2164 4436 2387 4504 Iesum,
2420 4433 2697 4492 auferetur
2736 4433 2980 4490 velamen
3001 4475 3018 4501 ,
3046 4433 3177 4505 quia
3213 4451 3234 4485 ι
3270 4433 3367 4489 ubi
3406 4432 3633 4504 Spiritus
3656 4430 3759 4487 Do-

2161 4532 2331 4599 mini,
2369 4531 2446 4588 ibi
2482 4530 2707 4587 libertas
2747 4549 2766 4583 )
2816 4528 3186 4608 intelligentiae
3225 4539 3449 4587 nostrae.
3482 4529 3626 4602 Ergo
3660 4527 3760 4584 Do-

2160 4624 2343 4683 minus
2367 4620 2526 4680 Iesus
2555 4637 2669 4679 non
2691 4620 2899 4694 indiget
2925 4620 3095 4677 multo
3135 4628 3385 4693 tempore
3415 4628 3479 4677 ut
3504 4618 3758 4677 Deutero-

2160 4713 2408 4771 nomium
2436 4712 2665 4779 scribat,
2699 4722 2760 4768 ut
2798 4712 3039 4769 secundo
3069 4710 3246 4784 legem
3283 4711 3343 4767 in
3366 4710 3631 4767 cordibus
3654 4721 3761 4765 cre-

2162 4807 2407 4866 dentium
2444 4806 2609 4880 ﬁgat,
2656 4814 2823 4879 atque
2872 4805 2931 4861 in
2976 4820 3169 4861 eorum
3211 4803 3539 4872 mentibus,
3580 4800 3671 4875 qui
3702 4797 3764 4855 ad

2162 4900 2353 4959 altaris
2384 4900 2848 4959 constructionem
2870 4899 3021 4971 digni
3054 4905 3217 4967 sunt,
3245 4898 3638 4973 intelligentia:
3662 4894 3764 4968 spi-

2161 4993 2273 5049 ritu
2307 4994 2504 5066 signet.
2545 4991 2743 5049 Statim
2785 5007 3023 5065 namque
3058 5000 3121 5048 ut
3158 4991 3284 5065 quis
3307 4991 3614 5051 crediderit
3640 4985 3768 5044 Iesu

2161 5085 2400 5152 Christo,
2428 5084 2516 5143 lex
2541 5084 2825 5159 Evangelii
2848 5084 2907 5141 in
2928 5082 3044 5155 ejus
3069 5084 3233 5141 corde
3262 5084 3487 5157 scripta
3508 5090 3611 5147 est,
3635 5087 3695 5136 et
3716 5080 3771 5135 in

2161 5184 2455 5250 conspectu
2492 5176 2729 5235 ﬁliorum
2771 5176 2941 5234 Israel
2984 5175 3283 5247 descripta.
3323 5174 3587 5233 Aderant
3631 5172 3773 5231 enim

2160 5277 2313 5336 tunc,
2341 5283 2467 5329 cum
2499 5267 2597 5325 tibi
2623 5266 2749 5324 ﬁdei
2781 5274 3188 5326 sacramentum
3227 5265 3599 5333 tradebatur,
3622 5262 3777 5320 eccle-

2160 5373 2275 5424 stes
2301 5363 2557 5430 virtutes,
2581 5360 2889 5419 ministeria
2915 5360 3231 5433 angelorum
3246 5400 3266 5427 ,
3297 5358 3582 5418 Ecclesia
3600 5354 3783 5431 primi—

2158 5460 2416 5517 tivorum.
2460 5455 2517 5515 Si
2555 5455 2705 5515 enim
2745 5464 2895 5512 recte
2940 5454 3307 5526 intelligamus
3350 5452 3645 5513 Israelem
3690 5448 3788 5509 dici

2158 5559 2400 5609 mentem
2449 5550 2622 5607 Deum
2668 5548 2943 5604 videntem
2972 5588 2988 5615 ,
3036 5547 3346 5604 rectissime
3396 5548 3525 5605 hoc
3582 5547 3661 5605 de
3700 5542 3789 5602 ni-

2160 5641 2349 5697 nistris
2370 5641 2577 5713 angelis
2602 5640 2825 5708 dicitur,
2851 5639 3149 5698 secundum
3168 5638 3389 5696 Domini
3419 5638 3787 5697 sententiam.

2162 5735 2391 5810 dicentis
2420 5735 2489 5795 de
2513 5736 2812 5813 infantibus
2840 5734 3009 5808 (quod
3031 5744 3089 5793 et
3108 5743 3167 5793 tu
3190 5733 3342 5793 fuisti
3374 5733 3601 5796 infans
3630 5734 3692 5795 in
3708 5731 3793 5791 bl-
