3930 6344
255 228 395 287 ιω

1176 221 1532 280 COMMENT.
1674 220 1935 287 LIBRUM
1973 221 2211 281 JOSUE.
2238 253 2313 266 —
2346 223 2479 287 LIB.
2517 223 2584 281 ll.

3382 219 3547 311 I058.

248 345 492 422 ptismo),
527 361 551 399 ι
578 343 709 415 quia
734 341 912 413 angeli
938 354 1128 397 eorum
1163 356 1379 413 semper
1414 341 1599 397 vident
1631 340 1833 407 facient
1855 346 1910 411 Α
1931 341 2037 397 hoc
2056 340 2190 395 mihi
2216 339 2487 412 designari
2528 339 2744 396 videtur
2777 338 2833 395 in
2859 338 2965 396 hoc
2987 336 3109 394 loco
3134 338 3281 410 quod
3309 334 3521 394 dimidii

248 438 431 494 Patris
448 436 579 502 mei,
609 434 783 506 quiin
804 432 959 488 caelis
983 439 1069 489 est
1094 430 1310 503 (Matth.
1336 430 1551 504 cxvm).
1585 450 1605 485 ι
1635 430 1833 487 Coram
1868 484 1875 495 ,

248 535 367 592 istis
394 534 565 606 igitur
599 530 726 586 ﬁliis
755 527 924 584 Israel
961 528 1055 598 qui
1080 527 1306 583 aderant
1337 527 1394 585 in
1433 525 1527 584 illo
1564 534 1830 596 tempore,

247 643 372 685 cum
398 626 494 682 tibi
525 624 651 680 ﬁdei
681 630 1026 679 sacramenta
1054 620 1393 687 tradebatur,
1420 619 1728 677 videntibus
1752 619 1833 674 fa-

246 722 391 777 ciem
401 720 521 783 Dei,
535 717 695 774 Jesus
709 716 767 771 in
787 713 951 771 corde
975 720 1071 771 tuo
1084 712 1563 769 Deuteronomium
1584 711 1829 783 scripsit.

314 808 498 884 (imm)
529 826 549 860 ι
588 806 780 865 Omnis
815 813 1001 861 autem
1020 803 1283 875 popldus,
1311 810 1367 859 et
1405 801 1643 871 majores
1675 809 1831 870 natu,

246 921 267 956 ι
313 900 487 958 duces
535 915 599 955 ac
647 898 861 970 iudices
909 897 1133 953 stabant
1177 911 1246 952 ex
1290 903 1521 965 utraque
1568 903 1723 966 parte
1773 895 1835 950 in

246 1010 268 1047 ι
309 996 606 1061 conspectu
649 988 998 1045 sacerdotum
1025 986 1122 1055 qni
1164 986 1454 1055 portabant
1498 1000 1683 1043 arcam
1730 984 1835 1041 lm-

243 1101 264 1137 ‹
309 1084 463 1139 deris
504 1082 718 1137 Domini
763 1098 778 1136 :
820 1088 883 1135 ut
910 1082 1150 1144 advena,
1187 1079 1264 1134 ita
1303 1086 1364 1134 et
1396 1077 1673 1149 indigena.
1714 1077 1829 1134 Me-

244 1193 263 1227 ι
308 1175 403 1231 dia
441 1186 633 1229 eorum
677 1186 809 1241 pars
833 1169 988 1239 juxta
1021 1177 1261 1226 montem
1309 1168 1578 1235 Garizim,
1629 1176 1683 1223 et
1718 1184 1833 1229 me-

242 1285 262 1319 ι
305 1268 402 1323 dia
432 1265 589 1335 juxta
623 1273 869 1320 montem
890 1263 1049 1329 Ebal,
1085 1263 1226 1319 sicut
1248 1270 1582 1333 praeceperat
1620 1261 1834 1334 Moyses

243 1376 264 1410 ι
308 1357 551 1412 famulus
596 1355 831 1414 Domini.
883 1356 957 1409 Et
1006 1355 1243 1425 primum
1288 1354 1513 1423 quidem
1556 1354 1835 1411 benedixit

245 1447 509 1519 (popqu
558 1447 766 1513 Israel,
812 1465 832 1499 ι
873 1454 982 1501 etc.
1032 1444 1197 1501 (lima
1242 1446 1383 1502 hanc
1428 1460 1614 1502 arcam
1665 1455 1832 1507 testa-

238 1538 453 1603 menti,
506 1538 686 1593 omnis
729 1537 823 1606 qui
868 1551 997 1591 vere
1051 1534 1227 1591 Israel
1281 1543 1373 1591 est
1423 1535 1661 1601 incedit,
1723 1552 1835 1594 non

236 1628 387 1683 enim
424 1628 583 1699 longe
615 1626 691 1682 ab
722 1643 807 1683 ea.
836 1627 1041 1685 Levita
1074 1641 1206 1682 vero
1240 1634 1299 1683 et
1323 1627 1633 1685 mcerdotes
1665 1630 1832 1687 etiam

1933 428 2009 485 illi
2030 431 2125 501 qui
2168 430 2321 502 juxta
2347 438 2586 486 montem
2639 428 2881 485 Garizim
2928 427 3201 492 incedunt,
3246 426 3398 482 illum
3429 427 3525 498 qui

1934 521 2004 576 ad
2026 521 2433 578 benedictiones
2453 521 2657 577 electus
2680 529 2784 587 est,
2809 521 2943 576 istos
2966 518 3264 594 ﬁguraliter
3280 519 3526 577 indicare

1933 613 2048 684 qui,
2076 628 2186 669 non
2211 622 2359 668 metu
2386 628 2581 685 poenae,
2613 612 2709 669 sed
2736 611 3180 668 benedictionum
3202 616 3259 666 et
3284 611 3522 682 promis-

1934 703 2150 759 sionum
2188 703 2477 772 desiderio,
2508 703 2734 759 veniunt
2763 703 2832 758 ad
2861 701 3111 759 salutem.
3145 701 3227 757 Illi
3273 716 3407 759 vero
3443 702 3526 759 di-

1932 795 2087 853 midii
2112 795 2205 867 qui
2224 794 2383 866 juxta
2415 804 2657 851 montem
2693 795 2829 851 Ebal
2867 795 3155 862 incedunt,
3184 794 3240 850 in
3270 809 3380 866 quo
3408 809 3524 851 ma-

1932 887 2250 947 ledictiones
2270 887 2494 959 prolatae
2522 895 2669 954 sunt,
2691 888 2827 943 istos
2855 886 2992 944 alios
3018 888 3265 944 indicant
3288 888 3383 958 qui
3406 900 3525 943 ma-

1931 979 2109 1035 lorum
2137 988 2284 1034 metu
2310 988 2365 1034 ct
2400 978 2787 1055 suppliciorum
2819 978 3015 1036 timore
3043 978 3377 1051 complentes
3403 994 3526 1050 quae

1933 1071 1989 1126 in
2004 1071 2123 1142 lege
2145 1067 2268 1126 sunt
2289 1071 2513 1143 scripta,
2534 1069 2856 1141 perveniunt
2880 1069 2950 1125 ad
2970 1069 3219 1126 salutem.
3240 1069 3341 1125 llic
3356 1072 3525 1126 etiam
3571 1062 3578 1073 ’

1933 1162 2031 1218 Dei
2084 1162 2250 1219 solius
2275 1170 2361 1216 cst
2396 1175 2583 1227 nosse,
2607 1176 2674 1215 ex
2731 1160 2983 1217 omnibus
3030 1160 3156 1216 ﬁliis
3181 1160 3351 1217 Israel
3401 1162 3525 1230 quis

1932 1262 2037 1321 est,
2067 1254 2158 1323 qui
2207 1253 2333 1310 boni
2360 1253 2529 1323 ipsius
2559 1252 2828 1308 desiderio
2884 1267 3178 1308 succensus
3204 1252 3340 1309 facit
3378 1251 3526 1326 quod

1932 1344 2136 1401 bonum
2162 1353 2246 1401 est
2277 1363 2289 1397 :
2317 1345 2410 1415 qui
2431 1360 2564 1400 vero
2586 1351 2733 1399 metu
2777 1344 3064 1415 gehennm,
3090 1352 3146 1399 et
3167 1343 3354 1400 aeterni
3383 1344 3528 1417 ignis

1933 1442 2145 1490 terrore
2198 1436 2367 1490 tendit
2392 1436 2462 1493 ad
2492 1435 2719 1501 bonum,
2754 1442 2810 1491 et
2855 1434 3037 1491 studet
3079 1450 3144 1492 ac
3169 1434 3394 1492 festinat
3420 1437 3524 1492 im-

1930 1522 2080 1595 plere
2100 1539 2219 1595 quae
2250 1525 2452 1595 scripta
2499 1530 2624 1581 sunt
2661 1542 2672 1578 :
2704 1532 2914 1581 certum
2943 1535 3027 1582 est
3054 1527 3197 1582 enim
3228 1526 3547 1586 nobiliores‘

1933 1632 2057 1674 esse
2082 1617 2202 1674 illos
2224 1618 2318 1689 qui
2338 1618 2465 1674 boni
2498 1617 2667 1691 ipsius
2690 1617 2960 1675 desiderio
3002 1628 3058 1675 et
3080 1619 3522 1676 benedictionum

236 1718 294 1774 in
356 1719 603 1774 humeris
661 1720 779 1773 suis
840 1732 965 1773 eam
1019 1725 1255 1786 portant.
1329 1717 1545 1777 Etenim
1606 1706 1908 1788 quicqu
1935 1724 2120 1765 amore
2149 1711 2295 1781 quod
2320 1711 2523 1766 bonum
2575 1718 2659 1765 est
2703 1718 2892 1781 agunt,
2923 1726 3089 1782 quant
3138 1710 3258 1767 illos
3301 1712 3395 1783 qui
3420 1726 3526 1784 pro

234 1825 351 1881 que
396 1808 721 1865 sacerdotali
764 1807 1027 1877 religione
1054 1814 1109 1862 et
1154 1808 1445 1865 saucu'tate
1486 1807 1692 1874 vivunt,
1722 1825 1833 1867 non

234 1902 423 1957 solum
443 1902 500 1956 hi
544 1901 643 1970 qui
665 1900 855 1955 sedere
883 1899 1141 1955 videntur
1183 1898 1241 1954 in
1277 1913 1537 1957 consessu
1581 1902 1833 1964 sacerdo—

237 1995 359 2061 tali,
385 1994 480 2049 sed
507 1993 564 2047 hi
607 1993 780 2064 magis
805 1991 896 2061 qui
920 1990 1331 2047 sacerdotaiiter
1366 1999 1557 2062 agunt,
1599 2009 1832 2063 quorum

228 2098 364 2153 pars
393 2093 473 2138 est
505 2083 787 2147 Dominus,
810 2097 913 2137 nee
935 2082 1045 2136 ulla
1066 2083 1147 2137 eis
1171 2083 1351 2152 portio
1376 2082 1615 2139 habetur
1632 2084 1689 2139 in
1714 2092 1833 2139 ter-

230 2173 335 2237 ris,
364 2173 470 2242 ipsi
493 2180 622 2227 sunt
664 2185 794 2227 vero
833 2173 1144 2227 sacerdotes
1167 2179 1224 2226 et
1244 2170 1451 2227 Levitae
1472 2171 1713 2237 Domini,
1736 2173 1832 2241 qui

232 2264 293 2318 in
319 2263 566 2317 humeris
595 2262 708 2317 suis
749 2261 926 2331 legem
948 2260 1048 2316 Dei
1069 2268 1308 2330 portant,
1341 2257 1553 2334 agendo
1576 2263 1831 2319 videlicet

229 2362 289 2409 et
335 2346 621 2422 implendo
658 2364 825 2421 opera
875 2365 942 2406 ea
985 2365 1108 2421 quae
1135 2351 1450 2407 scribuntur
1488 2352 1543 2406 in
1574 2351 1711 2424 lege.
1761 2353 1829 2408 Et

227 2442 565 2515 proselytus,
595 2442 795 2511 inquit,
821 2449 877 2496 et
904 2441 1158 2512 indigena
1194 2441 1357 2503 simul
1385 2441 1641 2509 aderant;
1671 2443 1831 2499 dimi-

230 2537 307 2593 dii
327 2537 493 2608 juxta
518 2543 765 2591 montem
788 2533 1059 2601 Garizim,
1094 2546 1151 2590 et
1178 2534 1391 2591 dimidii
1404 2536 1560 2605 juxta
1585 2545 1841 2593 montem

229 2626 388 2706 liba}.
426 2624 711 2693 Quomdo
729 2624 899 2680 etiam
924 2625 1031 2680 ista
1066 2624 1492 2695 extimabimus?
1521 2626 1593 2680 Et
1620 2624 1801 2695 adjuto

228 2719 317 2775 rio
340 2718 445 2776 Dei
473 2731 615 2788 opus
645 2724 736 2772 est
776 2724 837 2771 It
882 2716 1161 2786 possmus
1200 2716 1381 2775 verbis
1430 2717 1635 2773 nostris
1660 2717 1841 2781 verba.

229 2808 421 2867 civim
448 2809 719 2867 dimerere
744 2815 802 2863 et
828 2806 1145 2876 explanare.
1174 2806 1280 2874 Qui
1325 2815 1457 2863 sunt
1482 2807 1692 2867 dimidii
1735 2807 1841 2880 qui,

228 2901 563 2957 incedant“
582 2899 743 2969 juxta
785 2898 1317 2965 montem-(larium,
1344 2906 1403 2954 ct
1444 2898 1540 2969 qui
1583 2906 1715 2955 sum.
1745 2898 1839 2963 di:

1933 1801 2064 1855 mali
2089 1810 2236 1857 metu
2265 1801 2468 1857 bonum
2515 1808 2812 1856 sectantur.
2867 1801 3027 1857 Solus
3070 1816 3199 1872 ergo
3226 1801 3386 1858 Iesus
3429 1802 3524 1873 qui

1931 1900 2115 1964 potest
2136 1909 2205 1948 cx
2225 1892 2372 1949 omni
2400 1892 2599 1963 populo
2627 1892 2937 1963 IllljllSlllOLII
2966 1903 3178 1950 mentes
3203 1894 3526 1966 animosque

1933 1983 2267 2051 discernere,
2290 1983 2389 2040 bos
2413 1983 2467 2039 in
2491 1992 2672 2040 monte
2701 1982 2943 2039 Garizim
2989 1985 3053 2039 ad
3091 1984 3520 2054 benedictiones,

1932 2075 2067 2132 alios
2095 2090 2225 2131 vero
2263 2084 2503 2131 statuere
2538 2076 2594 2130 in
2623 2084 2864 2131 montem
2893 2076 3057 2145 Ebal,
3099 2093 3207 2134 non
3254 2066 3522 2139 utmaie-

1933 2169 2199 2224 dictiones
2224 2171 2514 2241 accipiant,
2537 2169 2632 2223 sed
2653 2177 2714 2224 ut
2743 2170 3017 2226 intuentes
3037 2172 3386 2242 praescriptas
3411 2187 3522 2227 ma-

1931 2256 2248 2312 ledictiones
2275 2267 2329 2311 et
2353 2272 2544 2329 poenas
2572 2268 2921 2330 peccatorum
2959 2260 3306 2328 constitutas,
3332 2261 3521 2317 incur-

1930 2365 2055 2405 rere
2080 2359 2307 2405 caveant
2330 2365 2443 2405 (335.

1920 2468 1927 2525 ι
2005 2437 2181 2511 (Ιθιιι.)
2216 2458 2236 2490 ι
2264 2439 2393 2494 Post
2423 2441 2541 2495 hazc
2567 2440 2699 2514 legit
2722 2445 2903 2498 omnia
2926 2448 3092 2503 verba
3116 2448 3512 2506 benedictionis

1935 2532 2039 2588 (et
2061 2532 2471 2597 maledictionis,
2501 2542 2556 2588 ct
2582 2544 2775 2590 cuncta
2800 2552 2920 2608 quae
2948 2537 3148 2606 scripta
3177 2547 3337 2595 erant
3355 2540 3411 2595 in
3439 2539 3512 2594 le-

1935 2621 2065 2692 r'gis
2091 2621 2382 2676 volumine.
2435 2622 2585 2677 Nihil
2628 2638 2693 2679 ex
2730 2625 2977 2696 hisquae
3018 2626 3230 2697 Moyses
3270 2628 3512 2698 iusserat

1935 2728 1955 2763 ι
1980 2712 2197 2781 reliquit
2230 2713 2511 2779 intactum,
2560 2714 2653 2769 sed
2702 2717 2955 2772 universa
3004 2718 3285 2789 replicavit
3322 2710 3535 2777 coram'

1919 2786 1961 2855 ἰ
1981 2803 2127 2857 omni
2174 2803 2513 2859 multitudine
2549 2804 2737 2872 Israel,
2788 2786 3107 2864 mulieribus
3150 2818 3204 2864 et
3245 2812 3505 2881 parvulis,

1935 2911 2046 2952 «ac
2092 2897 2314 2953 advenis
2361 2898 2452 2968 qui
2505 2898 2648 2953 inter
2697 2914 2791 2954 eos
2840 2902 3209 2956 morabantur.
3244 2922 3262 2955 ι
3310 2902 3508 2959 Facilis

228 2994 381 3049 midii
411 2992 507 3063 qui
535 3000 594 3047 et
618 2991 747 3061 ipsi,
770 2989 899 3046 licet
932 2989 1231 3055 solventur,
1266 2996 1450 3051 tamen
1490 3006 1603 3046 non
1639 2998 1825 3062 potue-
1870 3060 1894 3063 ξ
1928 2988 2143 3059 quidem
2168 2995 2253 3044 est
2276 2989 2515 3044 historim
2536 2990 2860 3061 explanatio,
2895 2992 3164 3062 quomodo
3190 2991 3333 3048 ﬁlius
3360 2992 3506 3047 Nave

230 3093 365 3141 runt
383 3060 551 3155 juxta
583 3060 829 3141 mentm
850 3083 1097 3139 Garizim
1142 3083 1415 3150 incedere,
1448 3084 1545 3139 sed
1568 3060 1829 3143 incedunt
1852 3060 1897 3129 Ο
1927 3066 2119 3152 legerit
2144 3083 2323 3137 omnia
2350 3082 2515 3138 verba
2542 3084 2674 3156 legis
2706 3100 2825 3157 quae
2848 3060 3067 3157 scripsit
3091 3085 3300 3157 Moyses
3320 3102 3504 3143 coram

228 3176 385 3248 iuxta
438 3186 681 3232 merrtem
719 3175 887 3231 Ebal?
936 3174 1087 3231 Mons
1136 3173 1375 3231 Garizim
1420 3176 1831 3237 benedictiones

228 3270 421 3337 habet,
449 3283 607 3324 mons
649 3275 829 3323 amem
876 3266 1012 3325 Ebai
1042 3258 1453 3323 maledicticnes
1477 3282 1596 3336 qua:
1633 3270 1826 3339 potica-

230 3362 447 3417 toribus
470 3359 776 3414 imminent.
822 3357 1142 3417 Statuerunt
1171 3359 1341 3429 enim,
1379 3360 1524 3417 sicut
1561 3362 1827 3432 scriptum

226 3457 313 3506 est
338 3452 399 3505 in
424 3449 849 3505 Denteronomio
871 3450 1025 3519 (Cir.
1052 3451 1255 3520 xxvii),
1277 3467 1377 3507 sex
1424 3452 1599 3509 tribus
1634 3454 1705 3508 ad
1730 3454 1826 3510 be-

226 3541 599 3597 nedicendum
648 3541 705 3595 in
737 3550 923 3596 monte
948 3540 1191 3596 Garizim
1216 3559 1235 3597 ς
1260 3552 1325 3598 et
1364 3543 1493 3613 ipsa:
1523 3559 1623 3600 sex
1646 3546 1825 3602 tribus

226 3646 355 3703 qua
380 3631 677 3687 nobiliores
702 3639 914 3687 suntet
940 3632 1172 3698 eximiae,
1196 3633 1249 3688 id
1273 3642 1379 3699 est,
1405 3632 1649 3701 Simeon,
1670 3634 1825 3705 Levi.

225 3720 421 3787 Iudas,
472 3722 716 3788 Isachar,
748 3720 967 3792 Joseph,
1007 3721 1309 3794 Beniamin.
1338 3722 1490 3780 Alias
1540 3740 1673 3782 vero
1727 3743 1825 3783 sex

226 3813 607 3882 ignobiliores,
633 3814 703 3869 ad
727 3813 1187 3880 maledicendum;
1230 3815 1286 3870 in
1317 3816 1514 3887 quibus
1544 3824 1599 3872 et
1632 3817 1823 3875 Ruben

226 3907 326 3977 qui
358 3905 608 3963 ascendit
629 3921 792 3976 super
819 3906 997 3965 cubile
1018 3907 1205 3977 patris
1226 3908 1327 3974 l‘ui,
1354 3917 1411 3964 et
1430 3919 1608 3969 torum
1638 3927 1823 3967 macu-

226 3996 369 4051 lavit
410 4004 719 4067 paternum,
767 4006 824 4055 et
849 3997 1107 4063 Zabulon,
1134 3999 1230 4069 qui
1279 4008 1365 4056 est
1412 4000 1635 4057 ultimus
1680 4002 1824 4060 ﬁlius

227 4085 364 4142 Lim.
388 4086 518 4143 liae
565 4086 785 4157 quidem
823 4096 1068 4146 veterum
1094 4089 1340 4151 historiae
1367 4090 1612 4148 referunt
1644 4103 1822 4166 gesta.

231 4174 345 4232 Sed
392 4178 667 4247 quamde
714 4193 818 4234 nos
862 4180 1006 4237 hanc
1046 4180 1292 4237 historiae
1337 4183 1705 4240 narrationem
1752 4185 1821 4242 ad

229 4267 524 4338 mysticam
550 4268 965 4340 intelligentiam
1007 4269 1334 4339 referamus,
1376 4280 1438 4327 ut
1473 4275 1821 4333 ostendamus

228 4360 327 4429 qui
353 4369 487 4415 sunt
505 4360 601 4416 isti
627 4362 721 4431 qui
747 4361 1003 4421 incedunt
1022 4364 1180 4434 juxta
1214 4374 1455 4429 montem
1478 4366 1738 4436 Garizim,
1762 4381 1819 4427 et

233 4427 481 4522 quisunt
520 4453 615 4522 qui
638 4427 897 4512 incedunt
928 4427 1086 4526 juxta
1117 4468 1367 4515 montem
1394 4459 1560 4517 Ebal?
1594 4427 1814 4535 Ego'vi-
1841 4427 1896 4489 Β

232 4542 338 4601 duo
362 4545 503 4601 duas
517 4559 645 4601 esse
666 4549 875 4616 species
905 4564 1099 4608 eorum
1132 4554 1225 4620 qui
1250 4556 1673 4623 promissionum
1697 4571 1815 4614 coe-

230 4634 459 4692 lestium
474 4637 771 4707 cupiditate
786 4641 1054 4707 succensi,
1080 4657 1292 4701 summo
1314 4648 1495 4704 studio
1516 4648 1816 4721 diligentia-

234 4742 344 4800 φα
375 4729 651 4796 nituntur,
676 4745 749 4786 ne
768 4731 964 4788 saltem
989 4733 1216 4790 minima
1240 4750 1336 4792 eos
1370 4738 1649 4796 beatitudo
1675 4758 1815 4813 prm-

237 4828 415 4875 tereat
441 4838 456 4875 :
484 4821 752 4879 habentes
777 4824 1123 4893 desiderium,
1149 4842 1258 4884 non
1280 4828 1455 4885 solum
1488 4831 1822 4890 benedictio-

233 4915 328 4971 nis
355 4914 654 4984 capiendte,
680 4925 736 4971 et
754 4916 897 4973 edici
925 4919 981 4974 iu
998 4929 1154 4990 parte
1177 4922 1342 4979 sortis
1368 4931 1705 4992 sanctorum,
1730 4925 1824 4982 sed

237 5006 407 5061 etiam
452 5007 714 5063 assistere
757 5008 815 5063 in
853 5020 1144 5080 conspectu
1190 5011 1309 5080 Dei,
1340 5022 1397 5068 et
1441 5029 1657 5085 semper
1703 5030 1825 5077 esse

222 5113 362 5157 cum
388 5101 639 5157 Domino.
664 5102 769 5157 Alii
792 5117 927 5158 vero
970 5111 1101 5160 stmt
1136 5106 1231 5176 qui
1253 5116 1308 5161 et
1350 5107 1453 5176 ipsi
1483 5110 1709 5165 tendunt
1751 5110 1820 5169 ad

240 5190 486 5260 salutem,
509 5202 566 5249 et
597 5209 707 5252 non
733 5203 846 5251 tam
891 5210 1080 5252 amore
1126 5198 1562 5257 benedictionum
1608 5213 1664 5259 et
1698 5218 1822 5275 pro-

241 5280 557 5339 missionum
624 5285 911 5343 desideriis
983 5287 1431 5356 btﬂammenmr,
1496 5307 1665 5361 quam
1715 5295 1819 5351 hoc

241 5374 411 5445 magis
461 5376 725 5434 habentes
763 5379 820 5434 in
869 5389 1157 5451 prospectu
1205 5389 1259 5436 et
1306 5382 1550 5439 dicentes
1600 5403 1613 5438 :
1664 5384 1820 5441 Sulli-

243 5467 316 5521 cit
341 5470 476 5525 mihi
510 5487 617 5527 non
663 5474 748 5530 ire
780 5474 839 5530 in
884 5475 1065 5545 ignem
1112 5487 1410 5544 aeterm;
1460 5475 1658 5534 sull'icit
1689 5479 1822 5535 mihi

246 5574 348 5616 non
374 5565 648 5635 θερειῆῇ
686 5568 1283 5631 tenebrasmeriores.
1316 5569 1604 5643 Cumergn
1631 5572 1821 5629 insin-

247 5656 384 5722 sulis
411 5660 729 5733 quibusque
752 5661 993 5721 ﬁdelium
1022 5665 1153 5724 talis
1164 5667 1249 5726 sit
1268 5666 1537 5738 pmpositi
1562 5666 1816 5736 varietas,

1928 3176 2077 3233 omni
2118 3174 2347 3232 ecclesia
2375 3175 2606 3231 ﬁliorum
2637 3176 2804 3232 Israel
2829 3196 2841 3231 :
2875 3185 3062 3233 noster
3087 3193 3219 3233 vero
3245 3178 3507 3234 Dominus

1927 3263 2084 3320 Jesus
2106 3266 2372 3337 quomodo
2399 3265 2503 3322 hoc
2528 3268 2723 3351 populo
2743 3283 2841 3322 suo
2875 3266 3056 3334 faciat,
3088 3270 3374 3325 ostendere
3396 3286 3507 3325 non

1927 3358 2061 3413 mihi
2093 3358 2305 3413 videtur
2330 3359 2585 3422 otiosum,
2615 3360 2724 3432 Ego
2768 3360 2984 3430 quidem
3013 3361 3250 3416 arbitror
3286 3362 3430 3433 quod
3458 3364 3505 3418 si

1928 3450 2142 3520 quando
2168 3450 2365 3522 legitur
2408 3452 2563 3506 nobis
2606 3451 2841 3522 Moyses,
2889 3459 2944 3507 et
2983 3469 3081 3523 per
3125 3454 3355 3523 gratiam
3401 3453 3506 3508 Do-

1926 3534 2061 3587 mini
2090 3534 2334 3590 velamen
2370 3535 2563 3590 litterae
2599 3544 2925 3601 removetur,
2954 3542 3007 3592 et
3035 3538 3322 3607 incipimus
3346 3538 3505 3593 intel-

1925 3622 2091 3695 ligere
2128 3625 2253 3694 quia
2281 3625 2367 3680 lex
2416 3625 2674 3694 spiritalis
2705 3634 2814 3691 est;
2852 3634 2907 3681 et
2946 3629 3092 3696 quia,
3123 3627 3274 3681 verbi
3318 3642 3506 3696 causa,

1923 3714 2013 3771 lex
2042 3716 2174 3771 dicit
2198 3735 2210 3771 :
2245 3735 2266 3768 ι
2292 3715 2410 3772 Non
2449 3717 2747 3774 infrenabis
2768 3733 2830 3774 os
2867 3720 2992 3775 bovi
3021 3721 3301 3794 trituranti
3327 3719 3509 3794 (Deut.

1924 3821 2051 3871 xxv,
2075 3806 2107 3861 1
2140 3805 2263 3862 Cor.
2295 3806 2393 3881 ιι),
2430 3830 2448 3862 ι
2485 3826 2591 3864 non
2622 3811 2689 3865 de
2719 3811 2891 3867 bobus
2914 3812 3050 3879 hmc,
3076 3814 3171 3868 sed
3191 3791 3263 3869 de
3288 3791 3506 3884 aposto-

1919 3896 1987 3954 lis
2037 3894 2250 3955 dixerit.
2306 3900 2375 3955 Et
2418 3918 2632 3958 rursum
2688 3919 2811 3958 cum
2856 3904 2909 3958 in
2961 3904 3078 3978 lege
3144 3906 3343 3962 dicitur
3382 3907 3508 3978 quia

1927 4009 1948 4044 ι
1973 3990 2248 4048 Abraham
2283 3994 2417 4051 duos
2463 3994 2600 4049 ﬁlios
2630 3997 2829 4062 habuit,
2874 4014 3041 4055 unum
3082 4000 3148 4055 de
3194 4000 3408 4067 ancilla,
3452 4009 3509 4057 et

1920 4099 2087 4138 unum
2115 4084 2180 4140 de
2221 4085 2390 4142 libera
2436 4085 2579 4158 (Gal.
2610 4086 2708 4160 1x),
2741 4109 2758 4140 ι
2787 4106 2886 4162 ego
2925 4092 2983 4146 in
3008 4091 3095 4147 bis
3122 4092 3362 4164 intelligo
3400 4093 3507 4151 duo

1920 4189 2040 4230 esse
2065 4173 2408 4231 Testamenta
2433 4185 2488 4232 et
2509 4176 2645 4233 duos
2676 4179 2923 4250 populos.
2955 4180 3121 4236 Istam
3148 4182 3304 4238 nobis
3333 4182 3507 4256 legem

1920 4254 2039 4338 qua:
2071 4268 2148 4323 sic
2172 4264 2509 4340 intelligitur,
2551 4286 2715 4341 quam
2746 4271 3045 4343 spiritalem
3075 4275 3321 4329 nominat
3359 4254 3506 4330 Pau-

1917 4357 2023 4427 lus,
2047 4357 2202 4416 Jesus
2232 4360 2495 4417 Dominus
2524 4361 2676 4434 legit,
2706 4370 2761 4418 et
2790 4363 2905 4434 ipse
2929 4362 3131 4432 est'qui
3156 4364 3274 4418 haec
3310 4364 3366 4419 in
3402 4380 3505 4418 au-

1917 4450 2067 4507 ribus
2091 4454 2255 4509 totius
2296 4454 2479 4523 populi
2508 4454 2722 4519 recitat,
2766 4454 3085 4524 praecipiens
3118 4453 3275 4510 nobis
3314 4468 3383 4510 ne
3419 4469 3504 4510 se-

1917 4560 2148 4615 quamur
2174 4546 2507 4602 occidentem
2528 4546 2791 4612 limt'am,
2820 4546 2915 4609 sed
2945 4554 3224 4603 teneamus
3253 4547 3501 4617 spiritum

1914 4634 2301 4692 viviﬁcantem.
2340 4637 2496 4710 Legit
2514 4653 2647 4710 ergo
2672 4638 2828 4694 nobis
2853 4636 3010 4696 Iesus
3030 4640 3221 4712 legem,
3253 4655 3377 4697 cum
3404 4656 3505 4699 no-

1915 4727 2002 4785 bis
2037 4728 2172 4800 legis
2198 4730 2401 4787 revelat
2428 4746 2646 4789 arcana.
2675 4731 2796 4788 Non
2829 4732 2977 4789 enim
3015 4748 3137 4801 nos,
3166 4734 3262 4804 qui
3303 4734 3370 4792 de
3395 4726 3504 4793 Ec;

1915 4819 2080 4875 clesia
2120 4837 2306 4879 sumus
2332 4823 2617 4891 catholica,
2652 4825 2958 4895 spernimus
2982 4826 3154 4897 legem
3182 4827 3374 4899 Moysi,
3407 4832 3503 4887 sed

1917 4915 2245 4986 suscipimus
2282 4932 2431 4984 eam,
2464 4918 2512 4974 si
2541 4926 2722 4974 tamen
2759 4933 2881 4976 eam
2910 4920 3067 4977 nobis
3091 4919 3248 4977 Jesus
3272 4919 3501 4993 legerit:

1916 5006 1999 5066 sic
2036 5006 2180 5064 enim
2211 5020 2360 5067 recte
2388 5010 2687 5082 poterimus
2718 5010 3017 5085 intelligere
3050 5012 3244 5085 legem,
3290 5012 3337 5067 si
3381 5027 3501 5067 eam

1917 5098 2256 5175 nobislesus
2293 5102 2455 5174 legat,
2487 5110 2548 5159 ut
2589 5103 2707 5176 ipso
2735 5104 2949 5177 legente
2990 5119 3089 5163 nos
3134 5118 3353 5161 sensum
3384 5103 3502 5175 ejus

1919 5199 2273 5268 intelligentia
2325 5195 2623 5268 capiamus.
2677 5194 2786 5252 Sed
2835 5204 3017 5252 tamen
3072 5195 3359 5252 dicendum
3386 5207 3496 5269 est,

1919 5294 2066 5366 quod
2087 5292 2353 5365 scriptum
2369 5278 2667 5357 docemur,
2691 5291 2818 5360 quia
2847 5303 3023 5346 sermo
3049 5288 3139 5344 hic
3166 5290 3344 5359 arguit
3369 5304 3494 5365 nos,

1920 5388 2067 5459 quod
2086 5402 2201 5445 non
2216 5402 2405 5443 omnes
2424 5385 2516 5456 qui
2542 5385 2791 5440 audimus
2816 5382 3011 5454 legem,
3038 5380 3284 5439 Ecclesia
3309 5398 3496 5442 sumus

1920 5480 2157 5537 ﬁliorum
2201 5478 2386 5543 Israel,
2417 5478 2463 5534 si
2487 5493 2596 5535 non
2626 5475 2880 5532 continuo
2910 5493 2924 5528 :
2957 5473 3003 5529 si
3030 5482 3113 5531 est
3137 5474 3319 5546 aliqua
3345 5475 3496 5532 dilic-

1921 5574 2097 5629 rentia
2120 5573 2287 5643 ,iinter
2333 5573 2611 5628 auditores
2651 5568 2785 5643 legis
2811 5576 2869 5627 et
2910 5567 3208 5625 Ecclesiam
3260 5569 3494 5653 ﬁliorum

1920 5666 2108 5735 tsi-aet,
2135 5666 2371 5731 auditor
2419 5661 2720 5723 excluditur
2754 5676 2793 5719 ιι
2812 5659 3005 5727 salute,
3054 5660 3332 5721 Attendite
3368 5678 3501 5749 ergo
