3930 6344
422 279 579 342 ’1059

1078 274 1142 337 I3.
1162 274 1436 338 'RABA’NI
1471 279 1692 339 MAURI
1719 275 2000 341 ἉΒΟΗΙΕΙ

2103 274 2719 341 ΗΟΟΠΝΤΪὉΡἘΗΟΜ
2733 275 2935 340 ῬΑΒΒ
2969 280 3012 340 I.

3546 277 3705 340 uno

419 368 744 469 [diligentius
791 371 972 450 verbis
998 376 1316 466 Scriptum
1369 396 1597 453 dicentis
1627 415 1640 451 :
1681 415 1700 449 ι
1729 396 1847 453 Non
1899 405 2018 452 erat
2041 397 2184 460 Alex
2207 395 2291 450 his
2329 401 2512 453 tamen
2539 411 2666 467 qua
2684 403 2834 466 gesta
2875 401 3001 450 sunt
3026 391 3350 460 visibilibus,
3388 394 3715 454 nostriibo

430 487 603 544 ullum
648 486 873 542 verbum
902 501 970 542 ex
1018 489 1268 544 omnibus
1309 503 1429 559 quae
1481 489 1758 544 mandavit
1800 488 2010 561 Moyses

430 580 575 650 quod
597 563 703 634 non
733 577 924 650 legerit
950 577 1107 636 Iesus
1134 579 1190 634 in
1219 581 1442 637 auribus
1483 583 1647 638 totius
1669 581 1923 637 Ecclesiae
1949 583 2012 638 fl-

428 672 625 729 Iiorum
655 671 852 738 Israel;
892 691 911 724 ι
940 679 994 728 et
1046 672 1309 728 intendite
1349 673 1667 730 mulieribus
1694 683 1754 730 ct
1798 674 2010 731 infanti-

423 764 528 822 bus
552 770 607 819 et
629 762 841 835 proser
852 763 938 819 tis.
969 762 1131 820 Novit
1153 765 1412 821 Dominus
1437 763 1597 821 Iesus
1617 781 1740 821 esse
1765 765 1900 822 alias
1919 782 2011 822 au-

424 870 514 910 res
551 863 751 926 przeter
779 855 914 912 istas
942 855 1189 912 carnales
1217 871 1350 926 quas
1392 857 1462 912 ad
1505 857 1834 913 audientiam
1873 857 2010 928 legis

423 945 687 1015 requirit;
716 946 858 1002 unde
897 954 954 1002 et
988 946 1044 1002 in
1072 946 1364 1018 Evangelia
1410 956 1760 1020 posteaquam
1786 947 1854 1003 de
1896 949 2010 1004 sin-

422 1033 562 1106 gulis
590 1051 710 1106 qua:
749 1037 1034 1106 oportebat
1077 1037 1312 1104 edocuit,
1360 1039 1511 1095 addit
1551 1047 1608 1094 et
1636 1039 1768 1096 dicit
1797 1057 1812 1095 :
1848 1057 1869 1093 ι
1901 1040 2006 1108 Qui

421 1124 589 1182 habet
609 1141 772 1182 aures
805 1125 1055 1182 audiendi
1082 1128 1266 1183 audiat
1293 1126 1509 1202 (Matth.
1541 1129 1653 1202 1|);
1689 1149 1708 1184 ι
1735 1132 1878 1203 quod
1901 1132 2008 1188 uti-

420 1229 528 1286 que
551 1215 597 1270 si
621 1216 688 1270 de
716 1215 939 1271 auribus
959 1216 1189 1274 dixisset
1215 1218 1545 1284 carnalibus,
1577 1221 1904 1292 superfluum
1926 1223 2005 1280 vi-

422 1306 662 1362 deretur.
693 1304 862 1363 Nemo
886 1306 1030 1363 enim
1050 1323 1156 1362 non
1179 1309 1386 1366 habens
1413 1325 1573 1368 aures
1597 1314 1664 1367 ad
1700 1315 1864 1370 verba
1886 1314 2006 1385 ejus

417 1398 684 1456 audienda
713 1409 1063 1456 convenerat.
1093 1402 1203 1458 Sed
1252 1404 1513 1474 quoniam
1541 1407 1767 1472 sciebat,
1797 1407 1856 1463 in
1903 1424 2006 1464 au-

416 1487 569 1544 ribus
597 1488 877 1546 interioris
894 1489 1150 1558 hominis,
1187 1492 1241 1548 id
1261 1502 1366 1560 est,
1393 1494 1669 1552 intellectu
1697 1495 1894 1563 cordis,
1921 1513 2006 1556 re-

415 1577 522 1652 cipi
555 1580 752 1638 debere
783 1597 902 1654 quae
929 1581 1073 1639 dicta
1099 1593 1223 1640 sunt
1245 1585 1394 1660 (quia
1417 1587 1552 1644 nihil
1573 1590 1792 1659 prodest
1816 1592 2002 1648 audire

413 1685 740 1740 sermonem,
772 1674 818 1730 si
847 1690 957 1731 non
986 1677 1288 1734 retineatur
1333 1687 1391 1735 et
1429 1689 1678 1738 servetur
1705 1683 1760 1737 in
1789 1683 1999 1756 corde),

2112 485 2244 541 mini
2273 484 2402 542 Jesu
2429 485 2727 542 Salvatoris
2768 484 2908 542 bella
2947 499 3013 540 ac
3054 484 3360 556 triumphos
3394 501 3537 557 quos
3563 488 3711 558 gerit

2109 577 2556 647 contemplemur,
2580 577 2830 649 quamvis
2849 577 3014 633 etiam
3041 577 3096 632 in
3125 576 3243 646 ipso
3268 576 3386 636 haec
3414 576 3711 635 visibiliter

2108 681 2394 726 cernamus
2434 669 2666 741 expleta.
2699 657 3081 726 Convenerunt
3123 668 3272 725 enim
3314 684 3477 741 reges
3518 678 3705 738 terrae,

2109 771 2331 820 senatus
2369 763 2704 836 populusque
2737 772 2793 819 et
2829 763 3103 834 principes
3137 763 3388 827 Romani,
3440 771 3505 817 ut
3530 777 3706 835 expu-

2108 861 2337 928 gnarent
2383 869 2580 910 nomen
2622 851 2749 909 Iesu
2776 861 2832 909 et
2878 852 3051 910 Israel
3092 851 3272 908 simul.
3327 852 3705 909 Decreverunt

2106 945 2252 1004 enim
2281 943 2490 1016 legibus
2509 945 2622 1008 suis
2666 955 2727 1000 ut
2752 959 2860 1002 non
2906 944 3017 1000 sint
3039 943 3360 1002 Christiani.
3405 944 3606 1002 Omnis
3631 947 3704 1003 ci-

2106 1033 2270 1102 vitas,
2299 1035 2477 1092 omnis
2504 1036 2639 1093 ordo
2685 1034 3118 1092 Christianorum
3164 1050 3364 1092 nomen
3392 1036 3700 1107 impugnat.

2108 1126 2217 1184 Sed
2237 1129 2378 1184 sicut
2404 1135 2533 1184 tunc
2571 1143 2763 1184 omnes
2786 1127 2863 1184 illi
2885 1142 3042 1200 reges
3087 1128 3485 1185 convenientes
3513 1137 3698 1185 contra

2104 1219 2290 1277 Iesum
2313 1219 2449 1276 nihil
2468 1219 2649 1276 facere
2666 1218 3078 1290 potueruntﬁta
3098 1233 3245 1274 nunc
3261 1233 3426 1290 reges
3446 1218 3531 1274 vel
3545 1220 3695 1289 prin-

2103 1311 2272 1384 cipes,
2300 1310 2385 1367 vel
2407 1318 2702 1382 potestates
2727 1309 2845 1367 ista:
2865 1309 3176 1376 contrariae,
3200 1317 3261 1364 ut
3283 1325 3398 1366 non
3428 1309 3688 1366 Christia-

2105 1415 2299 1456 norum
2328 1415 2496 1472 genus
2531 1399 2692 1456 latius
2739 1415 2804 1455 ac
2831 1398 3108 1470 profusius
3150 1408 3504 1470 propagetur.
3557 1400 3696 1458 Scri-

2103 1500 2257 1562 ptum
2282 1505 2516 1560 namque
2541 1496 2647 1555 est,
2672 1489 2802 1560 quia
2833 1507 2853 1541 ι
2890 1498 3094 1562 quanto
3119 1490 3294 1562 magis
3321 1505 3420 1546 eos
3446 1491 3693 1548 humilia-

2104 1579 2258 1645 bant,
2307 1587 2458 1634 tanto
2497 1579 2677 1650 plures
2715 1578 2956 1644 fiebant,
2992 1586 3049 1633 et
3097 1578 3508 1634 invalescebant
3541 1579 3686 1638 valde

2105 1669 2304 1743 (Exod.
2333 1668 2397 1742 ι).
2431 1689 2456 1726 ι
2491 1669 2825 1726 Confidimus
2849 1677 3032 1725 autem
3061 1670 3186 1742 quia
3230 1685 3339 1724 non
3386 1668 3567 1725 solum
3589 1686 3689 1727 non

409 1758 615 1818 idcirco
649 1779 810 1820 aures
859 1765 929 1822 ab
981 1767 1322 1824 auditoribus
1359 1771 1704 1842 exposcebat.
1759 1773 2000 1829 Dicimus

2103 1775 2202 1816 nos
2219 1768 2478 1830 poterunt
2497 1760 2744 1817 obtinere
2775 1760 3073 1818 invisibiles
3121 1759 3330 1816 inimici
3369 1762 3577 1828 nostri,
3606 1776 3691 1817 ve-

411 1852 631 1922 quidem
657 1854 792 1910 viris
820 1853 1051 1913 fortibus
1077 1857 1275 1915 fortem
1303 1862 1516 1918 tradere
1540 1864 1745 1931 cibum,
1769 1865 1877 1922 illis
1919 1867 2000 1923 vi-

411 1941 611 1999 delicet
653 1947 722 2001 de
773 1945 970 2016 quibus
1011 1947 1303 2020 Apostolus
1348 1953 1524 2009 dicit:
1561 1971 1581 2006 ‹
1626 1954 1998 2013 Perfectorum

407 2045 592 2092 autem
616 2044 703 2092 est
743 2037 899 2095 cibus
924 2039 1148 2109 solidus,
1179 2057 1247 2098 ex
1289 2043 1486 2114 quibus
1513 2045 1630 2116 ipse
1655 2047 1757 2104 sibi
1797 2062 2000 2120 praepa-

407 2135 497 2180 rat
536 2127 838 2188 Ecclesiam
879 2147 993 2208 non
1041 2133 1334 2191 habentem
1382 2137 1652 2194 maculam
1675 2150 1772 2197 aut
1807 2155 1998 2213 rugam

406 2227 509 2294 aut
526 2219 728 2292 aliquid
749 2223 947 2280 horum
975 2223 1164 2298 (Hebr.
1190 2226 1268 2299 v).
1301 2247 1320 2280 ι
1348 2229 1457 2285 Eos
1482 2245 1613 2288 vero
1641 2245 1778 2304 quos
1797 2232 1854 2292 in
1877 2249 1998 2288 mu-

405 2303 623 2377 lierum,
658 2311 744 2367 vel
767 2313 1081 2382 infantium,
1102 2317 1186 2372 vel
1210 2319 1607 2390 proselytorum
1635 2303 2000 2394 appellatione

403 2401 666 2468 secernit,
712 2403 1079 2477 intelligamus
1113 2408 1213 2464 hos
1260 2422 1383 2464 esse
1429 2410 1640 2482 aliquos
1687 2414 1781 2484 qui
1820 2415 2002 2472 adhuc

402 2489 545 2546 lacte
591 2489 852 2564 indigent,
884 2504 977 2552 aut
997 2498 1160 2552 etiam
1183 2499 1332 2555 velut
1368 2499 1592 2574 infirmi,
1637 2512 1698 2558 ut
1719 2513 1850 2562 sunt
1872 2521 1998 2562 mu-

401 2577 589 2650 lieres,
637 2585 879 2643 oleribus
905 2599 1214 2648 vescuntur.
1248 2591 1307 2647 Si
1338 2607 1469 2648 vero
1519 2595 1681 2652 simul
1705 2598 1882 2656 omnis
1909 2614 1998 2655 ac-

403 2672 642 2748 cipiatur
669 2675 936 2745 Ecclesia,
963 2679 1066 2736 viri
1091 2682 1310 2752 quidem
1353 2683 1730 2756 intelliguntur
1767 2703 1888 2746 esse
1916 2687 1996 2746 illi

403 2761 498 2836 qui
529 2764 585 2818 in
607 2767 860 2822 omnibus
885 2767 1274 2839 perfectionem
1297 2782 1517 2840 nomnt,
1548 2783 1605 2831 et
1630 2779 1829 2838 armati
1853 2777 1995 2834 ince-

398 2854 533 2912 dere
558 2857 850 2916 adversum
890 2862 1120 2918 astutias
1166 2862 1398 2931 diaboli;
1443 2849 1700 2924 mulieres
1739 2881 1869 2926 vero
1915 2868 1994 2924 illi

394 2949 490 3019 qui
521 2950 762 3005 nondum
789 2966 853 3006 ex
880 2955 1186 3026 semetipsis
1205 2972 1270 3012 ea
1300 2973 1422 3030 qua:
1446 2960 1602 3015 utilia
1627 2970 1753 3017 sunt
1773 2971 1990 3032 gerunt,

395 3039 491 3094 sed
527 3040 791 3098 imitando
820 3045 1074 3101 meliores
1097 3056 1153 3102 et
1197 3063 1388 3105 eorum
1417 3052 1666 3123 exempla
1704 3055 2002 3121 sectando,

393 3145 462 3184 cx
488 3132 686 3202 quibus
727 3143 783 3189 et
812 3145 975 3206 caput
1025 3137 1227 3192 habere
1275 3140 1548 3198 dicuntur.
1580 3142 1818 3201 Infantes
1859 3161 1993 3203 vero

393 3231 557 3276 erunt
591 3223 706 3294 qui,
752 3241 926 3296 nuper
953 3227 1058 3284 fide
1096 3239 1369 3300 suscepta,
1401 3232 1541 3288 lacte
1567 3233 1847 3310 Evangelii
1894 3253 1994 3292 nu-

394 3311 668 3392 triuntur;
702 3315 964 3388 proselyti
1015 3327 1193 3372 autem
1232 3324 1609 3381 catechumeni
1640 3327 1992 3396 videbuntur,

390 3413 451 3461 et
488 3405 543 3459 hi
569 3407 659 3476 qui
684 3408 800 3478 jam
831 3409 1030 3465 sociari
1059 3428 1119 3467 se
1149 3412 1396 3470 ﬁdelibus
1421 3416 1660 3473 student.
1693 3419 1770 3474 De
1796 3421 1994 3491 quibus

391 3497 623 3570 singulis
645 3500 845 3556 similia
897 3503 1060 3558 etiam
1112 3503 1351 3562 Joannes
1379 3510 1640 3577 sentiens,
1664 3510 1722 3566 in
1750 3511 1991 3582 Epistola

391 3605 490 3680 sua
527 3590 760 3682 scripsit
789 3591 912 3665 (Ep.
938 3593 991 3661 1,
1037 3613 1152 3668 cap.
1186 3600 1270 3671 ιι),
1312 3608 1368 3654 et
1410 3601 1640 3675 singulis
1684 3603 1994 3682 quibusque

391 3677 643 3737 aetatibus
677 3685 898 3754 propria
925 3701 1152 3758 quaeque
1181 3699 1334 3758 gesta
1376 3692 1657 3750 discernit.
1700 3677 1992 3754 VerumtaQ

390 3786 515 3826 men
547 3770 732 3828 Jesum
773 3777 927 3834 vobis
967 3780 1289 3838 recitantem
1331 3782 1525 3854 legem,
1553 3793 1610 3841 et
1656 3786 1991 3846 revelantem

389 3863 647 3920 cordibus
672 3867 873 3923 vestris
895 3868 1310 3943 intelligentiam
1339 3875 1637 3946 spiritalem
1668 3878 1870 3945 audite,
1894 3897 1998 3954 ne:

2101 1866 2224 1906 rum
2236 1851 2400 1908 etiam
2415 1850 2691 1917 velociter,
2715 1848 2841 1907 Jesu
2866 1850 3085 1906 Christo
3104 1850 3336 1907 Domino
3359 1861 3560 1908 nostro
3583 1852 3691 1907 viu-

2099 1951 2256 2000 cente
2277 1984 2296 2012 ,
2350 1952 2660 2000 conteretur
2717 1942 2949 2001 Satanas
2996 1945 3096 2000 sub
3148 1944 3376 2014 pedibus
3416 1961 3690 2003 servorum

2099 2033 2243 2106 ejus;
2282 2034 2373 2090 illo
2397 2035 2598 2091 etenim
2624 2033 2761 2091 duce
2809 2048 2911 2092 nos
2938 2034 3208 2090 vincimus
3252 2034 3459 2093 milites
3488 2037 3598 2106 sui,
3621 2039 3687 2094 ita

2098 2136 2158 2182 ut
2188 2141 2288 2183 nos
2317 2125 2562 2184 dicamus
2587 2127 2752 2200 (sicut
2770 2128 2828 2184 in
2848 2126 3022 2184 Esdra
3042 2127 3306 2198 scriptum
3324 2127 3434 2201 est)
3464 2148 3482 2181 ι
3512 2129 3642 2198 Quia
3657 2145 3685 2187 a

2098 2226 2173 2285 te,
2205 2219 2450 2286 Domine,
2481 2227 2567 2277 est
2607 2219 2856 2287 victoria,
2883 2229 2941 2274 et
2968 2235 3070 2292 ego
3095 2227 3222 2276 tuus
3247 2233 3262 2275 :
3289 2220 3609 2280 benedictus
3631 2237 3685 2280 ea

2097 2311 2242 2368 Deus
2269 2311 2519 2368 veritatis
2547 2311 2666 2386 (ΙΙΙ
2702 2311 2913 2368 Eadm.
2941 2310 3040 2383 ιν).
3079 2330 3102 2368 ›

2169 2401 2345 2475 (Isim)
2381 2421 2401 2455 ι
2445 2402 2515 2460 At
2541 2403 2598 2461 hi
2627 2403 2720 2475 qui
2746 2403 3064 2470 habitabant
3103 2403 3161 2460 in
3188 2402 3442 2472 Gabaon,
3473 2404 3679 2463 audien-

2102 2509 2123 2543 ι
2156 2501 2237 2549 tes
2269 2501 2468 2552 cuncta
2507 2508 2629 2564 qua:
2672 2494 2877 2551 fecerat
2918 2491 3084 2554 Josue
3129 2493 3354 2552 Iericho
3383 2505 3443 2552 et
3485 2496 3678 2566 Ahi,ct

2101 2603 2121 2638 ι
2154 2583 2347 2641 callide
2363 2584 2694 2657 cogitantes,
2720 2585 2960 2656 tulerunt
2981 2586 3086 2644 sibi
3125 2587 3358 2654 cibaria,
3393 2603 3678 2646 saccone-

2100 2693 2122 2730 ι
2156 2682 2302 2732 teres
2329 2674 2500 2754 asinis
2528 2675 2834 2748 impositos,
2864 2689 2919 2733 et
2939 2686 3090 2758 utres
3117 2677 3360 2734 vinarios
3383 2678 3584 2738 scisses
3605 2688 3675 2736 ato

2100 2783 2119 2817 ι
2155 2781 2259 2840 que
2283 2775 2564 2837 consutos,
2592 2767 3069 2842 calceamentaque
3105 2771 3462 2840 perantiqua,
3487 2787 3598 2842 qua
3615 2771 3677 2830 ad

2099 2877 2120 2914 ι
2155 2861 2418 2918 indicium
2442 2863 2730 2922 vetustatis
2753 2865 3002 2936 pictaciis
3051 2876 3282 2922 consuta
3306 2877 3492 2936 erant,
3515 2866 3674 2924 induti

2097 2968 2126 3012 ι,
2150 2952 2427 3010 veteribus
2465 2954 2844 3012 vestimentis:
2869 2969 3042 3026 panes
3077 2971 3299 3030 quoque
3341 2973 3483 3028 quos
3508 2966 3677 3031 porta-

2099 3060 2119 3096 ι
2154 3044 2289 3100 bant
2306 3045 2376 3100 ob
2400 3046 2681 3113 viaticum,
2711 3047 2832 3106 duri
2866 3056 3026 3104 erant
3054 3057 3110 3104 et
3147 3050 3206 3104 in
3251 3048 3431 3106 frusta
3468 3049 3655 3107 eommi

2017 3112 2064 3178 (ἶ
2102 3152 2124 3188 ι
2156 3136 2276 3192 nuti
2307 3151 2322 3190 :
2350 3147 2813 3209 perrexeruntque
2835 3139 2906 3194 ad
2929 3138 3116 3206 Josue,
3144 3140 3242 3211 qui
3264 3149 3399 3199 tunc
3435 3142 3670 3198 morabav

2103 3245 2122 3280 ι
2157 3235 2249 3284 tur
2267 3228 2324 3284 in
2349 3229 2546 3285 castris
2573 3228 2828 3302 Galgalze,
2855 3238 2911 3285 et
2947 3231 3200 3288 dixerunt
3232 3232 3311 3299 ei,
3349 3241 3508 3304 atque
3533 3229 3674 3288 omni

2101 3338 2121 3373 ι
2155 3319 2319 3378 simul
2345 3321 2529 3378 Israeli
2559 3340 2573 3376 :
2601 3321 2679 3378 De
2708 3331 2855 3378 terra
2875 3322 3170 3397 longinqua
3199 3325 3460 3390 venimus,
3484 3337 3670 3394 pacem

2102 3431 2122 3465 ι
2157 3414 2435 3470 vobiscum
2458 3413 2643 3473 facere
2691 3415 2996 3486 cupientes,
3029 3434 3050 3488 ρ
3080 3425 3187 3474 etc.
3220 3416 3332 3486 (Ea:
3353 3412 3674 3487 Augustino.)

2093 3505 2248 3576 Quod
2298 3506 2614 3562 Gabaonita:
2656 3515 2922 3564 venerunt
2959 3509 3028 3563 ad
3073 3505 3260 3566 Jesum
3296 3523 3420 3564 cum
3453 3507 3673 3564 vetusti:I

2090 3598 2323 3670 panibus
2356 3607 2412 3655 et
2448 3599 2724 3666 saccis,ut
2763 3608 3092 3672 putarentur
3114 3601 3272 3672 (sicut
3300 3599 3591 3666 tinxerant)
3611 3598 3678 3653 de

2091 3699 2238 3748 terra
2264 3692 2478 3748 venisse
2508 3691 2820 3764 longinqua,
2851 3709 2960 3766 quo
2987 3694 3070 3749 eis
3109 3702 3431 3764 parceretur.
3457 3690 3672 3748 Consti-

2091 3786 2444 3842 tutumenim
2468 3795 2641 3842 erata
2667 3787 2896 3846 Domino
2921 3802 2992 3843 ne
3039 3785 3192 3842 alicui
3214 3795 3390 3842 terras
3419 3782 3544 3838 illas
3579 3781 3672 3842 iu-

2090 3877 2359 3934 habitanti
2405 3888 2708 3948 parcerent,
2749 3895 2858 3950 quo
2905 3879 3370 3951 ingrediebantur.
3419 3875 3678 3934 Nonnulli

387 3966 494 4024 que
522 3956 802 4031 proselyti,
835 3959 888 4016 id
916 3971 1002 4018 est
1026 3965 1427 4032 catechumcni,
1456 3968 1660 4028 diutius
1679 3972 1946 4028 maneatis
1969 3988 1996 4040 ;
2090 3968 2307 4026 codices
2332 3978 2387 4024 et
2412 3968 2590 4028 Grzeci
2617 3979 2674 4027 et
2701 3971 2884 4030 Latini
2909 3973 3162 4030 habent:
3196 3991 3217 4025 ι
3245 3972 3320 4027 Et
3353 3971 3674 4042 accipientes

389 4047 487 4104 sed
540 4047 799 4106 festinate
847 4053 916 4108 ad
959 4054 1366 4125 percipiendam
1401 4060 1636 4132 gratiam
1681 4060 1797 4128 Dei,
1831 4071 1892 4118 ut
1933 4074 1992 4122 et
2089 4072 2279 4115 saccos
2304 4067 2516 4128 veteres
2550 4073 2711 4130 super
2737 4060 2994 4120 humeros
3023 4076 3171 4120 suos.
3213 4081 3232 4114 ι
3263 4061 3374 4118 Alii
3415 4057 3671 4129 τοτονφιί

387 4151 487 4193 vos
513 4138 570 4192 in
591 4139 835 4195 Ecclesia
862 4141 1096 4200 filiorum
1125 4147 1289 4204 Israel
1317 4141 1774 4224 adnumeremiui.
1800 4153 1869 4212 Et
1891 4171 1988 4216 vos
2086 4150 2396 4220 veraciores
2421 4151 2828 4218 videntur,.non
2858 4154 3061 4210 habent
3095 4171 3114 4205 ι
3153 4169 3324 4225 super
3345 4155 3602 4216 humeros,
3637 4167 3660 4204 ι

387 4225 626 4304 infantes
651 4246 669 4279 ‹
705 4229 872 4286 nolite
921 4235 1076 4304 pueri
1127 4236 1267 4292 eluci
1321 4240 1596 4307 sensibus,
1633 4244 1730 4300 sed
1778 4244 1985 4301 mantia
2086 4238 2183 4294 sed
2217 4256 2238 4292 ι
2275 4253 2438 4312 super
2459 4240 2640 4298 asinos
2665 4256 2815 4298 suos.
2847 4262 2866 4296 ι
2901 4243 3215 4302 Similiutdo
3244 4244 3396 4300 enim
3441 4240 3588 4298 verbi
3611 4240 3667 4296 in

386 4319 598 4408 parvuli
627 4339 653 4376 ι
687 4330 885 4380 estote.
927 4320 1191 4384 Sensibus
1235 4343 1482 4402 quoque,
1511 4332 1622 4401 ait,
1657 4343 1832 4392 estote
1859 4352 1984 4407 per-
2085 4330 2274 4390 Graeca
2298 4331 2480 4408 lingua
2509 4335 2922 4392 mendositatem
2944 4333 3159 4392 facilem
3183 4335 3337 4403 fecit,
3357 4345 3412 4391 et
3433 4335 3556 4392 ideo
3577 4332 3658 4387 La

387 4408 536 4498 fecti.
564 4407 673 4468 Sed
701 4411 983 4471 videamus
1012 4415 1144 4488 quid
1169 4426 1296 4488 post
1317 4418 1437 4477 haec
1455 4421 1722 4492 scriptum
1749 4432 1854 4480 est.
1891 4453 1894 4456 -
2003 4473 2061 4501 ,η
2086 4423 2202 4478 tina
2231 4407 2446 4496 quoque
2473 4421 2809 4497 exemplaria
2856 4427 3063 4484 variata
3093 4436 3224 4483 sunt
3255 4445 3272 4482 :
3304 4428 3454 4501 ὤμων
3479 4426 3664 4494 Quippe

425 4495 428 4498 1
693 4571 696 4576 ,
1009 4569 1239 4589 mmm
1276 4571 1321 4589 __
1427 4583 1430 4586 I
2006 4495 2062 4535 υ
2085 4523 2139 4570 et
2161 4513 2285 4572 ὄνων
2312 4495 2421 4574 non
2452 4495 2680 4572 multum
2729 4516 2798 4574 ab
2833 4517 3065 4578 invicem
3112 4495 3666 4589 dissonant,quom

802 4669 806 4676 ε
1008 4569 1239 4630 “AP”
1275 4571 1340 4630 ¹¹ο
1427 4583 1430 4586 '
1631 4679 1636 4685 .
2082 4569 3647 4682 ρηυέπίπτοι-ηαξέ.ο;οι;“;ῖρε;ξιξιῑίῖ;εῖωίν

387 4675 1315 4772 DeAgff'fiufffonventuadversum
1354 4688 1520 4772 {erue
1565 4679 1636 4748 ut.
1660 4694 1974 4772 dimicarent
2081 4675 2208 4755 Ideo
2251 4708 2337 4754 est
2362 4707 2547 4755 autem
2571 4700 2638 4756 de
2663 4700 2833 4756 asinis
2873 4675 3211 4769 credibilius,
3240 4701 3511 4772 quoniam
3557 4715 3616 4756 se
3640 4713 3671 4755 ι

459 4756 974 4865 Sicinnium:
1002 4757 1564 4865 dfligabaonitarum
1588 4782 1690 4835 quo
1719 4765 1973 4835 fallebant
2082 4806 2180 4848 sua
2205 4799 2365 4864 gente
2385 4793 2680 4865 longinqua
2709 4794 2905 4852 missos
2931 4811 3053 4853 esse
3081 4756 3343 4854 dixerunt
3373 4812 3392 4850 :
3431 4795 3672 4863 undet!)-

455 4820 621 4875 λων
647 4830 698 4874 et
718 4822 974 4894 principe;
1003 4826 1194 4885 Ιεταει,
1600 4820 1612 4835 ’
1719 4820 1729 4835 ⁶
1937 4820 1940 4821 '
2082 4820 2180 4848 nua
2205 4820 2365 4864 gcuw
2385 4820 2680 4865 iungutqua
2710 4820 2905 4852 missus
2931 4820 3053 4853 casu
3081 4820 3343 4854 nuerunt
3373 4820 3392 4850 ;
3433 4820 3575 4854 unus
3592 4820 3670 4863 ψ-

701 4953 710 4958 _
817 4953 840 4958 A
894 4955 921 4958 μ
2077 4891 2235 4954 paret
2287 4899 2382 4941 eos
2415 4883 2584 4942 fuisse
2631 4885 2956 4958 legatos,.et
3010 4886 3136 4944 inde
3188 4887 3365 4958 magis
3407 4887 3472 4944 in
3505 4885 3670 4944 asinis

459 4951 586 5051 (lar.
620 4953 718 5027 ix.)
759 4974 784 5051 ‹Δ
806 4953 1013 5023 Quibus
1039 4962 1259 5044 auditis,
1289 4967 1468 5023 cuncti
1497 4981 1651 5038 reges
1678 4976 1828 5024 trans
1852 4969 1972 5026 Jor-
2077 4951 2243 5044 quam
2271 4973 2327 5030 in
2361 4975 2606 5034 humeris
2631 4951 2936 5051 necessaria
2971 4986 3191 5049 portare
3551 4977 3664 5048 quia

393 5063 412 5096 ι
437 5044 644 5138 Adanem
693 5045 786 5118 qui
820 5049 1174 5108 versabantur
1205 5056 1258 5111 in
1284 5059 1554 5114 montanis
1589 5067 1645 5114 et
1683 5059 1738 5115 in
1763 5075 1975 5131 campe—
2078 5078 2182 5121 nec
2207 5065 2362 5120 multi
2391 5081 2514 5126 esse
2552 5044 2824 5138 poterant,
2852 5076 2908 5124 et
2953 5044 3063 5125 non
3112 5044 3290 5125 solum
3336 5044 3664 5133 samissd

393 5133 674 5203 c'stribus,
705 5138 761 5193 in
815 5140 1104 5196 maritimis
1130 5159 1193 5198 ac
1241 5147 1422 5204 littore
1461 5151 1632 5207 maris
1661 5152 1877 5224 magni;
1915 5154 1970 5212 hi
2074 5158 2240 5214 etiam
2283 5167 2430 5216 utres
2475 5133 2725 5231 portasse
2769 5159 3056 5232 Scriptura
3098 5172 3526 5222 commemorat.
3561 5158 3671 5232 (Ea:

391 5247 412 5280 ι
451 5246 665 5324 quoque
685 5233 776 5304 qui
799 5233 1119 5289 habitabant
1137 5235 1297 5304 juxta
1325 5242 1610 5311 Libanum,
1639 5244 1892 5304 Hethzeus
1916 5256 1974 5304 et
2075 5249 2438 5320 Adamantio.)
2481 5249 2660 5308 Multae
2691 5266 2819 5324 ergo
2853 5267 3042 5308 eorum
3070 5253 3164 5323 qui
3210 5253 3284 5308 ad
3322 5255 3568 5314 salutem
3593 5267 3675 5307 vc-

391 5339 412 5373 ι
439 5319 818 5404 Αωυυτδωω,
871 5335 926 5383 et
956 5326 1312 5397 Chananaeus,
1344 5333 1682 5405 Pherezmus,
1729 5347 1785 5393 et
1809 5337 1971 5394 Jebuo
2073 5341 2233 5396 nium
2253 5319 2570 5400 differentiae
2600 5319 2985 5416 designantur;
3021 5319 3165 5403 unde
3187 5355 3246 5400 et
3269 5361 3424 5402 nunc
3469 5346 3680 5404 Gabao-

391 5435 412 5468 ι
449 5432 606 5506 sargus,
635 5423 949 5494 congregati
975 5431 1102 5480 sunt
1119 5424 1346 5496 pariter,
1369 5436 1428 5481 ut
1450 5439 1753 5501 pugnarent
1779 5441 1970 5490 contra
2072 5431 2218 5488 nitas
2242 5431 2366 5500 hos,
2383 5448 2616 5504 quorum
2643 5434 2869 5492 historia
2896 5436 3124 5494 recitata
3149 5445 3260 5502 est,
3286 5437 3540 5494 arbitror
3555 5451 3684 5506 pon-

393 5523 418 5598 ξ
449 5505 615 5564 Josue
646 5518 700 5566 et
739 5510 907 5568 Israel
948 5529 1055 5570 uno
1083 5515 1265 5570 animo
1295 5515 1591 5589 eademque
1613 5523 1900 5579 sententia.
1941 5545 1961 5578 ι
2073 5521 2370 5582 tiunculam
2406 5525 2698 5594 quamdam
2725 5539 2850 5582 esse
2885 5541 3079 5584 eorum
3101 5526 3199 5598 qui
3225 5525 3490 5584 salvandi
3513 5505 3678 5590 sunt;

381 5595 558 5655 Simul
597 5601 829 5661 historia
860 5621 1047 5663 rerum
1083 5617 1362 5682 gestarum
1404 5608 1692 5668 manifesta
1717 5613 1968 5686 explana-
2070 5615 2148 5672 ita
2176 5624 2356 5673 tamen
2388 5624 2584 5676 utnon
2604 5617 2812 5688 absque
2835 5617 3066 5688 alicujus
3087 5595 3233 5674 notae
3261 5618 3557 5674 inusu'one
3580 5615 3684 5674 sal-

378 5690 533 5748 tione
560 5709 670 5755 non
709 5697 933 5770 indiget,
961 5700 1109 5772 quod
1148 5702 1425 5760 evidenter
1469 5701 1742 5773 expletum
1766 5714 1883 5776 est;
1907 5719 1966 5765 et
2069 5717 2284 5767 ventur.
2317 5707 2480 5768 Vides
2525 5725 2762 5783 namque
2802 5710 3074 5783 quomodo
3101 5710 3238 5783 ligni
3291 5725 3574 5782 castores,
3599 5706 3685 5769 vd

2003 4473 2062 4535 D
