3930 6344
247 395 374 457 41141

1161 387 1522 450 ΟΟΜΙΕΝΤ.
1555 387 1626 445 IN
1662 384 1934 448 ιωιιυιι-
1959 383 2194 447 ιοευε.
2231 411 2304 430 '——
2339 387 2468 446 LIB.
2501 383 2566 444 II.

3345 385 3488 446 1οη

251 527 396 586 aquae
422 513 722 584 gestatores
770 495 888 563 ﬁeri
917 504 1369 574 condemnautur,
1395 505 1464 561 ab
1495 503 1812 576 obsequium
1838 514 1892 575 Α
1913 502 2146 559 mereri?
2179 500 2422 574 Denique
2447 502 2532 558 vis
2555 513 2715 557 nosse
2741 513 2905 570 quam
2932 496 3094 572 digna
3125 513 3256 572 erga
3273 495 3376 559 eos
3422 502 3493 558 ab

247 599 445 679 populi,
479 609 535 654 et
566 597 749 654 altaris
779 595 875 652 Dei
903 595 1280 661 ministerium,
1311 596 1566 667 quoniam
1598 596 1815 665 quidem

246 711 366 757 cum
401 693 526 751 dolo
551 701 608 748 et
647 689 942 748 calliditate
969 695 1316 745 accesserunt
1360 687 1429 742 ad
1468 687 1605 744 ﬁlios
1631 683 1816 755 Israel,

243 786 434 864 pannis
484 792 539 840 et
565 779 945 840 calceamentis
989 778 1262 835 veteribus
1311 776 1508 845 induti,
1536 785 1592 833 et
1638 777 1822 864 cibum

244 863 439 935 vetusti
487 875 644 950 panis
689 873 944 929 ferentes.
974 867 1070 928 Isti
1106 884 1234 942 ergo
1262 869 1487 926 veniunt
1530 869 1598 924 ad
1636 863 1822 925 Iesum

245 986 366 1028 cum
391 967 642 1026 omnibus
673 964 1031 1024 vetustatibus
1075 959 1188 1020 suis
1234 972 1291 1020 et
1320 969 1479 1018 orant
1529 963 1599 1018 ab
1627 975 1693 1019 eo
1717 961 1824 1018 hoc

245 1055 452 1120 tantum
481 1069 542 1116 ut
564 1059 858 1116 salventur.
884 1055 946 1113 In
974 1069 1204 1126 quorum
1234 1053 1406 1126 ﬁgura
1436 1053 1543 1110 tale
1587 1051 1722 1108 mihi
1743 1050 1823 1107 vi-

245 1153 401 1210 detur
426 1151 628 1223 aliquid
653 1151 882 1208 ostendi.
911 1147 1052 1204 Sunt
1091 1145 1310 1217 quidam
1359 1146 1418 1200 in
1445 1143 1687 1201 Ecclesia
1715 1155 1827 1199 cre-

231 1243 438 1310 dentes
484 1243 701 1316 quidem
724 1249 780 1297 et
820 1241 1084 1296 habentes
1109 1235 1268 1293 ﬁdem
1300 1237 1355 1292 in
1385 1235 1578 1302 Deum,
1625 1241 1681 1289 et
1737 1245 1828 1287 ac-

245 1335 586 1406 quiescentes
608 1334 858 1390 omnibus
890 1331 1086 1387 divinis
1118 1329 1422 1400 pmceptis,
1445 1325 1642 1397 quique
1661 1323 1826 1380 etiam

246 1440 375 1497 erga
417 1439 604 1482 servos
652 1423 752 1479 Dei
809 1421 1048 1492 religiosi
1105 1431 1253 1486 sunt,
1295 1426 1352 1476 et
1381 1417 1588 1474 servire
1627 1415 1706 1472 eis
1735 1431 1828 1472 cu-

245 1519 421 1592 piunt,
461 1517 557 1573 sed
584 1517 650 1571 ad
672 1522 925 1570 ornatum
951 1513 1208 1568 Ecclesia:
1233 1512 1319 1568 vel
1361 1509 1719 1565 ministerium
1749 1521 1831 1563 sa-

247 1609 316 1665 tis
345 1609 546 1680 promti
575 1615 630 1664 et
660 1607 770 1679 apti
812 1621 920 1661 non
958 1611 1104 1669 sunt,
1136 1603 1192 1658 in
1222 1601 1430 1658 actibus
1461 1600 1572 1656 suis
1623 1607 1679 1653 et
1705 1612 1828 1654 con—

247 1701 554 1757 versatione
604 1699 824 1772 propria
852 1697 1072 1754 obsceni
1103 1696 1237 1752 satis
1286 1701 1340 1750 et
1386 1695 1532 1749 intus
1562 1689 1834 1758 involuti,

249 1807 350 1849 nec
375 1792 597 1848 omnino
626 1792 956 1860 deponentes
989 1796 1226 1843 veterem
1253 1786 1527 1841 hominem
1550 1799 1672 1840 cum
1701 1781 1830 1838 acti-

1918 593 2045 650 Jesu
2087 601 2310 666 propter
2351 593 2740 666 ignobilitatem
2783 592 2980 648 mentis
3020 606 3209 648 eorum
3252 592 3494 652 conditio

1919 687 2226 758 dispensata
2269 694 2372 752 est,
2413 686 2516 756 ipsi
2565 686 2750 742 dicunt
2795 685 2851 741 in
2880 685 3268 756 sequentibus:
3303 701 3325 738 ‹
3357 683 3496 752 Quia

1919 779 2226 836 audivimus
2247 789 2451 850 quanta
2477 777 2607 834 fecit
2633 777 2893 834 Dominus
2918 777 3071 834 vobis
3098 792 3195 850 per
3219 791 3372 834 mare
3389 769 3498 832 nu—

1919 873 2185 941 brum,‘et
2204 873 2262 928 in
2305 871 2537 928 deserto.
2567 891 2586 925 ι
2615 869 2684 927 Et
2710 886 2832 927 cum
2860 871 3126 937 dicerent,
3153 877 3210 926 et
3252 871 3395 926 scire
3442 877 3500 926 et

1922 963 2138 1021 audisse
2165 979 2226 1021 se
2257 962 2452 1019 divinis
2497 960 2834 1019 mirabilibus
2866 963 3190 1028 faterentur,
3235 958 3373 1016 nihil
3419 967 3498 1014 ta-

1922 1071 2047 1114 men
2073 1057 2179 1112 ﬁde
2205 1056 2382 1128 digne,
2407 1055 2541 1110 nihil
2565 1063 2837 1111 tantarum
2855 1054 3116 1110 virtutum
3139 1052 3504 1110 admiratione

1923 1155 2237 1219 gesserunt;
2261 1158 2315 1204 et
2337 1148 2458 1203 ideo
2476 1148 2667 1204 videns
2694 1157 2980 1218 angustum
3010 1161 3200 1202 eorum
3225 1145 3504 1214 exiguum-

1925 1255 2031 1312 que
2053 1240 2388 1312 propositum
2417 1239 2471 1295 in
2499 1239 2624 1305 ﬁde,
2651 1237 3077 1295 moderationem
3115 1253 3244 1310 erga
3273 1251 3368 1292 eos
3388 1236 3505 1307 jus-

1925 1332 2190 1388 tissimam
2218 1338 2420 1397 servat,
2442 1339 2505 1386 ut
2532 1330 2760 1386 salutem
2780 1336 3138 1393 mererentur,
3165 1328 3256 1398 qui
3276 1341 3504 1397 parvum

1926 1425 2054 1479 licet
2079 1422 2205 1494 ﬁdei
2232 1422 2557 1488 detulerunt,
2608 1435 2708 1477 nec
2735 1428 2915 1476 tamen
2945 1434 3212 1475 summam
3239 1419 3388 1490 regni
3418 1417 3504 1476 vel

1925 1516 2192 1572 libertatis
2221 1516 2549 1587 acciperent,
2574 1531 2674 1586 pro
2701 1529 2767 1570 eo
2795 1514 2941 1584 quod
2981 1513 3116 1569 ﬁdes
3147 1529 3336 1569 eorum
3359 1511 3507 1567 nullo

1928 1619 2152 1677 operum
2179 1605 2558 1662 nobilitarctur
2584 1620 2827 1660 accessu.
2881 1604 3146 1671 Quoniam
3195 1602 3355 1657 ﬁdem
3389 1600 3510 1657 sine

1894 1752 1896 1754 ,
1929 1695 2182 1769 operibus
2209 1701 2481 1751 mortuam
2526 1694 2715 1749 haberi
2765 1692 3080 1762 pronuntiat
3108 1689 3338 1746 Iacobus
3362 1687 3504 1770 (Jac.

1931 1785 2016 1860 ιι)’.
2047 1787 2432 1844 Verumtamen
2485 1787 2760 1843 sciendum
2789 1794 2873 1842 est
2905 1791 3166 1858 quantam
3212 1785 3508 1856 ﬁgurarum

250 1883 352 1939 bus
379 1882 490 1939 suis
522 1889 620 1938 :et
651 1881 791 1938 sicut
832 1881 922 1935 isti
965 1879 1160 1950 pannis
1194 1887 1249 1934 et
1271 1876 1652 1933 calceamentis
1680 1876 1904 1937 vete-‘B
1931 1894 1999 1935 ex
2029 1878 2337 1948 huiusmodi
2391 1877 2890 1935 adumbrationibus
2922 1877 3232 1942 edocemur,
3288 1873 3433 1945 quod
3463 1871 3512 1930 sl

247 1971 402 2028 ribus
425 1969 643 2035 obtecti,
675 1978 871 2041 praeter
888 1967 993 2024 hoc
1020 1969 1162 2040 quod
1190 1967 1245 2024 in
1285 1967 1454 2022 Deum
1490 1967 1735 2032 credunt,
1774 1973 1830 2020 et

246 2074 379 2131 erga
401 2075 586 2117 servos
613 2059 710 2114 Dei
756 2057 844 2114 vel
897 2057 1152 2114 Ecclesia:
1194 2057 1398 2113 cultum
1431 2055 1685 2111 videntur
1711 2051 1838 2110 eSSe'

247 2151 449 2216 devoti,
482 2149 611 2206 nihil
636 2147 952 2206 adhibentes
986 2149 1379 2205 emendationis
1418 2145 1503 2203 vel
1539 2147 1833 2202 innovatio-

246 2240 336 2296 nis
363 2240 421 2296 in
451 2240 714 2296 moribus.
741 2239 866 2296 Istis
895 2254 1024 2310 ergo
1051 2238 1206 2295 Jesus
1249 2235 1509 2308 Dominus
1537 2243 1725 2293 noster
1753 2250 1832 2291 sa-

245 2329 416 2386 lutem
441 2331 691 2386 concedit
719 2331 966 2402 quidem:
999 2329 1092 2386 sed
1122 2328 1519 2399 quodammodo
1547 2326 1692 2410 salus
1713 2325 1832 2399 ipsa

247 2438 440 2480 eorum
467 2431 654 2480 notam
710 2433 818 2480 non
866 2425 1047 2481 evadit
1098 2422 1353 2480 infamiae.
1385 2422 1589 2480 Similis
1619 2436 1834 2494 quoque

245 2513 414 2569 etiam
436 2513 492 2568 in
512 2512 694 2570 libello
715 2513 808 2584 qui
839 2511 1140 2585 appellatur
1166 2511 1427 2579 Pastoris,
1456 2513 1522 2569 de
1546 2513 1632 2568 his
1662 2512 1835 2585 figura

245 2605 602 2673 describitur,
633 2606 709 2661 ait
733 2605 879 2662 enim
907 2623 920 2660 :
953 2624 972 2657 ‹
1007 2603 1138 2672 Qua:
1183 2615 1267 2661 est
1308 2603 1470 2661 arbor
1496 2618 1615 2674 quae
1655 2603 1836 2659 ulmus

243 2695 570 2768 appellatur,
621 2711 743 2768 quae
769 2695 1005 2752 fructum
1040 2711 1150 2751 non
1195 2693 1385 2760 aﬁ‘ert;
1435 2700 1615 2764 portat
1651 2700 1836 2748 tamen

240 2779 439 2850 vitem.
469 2805 590 2860 qua:
610 2788 767 2846 affert
788 2789 1081 2860 plurimum
1109 2787 1366 2854 fructum,
1388 2801 1456 2842 ex
1483 2800 1550 2841 eo
1577 2784 1720 2855 quod
1747 2784 1836 2839 ad-

239 2881 514 2938 miniculo
541 2890 627 2938 est
650 2881 768 2947 viti,
802 2896 922 2950 quae
957 2879 1075 2948 ejus
1119 2880 1324 2936 viribus
1353 2878 1553 2944 nitens,
1577 2869 1663 2931 vel
1696 2875 1839 2933 ferre

235 2971 329 3030 vel
348 2986 582 3029 servare
607 2973 901 3044 plurimum
923 2972 1194 3038 fructum;
1233 2991 1250 3024 ι
1286 2971 1446 3026 etiam
1493 2968 1689 3035 ulmus,
1717 2985 1838 3040 quae

235 3063 587 3122 infructuosa
617 3071 723 3132 est,
756 3064 1064 3120 necessaria
1111 3059 1323 3118 videtur
1348 3069 1403 3116 et
1447 3059 1594 3116 utilis
1644 3073 1710 3114 ex
1734 3060 1840 3116 hoc

1930 1969 2022 2040 qui
2072 1969 2207 2025 tales
2251 1979 2376 2026 sunt
2421 1971 2474 2025 in
2525 1970 2682 2026 nobis
2704 1985 2933 2043 quorum
2965 1967 3097 2024 ﬁdes
3141 1969 3244 2024 hoc
3278 1974 3511 2021 tantum-

1930 2059 2091 2116 modo
2112 2060 2273 2116 habet
2297 2068 2357 2115 ut
2391 2062 2459 2117 ad
2483 2060 2766 2117 ecclesiam
2790 2061 2993 2126 veniat,
3022 2074 3188 2130 seque
3225 2053 3510 2120 inclinent,

1932 2151 2105 2208 ofﬁcia
2139 2154 2451 2218 exhibeant,
2487 2165 2675 2210 servos
2710 2151 2806 2209 Dei
2850 2154 3136 2216 honorent,
3167 2151 3234 2207 ad
3259 2157 3513 2206 ornatum

1933 2255 2148 2312 quoque
2182 2241 2367 2297 altaris
2413 2243 2499 2298 vel
2525 2242 2768 2299 ecclesiae
2811 2239 3014 2312 aliquid
3043 2231 3354 2306 conferant;
3403 2251 3516 2294 non

1937 2339 2116 2387 tamen
2163 2332 2366 2387 habent
2396 2332 2633 2388 studium
2673 2339 2735 2388 ut
2774 2333 2939 2389 etiam
2988 2347 3168 2388 mores
3198 2346 3326 2387 suos
3355 2343 3535 2404 excoe

1935 2420 2074 2487 lant,
2097 2427 2250 2477 actus
2273 2419 2579 2488 emendent,
2615 2421 2750 2478 vitia
2777 2423 3068 2493 deponant,
3091 2422 3400 2479 castitatem
3425 2435 3517 2477 co—

1936 2512 2069 2579 lant,
2119 2513 2456 2569 iracundiam
2508 2513 2788 2587 mitigent,
2850 2513 3134 2570 avaritiam
3179 2512 3519 2584 reprimant,

1936 2604 2290 2674 rapacitatem
2314 2603 2608 2672 refrenent,
2642 2605 2958 2676 maliloquia
2983 2613 3038 2660 et
3071 2603 3408 2675 stultiloquia
3432 2600 3521 2657 vel

1938 2695 2316 2763 scurrilitates,
2357 2704 2411 2752 et
2433 2697 2886 2753 obtrectationum
2934 2712 3141 2754 venena
3165 2713 3234 2752 ex
3279 2709 3376 2752 ore
3421 2708 3523 2750 suo

1939 2788 2216 2853 amittant;
2245 2787 2420 2843 sciant
2445 2788 2567 2855 sibi,
2598 2789 2726 2860 quia
2774 2787 2910 2844 tales
2957 2795 3084 2844 sunt
3111 2787 3203 2860 qui
3230 2785 3522 2844 emendare

1939 2892 2000 2933 se
2029 2877 2240 2944 nolunt,
2278 2877 2324 2932 si
2355 2878 2409 2933 in
2451 2877 2537 2935 bis
2577 2894 2750 2950 usque
2771 2879 2838 2934 ad
2892 2887 3225 2935 senectutem
3270 2877 3521 2933 ultimam

1938 2970 2306 3040 pervenerint,
2327 2979 2539 3040 partem
2560 2981 2869 3042 sortemque
2897 2973 2964 3026 ab
2993 2969 3120 3026 Jesu
3147 2969 3376 3026 Domino
3396 2982 3521 3024 cum

1940 3063 2256 3120 Gabaonitis
2287 3079 2408 3121 esse
2437 3066 2799 3122 tribuendam.
2825 3064 2933 3140 (Ex
2963 3063 3218 3135 Isidoro.)
3251 3062 3410 3118 Tales
3429 3060 3522 3132 igi-

238 3154 367 3227 ipso
392 3155 537 3226 quod
556 3154 845 3212 fructuosa:
868 3154 1138 3210 deserviat
1155 3153 1272 3207 viti.
1304 3151 1434 3206 Tale
1454 3149 1655 3221 aliquid
1672 3151 1837 3206 etiam
1942 3165 2030 3212 tur
2051 3157 2422 3215 tantummodo
2448 3160 2606 3230 quasi
2633 3158 2902 3230 quoddam
2928 3158 3118 3214 salutis
3142 3158 3354 3229 signum
3380 3155 3522 3210 intra

240 3245 493 3319 lntellige
520 3247 573 3302 in
601 3246 936 3313 Gabaonitis,
965 3245 1057 3316 qui
1082 3260 1191 3300 non
1215 3243 1580 3315 deposuerunt
1617 3242 1834 3314 quidem

1940 3249 2226 3307 ecclesiam
2276 3251 2647 3322 temporaliter
2696 3249 3012 3324 perferunt;
3062 3250 3204 3306 inter
3251 3245 3524 3303 Israelitas

237 3344 495 3393 veterem
521 3336 796 3394 hominem
848 3351 974 3392 cum
999 3335 1210 3391 actibus
1256 3333 1388 3400 suis,
1422 3333 1735 3389 ministrant
1763 3340 1842 3388 ta-'

238 3441 378 3484 men
406 3423 631 3490 sanctis,
659 3434 716 3482 et
743 3427 1009 3493 serviunt,
1041 3434 1092 3482 et
1125 3425 1327 3495 aliquid
1354 3424 1606 3480 utilitatis
1631 3425 1840 3495 impen-'

237 3515 433 3573 dunt:
467 3523 521 3569 et
550 3513 643 3568 tali
677 3511 932 3584 quodam
958 3515 1146 3570 ordine
1182 3517 1250 3569 ab
1276 3513 1405 3570 Jesu
1435 3515 1668 3570 salutem
1713 3530 1840 3572 cum

229 3603 552 3678 juramenti
577 3603 986 3675 interpositione
1015 3605 1336 3675 suscipiunt.
1362 3604 1473 3676 Ego
1504 3603 1751 3662 nolebam
1784 3606 1840 3661 in

234 3696 682 3754 Gabaonitarum
709 3697 1155 3759 ordinesalutem
1181 3698 1460 3767 consequi,
1485 3713 1587 3754 nec
1631 3698 1688 3752 in
1708 3697 1840 3770 ligni

235 3787 553 3848 casoribus
578 3791 665 3848 vel
687 3806 842 3863 aquae
865 3792 1226 3865 gestatoribus
1259 3793 1554 3857 numerari,
1577 3795 1671 3850 sed
1697 3792 1841 3848 intra

230 3879 528 3938 Israelitas
555 3895 810 3952 cuperem
859 3882 1233 3939 haereditatem
1265 3891 1429 3940 teme
1464 3884 1843 3956 repromissio-

230 3973 333 4030 nis
392 3973 661 4044 accipere.
713 3972 1124 4032 Observandum
1163 3991 1294 4032 sane
1347 3984 1432 4032 est
1474 3977 1617 4047 quod
1665 3977 1844 4033 solent

228 4062 500 4120 haeretici
527 4062 770 4136 legentes
794 4064 938 4122 hunc
987 4065 1164 4122 locum
1191 4067 1517 4123 calumniam
1554 4067 1754 4134 facere,
1785 4065 1842 4123 hi

229 4153 338 4225 qui
396 4150 570 4210 Vetus
595 4147 1005 4211 Testamentum
1041 4167 1149 4214 non
1189 4155 1478 4229 recipiunt,
1505 4166 1561 4214 et
1606 4155 1790 4212 dicunt
1824 4175 1839 4214 :

226 4242 390 4301 Vide
427 4245 701 4312 quomodo
738 4244 875 4300 nihil
908 4245 1231 4303 humilitatis
1275 4247 1464 4302 habuit
1492 4244 1648 4304 Iesus
1701 4247 1844 4305 ﬁlius

226 4335 427 4400 Nave,
453 4341 514 4390 ut
542 4333 853 4393 hominibus
876 4337 970 4408 qui
997 4337 1066 4394 ad
1096 4351 1155 4395 se
1189 4337 1458 4410 supplices
1479 4348 1744 4396 venerant
1761 4355 1847 4398 sa-

224 4423 426 4482 lutem
452 4427 775 4493 concedens,
805 4433 990 4484 notam
1013 4429 1095 4486 eis
1123 4429 1358 4486 infamiae
1383 4440 1436 4486 et
1457 4432 1647 4504 iugum
1677 4431 1842 4488 servi-

225 4517 381 4573 tutis
414 4515 700 4586 indigeret.
726 4515 855 4572 Haec
879 4517 926 4574 si
963 4518 1113 4575 audit
1136 4519 1316 4576 anima
1346 4521 1528 4578 minus
1572 4523 1839 4578 instructa

1938 3352 2140 3411 autem,
2172 3344 2227 3399 id
2247 3353 2349 3410 est,
2391 3345 2532 3400 inter
2552 3353 2770 3400 sanctos
2802 3342 2920 3409 Dei,
2941 3356 3168 3415 regnum
3188 3348 3449 3398 aeternum
3469 3341 3526 3394 et

1939 3435 2248 3492 libertatem
2278 3436 2500 3492 minimc
2533 3443 2956 3505 consequuntur.

2013 3523 2190 3595 (ῐιςιυ.)
2223 3542 2242 3575 ‹
2274 3525 2341 3579 Εῑ
2368 3539 2474 3579 ιιοιι
2504 3531 2892 3594 percusserunt
2914 3537 3030 3588 eos,
3055 3537 3121 3579 eo
3163 3519 3308 3592 quod
3343 3519 3528 3594 iuras-

1946 3629 1968 3666 ι
2001 3620 2122 3668 sent
2133 3613 2213 3667 eis
2227 3613 2500 3684 principes
2514 3609 2872 3666 multitudinis
2885 3613 2938 3666 in
2962 3610 3182 3666 nomine
3192 3609 3405 3666 Domini
3427 3608 3526 3666 Del

1947 3719 1968 3757 ι
2001 3702 2187 3758 Israel.
2243 3701 2597 3756 Murmuravit
2648 3701 2828 3772 itaque
2879 3717 3041 3758 omne
3092 3700 3286 3771 vulgus
3331 3707 3524 3756 contra

1947 3807 1969 3846 ι
2001 3791 2304 3863 principes;
2351 3793 2442 3862 qui
2475 3791 2868 3862 responderunt
2909 3791 2990 3847 eis
3027 3811 3040 3846 :
3070 3788 3378 3848 Juravimus
3416 3789 3524 3846 illis

1946 3903 1969 3940 ι
2006 3887 2062 3942 in
2091 3885 2308 3941 nomine
2330 3882 2542 3941 Domini
2568 3883 2665 3942 Dei
2682 3883 2872 3952 Israel,
2899 3893 2954 3940 et
2979 3884 3182 3940 idcirco
3203 3899 3310 3939 non
3333 3897 3523 3955 possu-

1948 3995 1972 4028 σ
2003 3989 2128 4030 mus
2174 3989 2268 4031 eos
2294 3975 2629 4048 contingere,
2661 3995 2678 4028 ι
2706 3984 2810 4032 etc.
2836 3975 2946 4048 (Ex
2973 3972 3312 4048 Augustino.)
3343 3970 3524 4041 Quaeri

1941 4067 2122 4139 potest
2164 4068 2436 4136 quomodo
2475 4066 2807 4138 jurationem
2851 4067 3170 4126 servandam
3199 4082 3320 4124 esse
3347 4065 3526 4124 credi-
3555 4068 3557 4070 ’

1944 4155 2142 4212 derunt
2167 4156 2376 4212 Hebraei
2397 4156 2730 4225 Gabaonitis,
2751 4157 2948 4229 quibus
2977 4157 3052 4214 ita
3072 4159 3389 4228 iuraverant
3405 4165 3526 4213 tan-

1943 4259 2108 4318 quam
2129 4247 2195 4302 de
2219 4244 2512 4318 longinqua
2527 4254 2672 4303 terra
2684 4248 3047 4314 venientibus,
3067 4247 3207 4303 sicut
3226 4245 3300 4302 illi
3313 4243 3527 4302 mentiti

1942 4335 2178 4392 fuerant.
2202 4333 2460 4394 Sciebant
2478 4340 2622 4394 enim
2643 4354 2702 4395 se
2723 4339 3070 4395 debellandos
3095 4338 3138 4393 si
3154 4337 3430 4408 cognitum
3443 4351 3519 4393 es-
3551 4397 3554 4402 _

1943 4435 2029 4484 set
2045 4425 2288 4484 Hebraeis
2312 4429 2368 4484 in
2386 4445 2449 4486 ea
2466 4437 2610 4486 terra
2626 4445 2721 4486 eos
2739 4430 3004 4494 habitare,
3017 4443 3179 4498 quam
3200 4427 3526 4498 promissam

1943 4520 2181 4590 fuerant,
2197 4522 2496 4579 interfectis
2511 4525 2896 4590 habitantibus,
2913 4521 3200 4579 retenturi.
3215 4519 3523 4578 Mentienti-

223 4608 288 4664 in
322 4605 640 4675 Scripturis
683 4605 899 4673 divinis,
926 4608 1192 4665 inﬁrmari
1236 4611 1494 4667 continuo
1528 4619 1584 4668 et
1629 4611 1842 4683 pericli-
1862 4589 1920 4651 Ῐ)
1943 4615 2048 4671 bus
2071 4630 2202 4686 ergo
2235 4614 2379 4686 quod
2411 4614 2478 4668 de
2497 4614 2788 4686 longinqua
2817 4621 2962 4669 terra
2999 4613 3067 4668 ad
3106 4627 3200 4670 eos
3221 4606 3524 4681 venissent,

187 4699 594 4810 )tari.
619 4703 682 4750 ut
709 4695 945 4810 refugiat
985 4698 1314 4810 catholicam
1343 4701 1524 4757 ﬁdem.
1550 4701 1669 4758 Non
1693 4697 1856 4758 enim

190 4787 562 4882 iintelligunt
605 4799 815 4882 eorum
845 4790 1242 4882 subreptiones.
1281 4791 1439 4849 Iesus
1464 4795 1609 4850 enim
1653 4809 1841 4851 secun-

215 4882 373 4938 dum
429 4889 743 4934 mensuram
788 4877 913 4935 ﬁdei
939 4881 1179 4952 ipsorum
1226 4893 1542 4958 competens
1586 4897 1714 4959 erga
1743 4903 1838 4946 eos

205 4969 518 5046 judicium
569 4970 764 5026 tenuit.
789 4969 960 5028 Porro
1006 4981 1186 5030 autem
1221 4975 1372 5032 Raab
1407 4979 1686 5045 meretrix,
1719 4993 1839 5051 quae

215 5063 346 5118 ﬁde
376 5061 600 5128 integra
626 5075 748 5116 cum
769 5062 920 5117 omni
955 5063 1113 5120 domo
1150 5079 1247 5121 sua
1275 5066 1646 5138 exploratores
1671 5070 1842 5127 Israe-

212 5151 436 5210 liticos
465 5149 780 5221 plenissima
802 5151 1088 5210 devotione
1123 5157 1382 5227 suscepit,
1412 5165 1468 5214 et
1517 5175 1583 5216 ex
1627 5150 1839 5234 integro

214 5243 284 5301 in
309 5242 673 5300 consortium
693 5243 880 5315 populi
921 5245 1346 5318 societatemque
1373 5260 1627 5322 suscepta
1649 5263 1760 5321 est;
1788 5262 1846 5311 et

211 5333 523 5402 scriptum
548 5338 635 5388 est
663 5332 730 5388 de
749 5346 814 5389 ea
839 5334 967 5405 quia
998 5352 1018 5388 ι
1045 5337 1292 5406 apposita
1321 5347 1406 5395 est
1428 5340 1495 5396 ad
1520 5340 1659 5397 ﬁlios
1678 5341 1843 5399 Israel

211 5437 426 5496 usque
455 5421 514 5476 in
541 5421 862 5480 hodiernum
891 5426 1056 5484 diem.
1091 5447 1112 5482 ι
1136 5428 1230 5485 Isti
1255 5444 1387 5487 vero
1420 5431 1548 5502 quia
1574 5449 1680 5489 non
1729 5442 1842 5490 tam

208 5513 568 5576 Israeliticae
612 5519 789 5586 gentis
835 5521 1107 5576 consortia
1159 5520 1488 5590 dilexerunt,
1516 5539 1682 5595 quam
1731 5540 1843 5581 suae

211 5605 584 5678 perditionis
603 5616 748 5662 metu
780 5611 1053 5679 perterriti
1079 5627 1202 5668 cum
1227 5612 1522 5670 calliditate
1555 5623 1610 5670 et
1653 5613 1843 5673 fraude

211 5705 610 5757 accesserunt
651 5698 723 5754 ad
743 5697 951 5769 Iesum,
978 5704 1248 5774 quomodo
1291 5715 1583 5777 potuerunt
1627 5706 1844 5765 liberta-

207 5799 348 5850 tem
387 5789 534 5849 vita
554 5797 612 5849 et
637 5790 795 5864 regni
843 5796 1177 5856 consortium
1201 5797 1341 5858 dolis
1390 5801 1680 5861 servilibus
1723 5811 1874 5875 ιιι-σι’

1939 4704 2262 4776 iuraverunt
2287 4706 2367 4762 eis
2387 4705 2658 4762 Israelita.
2687 4705 2978 4778 Postquam
2997 4722 3128 4764 vero
3153 4715 3526 4780 cognoverunt

1945 4794 2020 4852 ibi
2041 4811 2135 4853 eos
2162 4795 2428 4863 habitare,
2457 4795 2546 4851 ubi
2571 4811 2762 4853 omnes
2801 4811 2940 4867 quos
2981 4797 3303 4856 invenerant
3331 4809 3526 4856 setam-

1945 4889 2073 4946 dum
2097 4888 2196 4944 Dei
2243 4895 2571 4960 praeceptum
2599 4889 2870 4945 debellare
2899 4891 3201 4961 oportebat,
3232 4888 3524 4946 noluerunt

1945 4987 2127 5035 tamen
2173 4977 2422 5053 frangere
2457 4979 2819 5050 jurationem:
2852 4989 2908 5036 et
2954 4981 3080 5037 licet
3121 4995 3215 5038 eos
3260 4978 3518 5036 mentitos

1943 5085 2065 5127 esse
2092 5070 2423 5135 didicissent,
2449 5085 2671 5141 parcere
2689 5071 2995 5127 maluerunt
3015 5085 3179 5126 causa
3198 5068 3513 5141 iurationis,

1944 5176 2068 5218 cum
2106 5168 2326 5231 possent
2350 5160 2534 5231 utique
2570 5160 2749 5217 dicere
2791 5179 2850 5218 se
2869 5167 3123 5232 tanquam
3159 5160 3264 5217 illis
3302 5158 3520 5230 iurasse

1944 5266 2082 5323 quos
2105 5265 2199 5307 eos
2226 5265 2348 5307 esse
2372 5251 2732 5320 crediderant,
2764 5251 2819 5307 id
2859 5259 2962 5318 est,
2994 5252 3060 5305 de
3105 5249 3399 5322 longinquo
3427 5264 3519 5307 ve-

1942 5341 2186 5408 nientes;
2233 5355 2358 5396 cum
2402 5355 2533 5396 vero
2579 5342 2722 5397 aliud
2771 5348 3158 5412 cognoverunt,
3186 5347 3518 5411 praeceptum

1940 5431 2086 5489 circa
2130 5447 2224 5487 eos
2249 5431 2461 5488 Domini
2511 5432 2840 5504 implendum
2871 5440 3008 5498 erat,
3041 5441 3102 5486 ut
3126 5431 3286 5487 sicuti
3310 5432 3516 5500 caateri,

1940 5532 2395 5596 expugnarentur.
2421 5522 2565 5580 Deus
2589 5534 2768 5580 autem
2794 5523 2895 5578 hoc
2915 5523 3254 5594 approbavit,
3276 5538 3378 5579 nec
3396 5538 3518 5594 par-

1941 5614 2190 5670 centibus
2239 5614 2566 5680 succensuit,
2599 5613 2846 5684 quamvis
2874 5605 2998 5668 cuni
3027 5627 3135 5668 non
3187 5613 3516 5685 interrogas-

1942 5715 2064 5762 sent
2093 5705 2312 5777 quinam
2343 5705 2418 5760 illi
2441 5712 2646 5772 essent,
2667 5712 2722 5759 et
2746 5704 2867 5761 ideo
2888 5719 2981 5761 eos
3009 5703 3086 5760 illi
3103 5703 3291 5760 fallere
3313 5704 3514 5762 valuis-

1942 5807 2082 5861 sent.
2111 5797 2266 5860 Unde
2288 5814 2399 5860 non
2436 5798 2742 5872 importune
2768 5797 2958 5873 utique
2981 5796 3240 5860 credendi
3278 5805 3425 5868 sunt,
3455 5802 3514 5860 ot
