3930 6344
442 350 584 448 rats

1090 388 1151 443 Β.
1194 388 1447 445 RABANI
1486 387 1706 449 MAURI
1746 386 2067 445 ARCIIIEP.
2108 386 2421 446 MOGUNT.
2460 388 2747 449 MRD]
2781 390 2963 447 PARS
2998 390 3041 445 l.

3568 390 3719 450 1M4

430 524 482 565 ει
505 506 693 565 fallere
710 503 962 565 homines
989 519 1089 576 pro
1118 505 1432 561 suasalute
1471 505 1775 570 voluerunt,
1806 519 1913 560 non
1935 513 2016 563 ιιι-
2040 502 2095 566 Α
2118 507 2261 561 riam
2288 505 2507 576 quidem
2534 513 2708 577 gesta,
2736 502 3000 560 miracula
3020 500 3228 560 divinas
3249 504 3475 562 virtutis
3496 506 3718 564 univer-

429 618 558 661 men
588 600 855 661 fallaciter
882 598 1053 657 Deum
1104 598 1351 655 timuisse
1394 599 1450 654 in
1477 599 1673 668 populo
1704 598 1855 669 eius;
1888 608 2017 669 pro-

424 704 619 769 pterea
642 708 748 751 nec
777 693 1087 751 succensuit
1114 692 1376 750 Dominus
1407 691 1720 761 iurantibus
1763 701 1856 748 aut
1894 706 2019 762 par-

431 787 702 854 cattibus,
735 788 871 844 adeo
904 796 967 843 ut
998 794 1186 858 postea
1214 784 1544 845 Gabaonitas
1568 786 1738 855 ipsos,
1762 792 2019 855 tanquam

429 880 614 955 populi
643 880 730 937 sui
772 879 1044 947 homines,
1070 879 1136 936 de
1160 880 1321 934 domo
1349 878 1477 937 Saul
1505 878 1880 943 vindicaverit.
1908 878 2017 935 sic-

429 981 494 1030 ut
530 972 847 1044 Regnorum
882 971 1122 1028 ostendit
1142 969 1391 1027 historia.
1414 970 1484 1026 Et
1518 970 1777 1041 quoniam
1812 970 2019 1041 iuratio

422 1064 512 1125 sic
532 1072 888 1131 servataest,
915 1064 1165 1135 quamvis
1200 1064 1259 1123 in
1304 1064 1615 1125 hominibus
1666 1064 1760 1136 qui
1802 1066 2020 1121 mentiti

424 1167 577 1225 sunt,
605 1166 668 1212 ut
714 1158 783 1214 ad
829 1158 1174 1214 clementiam
1225 1158 1492 1214 sontentia
1535 1157 1864 1226 ﬂecteretur,
1908 1174 2018 1217 non

427 1248 706 1320 displicuit
726 1249 858 1305 Deo.
888 1250 1028 1305 Nam
1051 1251 1097 1307 si
1128 1263 1159 1305 e
1198 1251 1478 1309 contrario
1514 1249 1785 1318 iurassent
1808 1252 2019 1321 aliquos

418 1356 491 1396 se
514 1340 918 1407 interfecturos,
956 1357 1097 1412 quos
1125 1341 1459 1401 Cabaonitas
1506 1341 1563 1397 in
1610 1350 1753 1396 terra
1788 1342 2022 1411 promis-

416 1435 594 1492 sionis
626 1450 752 1492 esse
808 1435 1167 1506 putavissent,
1211 1443 1268 1490 et
1317 1445 1505 1505 postea
1554 1435 1874 1505 didicissent
1927 1447 2021 1490 eos

426 1543 549 1587 esse
574 1529 644 1587 ab
681 1530 773 1585 illa
818 1538 965 1586 terra
990 1538 1305 1595 extraneos,
1343 1538 1399 1585 et
1438 1530 1511 1585 de
1538 1528 1836 1599 longinquo
1863 1528 1933 1583 ad
1958 1542 2020 1585 se

426 1621 662 1687 venisse,
692 1620 841 1677 nullo
864 1622 1025 1677 modo
1045 1621 1424 1677 arbitrandum
1447 1629 1533 1676 est
1550 1621 1695 1691 quod
1717 1635 1812 1676 eos
1838 1627 2022 1676 essent

424 1713 749 1771 debellaturi
789 1729 958 1771 causa
980 1712 1272 1784 iurationis
1298 1714 1618 1784 implendas;
1647 1728 1772 1769 cum
1798 1720 2020 1783 propter

418 1803 598 1874 ipsam
627 1804 888 1875 parcendi
913 1804 1259 1861 clementiam
1277 1813 1501 1861 sanctus
1518 1805 1691 1860 David
1711 1805 1873 1859 etiam
1895 1810 2020 1874 post

2122 597 2199 652 sis
2218 596 2431 653 saeculis
2449 597 2762 667 pradicant,
2780 610 2881 651 nec
2904 597 3353 667 interpretatione
3370 598 3720 655 extrinsems

2120 689 2385 758 indigent,
2417 688 2471 743 in
2502 689 2698 757 quibus
2718 697 2997 759 gestorum
3041 687 3227 742 lumen
3255 696 3544 744 coruscat.
3589 690 3721 758 Quid

2120 781 2379 835 tamenin
2406 779 2493 835 his
2520 779 2783 849 spiritalis
2804 780 3117 835 intellectus
3159 781 3514 836 contineatur
3540 782 3719 851 requi-

2112 886 2324 928 ramus.
2346 872 2481 928 Cum
2504 887 2565 929 se
2598 873 3043 928 anima'lnumana
3071 873 3252 928 Verbo
3278 873 3378 929 Dei
3404 873 3717 942 sociaverit,

2108 976 2230 1021 non
2250 963 2410 1020 debet
2436 964 2685 1019 dubitare
2715 965 2902 1019 statim
2928 979 2991 1020 se
3028 964 3283 1021 inimicos
3304 962 3646 1029 hauseram.
3665 977 3717 1023 et

2114 1062 2214 1110 eos
2256 1070 2395 1123 quos
2421 1063 2551 1111 autc
2572 1055 2838 1111 habuerat
2866 1056 3073 1111 amicos
3124 1056 3181 1111 in
3210 1054 3574 1113 adversarios
3609 1070 3717 1114 esse

2116 1146 2454 1202 vertendos:
2483 1147 2646 1217 idque
2672 1162 2783 1203 non
2834 1148 3009 1202 solum
3038 1148 3153 1218 pati
3195 1162 3255 1203 se
3299 1147 3370 1203 ab
3409 1147 3715 1205 hominibus

2112 1249 2318 1311 speret,
2350 1255 2539 1294 verum
2576 1241 2745 1296 etiam
2776 1242 2846 1297 de
2870 1241 3166 1297 contrariis
3192 1241 3494 1297 virtutibus
3531 1252 3589 1296 et
3610 1243 3716 1313 spi-

2116 1335 2371 1390 ritalibus
2393 1333 2653 1405 nequitiis
2683 1336 2738 1390 id
2779 1335 2884 1391 sibi
2911 1335 3195 1390 imminere
3234 1348 3336 1405 pro
3374 1343 3533 1391 certo
3564 1335 3713 1390 sciat.

2116 1426 2189 1481 Et
2210 1428 2288 1481 ita
2310 1426 2370 1481 ﬁt
2391 1438 2453 1481 ut
2473 1428 2566 1497 qui
2587 1426 2860 1482 amicitias
2886 1428 3093 1498 expetit
3117 1426 3272 1493 Jcsu,
3297 1426 3596 1483 multorum
3620 1428 3717 1484 sibi

2119 1520 2258 1574 sciat
2286 1518 2600 1574 inimicitias
2638 1519 2973 1575 tolerandas.
3021 1519 3220 1575 Audiat
3249 1516 3553 1591 apostolum
3580 1518 3718 1575 Pau-

2118 1612 2233 1667 lum
2258 1614 2377 1668 haec
2401 1613 2594 1669 eadem
2617 1612 3051 1676 conﬁrmantem,
3082 1627 3211 1668 cum
3249 1613 3383 1668 dicit
3414 1630 3427 1665 :
3464 1628 3489 1664 ι
3519 1610 3716 1667 Mnes

2117 1704 2213 1775 qui
2234 1707 2322 1775 pie
2347 1704 2538 1760 volunt
2564 1706 2746 1760 vivere
2782 1705 2839 1760 in
2887 1704 3129 1769 Christo,
3156 1706 3610 1775 persecutionem
3636 1718 3715 1777 pa-

2117 1798 2330 1852 tiuntur
2360 1796 2449 1869 (II
2475 1797 2608 1852 Tim.
2629 1798 2735 1869 ιιι).
2768 1816 2787 1850 ι
2817 1797 2927 1854 Sed
2948 1806 3005 1853 et
3027 1794 3289 1853 Salomon
3318 1796 3523 1853 similia
3552 1798 3711 1854 dicit:

418 1872 587 1952 verba
610 1872 810 1966 quibus
835 1911 896 1952 se
931 1896 1101 1953 Nabal
1131 1896 1544 1954 interfecturum
1575 1912 1695 1953 esse
1713 1872 2011 1966 iuraverat,
2041 1872 2093 1935 Β
2124 1908 2146 1944 t
2185 1892 2308 1959 Fili,
2335 1892 2533 1962 inquit,
2562 1892 2835 1948 accedens
2869 1892 2938 1947 ad
2966 1892 3287 1948 servitutem
3316 1889 3445 1957 Dei,
3476 1906 3715 1963 praepara

416 1989 609 2059 utique
649 1988 830 2045 sciens
877 2003 1041 2059 quem
1088 1990 1270 2046 fuerat
1316 1990 1707 2047 interfecturus
1731 2032 1746 2057 ,
1792 2004 2018 2061 parcere

418 2078 651 2145 maluit,
706 2095 808 2136 nec
856 2080 911 2137 in
962 2097 1025 2138 re
1072 2082 1294 2140 duriore
1340 2082 1569 2155 implere
1601 2081 2015 2152 juramentum:

418 2169 594 2241 magis
628 2171 742 2227 Deo
764 2171 982 2242 placere
1007 2174 1351 2240 existimans,
1383 2174 1432 2229 si
1461 2173 1607 2243 quod
1631 2174 1712 2228 ira
1738 2173 2018 2245 perturba-

418 2269 509 2323 tus
556 2264 623 2321 ad
649 2265 955 2322 nocendum
996 2264 1300 2335 iuraverat,
1326 2281 1439 2323 non
1484 2265 1726 2334 fecisset,
1757 2281 1919 2338 quam
1966 2267 2014 2324 si

413 2349 761 2420 perfecisset.

356 2472 365 2477 ⁷
420 2490 425 2493 ·
1050 2466 1280 2526 CAPUT
1318 2469 1403 2524 Ili.

418 2574 499 2631 De
543 2577 773 2650 quinque
828 2581 1033 2651 regibus
1076 2581 1526 2656 Amorrbmorum,
1577 2584 1665 2656 qui
1715 2586 2016 2656 congregati

488 2656 614 2702 sunt
643 2660 705 2703 ut
726 2660 1020 2721 pugnarent
1047 2662 1231 2708 contra
1258 2651 1500 2719 Gabaon,
1527 2663 1575 2708 et
1589 2651 1666 2709 ’ἀρ
1694 2651 1889 2726 pra'lzis
1907 2651 2015 2711 Ἰο-

491 2735 588 2775 sue
611 2730 799 2776 contra
820 2739 931 2777 006.

486 2811 643 2884 (Car.
664 2813 745 2886 ι.)
778 2833 800 2867 ε
835 2815 981 2871 Misit
1026 2830 1159 2888 ergo
1202 2817 1542 2875 Adonisedec
1588 2834 1688 2875 rex
1712 2818 2013 2876 Jerusalem

421 2920 444 2959 ι
479 2902 550 2959 ad
596 2902 805 2962 Ochum
844 2922 1029 2979 regem
1070 2908 1311 2976 Hebron,
1346 2919 1404 2966 et
1438 2912 1509 2966 ad
1557 2911 1795 2967 Pharum
1824 2926 2013 2982 regem

420 3011 441 3049 ι
477 2993 805 3065 Hierimoth,
833 3000 903 3055 ad
925 2998 1120 3071 Japhia
1155 3016 1373 3072 quoque
1404 3016 1590 3072 regem
1611 3004 1833 3072 Lachis,
1865 3010 1920 3059 et
1944 3002 2012 3060 ad

419 3103 441 3140 ι
473 3086 640 3144 Dabir
674 3106 865 3162 regem
903 3091 1095 3164 Eglon,
1127 3094 1313 3151 dicens
1341 3113 1354 3149 :
1380 3096 1673 3152 Ascendite
1702 3098 1771 3152 ad
1816 3111 1926 3164 me,
1957 3104 2013 3153 et

420 3194 442 3231 ι
472 3176 619 3239 Ierte'
659 3183 996 3251 praesidium,
1041 3193 1104 3240 ut
1150 3200 1526 3258 expugnemns
1547 3187 1796 3256 Gabaon,
1839 3202 2009 3261 quare

417 3287 442 3329 ι
475 3243 832 3344 transfugerit
856 3277 925 3331 ad
952 3243 1118 3334 Iosue
1161 3243 1327 3336 θίθᾶ
1369 3243 1511 3337 ﬁlios
1550 3243 2010 3354 Congre;
2038 3243 2084 3308 Β

419 3378 442 3425 t
472 3365 591 3437 sati
618 3365 787 3439 igitur
808 3371 1177 3426 ascenderunt
1203 3374 1447 3444 quinque
1484 3386 1642 3447 reges
1661 3375 2038 3449 Amorrhazoa

419 3476 440 3512 ι
477 3476 623 3529 rum,
647 3477 746 3518 rex
793 3463 1120 3533 Jerusalem,
1144 3478 1242 3524 rex
1270 3468 1512 3534 Hebron,
1560 3482 1657 3524 rex
1687 3468 2011 3537 Hierimoth,

417 3568 441 3604 ι
474 3567 574 3610 rex
609 3553 833 3623 Laehis,
854 3572 953 3613 rex
976 3558 1168 3628 Eglon,
1192 3560 1357 3616 simul
1376 3576 1500 3617 cum
1520 3563 1849 3619 exercitibus
1874 3563 2009 3629 suis,

418 3660 442 3702 ι
468 3650 531 3702 et
580 3646 953 3706 mstrametati
991 3660 1115 3706 sunt
1160 3651 1310 3707 circa
1366 3652 1591 3709 Gabaon
1641 3660 2011 3727 appngnantes

416 3754 443 3793 ς
473 3752 623 3808 om,
658 3758 679 3793 ι
700 3747 815 3797 etc.
842 3741 1049 3799 Omnes
1072 3743 1150 3797 illi
1175 3744 1271 3814 qui
1315 3745 1467 3816 prius
1487 3742 1647 3802 amici
1693 3752 1870 3811 erant,
1889 3750 2013 3815 post

411 3831 687 3889 amicitias
727 3841 786 3889 et
829 3833 1262 3892 familiaritatem
1289 3836 1527 3896 ﬁliorum
1569 3836 1756 3903 Israel,
1803 3834 2012 3895 inimici

412 3920 550 3978 ﬁunt
572 3924 911 3991 Canae-itis,
940 3927 1035 3997 qui
1070 3944 1103 3983 a
1132 3927 1258 3985 ﬁliis
1282 3928 1449 3985 Israel
1476 3928 1656 3986 fmdus
1682 3929 1833 4002 pacis
1863 3944 2010 3986 acce-

409 4023 624 4084 perunt.
671 4014 955 4074 Jebusaus
1007 4032 1104 4074 rex
1148 4017 1474 4090 Jerusalem,
1523 4020 1775 4079 invitatis
1826 4036 2008 4079 secum

412 4114 647 4174 quatuor
686 4107 816 4163 aliis
852 4109 1096 4179 regibus,
1124 4110 1463 4169 Gabaonitas
1485 4113 1797 4185 aggreditur
1841 4126 2009 4185 expu-

413 4206 606 4263 gnare.
624 4196 738 4252 Sed
761 4197 1078 4256 Gnhaonitae
1100 4203 1346 4259 videntes
1370 4205 1608 4275 quinque
1639 4220 1796 4276 reges
1823 4207 2012 4262 adver-

411 4298 613 4345 sumne
634 4288 691 4344 in
717 4289 963 4361 puellum
1009 4296 1370 4364 conspirasse,
1402 4311 1746 4367 nequaquam
1774 4300 2007 4370 propriis

366 4375 371 4385 “
409 4378 619 4437 viribus
659 4382 947 4453 copiisque
975 4383 1276 4453 conﬁdunt,
1328 4385 1422 4442 scd
1463 4387 1690 4441 mittunt
1725 4389 1793 4443 ad
1819 4382 2007 4445 Jesum

411 4472 612 4529 auxilia
659 4475 1015 4544 postulantes.
1049 4475 1120 4530 At
1159 4475 1254 4532 ille
1302 4476 1485 4533 divino
1535 4479 1809 4548 permissu
1855 4480 2007 4536 adest

409 4563 727 4620 Gabaonitis
752 4566 961 4624 laturus
992 4568 1274 4625 auxilium.
1314 4567 1394 4626 Ita
1422 4583 1556 4626 vero
1588 4568 1704 4643 jam
1731 4570 2004 4627 mirabilia

2118 1985 2356 2039 animam
2400 1991 2549 2039 tuam
2600 1985 2669 2039 ad
2719 1980 3300 2055 lentationem'(Eccli.
3357 1982 3450 2057 ιι).
3490 2003 3511 2035 ι
3541 1983 3713 2054 Oppu-

2118 2085 2357 2150 gnantur
2402 2092 2532 2149 ergo
2579 2077 2743 2132 etiam
2784 2091 2930 2131 nunc
2981 2072 3301 2131 Gabaonitae
3351 2073 3712 2145 cujuscunque

2110 2171 2263 2226 modi
2294 2179 2440 2235 sunt,
2466 2177 2691 2241 propter
2726 2166 2995 2224 amicitias
3024 2165 3152 2222 Jesu
3180 2186 3195 2235 ;
3226 2176 3282 2223 et
3318 2164 3452 2223 licet
3506 2168 3613 2223 sint
3655 2167 3712 2224 li-

2116 2261 2208 2334 gni
2253 2262 2608 2326 cmsores,’et
2645 2275 2800 2332 aqum
2825 2266 3148 2332 gestatores,
3195 2258 3250 2313 id
3292 2268 3402 2324 est,
3434 2255 3558 2314 licet
3608 2260 3711 2315 sint

2112 2354 2291 2410 ultimi
2312 2352 2496 2409 meriti
2522 2353 2581 2408 in
2611 2350 2876 2418 Ecclesia,
2904 2358 3091 2408 tamen
3119 2351 3175 2405 in
3204 2350 3314 2406 hoc
3356 2350 3469 2421 ipso
3497 2351 3623 2420 quia
3647 2352 3709 2406 ad

2114 2443 2303 2501 Iesum
2349 2445 2649 2516 pertinent,
2690 2443 3000 2516 impugnari
3049 2458 3079 2498 a
3107 2442 3353 2515 quinque
3378 2440 3600 2513 regibus
3643 2439 3710 2497 di-

2112 2547 2335 2593 cuntur.
2371 2536 2480 2593 Sed
2503 2546 2687 2592 tamen
2710 2534 3029 2592 Cabaonitm
3051 2550 3161 2590 non
3185 2533 3643 2604 derelinquuntur
3660 2540 3708 2587 et

2108 2638 2451 2700 spernuntur
2489 2629 2559 2685 ab
2592 2626 2743 2696 Iesu,
2785 2638 2840 2685 et
2879 2643 2911 2683 a
2957 2626 3205 2691 ducibus,
3240 2632 3298 2682 et
3338 2641 3370 2682 a
3400 2623 3708 2698 prmsulibus

2110 2719 2511 2789 lsraclitarum,
2546 2721 2638 2777 sed
2665 2720 2972 2777 inﬁrmitati
3003 2734 3193 2776 eorum
3217 2720 3491 2775 auxilium
3521 2713 3704 2774 ferunt.

2106 2813 2198 2869 *An
2219 2830 2328 2872 non
2370 2812 2464 2869 tibi
2492 2813 2711 2869 videtur
2738 2812 2844 2870 hoc
2870 2825 3035 2884 agere
3059 2811 3114 2867 in
3144 2809 3329 2878 nobis,
3363 2819 3422 2866 et
3446 2809 3550 2866 hoc
3574 2821 3706 2881 pne-

2115 2906 2297 2981 ciperc
2341 2906 2472 2963 illud
2492 2905 2741 2979 Apostoli
2773 2906 3090 2962 mandatum
3118 2924 3132 2960 :
3168 2922 3189 2957 ι
3227 2902 3601 2960 Consolamini
3621 2910 3709 2973 pn-

2114 3000 2434 3065 sillanimes,
2480 2998 2748 3055 sustinete
2796 2996 3062 3066 inﬁrmos,
3115 2994 3392 3068 patientes
3440 3002 3614 3051 estote
3654 2993 3709 3050 ad

2116 3106 2306 3149 omnes
2331 3090 2383 3164 (Ι
2412 3088 2595 3147 Thess.
2623 3088 2677 3163 v)
2708 3107 2723 3158 ;
2760 3109 2780 3144 ι
2812 3098 2868 3147 et
2892 3088 3093 3145 iterum
3123 3106 3137 3144 :
3165 3106 3185 3140 ι
3223 3088 3336 3144 Vos
3362 3084 3706 3159 potentiores,

2112 3182 2518 3240 imbecillitates
2541 3182 2886 3238 inﬁrmorum
2912 3180 3179 3237 sustinete
3206 3179 3425 3254 (Ibid.).
3458 3200 3478 3233 ι

2188 3278 2366 3352 (imm)
2404 3296 2422 3330 ι
2454 3274 2821 3348 Ascenditquc
2864 3274 3031 3332 Josue
3074 3274 3141 3331 de
3163 3268 3421 3346 Galgalis,
3451 3280 3504 3328 et
3534 3265 3706 3328 omnis

2124 3386 2144 3421 ι
2178 3367 2451 3424 exercitus
2507 3362 2833 3423 bellatorum
2887 3379 3009 3422 cum
3065 3380 3132 3422 eo
3158 3406 3175 3433 ,
3244 3364 3351 3418 viri
3404 3359 3705 3417 fortissimi.

2122 3479 2144 3515 ι
2178 3459 2432 3531 Dixitque
2472 3458 2735 3521 Dominus
2781 3459 2849 3515 ad
2894 3456 3057 3515 Josue
3091 3448 3209 3514 :Nc
3256 3456 3453 3513 timeas
3490 3470 3616 3524 eos,
3659 3444 3709 3510 in

2114 3569 2141 3607 ι
2173 3566 2371 3609 manus
2396 3552 2543 3610 enim
2565 3560 2687 3609 tuas
2716 3550 2913 3607 tradidi
2940 3546 3080 3617 illos,
3112 3547 3288 3605 nullus
3310 3548 3409 3604 tibi
3429 3564 3500 3602 ex
3528 3544 3611 3602 eis
3632 3558 3711 3600 re-

2118 3662 2141 3699 r
2180 3644 2373 3702 sistere
2395 3646 2620 3718 poterit,
2656 3666 2672 3696 ι
2707 3652 2812 3700 etc.
2844 3641 2954 3716 (Ex
2974 3639 3308 3714 Augustino.)
3339 3638 3473 3694 Cum
3500 3635 3712 3692 obsessi

2112 3734 2434 3795 Gabaonitae
2456 3756 2487 3794 a
2513 3734 2732 3809 regibus
2754 3732 3203 3798 Amerrhzeorum,
3226 3728 3504 3785 misissent
3519 3726 3592 3782 ad
3616 3723 3712 3784 Je-

2114 3848 2236 3895 5um
2271 3845 2333 3892 ut
2358 3835 2462 3891 sibi
2488 3833 2894 3905 subveniretur,
2926 3831 3002 3886 ita
3038 3826 3313 3900 Scriptura
3348 3823 3630 3895 sequitur,
3658 3830 3710 3877 et

2114 3925 2283 3983 dicit:
2309 3924 2573 3983 Ascendit
2619 3922 2777 3981 Iesus
2821 3939 2852 3979 a
2895 3916 3289 3994 Calgalisipse,
3318 3924 3379 3972 et
3413 3913 3594 3972 omnis
3616 3927 3705 3983 po-

2111 4019 2272 4095 pulus
2298 4018 2624 4077 bellatorum
2666 4032 2790 4073 cum
2818 4012 2932 4083 illo,
2961 4014 3139 4069 omnis
3188 4018 3387 4083 potens
3412 4004 3475 4064 in
3499 4004 3702 4095 fortitu-

2114 4094 2240 4171 dine
2272 4132 2285 4168 :
2311 4120 2367 4169 et
2390 4112 2525 4168 dixit
2554 4108 2818 4167 Dominus
2847 4107 2915 4163 ad
2940 4104 3127 4163 Jesum
3159 4122 3172 4159 :
3201 4098 3326 4159 Noli
3351 4098 3543 4158 timere
3562 4094 3693 4159 illos,

2112 4204 2167 4262 in
2199 4222 2393 4262 manus
2430 4205 2574 4263 enim
2621 4186 2971 4260 tuas‘tradidi
3012 4213 3107 4255 eos
3137 4216 3150 4251 :
3184 4212 3296 4252 non
3346 4190 3596 4249 subsistet
3631 4200 3695 4243 ex

2113 4296 2219 4356 illis
2249 4296 2535 4370 quisquam
2567 4313 2753 4353 coram
2776 4294 2949 4353 vobis.
2983 4292 3090 4351 Ubi
3124 4304 3305 4362 neque
3327 4284 3599 4347 consultus
3618 4289 3698 4339 est

2111 4386 2375 4447 Dominus
2396 4400 2577 4445 utrum
2610 4389 2845 4446 eundum
2872 4388 2939 4443 ad
2965 4403 3060 4444 eos
3098 4395 3271 4452 esset,
3306 4382 3402 4440 sed
3427 4380 3565 4437 ultro
3587 4374 3695 4434 suis

2112 4488 2262 4540 recte
2293 4484 2582 4538 subvenire
2610 4480 2916 4537 volentibus
2957 4479 3197 4534 futuram
3240 4475 3519 4533 victoriam
3558 4484 3696 4542 prte-

2111 4576 2400 4633 unntiavit.
2437 4574 2528 4633 Sic
2567 4594 2698 4650 ergo
2738 4586 2941 4649 posset,
2974 4575 3224 4647 quamvis
3253 4589 3367 4629 non
3406 4568 3693 4633 consultus.

409 4654 1021 4713 (ιωιῆιιιοειθιιὰιιιιιιιιν.
1063 4659 1327 4717 Dominus
1362 4638 1603 4733 desuper
1621 4676 1751 4719 saxa
1778 4660 2001 4737 grandi-
2028 4638 2082 4701 D
2109 4662 2177 4725 de
2221 4666 2352 4741 ipsis
2392 4638 2709 4726 Gabaoniiis
2739 4638 3072 4733 admonere,
3114 4667 3210 4739 qui
3258 4672 3470 4728 essent.
3498 4674 3620 4717 cum
3643 4672 3697 4713 se

408 4743 681 4813 mephit,
717 4754 774 4803 et
822 4749 1060 4821 quinque
1086 4751 1180 4821 qui
1228 4753 1490 4808 adversus
1525 4749 1711 4809 Jcsum
1756 4764 2003 4825 pugnant
2109 4756 2432 4832 longinquos
2461 4777 2583 4818 esse
2633 4761 3018 4829 mentirentur,
3050 4758 3157 4815 nisi
3200 4757 3254 4815 ei
3298 4749 3700 4829 placuisseﬁlla

410 4835 715 4892 eset-dum
739 4846 940 4893 vastat.
965 4834 1118 4897 Tunc
1145 4843 1338 4899 videns
1361 4842 1518 4899 Iesus
1542 4843 1787 4901 divinam
1817 4861 2001 4902 secum
2103 4849 2306 4921 juratio
2333 4869 2453 4923 quce
2496 4851 2756 4923 subjectis
2808 4868 3037 4923 parcere
3078 4858 3323 4922 cogeret.
3356 4846 3704 4904 Crediderant

411 4926 1072 5000 dutempmliantem,
1096 4941 1152 4989 et
1192 4934 1473 5005 prosperis
1510 4937 1851 4992 successibus
1876 4953 2005 4994 cun-

410 5027 498 5074 cta
518 5020 836 5090 procedere,
868 5036 1063 5078 novam
1085 5027 1375 5095 quamdam
1403 5034 1458 5082 et
1478 5027 1675 5082 miram
1700 5028 2003 5084 orationem

409 5110 622 5168 extollit
642 5113 711 5169 ad
734 5113 956 5181 etclam,
978 5114 1165 5171 dicens
1195 5134 1209 5171 :
1237 5116 1357 5174 Stet
1378 5116 1461 5174 sol
1478 5131 1646 5190 super
1678 5117 1925 5186 Gabaon,
1950 5130 2006 5176 et

410 5201 539 5260 luna
588 5218 755 5277 arma
775 5207 975 5264 vallem
1000 5207 1155 5276 Elon,
1194 5210 1364 5267 donec
1392 5224 1694 5283 expuguem
1741 5213 1999 5284 populum

410 5293 596 5350 istum.
626 5298 694 5353 Et
723 5300 873 5355 stetit
892 5300 975 5357 sol
1008 5309 1063 5357 et
1100 5298 1228 5356 luna
1266 5301 1321 5357 in
1365 5302 1485 5359 loco
1532 5318 1649 5372 suo,
1679 5304 1852 5361 donec
1878 5321 2004 5378 per-

409 5385 657 5443 vinceret
692 5388 953 5448 Dominus
997 5390 1246 5448 inimicos
1289 5407 1497 5449 eorum.
1544 5393 1612 5450 Et
1648 5397 1797 5451 stetit
1839 5396 1919 5451 sol
1947 5397 1998 5452 in

409 5477 610 5546 medio,
636 5488 695 5535 et
739 5495 850 5537 non
882 5491 968 5543 est
1012 5497 1334 5556 progressus
1380 5485 1450 5542 ad
1491 5498 1748 5542 occasum
1794 5486 1852 5541 in
1890 5486 1999 5544 ﬁne

410 5572 572 5629 unius
596 5572 725 5630 dici.
748 5571 867 5629 Non
888 5572 991 5630 fuit
1015 5576 1130 5633 dies
1158 5578 1284 5634 talis
1307 5588 1433 5633 ante
1452 5578 1577 5645 hoc,
1608 5593 1711 5632 nec
1741 5576 1815 5632 ita
1839 5594 1998 5634 exau-

412 5659 548 5714 divit
590 5662 735 5721 Deus
775 5665 1072 5734 hominem,
1121 5667 1247 5737 quia
1289 5667 1552 5723 Dominus
1591 5669 1850 5739 pugnavit
1895 5664 2029 5742 pro‘

410 5750 593 5807 Israel.
616 5757 694 5812 Et
721 5757 974 5827 fugerunt
998 5758 1082 5815 illi
1103 5760 1341 5830 quinque
1368 5756 1543 5832 rcges,
1575 5760 2001 5820 absconderunt-

409 5856 517 5917 quo
544 5858 603 5905 se
622 5848 682 5907 in
707 5849 965 5924 spelunca
990 5850 1323 5922 Mageddam.
1348 5850 1477 5910 Hac
1502 5854 1803 5913 secundum
1826 5858 1998 5915 histo-

2108 4940 2252 4998 enim
2296 4938 2434 5010 Deo,
2460 4958 2623 5015 quem
2669 4942 2952 4997 audierant
2998 4955 3096 4997 suo
3146 4937 3352 5011 populo
3396 4932 3702 5009 promisisse

2109 5033 2253 5105 quod
2283 5034 2402 5091 illas
2434 5043 2621 5108 gentes
2650 5032 3017 5101 subverteret,
3058 5045 3365 5102 eorumque
3392 5040 3583 5085 terram
3605 5021 3705 5079 ob-

2107 5126 2327 5197 tineret,
2358 5137 2413 5184 ct
2449 5128 2591 5184 hanc
2619 5143 2806 5184 eorum
2854 5127 3017 5185 fidem
3060 5142 3169 5186 non
3198 5140 3294 5182 eos
3318 5119 3592 5196 prodendo
3615 5131 3709 5174 re-

2108 5218 2415 5272 muneravit
2437 5218 2851 5290 quodammodo.

2186 5328 2204 5361 ι
2241 5306 2418 5383 (Ιιιιιι.)
2443 5308 2685 5381 Cumque
2727 5309 2978 5382 fugerent
3022 5307 3161 5365 iilios
3204 5306 3400 5373 Israel,
3426 5315 3486 5361 et
3530 5308 3717 5360 essent

2112 5417 2132 5452 ι
2167 5397 2223 5455 in
2251 5401 2514 5457 descensu
2539 5401 2835 5469 Bcthoron,
2866 5401 3131 5458 Dominus
3153 5400 3307 5455 misit
3334 5414 3503 5468 super
3520 5412 3619 5451 eos
3637 5394 3716 5449 la-

2111 5508 2131 5543 t
2163 5492 2316 5565 pides
2337 5508 2565 5564 magnos
2586 5494 2651 5549 de
2682 5495 2820 5551 coelo
2849 5509 3022 5565 usque
3043 5494 3255 5559 Azeca;
3281 5500 3339 5547 et
3360 5487 3563 5546 mortui
3584 5493 3715 5543 sunt

2111 5601 2132 5636 ι
2164 5584 2335 5639 multo
2363 5586 2545 5655 plures
2564 5585 2836 5657 lapidibus
2866 5584 3168 5658 grandinis,
3197 5599 3365 5654 quam
3412 5597 3553 5653 quos
3590 5578 3713 5651 81³·-

2106 5693 2126 5729 ι
2161 5675 2249 5731 dio
2269 5685 2655 5746 percusserant
2694 5674 2789 5730 lilii
2830 5674 3017 5732 Israel.
3056 5696 3076 5730 ι
3104 5674 3340 5747 Lapides
3380 5680 3509 5729 sunt
3540 5682 3708 5743 gran-

2101 5767 2242 5823 dinis
2286 5764 2435 5843 dura;
2466 5766 2740 5836 vindicta),
2782 5785 2904 5842 quae
2954 5764 3169 5823 ccelitus
3214 5768 3514 5824 mittuntur
3543 5775 3705 5834 super

2099 5859 2288 5919 hostes
2330 5859 2515 5935 populi
2566 5858 2697 5932 Dei;
2725 5858 2811 5918 vel
2857 5859 3053 5917 divina:
3083 5858 3555 5927 comminationes,
3579 5864 3701 5927 qua?
