3930 6344
278 308 423 370 1045

1201 307 1559 371 COIIHENT.
1594 307 1670 368 IN
1702 309 1966 371 LIBRUM
2000 310 2236 369 JOSUE.
2276 338 2349 353 οι·-
2384 311 2514 368 LIB.
2554 312 2620 369 ll.

3411 316 3555 375 1046

277 429 338 485 in
377 425 676 500 Scripturis
724 426 899 484 sacris
923 435 1117 486 contra
1152 429 1431 501 improbos
1456 430 1711 502 leguntur
1737 444 1865 502 pro.
1891 435 1946 495 Α
1969 438 2151 485 autem
2176 444 2336 502 reges
2354 433 2594 500 quinque
2620 440 2813 485 sensus
2828 441 3126 499 corporeus
3163 428 3409 488 indicant
3434 446 3450 487 :
3475 435 3564 490 vi»

276 516 434 586 la'tai;
460 519 555 575 ubi
581 520 827 591 gehenna
860 521 998 592 ignis
1017 530 1075 577 et
1096 536 1259 594 poena
1296 524 1379 580 eis
1400 524 1717 595 praedicimr
1741 534 1868 596 per-

272 618 461 683 petua.
487 609 601 684 (Ea:
643 611 1009 686 Adamantio.)
1038 613 1151 671 Hoc
1192 630 1322 689 ergo
1350 616 1512 672 modo
1546 614 1703 672 Iesus
1741 630 1867 671 cum

274 702 509 760 ducibus
544 709 599 760 et
619 702 912 762 virtutibus
938 708 1052 764 suis
1082 707 1236 765 adest
1280 709 1370 767 his
1392 711 1488 782 qui
1510 726 1612 783 pro
1648 711 1867 768 nomine

274 810 381 852 suo
423 795 717 853 contrariis
748 796 1041 855 virtutibus
1081 810 1503 873 oppugnantur:
1532 811 1590 858 et
1628 816 1739 859 non
1774 815 1869 858 so-

271 886 390 944 lum
416 884 679 945 auxilium
720 898 945 962 prastat
986 892 1042 946 in
1084 890 1249 960 bello,
1284 906 1474 949 verum
1517 900 1574 950 et
1612 892 1868 965 produxit

270 986 492 1051 tempus
521 980 649 1051 diei,
672 988 728 1038 et
755 982 932 1054 spatia
962 982 1103 1040 lucis
1130 983 1426 1057 protelans,
1467 984 1761 1042 adventum
1788 982 1867 1043 di-

268 1072 447 1127 scutit
470 1073 688 1140 noctis;
726 1076 875 1131 unde
899 1075 1144 1146 sequitur
1170 1094 1186 1131 :

343 1162 529 1236 (1311).)
556 1181 576 1216 ς
610 1164 762 1221 Tunc
789 1165 1003 1223 locutus
1028 1175 1113 1223 est
1136 1164 1300 1226 Josue
1317 1168 1548 1227 Domino
1566 1170 1621 1226 in
1647 1169 1735 1227 die
1759 1184 1865 1242 qua

273 1270 294 1305 ι
330 1254 564 1313 tradidit
583 1255 960 1315 Amorrhteum
992 1262 1048 1316 in
1078 1272 1374 1334 conspectu
1411 1262 1646 1320 ﬁliorum
1672 1263 1865 1333 Israel,

275 1362 295 1397 ι
330 1344 582 1420 dixitque
604 1363 789 1406 coram
812 1353 892 1408 eis
916 1371 929 1407 :
954 1351 1065 1419 Sol,
1091 1363 1281 1411 contra
1304 1355 1530 1413 Gabaon
1552 1372 1623 1414 ne
1650 1373 1868 1416 movea-

276 1454 297 1489 ι
328 1438 431 1507 ris,
468 1447 523 1495 et
550 1439 700 1510 luna,
735 1452 924 1499 contra
962 1444 1158 1501 vallem
1184 1447 1434 1504 Ahialon.
1478 1447 1869 1522 Steteruntque

276 1544 298 1580 ε
333 1528 416 1585 sol
444 1537 514 1608 et;
525 1528 678 1586 luna.
703 1530 895 1591 Nonne
919 1537 1180 1610 scriptum
1203 1549 1288 1596 est
1310 1540 1416 1597 hoc
1452 1543 1508 1597 in
1532 1540 1672 1598 libro
1693 1540 1869 1612 justo-

273 1635 296 1673 ι
332 1618 496 1677 rum?
528 1620 696 1680 Stetit
724 1626 907 1697 itaque
934 1629 1017 1686 sol
1038 1629 1093 1685 in
1114 1630 1293 1687 medio
1325 1630 1469 1700 caeli,
1499 1640 1554 1688 et
1578 1650 1687 1689 non
1714 1633 1867 1692 festi-

268 1725 295 1762 u
332 1710 487 1767 navit
510 1715 835 1772 occumbere
872 1719 1048 1789 spatio
1076 1719 1239 1776 unius
1273 1721 1401 1777 diei.
1450 1720 1567 1780 Non
1599 1722 1701 1779 fuit
1741 1732 1867 1782 ante

1968 536 2111 589 sum,
2136 518 2402 589 audiunn,
2433 528 2673 592 gustum,
2709 528 2936 588 tactum,
2970 520 3294 591 odoratum;
3326 538 3426 594 per
3468 525 3565 582 ali-

1968 628 2131 686 quem
2155 615 2358 671 etenim
2385 615 2581 671 horum
2607 628 3049 685 unumquemque
3086 630 3315 673 necesse
3355 626 3443 673 est
3469 619 3561 675 de

1969 707 2154 763 cidere
2176 708 2233 763 in
2257 717 2561 778 peccatum.
2587 708 2839 780 Quinque
2867 723 3060 769 senats
3081 710 3324 781 quinque
3344 709 3454 767 illis
3475 726 3563 767 re-

1968 801 2126 874 gibus
2144 810 2553 872 comparantur,
2582 805 2677 874 qui
2712 801 3069 871 Gabaonitas,
3099 803 3156 862 id
3180 811 3287 872 est,
3308 804 3562 861 carnales

1967 891 2236 960 hemines,
2258 891 2596 967 impugnant.

2038 988 2219 1060 (lem)
2255 1005 2274 1040 ι
2302 988 2584 1060 Fugerunt
2611 991 2757 1046 enim
2779 992 3021 1062 quinque
3058 1005 3239 1062 rcges,
3267 998 3323 1046 et
3347 1005 3407 1045 se
3435 990 3561 1047 abs-

1975 1095 1995 1130 (
2031 1077 2333 1133 conderunt
2360 1080 2413 1133 in
2464 1080 2719 1150 spelunca
2771 1080 2926 1136 urbis
2947 1079 3189 1136 Maceda.
3214 1078 3558 1135 Nuntiatum-

1975 1185 1995 1219 ι
2027 1183 2134 1239 que
2177 1176 2261 1225 est
2285 1167 2448 1225 Josue
2478 1173 2621 1239 quod
2662 1171 2869 1227 inventi
2915 1178 3098 1226 essent
3126 1172 3364 1243 quinque
3401 1186 3560 1243 reges

1972 1278 1995 1315 ι
2028 1261 2258 1319 latentes
2283 1263 2343 1319 in
2374 1263 2632 1333 spelunca
2680 1262 2919 1320 Maceda.
2952 1262 3055 1330 Qui
3081 1264 3339 1333 praecepit
3372 1263 3559 1330 sociis,

1972 1369 1994 1405 ι
2029 1360 2089 1408 et
2113 1353 2235 1408 ait:
2264 1354 2475 1411 Volvite
2525 1369 2658 1411 saxa
2691 1354 2930 1425 ingentia
2970 1354 3041 1409 ad
3064 1369 3126 1409 os
3173 1354 3461 1422 speluncae,
3505 1360 3562 1408 et

1975 1462 1995 1496 ι
2030 1444 2216 1515 ponite
2250 1446 2399 1501 viros
2437 1445 2736 1501 industrios
2787 1446 2882 1516 qui
2924 1444 3137 1501 clausos
3173 1444 3500 1511 custodiant,
3533 1464 3553 1497 ι

1964 1544 2025 1591 et
2066 1542 2286 1591 caetera.
2330 1536 2489 1603 Quod
2533 1520 2715 1593 autem
2739 1537 2995 1594 dicuntur
3043 1538 3102 1592 in
3140 1536 3414 1608 speluncae
3439 1536 3561 1593 loco

1964 1612 2298 1699 con-fugisse,
2324 1636 2506 1700 potest
2548 1630 2653 1686 hoc
2696 1627 2930 1685 fortasse
2979 1628 3227 1697 indicari,
3273 1628 3401 1699 quia
3430 1643 3557 1700 spe-

1965 1718 2127 1776 lunca
2154 1720 2306 1777 locus
2328 1730 2414 1778 est
2453 1722 2509 1777 in
2535 1722 2863 1793 profundum
2890 1729 3052 1779 terra
3082 1721 3352 1778 defossus.
3389 1721 3563 1793 Igitur

270 1818 295 1854 ι
332 1811 390 1859 et
417 1812 609 1875 postea
643 1816 756 1862 tam
802 1806 966 1882 longa
1006 1810 1141 1880 dies,
1170 1814 1456 1871 obediente
1490 1816 1720 1873 Domino
1744 1817 1867 1874 voci
1892 1811 1944 1874 Β
1969 1814 2138 1869 etiam
2179 1814 2271 1869 isti
2313 1829 2451 1886 quos
2500 1830 2666 1887 supra
2714 1816 3066 1887 exposuimus
3104 1830 3319 1881 sensus,
3349 1827 3562 1879 cumse

270 1914 291 1949 α
328 1896 587 1965 hominis,
620 1909 677 1956 et
704 1912 981 1974 pugnante
1026 1920 1128 1977 pro
1157 1904 1342 1965 Israel.
1374 1904 1756 1981 Reversusque
1780 1918 1869 1967 est

268 2004 290 2039 ι
329 1986 496 2045 Josue
540 2006 666 2046 cum
714 1995 862 2050 omni
888 1994 1053 2051 lsrael
1083 1997 1140 2053 in
1188 2007 1364 2055 castra
1410 1998 1665 2071 Galgalae.
1698 2018 1718 2056 ›
1757 2000 1866 2074 (Ea:

267 2080 501 2154 eodem.)
531 2081 794 2143 Volumus
833 2103 984 2161 ergo,
1017 2090 1063 2145 si
1085 2105 1398 2161 possumus,
1421 2095 1710 2151 ostendere
1730 2110 1866 2167 quo—

260 2172 433 2227 modo
462 2172 727 2233 Dominus
754 2188 942 2235 noster
978 2178 1137 2237 Iesus
1187 2185 1538 2254 protelaverit
1576 2185 1774 2255 lucem,
1809 2195 1866 2244 et

256 2262 531 2334 majorem
552 2268 747 2326 fecerit
779 2271 947 2341 diem,
977 2274 1061 2330 vel
1100 2292 1201 2347 pro
1225 2278 1398 2334 salute
1439 2267 1744 2348 hominum,
1775 2282 1866 2339 vel

261 2370 366 2428 pro
393 2356 617 2417 interitu
645 2366 1049 2422 contrariarum
1075 2368 1361 2426 virtutum.
1392 2370 1475 2427 Ex
1500 2389 1609 2444 quo
1642 2374 1864 2431 advenit

254 2445 541 2518 Salvator,
584 2452 711 2511 ﬁnis
752 2466 872 2512 erat
899 2458 1264 2531 mundi;jam
1291 2463 1525 2535 denique
1567 2465 1684 2538 ipse
1716 2464 1863 2524 dice-

255 2538 361 2635 bat
392 2559 406 2598 :
445 2564 464 2598 ι
499 2543 883 2608 Poenitentiam
933 2555 1097 2625 agite,
1126 2559 1579 2631 appropinquavit
1631 2577 1862 2635 regnum

257 2630 527 2691 caelorum
557 2637 776 2710 (Matth.
805 2640 910 2717 nr).
948 2665 969 2699 ι
1004 2644 1073 2701 Ει
1125 2646 1298 2704 tenuit
1330 2638 1387 2705 et
1416 2630 1860 2722 repressit'diem

257 2728 770 2799 consummationis,
809 2742 866 2790 et
894 2734 1413 2810 adesseprohibuit.
1469 2741 1660 2800 Videris
1712 2745 1860 2800 enim

252 2816 406 2878 Deus
431 2819 599 2880 Pater
619 2824 848 2882 salutem
884 2828 1128 2901 gentium
1151 2846 1249 2901 per
1272 2831 1450 2903 ipsum
1480 2832 1653 2889 solum
1696 2848 1860 2905 posse

256 2921 539 2983 constare,
580 2914 714 2973 dicit
763 2917 833 2975 ad
859 2936 982 2977 eum
1017 2940 1030 2976 :
1062 2940 1082 2974 ι
1114 2921 1248 2979 Pete
1285 2938 1318 2979 a
1356 2941 1462 2991 me,
1490 2932 1547 2981 et
1584 2926 1725 2984 dabo
1760 2928 1858 2985 tibi

254 3012 452 3077 gentes
474 3006 852 3068 haereditatem
876 3022 1051 3083 tuam,
1076 3023 1129 3071 et
1152 3019 1551 3087 possessionem
1580 3028 1732 3076 tuam
1752 3030 1861 3078 ter-

1967 1907 2207 1962 terrenis
2253 1908 2467 1963 actibus
2511 1908 2570 1963 in
2614 1923 2844 1978 corpore
2895 1908 3057 1978 positi
3096 1906 3478 1972 demerserint,
3505 1912 3562 1961 et

1967 1997 2105 2053 nihil
2131 1997 2201 2052 ad
2226 2013 2366 2069 opus
2396 1998 2513 2066 Dei,
2540 1999 2636 2056 sed
2655 2006 2831 2055 totum
2858 1998 2927 2054 ad
2973 1998 3341 2056 ministerium
3370 2010 3561 2068 corpo-

1968 2090 2048 2145 ris
2073 2092 2306 2162 egerint,
2328 2092 2385 2146 in
2414 2092 2704 2163 speluncas
2726 2090 3043 2163 confugisse
3070 2091 3342 2148 dicuntur.
3373 2089 3560 2146 Scien-

1964 2179 2097 2236 dum
2132 2189 2319 2238 tamen
2344 2189 2434 2239 est
2460 2187 2605 2254 quod
2645 2184 2751 2240 ista
2795 2184 2912 2255 ipsa
2937 2198 3127 2256 regna,
3158 2199 3391 2254 quorum
3416 2196 3561 2238 nunc

1964 2285 2123 2343 reges
2148 2274 2440 2330 vincuntur
2462 2276 2532 2331 ab
2557 2274 2687 2332 Iesu
2726 2285 2787 2332 et
2806 2275 3129 2348 confugiunt
3154 2276 3224 2332 ad
3250 2277 3557 2347 speluncas,

1960 2365 2311 2436 postmodum
2342 2366 2398 2421 in
2440 2374 2644 2423 sortem
2690 2367 2917 2423 veniunt
2945 2376 3283 2433 sanctorum,
3334 2374 3390 2423 et
3429 2380 3560 2438 pars

1965 2457 2182 2535 Domni
2232 2457 2593 2528 appellantur,
2639 2459 2783 2515 sicut
2830 2474 3054 2532 regnum
3102 2458 3427 2525 Jerusalem,
3475 2456 3561 2513 vel

1963 2548 2151 2617 nobis,
2178 2549 2261 2603 vel
2284 2550 2488 2606 Ebron.
2514 2550 2574 2606 In
2598 2566 2708 2622 quo
2746 2551 2853 2609 hoc
2876 2551 3118 2617 arbitror
3162 2549 3393 2607 indicari
3415 2548 3561 2621 quod

1912 2674 1919 2681 -
1960 2642 2130 2699 etiam
2155 2640 2247 2697 isti
2272 2644 2519 2712 quinque
2560 2656 2754 2701 sensus
2792 2658 2935 2714 quos
2982 2658 3145 2715 supra
3181 2641 3557 2713 exposuimus,

1906 2754 1913 2759 ε
1957 2734 2017 2792 in
2069 2748 2299 2806 corpore
2340 2735 2525 2807 positi,
2552 2750 2677 2792 eun
2727 2750 2829 2808 per
2858 2735 3045 2792 Iesum
3083 2735 3289 2791 fuerint
3335 2734 3557 2801 devicti,

1960 2827 2038 2884 ita
2066 2836 2128 2883 ut
2166 2826 2463 2885 inﬁdelitas
2509 2829 2583 2885 ab
2623 2828 2705 2884 eis
2750 2836 2807 2883 et
2854 2826 3208 2885 incredulitas
3233 2826 3554 2896 depellatur,

1960 2922 2018 2976 et
2066 2919 2499 2975 commoriantur
2538 2928 2787 2989 peccato,
2819 2919 2874 2974 in
2912 2931 2980 2973 eo
3024 2918 3171 2988 quod
3218 2916 3474 2974 desinunt
3524 2931 3559 2972 a

1954 3010 2267 3065 ministerio
2293 3048 2310 3076 ,
2375 3009 2617 3080 peccatis
2678 3009 2813 3078 ipsis
2881 3007 3227 3080 postmodum
3294 3006 3558 3063 ministris

255 3098 441 3154 minos
468 3106 627 3157 terra:
658 3096 833 3175 (Psal.
870 3106 956 3179 ιι).
995 3126 1015 3159 ι
1048 3104 1233 3165 Donec
1278 3126 1406 3183 ergo
1433 3120 1662 3182 paterna
1693 3112 1855 3183 polli-
1892 3175 1927 3183 _
1957 3103 2134 3160 utitur
2186 3102 2369 3156 anima
2416 3102 2491 3157 ad
2526 3101 2859 3172 operandam
2894 3098 3166 3169 justitiam
3206 3098 3324 3154 Dei.
3373 3097 3453 3153 Ita
3497 3096 3558 3153 ﬁt

255 3189 451 3247 citatio
494 3195 831 3266 compleatur
870 3175 1151 3269 Ecclesiae,
1181 3210 1235 3257 et
1266 3175 1495 3260 diversis
1543 3175 1854 3263 nationibus

1957 3203 2021 3251 ut
2056 3193 2377 3261 Ierusalem,
2422 3193 2479 3249 in
2522 3207 2633 3264 qua
2670 3192 2833 3265 pr'ms
2858 3206 2954 3248 rex
2992 3204 3235 3262 nequam
3288 3189 3558 3262 regnabat

255 3291 494 3351 crescat,
524 3293 687 3358 atque
712 3287 950 3345 introeat
974 3298 1089 3346 tota
1117 3292 1361 3363 gentium
1390 3292 1703 3361 multitudo,
1726 3303 1855 3352 tunc

254 3364 481 3430 demum
528 3380 708 3438 omnis
755 3376 926 3438 Israel
964 3384 1204 3441 salvetur
1236 3405 1249 3442 :
1277 3385 1394 3443 dies
1429 3387 1768 3458 producitur,
1800 3396 1857 3446 et

253 3462 511 3522 differtur
530 3484 795 3540 occasus;
821 3488 923 3529 nec
942 3491 1183 3545 unquam
1205 3478 1284 3533 sol
1305 3481 1580 3546 occubuit,
1597 3483 1694 3537 sed
1711 3498 1856 3538 sem-

251 3569 358 3627 per
393 3557 588 3627 oritur,
615 3558 742 3616 dum
771 3560 1112 3620 credentium
1137 3564 1396 3623 cordibus
1422 3567 1503 3624 sol
1524 3566 1751 3638 iustitiae
1772 3569 1854 3626 lu-

252 3661 385 3704 men
412 3649 660 3709 veritatis
686 3652 940 3712 infundit.
963 3654 1100 3712 Cum
1126 3673 1256 3715 vero
1282 3658 1486 3731 repleta
1512 3658 1676 3716 fuerit
1694 3678 1854 3719 men-

252 3751 388 3794 sura
433 3738 796 3815 credentium,
838 3756 895 3803 et
932 3742 1171 3806 deterior
1206 3747 1325 3822 jam
1352 3767 1419 3808 ac
1468 3750 1689 3809 decolor
1719 3763 1853 3814 aetas

252 3826 463 3887 ultima:
483 3830 850 3906 generationis
882 3836 1185 3909 advenerit,
1217 3856 1340 3898 cum
1379 3841 1720 3901 increscente
1749 3844 1851 3902 ini-

249 3921 468 3994 quitate
508 3926 826 4001 refrigescet
861 3928 1104 3990 Charitas
1142 3933 1458 4002 multorum,
1501 3945 1556 3992 et
1586 3939 1851 4009 perpauci

252 4017 621 4075 remanserint
672 4021 731 4078 in
781 4021 980 4095 quibus
1006 4025 1140 4083 ﬁdes
1189 4024 1517 4096 inveniatur,
1568 4036 1697 4085 tunc
1732 4029 1850 4102 jam

242 4102 652 4167 'breviabuntur
692 4112 830 4172 dies.
853 4114 1002 4174 Idem
1042 4116 1211 4190 igitur
1254 4128 1417 4189 atque
1447 4118 1562 4190 ipse
1586 4116 1851 4179 Dominus

244 4192 405 4256 novit
430 4209 486 4256 et
523 4204 819 4264 extendere
843 4200 988 4265 diem
1022 4226 1149 4266 cum
1182 4208 1378 4266 salutis
1422 4218 1505 4265 est
1534 4217 1769 4282 tempus,
1792 4219 1850 4268 et

240 4286 500 4352 "breviare
515 4292 678 4367 diem,
697 4307 755 4356 et
771 4301 1091 4373 producitur
1116 4302 1273 4359 nobis
1302 4303 1534 4375 spatium
1559 4300 1716 4371 lucis,
1741 4304 1848 4362 sic-

248 4391 308 4438 ut
357 4385 417 4442 in
446 4388 534 4445 die
562 4390 791 4450 honeste
820 4396 1161 4454 ambulemus
1192 4404 1249 4453 et
1287 4413 1454 4468 opera
1484 4392 1622 4455 lucis
1656 4412 1847 4472 opere-

247 4487 390 4565 mur.
440 4476 550 4534 Sed
575 4489 632 4535 et
657 4482 790 4540 illud
811 4485 1093 4544 videamus
1120 4488 1252 4561 quid
1297 4489 1370 4544 sit
1407 4490 1649 4561 quinque
1685 4502 1845 4565 reges

1952 3296 2014 3346 et
2041 3289 2331 3359 pessimus,
2358 3288 2706 3359 postmodum
2735 3287 2794 3343 in
2824 3298 2892 3343 ea
2940 3293 3132 3357 regnet
3159 3283 3330 3340 David
3360 3291 3553 3355 potens

1954 3394 2144 3449 manu,
2172 3388 2230 3438 et
2256 3378 2520 3451 paciﬁcus
2567 3378 2847 3435 Salomon.
2872 3377 3134 3436 Assident
3168 3375 3374 3434 etenim
3416 3376 3553 3447 ipsis

1955 3471 2143 3536 etiam,
2186 3485 2325 3541 quos
2356 3484 2521 3541 supra
2562 3469 2821 3536 diximus,
2849 3467 3225 3540 corporalibus
3276 3468 3548 3536 sensibus,

1954 3558 2239 3618 hominum
2256 3563 2509 3632 malignae
2525 3560 2776 3626 virtutes,
2798 3574 2923 3630 quae
2940 3574 3041 3615 eos
3055 3559 3124 3614 ad
3148 3558 3324 3615 malas
3344 3572 3550 3616 concu-

1946 3651 2251 3723 piscentias
2271 3660 2324 3707 et
2348 3650 2495 3707 iceda
2525 3649 2830 3706 ministeria
2852 3649 3052 3706 animat
3087 3649 3381 3720 praebendo
3402 3651 3553 3708 nulli-

1952 3741 2127 3799 citent
2150 3754 2167 3797 :
2190 3754 2328 3814 quas
2364 3741 2640 3814 malignas
2660 3740 2893 3796 virtutes
2910 3740 2959 3797 si
2990 3739 3134 3797 ﬁdes
3160 3739 3372 3798 (Πιιήιή
3388 3752 3552 3813 supe-

1950 3834 2183 3904 raverit,
2207 3840 2265 3892 et
2300 3830 2360 3890 in
2394 3833 2549 3907 ligno
2572 3832 2757 3890 crucis
2797 3830 2919 3902 eius
2938 3830 3153 3889 fuerint
3186 3832 3552 3904 suspensi,.ut

1953 3924 2025 3984 de
2052 3924 2185 3998 ipsis
2220 3925 2521 3999 triumphet
2560 3926 2617 3981 in
2649 3924 2826 3996 ligno;
2851 3932 2912 3980 et
2946 3925 3003 3979 in
3028 3923 3178 3996 ligno
3220 3923 3404 3981 erucis
3428 3939 3547 3981 suae

1950 4014 2300 4089 interemptis
2347 4017 2457 4085 his,
2492 4028 2774 4091 regnoque
2822 4015 3087 4088 dquis,
3142 4020 3275 4072 tunc
3316 4015 3549 4073 uﬁcitur

1952 4112 2135 4168 anima
2171 4110 2227 4165 in
2248 4118 2405 4182 parte
2422 4106 2544 4177 Dei,
2570 4116 2702 4165 tunc
2726 4100 3029 4164 Ierusalem
3056 4120 3282 4180 regnum
3302 4107 3402 4164 Dei
3432 4107 3548 4163 eni-

1954 4203 2116 4269 citur,
2141 4210 2196 4257 ct
2232 4200 2491 4272 templum
2515 4200 2576 4255 in
2601 4212 2671 4256 ea
2691 4200 2921 4256 Domino
2944 4201 3299 4257 construitur.
3331 4199 3415 4256 An
3434 4216 3548 4257 non

1949 4290 2058 4350 hoc
2086 4290 2153 4349 de
2190 4291 2481 4363 semetipso
2536 4288 2805 4347 sentiebat
2824 4288 2925 4348 ille
2962 4292 3056 4363 qui
3095 4292 3330 4359 dicebat,
3359 4310 3380 4344 ‹
3412 4293 3544 4364 quia

1951 4396 2172 4444 eramus
2200 4397 2258 4443 et
2279 4397 2381 4443 nos
2406 4384 2697 4458 aliquando
2731 4384 3016 4450 insensati,
3038 4383 3329 4450 increduli,
3350 4397 3547 4441 einu-

1946 4486 2053 4547 tes,
2091 4488 2146 4537 et
2188 4480 2490 4536 servientes
2524 4476 2808 4535 desideriis
2848 4484 2910 4533 et
2949 4473 3317 4546 voiuptatibus
3342 4476 3544 4535 variis?

246 4554 475 4637 fugisse,
506 4576 563 4625 et
590 4568 691 4628 hos
718 4573 775 4628 in
805 4554 1480 4651 speluncam-confugisse.
1520 4554 1676 4653 Saepe
1700 4554 1842 4640 dini-

1957 4570 2079 4645 (Tz't.
2111 4570 2219 4644 III.)
2246 4586 2268 4624 δ
2298 4569 2419 4626 Non
2444 4570 2591 4625 enim
2642 4566 2790 4623 aliud
2815 4574 2901 4623 est
2932 4567 3037 4622 hoc
3065 4564 3211 4638 quod
3232 4564 3542 4624 Jerusalem

247 4670 372 4712 mus
414 4656 687 4731 duplicem
726 4676 851 4720 esse
888 4664 1319 4723 Christianorum
1350 4685 1588 4743 pugnam
1622 4690 1635 4727 :
1662 4670 1841 4743 perie-
1949 4662 2241 4736 aliquando
2267 4662 2368 4721 sub
2400 4677 2528 4735 rege
2552 4661 2721 4719 fuisse
2744 4658 3117 4719 Adon'ibezeth
3142 4662 3427 4729 scribitur,
3456 4664 3543 4719 vel

246 4748 351 4804 etis
381 4750 601 4818 quidem
643 4761 698 4809 et
745 4754 944 4813 talibus
971 4756 1149 4831 qualis
1179 4768 1299 4816 erat
1318 4756 1520 4819 Paulus
1562 4764 1839 4834 apostolus
1946 4754 2070 4816 alite
2096 4757 2344 4814 civitates
2387 4756 2487 4815 sub
2516 4754 2672 4829 aliis;
2696 4752 2797 4813 sed
2818 4754 3042 4811 interim
3084 4751 3245 4813 Iesus
3279 4755 3541 4813 interﬁcit

243 4842 339 4911 qui
363 4841 536 4910 dicit:
566 4862 587 4897 ε
619 4844 741 4904 Non
759 4858 880 4907 erat
900 4851 981 4909 eis
1026 4868 1209 4925 pugna
1236 4854 1500 4912 adversus
1535 4870 1757 4915 carnem
1784 4867 1841 4916 et

243 4937 591 5009 sanguinem,
619 4942 717 4999 sed
758 4944 1021 5002 adversus
1059 4948 1399 5021 principatus
1424 4956 1482 5006 et
1514 4958 1833 5023 poteStates,

245 5032 508 5091 adversus
534 5038 723 5094 mundi
748 5038 911 5112 hujus
935 5050 1175 5099 rectores
1223 5043 1595 5114 tenebrarum,
1624 5054 1681 5101 et
1720 5047 1835 5118 spi-

246 5121 704 5199 ritalia-nequitiae
729 5129 787 5205 in
815 5130 1129 5189 ctelestibus
1173 5132 1335 5207 (Eph.
1364 5133 1464 5209 vr).
1501 5155 1522 5190 ι
1559 5135 1837 5195 Inferiori-

242 5212 349 5273 bus
368 5234 501 5278 vero
547 5228 605 5279 et
634 5222 874 5281 nondum
910 5224 1199 5297 perfectis.
1226 5242 1407 5300 pugna
1434 5230 1612 5285 adhuc
1640 5230 1835 5287 adver-

246 5317 343 5365 sus
368 5324 671 5389 carneme
688 5316 1009 5389 sanguinem
1022 5318 1251 5390 geritur,
1284 5318 1371 5375 his
1396 5318 1494 5391 qui
1515 5320 1694 5378 adhuc
1712 5337 1835 5378 car-
1882 5364 1889 5372 .

248 5400 460 5461 noiibus
696 5415 756 5465 et
798 5408 1184 5482 fragilitatibus
1226 5412 1635 5485 impugnantur,
1678 5415 1834 5485 quod

248 5492 412 5555 etiam
431 5496 491 5554 in
516 5497 621 5556 hoc
664 5500 786 5559 loco
1080 5510 1235 5576 puto.
1266 5504 1481 5560 Etenim
1512 5502 1832 5563 Gabaonitis

222 5580 510 5646 ~hdiotum
560 5606 686 5650 esse
718 5608 753 5648 a
796 5596 1039 5668 quinque
1084 5596 1304 5669 regibus
1334 5596 1571 5655 diximus
1600 5597 1830 5665 bellum,

248 5688 480 5745 mrum
504 5683 736 5757 ﬁguram
764 5686 876 5744 dixi
895 5703 1017 5746 esse
1041 5689 1211 5746 inhis
1232 5689 1327 5760 qui
1359 5689 1665 5763 imperfecti
1682 5700 1829 5748 sunt.

254 5763 349 5831 Isti
386 5788 517 5848 ergo
544 5792 578 5839 a
616 5776 857 5853 quinque
894 5781 1113 5855 regibus
1151 5783 1555 5858 impugnantur.
1582 5782 1840 5863 Quinque.
1870 5862 1878 5867 .

1944 4846 2235 4920 inimicos,
2264 4862 2376 4907 non
2420 4847 2796 4906 crudelitatem
2846 4845 3047 4904 docens
3076 4859 3182 4918 per
3218 4847 3347 4913 hoc,
3392 4844 3540 4904 sicut

1938 4923 2187 5001 haeretici
2206 4948 2420 5015 putant,
2452 4939 2549 4999 sed
2577 4934 2837 4996 futurain
2866 4936 2953 4997 his
2981 4952 3104 5012 quas
3136 4944 3333 5011 gerunt
3353 4940 3538 4995 sacra-

1944 5046 2130 5094 menta
2160 5034 2448 5109 designans
2475 5043 2576 5091 :ut
2616 5045 2746 5090 cum
2766 5028 3107 5091 interimeret
3134 5031 3292 5089 Iesus
3310 5044 3414 5088 eos
3442 5046 3535 5086 re-

1941 5146 2039 5204 ges
2074 5127 2167 5200 qui
2194 5141 2422 5200 regnum
2446 5122 2658 5199 peccati
2682 5130 2872 5181 tenent
2894 5123 2950 5179 in
2977 5121 3154 5188 nobis,
3173 5120 3449 5193 possimus
3471 5122 3537 5176 il-

1936 5218 2035 5281 lud
2066 5220 2291 5294 implere
2339 5220 2481 5293 quod
2512 5214 2650 5277 dixit
2674 5214 2966 5291 Apostolus
2994 5234 3008 5271 :
3040 5233 3062 5269 (
3092 5212 3248 5271 Sicut
3270 5213 3530 5271 exhibui-

1938 5334 2065 5377 mus
2101 5316 2346 5374 membra
2373 5323 2561 5373 nostra
2607 5310 2813 5371 servire
2860 5308 3133 5381 iniquitati
3167 5304 3256 5389 ad.
3277 5307 3532 5378 iniquita-

1941 5416 2074 5475 tem,
2112 5408 2187 5464 ita
2234 5424 2379 5464 nunc
2407 5404 2760 5463 exhibeamus
2807 5401 3053 5458 membra
3092 5407 3282 5456 nostra
3320 5397 3531 5456 servire

1930 5492 2158 5573 iustitiae.
2185 5501 2254 5557 ad
2274 5498 2717 5574 justiﬁcationem
2740 5488 2919 5569 (Rom.
2945 5495 3044 5568 γι).
3081 5513 3101 5549 ι
3128 5491 3270 5562 Quid
3288 5504 3426 5564 ergo
3445 5500 3530 5549 est

1939 5596 2085 5669 quod
2119 5596 2186 5652 ab
2229 5596 2309 5650 eis
2334 5592 2443 5651 hoc
2464 5588 2589 5648 loco
2614 5589 2761 5645 velut
2811 5587 3031 5645 credule
3069 5586 3351 5658 culpatur?
3388 5577 3525 5653 ﬁde,

1938 5689 2138 5762 inquit,
2189 5688 2452 5757 scriptum
2502 5690 2585 5739 est
2616 5680 2846 5736 :Ponite
2894 5678 3059 5751 pedes
3106 5686 3317 5736 vestros
3364 5674 3527 5747 super

1937 5784 2137 5844 collum
2166 5796 2372 5856 eorum,
2423 5785 2481 5845 et
2526 5773 2817 5839 interﬁcite
2845 5788 2959 5849 eos,
2986 5782 3222 5855 namque
3252 5772 3362 5837 hoc
3415 5778 3525 5851 non
