3930 6344
485 323 654 403 1047'

1153 335 1214 388 B.
1255 330 1508 389 RABANI
1543 327 1764 390 MAURI
1799 325 2116 385 ARCIIIEP.
2155 325 2463 387 MOGUN’I‘.
2502 325 2786 386 OI’ERUM
2823 326 3004 384 PARS
3039 325 3082 381 I.

3595 331 3728 389 1048

477 458 787 521 crudelitas,
824 453 920 510 sed
968 451 1278 508 humanitas
1322 458 1375 506 et
1403 447 1709 518 benignitas
1759 441 2052 500 invenitur.
2083 447 2138 510 Α
2165 461 2185 495 ε
2215 443 2380 500 israel
2407 464 2419 500 :
2450 452 2936 515 percusseruntque
2983 441 3171 498 urbem
3224 441 3279 496 in
3327 455 3427 498 ore
3455 439 3640 515 gladii,
3682 459 3729 504 et

477 557 694 614 Utinam
726 551 869 606 enim
900 557 958 604 tu
993 547 1119 602 talis
1171 559 1319 601 esses
1350 544 1440 615 qui
1468 556 1696 615 poneres
1723 540 1885 610 pedes
1932 545 2055 593 tuos

475 659 638 718 super
658 647 939 713 serpentes
962 648 1017 696 et
1063 637 1392 707 scorpiones,
1421 643 1475 690 et
1515 649 1679 703 super
1705 645 1918 688 omnem
1945 629 2056 684 vir-

476 745 647 793 tutem
676 731 902 799 inimici,
930 739 985 788 et
1012 729 1358 788 conculcares
1389 726 1598 782 leonem
1643 732 1697 781 et
1743 724 2052 788 draconem,

474 813 529 884 et
556 825 866 882 basiliscum
895 821 1142 894 regulum
1173 821 1266 891 qui
1297 818 1586 887 aliquando
1613 816 1860 888 regnavit
1894 814 1948 868 in
1977 822 2052 878 te,

474 927 531 976 et
561 917 787 973 nutrivit
825 916 880 970 in
911 923 964 971 te
1002 927 1223 984 regnum
1261 908 1467 979 peccati
1499 923 1514 962 :
1541 914 1622 973 ut,
1671 905 1777 960 illis
1804 905 2054 959 omnibus

474 1009 845 1080 interremptis
872 1005 965 1077 qui
990 1007 1044 1060 in
1069 1013 1124 1060 te
1149 1003 1447 1074 regnabant
1472 1013 1634 1070 opere
1653 999 1884 1070 peccati,
1907 996 2054 1054 solus

473 1103 531 1160 in
557 1111 610 1158 te
640 1109 829 1173 regnet
849 1099 1004 1155 Iesus
1027 1096 1286 1153 Dominus
1314 1103 1517 1149 noster.

1078 1208 1304 1266 CAPUT
1343 1206 1429 1262 IV.

470 1309 757 1382 Deipugna
798 1307 959 1362 Iosue
989 1312 1173 1382 contra
1202 1303 1380 1382 urbem
1428 1297 1727 1363 Macedam,
1772 1305 1834 1380 et.
1870 1300 2052 1380 contra

544 1368 809 1443 L'enutem,
839 1386 886 1432 et
913 1384 1092 1429 contra
1140 1372 1389 1437 Asedoth,
1423 1387 1553 1440 quas
1602 1369 1854 1438 percussit
1881 1368 1936 1420 in
1965 1380 2053 1420 ore

541 1451 725 1520 εμαάῆ.

540 1565 718 1639 (Iern)
751 1586 769 1618 ι
806 1565 1008 1621 Eodem
1034 1564 1120 1619 die
1144 1561 1398 1616 Macedan
1429 1573 1645 1632 quoque
1696 1554 1838 1626 cepit
1865 1552 2048 1618 Iosue,

472 1677 493 1714 ι
525 1667 581 1716 et
608 1659 876 1730 percussit
905 1658 960 1712 in
1002 1673 1095 1712 ore
1124 1652 1306 1726 gladii,
1333 1666 1620 1723 regemque
1649 1649 1793 1703 illius
1824 1643 2050 1700 interfe-

469 1769 493 1807 ι
528 1753 622 1817 cit,
673 1759 728 1806 et
775 1764 962 1805 omnes
994 1747 1324 1802 habitatores
1350 1742 1483 1810 ejus.
1514 1740 1630 1794 Non
1670 1736 1873 1793 dimisit
1899 1735 1954 1789 in
1985 1749 2050 1788 ea

471 1865 492 1900 ι
530 1846 722 1902 saltem
751 1858 946 1914 parvas
969 1841 1104 1911 reliq

467 1947 751 2011 geruntur,
805 1943 860 1990 et
903 1949 1090 2005 regum
1131 1941 1291 2001 atque
1333 1928 1569 1983 hostium
1617 1931 1847 1993 strages,
1881 1921 2046 1975 coele-

466 2029 632 2085 stium
660 2043 840 2083 rerum
871 2025 1076 2080 umbrae
1103 2031 1366 2095 typusque
1388 2033 1506 2075 esse
1532 2015 1758 2071 dicenda
1789 2021 1931 2095 sunt,
1963 2026 2050 2067 eo-

463 2137 586 2178 rum
628 2122 892 2175 duntaxat
915 2093 1183 2172 bellorum
1221 2112 1435 2185 quando
1461 2117 1644 2165 noster
1672 2093 1932 2162 Dominus
1961 2100 2051 2159 Ie-

463 2207 557 2270 sds
581 2229 703 2268 cum
731 2227 829 2266 suo
859 2209 1102 2265 exercitu
1137 2215 1192 2262 et
1214 2203 1645 2277 magistratibus,
1686 2198 1741 2253 id
1798 2205 1898 2263 est,
1930 2208 2050 2250 cre-

465 2307 705 2362 dentium
741 2303 952 2376 populis
998 2310 1161 2371 atque
1207 2313 1397 2354 eorum
1427 2294 1677 2360 ducibus,
1717 2297 1906 2347 contra
1939 2287 2050 2343 dia-

463 2399 649 2454 bolum
684 2405 738 2452 et
775 2396 891 2464 ejus
931 2394 1151 2463 angelos
1186 2391 1483 2462 pmliatur.
1513 2387 1630 2457 Ipse
1669 2384 1812 2439 enim
1843 2391 1927 2439 est
1955 2381 2049 2452 qui

462 2492 522 2548 in
547 2489 712 2545 Paulo
747 2499 802 2544 et
826 2489 880 2542 in
907 2485 1154 2557 Ephesiis
1193 2481 1470 2554 pugnabat
1494 2479 1750 2532 adversus
1778 2474 2051 2548 principa-

462 2591 552 2638 tus
577 2590 631 2638 et
652 2587 968 2653 potestates,
1000 2585 1053 2633 et
1073 2561 1314 2632 rectores
1339 2572 1682 2626 tenebrarum
1709 2568 1924 2632 harum,
1961 2562 2050 2619 ad-

463 2688 656 2750 versus
684 2668 985 2742 spiritualia
1030 2664 1284 2737 nequitiae
1312 2664 1367 2718 in
1414 2660 1722 2718 caelestibus
1761 2655 1920 2730 (Eph.
1944 2652 2044 2726 vt).

558 2763 700 2830 vide,
734 2761 943 2832 ingrate
989 2757 1265 2822 limretice,
1305 2753 1573 2824 quomodo
1596 2765 1662 2807 ex
1711 2750 1921 2818 integro
1961 2759 2050 2801 ve-

461 2833 670 2910 teribus
691 2867 830 2908 nova
876 2847 1226 2908 concordant.
1259 2833 1601 2900 Promissum
1645 2845 1727 2895 est
1767 2835 2048 2893 veteribus

464 2941 690 3016 regnum
723 2949 880 2996 terrae
912 2948 1133 3005 sancte,
1157 2945 1317 2992 terrae
1340 2933 1556 2989 fluentis
1580 2931 1665 2986 lac
1692 2937 1747 2985 et
1773 2927 1900 2994 mel,
1925 2941 2047 3000 qua:

465 3045 613 3106 terra
647 3044 774 3092 tunc
803 3051 834 3088 a
863 3031 1240 3105 peccatoribus
1264 3035 1318 3084 et
1359 3025 1610 3100 pessimis
1638 3021 1829 3078 incolis
1868 3035 1934 3074 ac
1960 3035 2047 3074 re-

461 3127 618 3202 gibus
661 3127 965 3183 tenebatur.
995 3121 1155 3179 Venit
1207 3124 1262 3176 in
1304 3120 1463 3176 istam
1503 3125 1705 3173 terram
1726 3112 1882 3169 Iesus
1919 3125 2044 3166 cum

460 3217 707 3277 eicrcitu
766 3215 981 3274 Domini
1024 3223 1080 3270 et
1120 3211 1431 3270 Israeliticis
1475 3207 1718 3272 ducibus,
1773 3208 2045 3275 expugnat

459 3319 670 3374 omnes,
697 3308 960 3364 interimit
984 3313 1039 3361 et
1067 3305 1297 3370 obtinet,
1326 3310 1382 3357 et
1421 3299 1492 3356 ob
1520 3297 1763 3352 victoria:
1788 3293 2045 3350 meritum

459 3389 659 3471 accipit
689 3413 876 3454 eorum
923 3409 1090 3466 regna
1142 3408 1278 3465 quos
1301 3391 1454 3446 vicit.
1487 3388 1607 3443 Tibi
1632 3401 1730 3456 per
1754 3381 2044 3452 Evangelia

458 3497 568 3546 nan
597 3485 1003 3558 promittuntur
1031 3497 1198 3554 regna
1244 3479 1523 3536 ctelorum.
1554 3474 1660 3532 Sed
1711 3477 1829 3529 htec
1876 3484 2046 3542 regna

456 3594 565 3636 non
589 3587 716 3636 sunt
757 3591 929 3632 vacua
969 3583 1023 3630 et
1066 3574 1248 3629 inania
1278 3589 1290 3625 :
1322 3571 1524 3625 habent
1553 3564 1888 3622 habitatores
1917 3574 2045 3616 suos

455 3673 771 3742 peccatores
803 3675 859 3722 et
887 3679 1122 3738 nequam
1149 3661 1392 3734 spiritus,
1423 3657 1637 3729 refugas
1683 3653 1936 3726 angelos;
1969 3649 2044 3706 ibi

456 3761 707 3826 habitant
735 3759 811 3816 illi
842 3759 1102 3815 adversus
1131 3769 1266 3826 quos
1293 3762 1348 3808 te
1384 3748 1679 3824 apostolica
1701 3745 1829 3801 tuba
1856 3747 2045 3814 perso-

457 3851 597 3910 nans
614 3851 816 3907 Paulus
844 3833 1161 3906 Cohortatur
1181 3845 1251 3902 ad
1278 3843 1556 3916 przelium;
1601 3833 1656 3895 et
1679 3837 1820 3894 sicut
1854 3834 1929 3890 ibi
1968 3832 2044 3889 di-

459 3947 620 4002 cebat
665 3941 822 3999 Iesus
851 3941 977 4012 quia
1005 3937 1206 3995 bellum
1230 3935 1385 3990 vobis
1411 3930 1516 3987 erit
1552 3929 1811 3985 adversus
1849 3924 2045 3981 Amor-

458 4037 635 4092 rhaeos
664 4042 720 4090 et
741 4033 1082 4096 Pherezaeos,
1111 4035 1166 4084 et
1209 4021 1457 4090 Iievaeos,
1484 4029 1539 4077 et
1569 4018 1862 4082 Iebusaeos,
1893 4014 2045 4072 simi-

453 4125 582 4181 liter
609 4117 733 4179 ‘hoc
773 4121 938 4176 etiam
965 4119 1060 4176 tibi
1082 4116 1286 4173 Paulus
1325 4112 1629 4177 denuntiat,
1661 4108 1846 4164 dicens
1877 4124 1891 4160 :
1923 4103 2042 4162 Non

457 4215 563 4269 erit
590 4213 745 4268 vobis
767 4226 945 4283 pugna
973 4210 1235 4263 adversus
1261 4219 1484 4262 carnem
1532 4211 1588 4259 et
1617 4201 1956 4273 sanguinem,
1985 4197 2043 4253 id

455 4304 558 4376 est,
590 4315 700 4358 non
747 4301 826 4358 sic
853 4298 1213 4371 pugnabimus
1241 4296 1780 4364 sicut‘pugnavemnt
1809 4288 2040 4357 antiqui,

458 4399 559 4452 nec
579 4397 635 4451 in
663 4392 827 4451 terris
857 4391 1014 4447 nobis
1054 4386 1311 4444 adversus
1337 4384 1585 4440 homines
1629 4381 1878 4438 habenda
1915 4385 2042 4435 sunt

452 4489 661 4562 prrelia,
677 4487 770 4543 sed
791 4485 1050 4540 adversus
1064 4479 1417 4553 principatus,
1433 4477 1691 4531 adversus
1715 4479 2036 4545 potestates,
2062 4503 2118 4566 Β

453 4581 713 4634 adversus
745 4575 906 4645 hujus
935 4572 1122 4630 mundi
1172 4580 1415 4627 rectores
1458 4567 1802 4624 tenebrarum
1840 4565 2036 4621 harum

453 4667 613 4739 (Eph.
638 4665 738 4736 vi).
772 4664 892 4718 Iam
937 4665 1123 4734 utique
1168 4649 1424 4732 intelligis
1459 4659 1511 4713 in
1560 4659 1755 4729 quibus
1784 4657 1919 4712 locis
1941 4656 2036 4712 hu-

446 4756 686 4826 jusmodi
720 4762 846 4809 sunt
888 4755 987 4810 tibi
1035 4754 1297 4810 movenda
1341 4750 1668 4816 certamina;
1711 4756 1805 4803 aut
1834 4749 1880 4803 si
1923 4764 2034 4805 non

455 4847 551 4905 tibi
575 4846 771 4903 suﬁicit
793 4845 1114 4914 intellectus,
1139 4846 1247 4901 nisi
1269 4845 1433 4900 etiam
1469 4844 1584 4898 loca
1610 4844 1724 4912 ipsa
1747 4843 2034 4898 manifesta

452 4937 551 4993 tibi
593 4950 725 4993 voce
763 4935 1066 5006 signentur,
1099 4936 1223 4991 audi
1255 4935 1311 4990 in
1336 4933 1823 5003 consequentibus;
1849 4931 2036 4988 adver-

453 5041 547 5081 sus
599 5025 864 5097 spiritalia
916 5024 1188 5091 nequitiae,
1235 5025 1428 5096 inquit,
1458 5023 1516 5078 in
1560 5021 1894 5078 coelestibus.
1925 5021 2036 5077 Au-

453 5118 578 5174 disti
615 5118 708 5188 qui
737 5117 843 5172 sint
873 5115 964 5186 qui
996 5114 1092 5168 tibi
1121 5115 1261 5171 bello
1289 5115 1355 5171 de
1389 5116 1700 5171 ccelestibus
1734 5111 2035 5185 expellendi

453 5217 598 5274 sunt,
629 5216 694 5263 ut
718 5203 776 5262 tu
801 5207 980 5280 possis
1006 5206 1124 5260 loca
1167 5205 1259 5258 illa
1280 5214 1336 5260 et
1360 5221 1529 5277 regna
1553 5205 1818 5262 caelorum
1856 5203 2033 5258 hatre-

453 5299 637 5354 ditatis
655 5308 804 5354 sorte
830 5297 1134 5369 suscipere.
1164 5293 1274 5350 Sed
1293 5304 1348 5350 et
1373 5295 1632 5352 Dominus
1660 5297 1714 5351 in
1738 5295 2035 5366 Evangelia

451 5387 632 5443 nonne
651 5388 929 5444 evidenter
955 5389 1059 5443 hoc
1087 5384 1352 5457 designat,
1396 5400 1519 5440 cum
1565 5387 1696 5443 dicit
1722 5403 1734 5441 :
1759 5386 1807 5442 Α
1843 5387 2036 5443 diebus

452 5476 676 5534 Joannis
729 5492 954 5550 regnum
1005 5477 1268 5534 caelorum
1307 5474 1420 5529 vim
1461 5475 1683 5544 patitur,
1715 5483 1770 5531 et
1812 5477 1921 5532 vim
1950 5477 2036 5533 fa-

455 5568 663 5624 cientes
685 5568 944 5638 diripiunt
967 5568 1096 5623 illud
1125 5564 1325 5640 (Iam).
1356 5582 1376 5616 ι
1406 5562 1680 5619 Transivit
1720 5578 1844 5621 cum
1887 5567 2036 5623 omni

461 5674 482 5708 ι
511 5657 674 5713 lsrael
692 5660 756 5714 de
777 5660 994 5716 Maceda
1014 5662 1069 5716 in
1083 5661 1290 5720 Lebna.
1306 5669 1361 5716 et
1385 5659 1659 5731 pugnabat
1677 5667 1866 5716 contra
1889 5675 2034 5727 eam,

467 5764 489 5798 ί
521 5759 684 5817 quam
725 5751 948 5809 tradidit
994 5752 1252 5810 Dominus
1301 5768 1424 5810 cum
1471 5766 1598 5823 rege
1635 5766 1734 5808 suo
1772 5752 1827 5807 in
1871 5768 2035 5810 manu

2167 553 2188 586 ι
2217 550 2405 591 omnes
2449 537 2781 592 habitatores
2819 537 2955 607 ejus,
2987 541 3044 590 et
3071 548 3179 589 non
3216 531 3550 589 dimiserunt
3593 535 3649 592 in
3674 553 3730 594 ea

2165 642 2187 678 ς
2214 625 2352 681 ullas
2388 625 2682 696 reliquias:
2712 623 3062 694 feceruntque
3090 623 3205 694 regi
3227 621 3416 679 Lebna
3441 623 3589 680 sicut
3607 625 3729 684 fece-

2164 733 2183 767 ι
2219 725 2342 770 rant
2384 716 2501 787 regi
2534 715 2768 772 Iericho.
2797 716 2874 771 De
2919 713 3105 770 Lebna
3148 713 3405 770 transivit
3431 729 3560 770 cum
3594 720 3724 774 ouuii

2163 820 2183 856 ι
2213 803 2380 860 Israel
2403 805 2458 860 in
2501 803 2718 872 Lachis,
2761 814 2815 860 et
2856 805 3100 860 exercitu
3124 821 3222 875 per
3249 819 3443 876 gyrum
3483 806 3723 879 disposito

2165 913 2183 946 ι
2217 898 2559 968 oppugnabat
2585 913 2728 963 eam,
2759 917 2778 950 )
2809 906 2915 953 etc.
2939 895 3162 952 Utinam
3182 895 3332 967 digni
3352 909 3602 952 essemus
3621 901 3723 970 qui-

2156 986 2258 1041 bus
2289 986 2545 1042 Dominus
2570 987 2724 1043 Iesus
2753 987 3015 1060 sapientia
3046 1001 3143 1041 sua
3173 986 3355 1040 aulam
3380 987 3655 1056 panderet,
3675 999 3722 1045 et

2157 1075 2525 1132 introduceret
2546 1094 2644 1132 nos
2669 1078 2812 1132 intra
2843 1079 3128 1132 thesauros
3163 1076 3448 1147 sapientiae
3495 1085 3547 1131 et
3569 1079 3719 1134 scien-

2159 1167 2246 1221 tia:
2274 1183 2401 1232 sum,
2428 1178 2482 1223 et
2507 1185 2600 1224 eas
2621 1171 2686 1226 de
2709 1169 2905 1239 quibus
2927 1183 3070 1223 nunc
3093 1167 3434 1238 pedetentim
3461 1181 3710 1235 conamur,

2156 1264 2413 1328 tanquam
2441 1274 2538 1328 per
2579 1260 2858 1330 speculum
2903 1267 2960 1313 et
2997 1259 3053 1312 in
3101 1258 3421 1328 aenigmate,
3449 1257 3610 1329 aliqua
3650 1275 3712 1315 ex

2154 1356 2308 1418 parte
2334 1349 2578 1403 contueri
2609 1357 2662 1404 et
2682 1349 2950 1418 inspicere
2975 1348 3196 1417 ﬁguras,
3232 1347 3456 1418 plenius
3480 1349 3616 1403 nobis
3640 1362 3714 1406 re-

2155 1455 2363 1507 serare,
2409 1449 2466 1497 et
2512 1441 2811 1512 perfectius
2868 1442 3186 1512 dignaretur
3227 1441 3467 1510 aperire.
3517 1440 3712 1498 Videres

2154 1535 2428 1603 quomodo
2447 1535 2603 1590 nobis
2629 1536 2973 1601 claresceret,
2995 1533 3148 1602 cujus
3173 1520 3522 1604 potissimum
3541 1550 3597 1590 er
3613 1536 3708 1606 spi-

2155 1624 2404 1679 ritalibus
2439 1625 2685 1680 hostibus
2728 1626 2814 1680 his
2846 1625 2939 1695 qui
2988 1641 3134 1680 nunc
3184 1625 3513 1694 impugnant
3550 1624 3708 1693 Israel,

2155 1717 2453 1785 Spiritalem
2491 1718 2718 1789 ﬁguram
2756 1720 2932 1773 tenuit
2970 1720 3086 1787 ipse
3111 1718 3368 1789 princeps
3398 1719 3472 1773 de
3504 1717 3707 1785 Macula,

1110 1839 1244 1901 uias,
1278 1858 1295 1888 ι
1322 1805 1424 1890 ριξ.
1450 1833 1594 1888 Bona
1615 1846 1732 1902 qua,
1751 1845 1849 1899 per
1863 1827 2048 1883 jesum
2079 1805 2127 1864 B
2156 1818 2212 1863 et
2235 1809 2322 1863 ille
2347 1810 2412 1865 de
2438 1810 2656 1876 Lachis,
2689 1818 2745 1867 et
2786 1811 2873 1867 ille
2905 1812 2970 1866 de
3010 1812 3215 1876 Lebna,
3259 1821 3354 1866 aut
3401 1812 3555 1881 cuius
3591 1813 3708 1867 intra

2155 1901 2534 1971 memetipsum
2568 1903 2687 1957 vitii
2711 1903 2798 1957 vel
2819 1903 3021 1960 erroris
3044 1904 3243 1972 quibus
3283 1903 3473 1958 anima
3500 1903 3705 1974 ἱωριία-

2151 2000 2264 2056 tur,
2288 1991 2521 2047 formam
2544 2001 2733 2048 tenent
2759 1993 2954 2065 singuli
2997 1995 3198 2066 quique
3224 1996 3431 2050 horum
3459 2010 3582 2064 quos
3605 1993 3707 2051 Iesu

2151 2087 2287 2139 duce
2313 2085 2571 2141 interficit
2602 2087 2830 2156 populus
2857 2087 2951 2141 Dei
2984 2105 2998 2140 :
3031 2087 3089 2142 hi
3121 2086 3379 2142 videlicet
3405 2088 3500 2157 qui
3518 2087 3706 2143 audiunt

2151 2175 2406 2228 mandata
2437 2175 2574 2244 ejus,
2609 2184 2664 2230 et
2684 2185 3012 2246 praeceptum
3040 2177 3381 2242 custodiunt,
3409 2177 3591 2246 quibus
3612 2178 3705 2247 ipse

2153 2265 2342 2320 tribuit
2371 2265 2682 2322 facultatem
2709 2267 2952 2322 calcandi
3005 2281 3171 2338 super
3203 2277 3486 2338 serpentes
3505 2277 3551 2322 et
3571 2283 3705 2323 scor-

2150 2356 2359 2426 pi0nes,
2391 2365 2444 2412 et
2467 2367 2630 2428 super
2652 2374 2870 2413 omnem
2899 2366 3227 2428 potestatem
3253 2358 3475 2412 inimici.
3499 2356 3704 2413 Oremus

2149 2466 2279 2521 ergo
2303 2459 2436 2506 utet
2461 2451 2630 2506 nostri
2661 2450 2828 2522 pedes
2877 2450 3010 2506 tales
3048 2451 3178 2518 sint,
3204 2459 3323 2505 tam
3354 2449 3588 2520 speciosi,
3608 2457 3702 2502 tam

2149 2539 2332 2608 validi,
2363 2543 2696 2612 qui'possint
2722 2541 2932 2597 calcare
2959 2542 3204 2598 cervices
3248 2540 3602 2604 inimicorum,
3624 2538 3703 2610 qui

2147 2632 2360 2703 possint
2400 2633 2477 2688 ita
2527 2634 2739 2689 calcare
2775 2639 2938 2703 caput
2985 2631 3282 2705 serpentis,
3331 2641 3396 2688 ut
3430 2631 3703 2689 calcaueum

2149 2735 2394 2784 nostrum
2417 2731 2670 2786 mordere
2707 2745 2816 2784 non
2843 2728 3034 2800 possit.
3068 2726 3172 2795 Qui
3199 2726 3353 2782 enim
3395 2734 3583 2798 pugnat
3618 2721 3702 2780 sub

2146 2821 2274 2878 Iesu
2303 2821 2439 2877 duce
2460 2821 2720 2876 adversus
2741 2819 3046 2876 contrarias
3065 2825 3390 2890 potestates,
3405 2813 3703 2871 debetcum

2147 2913 2281 2968 illud
2302 2913 2607 2983 promereri
2633 2911 2778 2982 quod
2806 2910 2874 2966 de
2908 2910 3184 2981 prioribus
3221 2907 3566 2965 bellatoribus
3586 2903 3703 2961 scri-

2145 3003 2340 3059 bitur:
2382 3019 2402 3055 ‹
2443 3003 2512 3058 Et
2543 3017 2797 3058 reversus
2826 3009 2944 3067 est,
2987 3000 3196 3070 inquit,
3237 3000 3521 3054 universus
3558 3010 3702 3068 popu-

2155 3113 2175 3146 ι
2208 3094 2293 3150 ius
2317 3095 2385 3150 ad
2409 3093 2596 3150 Iesum
2618 3093 2928 3156 incolumis,
2959 3098 3017 3147 et
3040 3090 3400 3146 non'mutivit
3426 3090 3632 3159 quisque
3649 3086 3703 3142 de

2155 3201 2174 3237 ι
2211 3185 2337 3241 filiis
2365 3184 2532 3240 Israel
2579 3185 2635 3239 in
2679 3183 2860 3255 lingua
2889 3187 3005 3238 sua.
3044 3202 3063 3234 ι
3098 3181 3267 3236 Vides
3297 3197 3432 3253 ergo
3475 3180 3584 3250 quia
3617 3176 3700 3246 qui

2148 3277 2248 3333 sub
2271 3274 2399 3331 Iesu
2421 3276 2653 3330 militant
2681 3275 2978 3330 incolumes
3006 3273 3205 3328 debent
3237 3273 3420 3328 redire
3442 3273 3498 3326 de
3516 3268 3699 3341 puelio,

2147 3382 2249 3422 nec
2293 3381 2532 3435 unquam
2584 3364 2780 3420 debent
2806 3378 2873 3419 ex
2917 3361 3108 3431 iaculis
3156 3361 3391 3433 maligni
3415 3359 3578 3433 ignitis
3603 3355 3706 3412 vul-

2146 3474 2250 3514 nus
2286 3459 2551 3529 accipere,
2601 3473 2710 3513 non
2755 3458 2812 3513 in
2847 3457 3013 3513 corde
3053 3456 3244 3527 pollui,
3284 3473 3393 3513 non
3439 3457 3491 3510 in
3526 3453 3708 3525 cogita-

2147 3549 2294 3604 tione
2333 3549 2615 3615 maculari,
2643 3563 2750 3603 non
2778 3563 2877 3618 per
2909 3549 3067 3612 iram,
3099 3563 3208 3603 non
3242 3562 3339 3618 per
3357 3546 3708 3616 cupiditatem,

2147 3655 2254 3696 non
2279 3655 2378 3710 per
2399 3641 2557 3695 aliam
2596 3639 2894 3710 quamlibet
2929 3640 3268 3694 occasionem
3311 3639 3482 3692 locum
3519 3636 3711 3690 damo-

2147 3732 2286 3789 nieis
2307 3729 2620 3788 vulneribus
2663 3732 2815 3787 dare.
2849 3730 3004 3798 Quod
3025 3739 3197 3786 autem
3220 3727 3416 3783 addidit
3437 3727 3566 3796 quia
3588 3723 3713 3781 nul-

2146 3826 2230 3880 lus
2256 3825 2470 3879 mutivit
2512 3824 2567 3878 in
2597 3823 2780 3894 lingua
2824 3835 2942 3890 sua,
2972 3822 3077 3878 hoc
3116 3820 3248 3877 mihi
3269 3819 3479 3875 videtur
3503 3815 3714 3876 ostendi

2147 3918 2272 3988 quia
2297 3915 2365 3972 de
2393 3916 2622 3972 victoria
2659 3931 2720 3973 se
2745 3931 2906 3973 nemo
2921 3914 3169 3985 iactavit,
3195 3929 3353 3970 nemo
3376 3911 3564 3969 virtuti
3589 3926 3706 3975 suae,

2148 4007 2274 4078 quia
2320 4008 2617 4078 superavit,
2641 4008 2866 4065 ascribit
2894 4028 2907 4063 :
2934 4010 3028 4065 sed
3049 4009 3289 4064 scientes
3311 4008 3444 4078 quia
3470 4005 3616 4062 Iesus
3635 4009 3709 4060 est

2146 4101 2241 4172 qui
2282 4100 2568 4156 victoriam
2605 4101 2827 4168 tribuit,
2879 4101 2991 4171 ipsi
3027 4100 3084 4156 in
3119 4100 3305 4170 lingua
3343 4113 3455 4158 non
3476 4098 3698 4155 madent.

2147 4192 2299 4261 Quod
2319 4193 2455 4249 bene
2484 4192 2790 4265 intelligens
2811 4193 3088 4263 apostolus
3108 4191 3313 4248 Paulus
3339 4191 3541 4248 dicebat
3561 4203 3578 4243 :
3595 4185 3706 4243 Non

2144 4299 2244 4356 ego
2280 4293 2482 4351 autem,
2513 4285 2608 4341 sed
2629 4285 2800 4355 gratia
2829 4285 2927 4341 Dei
2952 4299 3073 4356 quae
3097 4283 3153 4338 in
3172 4295 3263 4338 me
3282 4289 3378 4338 est
3401 4281 3454 4354 (Ι
3471 4268 3582 4336 Car.
3600 4275 3705 4348 xv).

2142 4375 2279 4432 Puta
2317 4385 2497 4431 autem
2522 4376 2649 4446 quia
2681 4375 2748 4429 ad
2770 4375 2876 4430 hoc
2899 4373 3157 4444 respiciat
3181 4373 3319 4428 illud
3347 4367 3555 4428 Domini
3580 4380 3708 4424 man-

2145 4467 2326 4524 datum
2349 4481 2455 4536 quo
2485 4467 2560 4521 ait
2591 4463 2741 4538 (Luc.
2764 4465 2902 4537 xvn)
2932 4482 2946 4518 :
2971 4463 3107 4520 Cum
3137 4469 3329 4519 autem
3355 4460 3576 4519 feceritis
3598 4458 3708 4512 iam

2143 4559 2342 4624 omnia,
2375 4555 2538 4612 dicite
2563 4557 2690 4627 quia
2719 4557 2861 4612 servi
2891 4553 3108 4610 inutiles
3145 4565 3365 4622 sumus,
3392 4552 3534 4626 quod
3549 4548 3712 4607 debui-

2144 4665 2265 4706 mus
2290 4650 2469 4706 i'acere
2494 4649 2750 4717 fecimus;
2776 4657 2831 4705 et
2859 4650 2915 4706 in
2941 4651 3042 4704 hoc
3073 4649 3221 4704 enim
3250 4648 3425 4703 simili
3466 4645 3620 4702 modo
3639 4655 3714 4698 re-

2141 4759 2264 4800 rum
2293 4757 2548 4816 prospere
2597 4750 2870 4815 gestarum
2918 4741 3208 4813 prohibere
3249 4740 3485 4798 videtur
3533 4739 3714 4809 jactan-

2143 4838 2294 4893 tiam.
2322 4835 2429 4892 Sed
2471 4836 2730 4903 Marcion,
2758 4847 2823 4890 ac
2860 4835 3196 4900 Valentinus,
3227 4842 3285 4888 et
3313 4831 3601 4894 Basilides,
3627 4840 3715 4884 ee-

2143 4929 2357 4999 terique
2382 4944 2504 4983 cum
2523 4923 2678 4998 ipsis,
2707 4928 2835 4983 dum
2854 4926 2972 4982 haec
2996 4925 3210 4991 nolunt,
3234 4923 3392 4980 sicut
3414 4931 3598 4980 sancto
3615 4915 3715 4987 Si-

2143 5022 2250 5076 ritu
2302 5021 2521 5091 dignum
2563 5026 2680 5088 est,
2713 5019 3029 5090 intelligere,
3086 5017 3514 5075 declinaverunt
3544 5030 3573 5068 a
3598 5010 3714 5072 εάε.

2142 5120 2198 5167 et
2225 5109 2571 5165 inseruerunt
2595 5123 2653 5164 se
2703 5109 3073 5178 impietatibus
3093 5107 3303 5174 multis,
3345 5109 3518 5164 alium
3549 5096 3715 5157 Doni-

2141 5213 2282 5258 num'
2320 5201 2473 5273 legis,
2501 5207 2558 5257 et
2603 5201 2771 5256 alium
2811 5201 2998 5256 mundi
3025 5207 3341 5256 creatorem
3395 5215 3467 5256 ac
3507 5194 3726 5270 judicent

2139 5294 2507 5365 proferentes;
2536 5291 2684 5349 velut
2709 5303 2806 5362 per
2837 5290 2955 5346 haec
2972 5303 3094 5361 quae
3123 5289 3334 5360 scripta
3377 5293 3513 5345 sunt
3557 5280 3728 5340 erude-

2143 5383 2251 5440 lem
2277 5383 2419 5454 quod
2460 5381 2674 5438 calcare
2699 5381 2934 5436 hostium
2977 5381 3219 5436 cervices
3253 5377 3554 5449 iubentur,
3580 5382 3736 5442 atque

2144 5475 2201 5531 in
2221 5475 2366 5547 ligno
2393 5474 2722 5544 suspendere
2745 5485 2904 5544 reges
2923 5479 3085 5528 terra
3101 5470 3246 5527 illius
3273 5483 3456 5542 quam
3474 5466 3736 5523 violenter

2145 5567 2424 5621 invadunt.
2449 5564 2626 5635 Atque
2646 5564 2855 5619 utinam
2880 5562 3142 5618 Dominus
3181 5573 3346 5618 meus
3383 5559 3556 5616 Iesus
3573 5552 3738 5610 Filia

2144 5657 2241 5712 Dei
2267 5657 2411 5712 istud
2450 5655 2730 5723 concedat,
2757 5664 2814 5710 et
2839 5654 3050 5725 jubeat,
3077 5653 3302 5724 pedibus
3332 5653 3495 5709 meis
3525 5642 3738 5708 concili-

2145 5767 2273 5809 care
2304 5751 2556 5823 spiritum
2590 5749 2989 5816 fornicationis,
3021 5755 3075 5806 et
3103 5748 3318 5804 calcare
3367 5760 3553 5820 super
3575 5737 3740 5801 cervi-
