3930 6344
178 325 306 387 1049

1082 321 1438 383 ΟΟΠΜΕΝΤ.
1475 320 1551 380 IN
1582 316 1848 382 LIBRUM
1883 320 2121 385 IOSUE.
2157 350 2231 368 -
2267 323 2398 384 LIB.
2438 322 2502 384 II.

3278 330 3424 390 1050

175 459 259 504 ωε
283 439 501 513 spiritus
544 437 835 495 iracundiae
881 444 936 495 et
971 438 1194 507 furoris,
1236 439 1449 497 calcare
1494 439 1737 496 avaritia:
1760 441 1817 502 Α
1838 453 1948 508 quo
1981 442 2258 500 destructo
2283 450 2450 514 atque
2467 439 2752 509 subverso,
2779 441 3124 514 postmodum
3163 442 3425 508 Israelitis

175 535 505 600 dazmonium,
545 533 758 590 calcare
795 531 1137 602 iactantiam,
1190 541 1472 591 conterere
1516 533 1742 603 pedibus

121 681 130 702 ,
171 625 424 700 superbiae
455 624 707 696 spiritum
740 641 754 678 :
784 632 982 679 etcum
1019 624 1136 680 haec
1163 623 1361 689 fecero,
1385 609 1583 695 ’operis
1605 621 1742 694 gesti

171 731 427 776 summam
448 729 556 771 non
575 714 711 770 mihi
732 714 828 770 sed
848 713 997 770 cruci
1017 714 1136 786 ejus
1154 714 1486 786 appendere!
1510 726 1743 783 sequens

168 803 382 868 Paulum
407 808 698 876 dicentem,
729 806 855 878 quia
884 820 982 878 per
1011 807 1187 878 ipsum
1207 805 1341 861 mihi
1364 807 1594 860 mundus
1613 819 1741 858 cru-

175 902 349 968 cifixus
399 909 484 958 est
507 899 652 971 (Gal.
678 899 788 974 vi);
814 907 869 957 et
897 914 964 955 ea
991 913 1113 970 quae
1140 898 1388 970 superius
1420 896 1743 954 memoravi-

167 985 302 1061 mus,
325 994 471 1066 quod
501 994 597 1061 ait,
629 993 749 1052 Non
781 1008 881 1066 ego
907 1002 1108 1062 autem,
1139 994 1236 1050 sed
1265 992 1439 1064 gratia
1471 991 1588 1059 Dei,
1619 1007 1744 1064 qua:

168 1090 220 1144 in
245 1104 330 1144 me
369 1096 456 1144 est
479 1087 532 1160 (Ι
562 1086 685 1144 Cor.
718 1087 847 1158 xv);
871 1090 1015 1158 quod
1039 1089 1086 1144 si
1131 1088 1209 1143 ita
1240 1087 1420 1144 facere
1469 1102 1739 1153 meruero,

163 1179 346 1236 beatus
388 1193 504 1234 ero.
534 1179 603 1234 Et
636 1179 838 1234 dicitur
869 1178 1033 1236 etiam
1082 1179 1213 1234 mihi
1237 1179 1382 1249 quod
1405 1179 1618 1234 dicebat
1640 1194 1740 1234 an-

166 1271 321 1344 tiquis
341 1271 501 1330 Iesus
527 1271 706 1343 (Deut.
739 1273 934 1341 xxxx):
964 1270 1206 1328 Viriliter
1243 1272 1408 1342 agite,
1435 1280 1492 1327 et
1530 1269 1744 1327 confor-

164 1363 405 1420 taminia
449 1362 588 1419 facie
629 1377 842 1430 eorum,
869 1362 994 1434 quia
1042 1362 1304 1418 Dominus
1337 1362 1480 1417 Deus
1520 1361 1742 1417 tradidit

161 1454 304 1513 vobis
320 1470 512 1511 omnes
532 1455 784 1511 inimicos
805 1463 1016 1510 vestros
1041 1454 1098 1508 in
1120 1469 1334 1510 manus.
1364 1452 1542 1526 (Imm)
1565 1471 1582 1502 ί
1611 1451 1742 1508 Per-

163 1566 183 1602 ι
215 1549 386 1606 cussit
413 1549 598 1618 itaque
625 1545 789 1604 Iosue
814 1561 1034 1604 omnem
1063 1553 1266 1603 terram
1301 1553 1640 1609 montanam,
1684 1552 1743 1599 et

162 1657 182 1692 ι
213 1640 605 1708 meredianam,
636 1647 802 1710 atque
842 1647 1224 1708 campestrem,
1259 1646 1316 1693 et
1343 1637 1584 1692 Asedoth
1615 1650 1741 1692 cum

159 1749 180 1781 ι
215 1731 433 1802 regibus
461 1731 594 1786 suis.
622 1730 742 1785 Non
762 1729 968 1786 dimisit
995 1729 1052 1784 in
1079 1729 1160 1784 eis
1178 1727 1316 1784 ullas
1345 1725 1620 1796 reliquias,
1645 1725 1741 1781 sed

1845 535 2194 606 regnantibus
2222 536 2292 592 ad
2341 536 2448 592 iter
2478 535 2740 606 perducta
2790 535 2861 590 sit
2895 543 3122 592 rectum.
3163 537 3425 599 Similiter

1843 635 2028 684 autem
2055 635 2110 684 et
2133 627 2373 694 Hebron,
2401 643 2564 698 quam
2604 627 2955 697 interpretari
2980 628 3178 684 dicitur
3200 633 3429 702 conjun-

1843 719 2079 776 ctionem
2105 718 2193 775 vel
2237 716 2566 788 coniugium.
2599 717 2920 788 Conjunctio
2943 733 3076 775 vero
3104 719 3300 777 animae
3327 736 3428 780 no-

1843 815 1970 866 strae
2008 807 2110 864 fuit
2159 809 2334 880 primo
2381 823 2507 865 cum
2533 807 2676 864 malo
2703 809 2842 876 viro,
2864 816 2920 865 et
2944 809 3146 867 marito
3187 812 3428 884 pessimo

1843 902 2058 959 diabolo
2089 921 2103 959 :
2131 917 2239 973 quo
2292 903 2567 958 destructo
2619 910 2675 958 et
2723 903 3030 971 exstincto,
3062 903 3290 960 liberata
3342 914 3430 964 est

1844 995 2028 1052 anima
2048 1011 2080 1051 a
2104 996 2220 1068 lege
2240 997 2439 1068 prioris
2465 1005 2521 1053 et
2546 997 2772 1067 pessimi
2792 998 2916 1064 viri,
2940 1006 2998 1054 et
3032 997 3319 1068 conjuncta
3344 1007 3431 1058 est

1843 1087 1962 1142 viro
1981 1086 2123 1144 bono
2149 1096 2204 1142 et
2228 1088 2493 1158 legitimo,
2516 1088 2594 1143 illi
2620 1087 2687 1144 dc
2713 1104 2819 1159 quo
2845 1089 2974 1144 dicit
2999 1090 3272 1160 apostolus
3291 1091 3430 1148 Pau-

1845 1176 1970 1233 lus:
2003 1196 2023 1229 ‹
2055 1177 2234 1233 Statui
2276 1187 2457 1233 autem
2498 1193 2597 1234 vos
2635 1179 2728 1234 uni
2779 1179 2898 1234 viro
2929 1180 3192 1250 virginem
3220 1190 3430 1239 castam

1843 1268 2104 1324 exhibere
2150 1268 2366 1324 Christo
2400 1269 2488 1341 (ΙΙ
2527 1268 2649 1325 Cor.
2673 1269 2736 1342 ι).
2776 1289 2794 1323 ι
2831 1269 2923 1326 Sic
2959 1271 3122 1326 etiam
3151 1273 3431 1330 nominum

1844 1358 2085 1429 ipsorum
2117 1359 2471 1430 intelligentia
2500 1360 2568 1414 ad
2594 1361 2887 1432 genuinum
2920 1361 3066 1417 hunc
3093 1362 3434 1434 uniuscujus-

1843 1465 1950 1520 que
1987 1451 2225 1505 civitatis
2275 1460 2538 1507 consonat
2585 1463 2805 1509 statum.
2833 1455 2946 1528 Ego
2992 1465 3122 1527 puto
3174 1457 3320 1528 quod
3350 1457 3433 1515 sic

1843 1539 2040 1596 melius
2067 1547 2151 1595 est
2175 1540 2399 1612 intelligi
2426 1541 2565 1597 bella
2590 1543 2906 1611 Israelitica,
2936 1552 2992 1602 et
3017 1547 3160 1618 quod
3189 1546 3268 1602 sic
3294 1561 3436 1618 pra-

1844 1629 1970 1684 liari
2000 1628 2157 1686 Iesus
2177 1639 2419 1701 putetur,
2456 1640 2512 1686 et
2533 1633 2815 1689 destruere
2837 1635 3000 1690 urbes
3024 1649 3089 1690 ac
3116 1650 3283 1708 regna
3304 1635 3436 1694 sub-

1844 1733 2077 1779 vertere.
2109 1723 2201 1779 Sic
2222 1725 2367 1779 enim
2409 1732 2465 1780 et
2492 1724 2624 1781 illud
2667 1727 2872 1782 dictum
2900 1726 3200 1798 religiosius
3241 1736 3297 1782 et
3328 1726 3436 1784 cle-

157 1837 177 1872 ‹
209 1835 378 1888 omne
405 1822 554 1893 quod
582 1822 793 1892 spirare
821 1826 1038 1891 poterat
1060 1817 1352 1882 interfecit,
1374 1817 1516 1874 sicut
1537 1831 1741 1888 praece-
1767 1813 1817 1874 B
1845 1817 2081 1872 mentius
2113 1817 2414 1888 apparebit,
2447 1817 2591 1887 quod
2636 1817 2834 1874 dicitur
2877 1817 2952 1873 ita
3005 1818 3336 1874 subvertisse
3378 1825 3437 1874 et

154 1929 176 1964 ‹
207 1921 368 1982 perat
397 1913 449 1968 ei
474 1912 736 1970 Dominus
759 1912 903 1967 Deus
936 1909 1133 1976 Israel,
1164 1929 1185 1963 ι
1213 1917 1271 1964 et
1297 1908 1528 1980 reliqua.
1554 1907 1740 1963 Domi-

146 2017 252 2058 nus
278 2017 436 2060 meus
463 2002 622 2059 Iesus
651 2001 923 2069 Christus,
953 2000 1184 2057 bellator
1229 1999 1491 2056 adversus
1513 1998 1744 2053 virtutes

141 2093 491 2164 contrarias;
519 2101 575 2148 et
598 2092 758 2163 ejecit
784 2108 878 2148 eas
906 2091 974 2147 de
1003 2091 1318 2148 civitatibus
1338 2106 1475 2161 quas
1502 2089 1758 2160 possides.

140 2182 304 2249 bant,
326 2183 384 2238 id
407 2192 510 2249 est,
537 2182 606 2239 de
635 2184 920 2238 animabus
943 2183 1180 2247 nostris;
1207 2191 1262 2238 et
1290 2180 1562 2238 interfecit
1587 2192 1744 2250 reges
1773 2249 1778 2256 _

144 2273 239 2344 qui
291 2273 596 2344 regnabant
635 2274 690 2328 in
721 2273 1002 2328 animabus
1026 2271 1242 2339 nostris,
1274 2286 1344 2326 ne
1372 2271 1517 2325 ultra
1555 2276 1746 2340 regnet

143 2363 393 2419 innobis
434 2372 716 2434 peccatum
750 2378 765 2416 :
795 2370 858 2417 ut
882 2370 1239 2433 posteaquam
1273 2360 1614 2418 interemerit
1659 2371 1745 2414 re-

144 2471 267 2527 gem
319 2455 530 2525 peccati
556 2455 622 2510 de
647 2454 868 2510 civitate
908 2454 1104 2510 animae
1154 2463 1376 2520 nostrae,
1410 2452 1506 2508 fiat
1560 2453 1744 2508 anima

146 2555 336 2603 nostra
364 2547 558 2602 civitas
592 2546 710 2612 Dei,
743 2553 799 2603 et
828 2554 1019 2618 regnet
1041 2546 1104 2602 in
1132 2560 1198 2602 ea
1226 2545 1392 2612 Deus,
1437 2554 1496 2600 et
1532 2543 1746 2600 dicatur

145 2641 213 2694 ad
233 2655 342 2696 nos
393 2638 523 2710 quia
552 2653 780 2709 regnum
806 2638 903 2694 Dei
932 2638 1076 2694 intra
1113 2653 1212 2696 vos
1238 2646 1326 2696 est
1371 2635 1523 2710 (Luc.
1580 2635 1741 2708 xvii).

141 2731 240 2792 Est
262 2747 403 2804 ergo
425 2748 562 2803 opus
583 2747 810 2788 summa:
847 2730 1236 2804 misericordiae
1270 2731 1374 2786 hoc
1400 2729 1545 2802 quod
1571 2729 1745 2786 hatre-

146 2823 237 2882 tici
257 2822 606 2882 crudelitatis
626 2829 910 2889 accusant,
926 2821 1071 2894 quod
1088 2819 1348 2878 Dominus
1372 2820 1531 2878 Iesus
1553 2820 1745 2876 adum-

141 2915 363 2978 bratum
389 2915 544 2987 prius
574 2931 606 2972 a
630 2915 742 2972 filio
764 2914 913 2972 Nave
938 2929 1038 2986 per
1067 2913 1308 2985 singulas
1341 2921 1586 2984 quasque
1613 2911 1745 2968 civi-

143 3014 309 3078 tates,
333 3024 484 3065 nunc
511 3009 568 3063 in
595 3007 830 3066 veritate
871 3022 971 3082 per
1007 3006 1248 3079 singulas
1268 3017 1509 3078 quasque
1535 3005 1745 3060 animas

142 3100 490 3158 credentium
516 3099 783 3171 complet;
813 3109 875 3155 ut
919 3115 1039 3170 quae
1060 3099 1478 3170 possidebantur
1516 3113 1547 3154 a
1588 3096 1746 3154 malis

1845 1916 2094 1964 vastasse
2138 1907 2378 1980 singulas
2414 1924 2656 1980 quasque
2679 1909 2860 1977 urbes,
2889 1917 2951 1965 ut
2975 1910 3110 1965 nihil
3137 1911 3193 1965 in
3218 1911 3298 1966 eis
3341 1924 3434 1967 re-

1845 1998 2184 2071 linqueretur
2212 2001 2356 2071 quod
2394 2000 2649 2071 spiraret,
2679 2017 2854 2072 neque
2887 2001 2980 2072 qui
3032 2001 3213 2058 salvus
3229 2001 3432 2070 'fieret,

1846 2105 2024 2161 neque
2045 2091 2137 2160 qui
2165 2090 2442 2162 effugeret.
2475 2091 2692 2148 Utinam
2720 2093 2866 2148 enim
2910 2091 3169 2148 Dominus
3209 2091 3276 2148 de
3310 2091 3434 2148 ani-

1847 2183 2039 2236 mabus
2064 2181 2411 2238 credentibus
2433 2182 2554 2248 sibi,
2583 2192 2640 2238 et
2682 2198 2817 2254 quas
2846 2198 2945 2239 suo
2969 2183 3208 2239 vindicat
3241 2196 3434 2254 regno,

1844 2281 1903 2329 et
1929 2274 1996 2329 de
2025 2289 2146 2330 mea
2175 2273 2346 2345 ipsius
2375 2275 2553 2329 anima
2579 2275 2655 2329 ita
2685 2273 2865 2344 ejiciat
2890 2282 2946 2330 et
2974 2276 3284 2346 exstinguat
3319 2289 3439 2330 om-

1847 2364 1939 2419 nia
1968 2363 2154 2436 priora
2180 2363 2346 2429 mala,
2378 2372 2437 2419 ut
2466 2364 2646 2420 nullus
2671 2365 2727 2419 in
2756 2381 2845 2420 me
2889 2365 3111 2421 malitiae
3141 2381 3333 2422 sensus
3356 2363 3440 2422 ul-

1847 2466 1933 2512 tra
1961 2457 2215 2528 respiret,
2247 2455 2426 2511 nullus
2451 2457 2905 2530 concupiscentia:
2943 2455 3172 2526 alicujus
3200 2456 3357 2518 malas
3381 2455 3440 2512 in

1846 2564 1937 2606 me
1988 2549 2228 2605 salvetur
2276 2547 2523 2617 affectus,
2581 2549 2759 2606 nullus
2795 2549 3036 2621 supersit
3085 2549 3177 2620 qui
3220 2547 3443 2621 effugiat

1847 2658 2027 2699 sermo
2055 2641 2228 2698 malus
2260 2642 2327 2698 de
2354 2658 2450 2700 ore
2477 2657 2618 2698 meo.
2652 2642 2746 2697 Sic
2767 2643 2914 2698 enim
2945 2649 3158 2712 potero,
3180 2638 3312 2696 Iesu
3339 2640 3439 2696 du-

1847 2751 1932 2804 ce,
1966 2744 2228 2810 purgatus
2279 2734 2348 2790 ab
2383 2735 2635 2790 omnibus
2681 2733 2957 2804 prioribus
2992 2733 3172 2798 malis,
3202 2729 3340 2788 efiici
3377 2729 3438 2787 in

1847 2827 2156 2883 civitatibus
2185 2826 2418 2882 ﬁliorum
2447 2825 2636 2892 Israel,
2664 2825 2731 2882 de
2783 2825 2980 2896 quibus
3008 2825 3270 2895 scriptum
3309 2829 3394 2879 est
3422 2839 3439 2878 :

1854 2935 1874 2971 ι
1903 2917 2340 2974 IEdificabuutur
2385 2917 2636 2973 civitates
2679 2916 2850 2981 Iudas,
2911 2924 2966 2972 et
3009 2915 3332 2971 habitabunt
3383 2912 3444 2972 in

1849 3012 1930 3067 eis
1954 3008 2125 3084 (Paul.
2152 3011 2416 3083 uvm)»
2451 3010 2668 3066 Etenim
2708 3027 2853 3067 nunc
2879 3009 3307 3084 uniuscujusque
3336 3025 3441 3068 no-

1851 3111 2026 3160 strum
2061 3105 2298 3160 animam
2344 3101 2502 3159 Iesus
2550 3102 2780 3160 destruit
2823 3112 2878 3160 et
2916 3101 3168 3160 aedificat.
3198 3099 3268 3157 Et
3300 3100 3447 3158 sicut

140 3200 196 3248 et
209 3192 476 3264 pessimis
496 3191 739 3262 regibus,
753 3192 1050 3248 secundum
1069 3189 1369 3262 prinCipem
1393 3187 1536 3245 aeris
1554 3186 1744 3244 mundi
1771 3175 1816 3240 Ο
1847 3195 2161 3253 dicebamus
2191 3203 2320 3250 tunc
2345 3210 2468 3250 cum
2499 3210 2660 3266 super
2692 3192 2985 3252 Ieremiam
3020 3193 3440 3259 dissereremus,

139 3284 303 3355 hujus
335 3285 585 3356 Spiritus,
606 3283 701 3355 qui
727 3298 872 3340 nunc
899 3290 1156 3354 operatur
1175 3281 1232 3338 in
1259 3281 1384 3338 ﬁliis
1409 3279 1740 3349 difﬁdentiae,

138 3380 388 3450 expulsis
416 3379 504 3434 his
527 3387 584 3433 ct
611 3377 926 3448 peremptis,
957 3375 1139 3431 facere
1169 3390 1264 3431 eas
1310 3374 1561 3446 dignetur
1585 3371 1744 3429 babi-

139 3473 390 3528 taculum
415 3471 515 3526 Dei
541 3478 597 3525 et
627 3469 862 3539 Spiritus
891 3469 1066 3524 sancti
1093 3469 1367 3538 templum,
1399 3477 1461 3523 ut
1497 3467 1742 3523 membra

137 3578 261 3634 quae
288 3562 603 3619 servierant
625 3558 728 3618 sub
757 3573 886 3630 rege
908 3558 1098 3626 iniquo
1117 3556 1387 3626 iniquitati
1413 3557 1478 3610 ad
1511 3557 1742 3611 immun-

135 3654 361 3720 ditiam,
393 3668 538 3708 nunc
566 3650 812 3706 serviant
858 3647 1084 3718 iustitiae
1111 3647 1182 3704 ad
1235 3647 1740 3704 sanctificationem.

132 3743 231 3802 Sic
251 3760 394 3816 ergo
421 3743 663 3814 intellige
701 3741 848 3813 quod
890 3738 1164 3796 interfecit
1203 3752 1385 3810 regem
1416 3735 1656 3804 Iericho,
1686 3744 1745 3794 et

130 3849 324 3909 regem
353 3833 487 3900 Abi,
516 3840 573 3889 et
591 3847 778 3904 regem
801 3830 1009 3895 Lebna,
1038 3837 1096 3886 et
1114 3843 1298 3900 regem
1324 3828 1542 3892 Lachis,
1570 3835 1628 3884 et
1651 3842 1742 3884 re-

128 3940 259 3996 gem
285 3922 540 3989 Hebron,
562 3929 628 3976 ut
652 3920 746 3976 isti
772 3935 963 3978 omnes
988 3918 1081 3990 qui
1105 3925 1230 3974 ante
1257 3918 1358 3975 sub
1381 3917 1598 3990 regibus
1620 3932 1745 3990 pes-

128 4017 296 4074 simis
325 4013 545 4086 peccati
573 4013 748 4085 legem
779 4011 1049 4077 colebant,
1080 4026 1224 4068 nunc
1268 4011 1370 4066 sub
1401 4010 1498 4068 Dei
1535 4010 1745 4082 legibus
1787 4089 1792 4092 _

130 4114 329 4181 agant.
385 4103 495 4164 Sed
523 4113 582 4162 et
607 4105 676 4162 de
699 4103 833 4175 ipsis
876 4100 1415 4173 interpretationibus
1462 4101 1745 4159 nominum

131 4200 183 4256 si
213 4196 502 4260 curiosius
528 4211 598 4252 ac
623 4193 932 4267 diligentius
976 4201 1404 4265 perscrutemur,
1438 4193 1745 4250 invenietur

133 4287 518 4363 significantia
538 4287 819 4344 nominum
840 4301 984 4342 nunc
997 4286 1066 4341 ad
1083 4285 1216 4342 mali
1235 4285 1407 4356 regni,
1421 4299 1564 4342 nunc
1578 4284 1744 4341 etiam

135 4382 209 4438 ad
229 4381 369 4438 boni
397 4379 812 4450 intelligentiam
837 4392 1001 4450 posse
1025 4377 1286 4434 conferri.
1310 4376 1382 4434 Ut
1404 4385 1536 4450 puta
1557 4376 1746 4434 Lebna

137 4473 358 4530 candor
387 4471 778 4542 interpretatur
807 4471 1048 4527 :candor
1082 4478 1266 4526 autem
1293 4469 1509 4526 diverse
1549 4467 1746 4525 intelli-

140 4567 314 4639 gitur,
357 4570 449 4619 est
475 4530 621 4617 enim
671 4561 872 4617 candor
903 4561 1086 4632 leprae,
1134 4571 1192 4616 et
1224 4570 1312 4618 est
1353 4563 1556 4619 candor
1585 4561 1740 4619 lucis.
1767 4530 1822 4592 Β

135 4655 421 4715 Possibile
435 4667 564 4724 ergo
583 4657 671 4707 est
696 4651 864 4706 etiam
886 4652 1121 4706 nominis
1149 4652 1311 4723 hujus
1337 4652 1744 4724 interpretatio-

137 4763 268 4804 nem
296 4745 594 4815 utriusque
629 4750 832 4798 stratus
859 4739 1193 4798 differentias
1241 4743 1498 4810 indicare,
1532 4754 1593 4800 ut
1618 4759 1746 4802 can-

135 4843 335 4897 dorem
360 4835 588 4906 quidem
606 4833 770 4904 leprae
789 4833 1042 4889 habuerit
1065 4833 1247 4890 Lebna
1273 4835 1375 4893 sub
1396 4837 1615 4906 regibus
1637 4851 1747 4891 ma-

138 4932 235 4999 lis;
271 4943 395 5000 quo
427 4925 704 4982 destructo
745 4933 910 4995 atque
961 4926 1247 4993 subverso,
1277 4926 1345 4982 ad
1387 4926 1747 4984 lsracliticum

136 5036 382 5098 regnum
419 5017 668 5088 pervenit
699 5015 907 5083 Lebna,
944 5025 1001 5073 et
1029 5001 1321 5075 candorem
1359 5018 1498 5077 lucis
1529 5019 1747 5090 accipit,

134 5116 234 5186 qui
264 5111 486 5171 candor
533 5110 588 5166 in
634 5107 930 5180 Scripturis
959 5117 1014 5166 et
1057 5109 1344 5168 laudabilis
1390 5122 1445 5169 et
1471 5112 1752 5185 culpabilis

136 5207 399 5276 ponitur.
453 5203 523 5258 Et
551 5201 749 5258 iterum
797 5201 996 5258 Lachis
1037 5203 1429 5274 interpretatur
1471 5204 1594 5261 iter.
1641 5203 1752 5261 lter

137 5306 332 5354 autem
360 5303 423 5351 et
464 5294 734 5352 laudabile
770 5303 827 5350 et
869 5295 1135 5366 culpabile
1169 5296 1227 5352 in
1263 5296 1558 5367 Scripturis
1584 5297 1753 5355 habe-

138 5393 260 5454 tur,
320 5385 476 5455 quod
507 5383 725 5442 difficile
769 5401 877 5441 non
922 5395 1009 5442 est
1049 5387 1305 5457 probare,
1352 5387 1496 5444 sicut
1535 5389 1670 5444 dixit
1695 5390 1752 5445 in

134 5476 366 5546 psalmo
401 5493 418 5529 :
449 5491 470 5527 (
505 5473 573 5530 Et
602 5475 706 5533 iter
749 5476 1040 5548 impiorum
1085 5477 1285 5548 peribit
1313 5477 1488 5549 (Paul.
1515 5477 1600 5551 ιι).
1642 5500 1661 5534 ι
1685 5479 1755 5536 Et

139 5569 278 5626 alibi
306 5581 344 5626 e
386 5570 707 5625 contrario:
742 5588 763 5622 ι
795 5570 906 5627 Iter
927 5579 1139 5627 rectum
1185 5571 1350 5628 facite
1391 5572 1621 5642 pedibus
1654 5586 1751 5628 ve-

139 5661 281 5718 stris
325 5660 486 5734 (Im.
521 5675 651 5728 Lvu,
692 5660 760 5716 14
778 5661 820 5734 ).
856 5683 875 5715 ι
899 5662 1087 5720 Potest
1132 5679 1268 5735 ergo
1309 5663 1534 5734 intelligi
1587 5664 1752 5720 etiam

140 5751 298 5838 quod
439 5750 554 5838 iter
579 5750 872 5838 impiorum
901 5752 1068 5814 fuerit
1093 5755 1274 5828 primo
1293 5755 1488 5812 civitas
1515 5755 1750 5815 Lacbis:

1845 3287 1938 3357 qui
1969 3295 2252 3358 acceperat
2282 3288 2447 3344 verba
2473 3289 2529 3344 in
2561 3303 2623 3343 os
2645 3303 2823 3353 suum,
2853 3286 3050 3358 quibus
3075 3284 3440 3352 subverteret,

1843 3376 2159 3443 mdificaret,
2186 3376 2464 3444 evelleret,
2487 3385 2541 3432 et
2569 3377 2841 3449 plantaret
2869 3391 2885 3430 :
2914 3376 2987 3431 ita
3014 3375 3177 3431 etiam
3201 3389 3347 3432 nunc
3383 3371 3444 3431 in

1842 3469 1931 3526 his
1977 3483 2098 3539 quae
2141 3467 2405 3525 habemus
2457 3469 2511 3523 in
2543 3470 2794 3524 manibus
2846 3467 3251 3539 intelligendum
3287 3473 3442 3537 puto,

1843 3577 1953 3617 non
1997 3561 2296 3616 secundum
2337 3560 2622 3616 haereticos
2648 3558 2733 3614 vel
2757 3558 3050 3613 secundum
3082 3553 3317 3622 Iudaeos,
3345 3553 3444 3611 sed

1845 3650 1988 3706 sicut
2014 3649 2089 3704 ibi
2115 3649 2182 3704 ad
2228 3647 2522 3704 Ieremiam
2548 3649 2750 3704 dictum
2776 3657 2862 3703 est
2891 3667 2904 3702 :
2945 3666 2964 3698 ‹
2997 3645 3138 3702 Ecce
3187 3643 3444 3701 constitui

1844 3749 1900 3797 te
1936 3741 2099 3796 hodie
2147 3755 2312 3811 super
2359 3749 2548 3811 gentes
2595 3746 2650 3794 et
2681 3754 2864 3811 regna,
2897 3738 3198 3806 eradicare,
3231 3745 3285 3793 ct
3313 3733 3444 3793 sub-

1845 3839 2085 3899 vertere,
2110 3840 2167 3887 et
2195 3830 2466 3902 perditura
2504 3830 2654 3897 dare,
2685 3839 2738 3884 et
2763 3839 2886 3901 post
2914 3831 3032 3886 haec
3074 3828 3366 3894 :edificare,
3388 3833 3447 3885 et

1843 3921 2093 3993 plantare
2115 3921 2250 3994 (Jer.
2287 3920 2356 3994 1);
2393 3941 2412 3974 ι
2438 3921 2514 3976 ita
2542 3930 2597 3976 et
2626 3921 2692 3977 de
2713 3920 2798 3976 his
2825 3937 2946 3991 quae
2969 3936 3066 3992 per
3092 3915 3278 3974 Iesum
3299 3916 3439 3974 scri-

1846 4011 2050 4067 buntur
2085 4018 2236 4083 gesta
2279 4009 2604 4068 credendum
2635 4016 2740 4077 est,
2766 4009 2876 4065 imo
2901 4009 3082 4080 potius
3113 4008 3178 4064 de
3209 4007 3295 4062 his
3321 4021 3444 4081 qua:

1845 4116 1947 4174 per
1989 4109 2237 4158 nostrum
2265 4100 2550 4156 Dominum
2577 4097 2762 4156 Iesum
2811 4099 2977 4156 etiam
3003 4114 3149 4155 nunc
3181 4106 3446 4171 geruntur

1848 4193 1906 4248 in
1931 4193 2106 4249 nobis.
2137 4191 2381 4248 Primum
2410 4207 2644 4263 namque
2680 4208 2817 4262 opus
2845 4190 2995 4246 verbi
3026 4191 3121 4246 Dei
3153 4198 3236 4248 cst
3262 4188 3444 4248 eradi-

1849 4297 1978 4339 care
2020 4283 2381 4353 praecedentia
2408 4283 2570 4349 mala,
2598 4283 2782 4354 spinas
2816 4297 2881 4338 ac
2910 4281 3139 4339 tribulos
3168 4281 3442 4352 vitiorum,

1850 4373 1991 4428 Dum
2039 4373 2184 4429 enim
2224 4373 2342 4429 ista:
2387 4373 2543 4429 malae
2591 4373 2805 4430 radices
2848 4382 3171 4444 occupatam
3203 4373 3448 4429 detinent

1849 4479 2079 4539 terram,
2107 4486 2218 4528 non
2237 4478 2415 4541 potest
2442 4469 2652 4526 semina
2673 4469 2816 4526 bona
2840 4474 2897 4522 et
2931 4475 3120 4523 sancta
3146 4465 3442 4536 suscipere.

1848 4561 2231 4620 Necessarium
2261 4575 2392 4631 ergo
2425 4568 2480 4616 et
2506 4561 2743 4631 primum
2766 4559 2871 4613 hoc
2907 4571 3042 4628 opus
3067 4555 3220 4613 verbi
3242 4555 3340 4614 Dei
3361 4562 3447 4614 est

1847 4654 2062 4724 plantas
2089 4652 2372 4708 eradicare
2411 4651 2642 4720 peccati,
2665 4658 2722 4705 et
2751 4663 2969 4705 omnem
3004 4648 3246 4719 plantam
3281 4663 3446 4721 quam

1849 4759 1959 4799 non
1980 4741 2249 4814 plantavit
2274 4739 2436 4795 Pater
2463 4738 2721 4804 caelestis,
2751 4737 2980 4794 evellere
2999 4737 3218 4810 ignique
3254 4753 3448 4796 consu-

1849 4847 2022 4890 mere.
2073 4830 2310 4888 Secundi
2352 4829 2466 4898 jam
2510 4829 2694 4901 operis
2739 4838 2824 4885 est
2865 4828 3130 4900 plantare.
3177 4827 3316 4895 Quid
3363 4837 3452 4885 est

1851 4926 1996 4997 quod
2041 4923 2250 4995 plantat
2289 4922 2466 4980 Deus?
2513 4921 2724 4993 Moyses
2776 4921 2927 4989 dicit,
2979 4919 3105 4992 quia
3138 4939 3156 4972 σ
3184 4918 3448 4990 plantavit

1853 5017 2000 5076 Deus
2044 5015 2357 5088 paradisum
2405 5011 2557 5087 (Gen.
2603 5011 2688 5086 ιι).
2743 5033 2762 5066 ι
2798 5011 2906 5069 Sed
2945 5021 3002 5069 et
3044 5027 3188 5068 nunc
3237 5011 3447 5082 plantat

1852 5110 2019 5178 Deus,
2043 5116 2098 5165 et
2119 5107 2361 5180 quotidie
2385 5105 2593 5176 plantat
2620 5105 2675 5160 in
2705 5105 2989 5161 animabus
3013 5102 3368 5158 credentium.
3386 5099 3447 5157 In

1856 5201 2040 5257 anima
2081 5199 2228 5255 enim
2274 5198 2340 5254 de
2385 5212 2492 5268 qua
2541 5197 2741 5253 excidit
2782 5198 2942 5264 iram,
2976 5193 3444 5252 mansuetudinem

1854 5291 2095 5364 plantat;
2125 5297 2180 5346 et
2203 5289 2272 5345 de
2297 5304 2403 5359 qua
2426 5288 2628 5344 excidit
2657 5289 2988 5360 superbiam,
3009 5285 3219 5358 plantat
3267 5283 3446 5341 humi-

1856 5385 2101 5450 litatem;
2135 5383 2201 5438 de
2223 5397 2329 5452 qua
2347 5381 2589 5438 eradicat
2616 5381 2912 5443 lasciviam,
2949 5377 3262 5447 pudicitiam
3292 5377 3445 5448 plan-

1857 5485 1968 5545 tat;
1996 5477 2064 5532 de
2083 5492 2191 5547 qua
2216 5475 2480 5546 exstirpat
2513 5473 2893 5546 ignorantiam,
2923 5470 3116 5526 inserit
3135 5469 3440 5525 scientiam.

1856 5569 1978 5625 Non
2012 5568 2108 5624 tibi
2154 5567 2367 5623 videtur
2403 5565 2526 5621 talis
2576 5565 2774 5621 debere
2801 5576 2923 5616 esse
2967 5560 3234 5633 plantatio
3280 5573 3445 5630 quam

1856 5663 2066 5734 plantat
2085 5657 2438 5731 Deus,|magis
2459 5673 2620 5728 quam
2650 5653 3043 5711 insensibilium
3069 5660 3443 5708 terrenorum-

1858 5769 1966 5828 que
1993 5754 2292 5828 lignorum!
2336 5751 2434 5808 Est
2469 5751 2600 5806 item
2647 5747 2704 5804 in
2746 5745 2936 5820 primis
2966 5759 3103 5816 opus
3139 5743 3293 5804 verbi
3338 5741 3444 5800 Dei
