3930 6344
546 318 682 385 ϊοὲἰί

1185 320 1245 376 Β.
1288 310 1545 376 uanam
1580 314 1803 373 unum
1838 306 2162 370 ARCHIEP.
2205 298 2512 369 uocum.
2551 306 2839 370 OPERUM
2877 308 3057 367 PARS
3093 308 3137 366 ι.

3688 313 3814 373 105Ξ

542 444 828 503 destruere
867 434 1095 494 artiﬁcia
1120 432 1322 492 diaboli
1351 432 1570 506 φιαΰῆ
1612 431 1797 488 anima
1828 426 2137 486 construit
2160 425 2215 489 Α
2242 444 2266 478 1
2302 427 2356 481 in
2404 432 2591 482 monte
2636 444 2649 480 :
2691 434 2748 481 et
2790 424 3013 481 tradidit
3057 436 3151 479 eos
3200 419 3471 481 Dominus
3520 421 3589 480 in
3648 438 3817 488 manus

542 536 803 595 humana.
848 528 944 586 Ille
967 526 1171 585 etenim
1194 523 1671 597 turressuperbiae
1713 522 1771 577 in
1810 531 2133 591 unoquoque

532 635 797 687 nostrum
834 631 892 680 et
930 636 1121 679 muros
1157 618 1411 677 elationis
1450 616 1749 682 exstruxit;
1794 616 1912 671 hac
1952 626 2158 670 sermo.

543 720 644 778 Dei
671 716 941 776 subvertit
958 723 1021 773 et
1058 712 1301 780 subruit;
1333 708 1395 767 ut
1418 709 1619 767 multo
1656 708 1954 764 secundum
1992 704 2134 775 Apo-

537 809 742 867 statum
771 806 912 865 emet
952 812 1268 863 mereamur
1300 800 1397 857 Dei
1438 798 1676 865 cultura,
1707 797 1804 852 Dei
1846 794 2136 851 aediﬁcatio

538 1179 753 1252 Spiritu
794 1183 1007 1243 saneto,
1048 1183 1107 1231 et
1157 1175 1233 1229 ita
1276 1173 1495 1229 domum
1544 1168 1683 1226 edici
1720 1180 2029 1223 mereamur
2068 1164 2132 1223 in

503 1288 508 1293 '
540 1270 857 1327 hereditate
880 1276 1044 1324 terra:
1068 1272 1272 1322 sanctae
1296 1264 1357 1320 in
1392 1271 1550 1335 parte
1576 1260 1898 1325 lsraelitica,
1920 1256 2128 1313 exstin-

536 1364 646 1420 etis
687 1360 942 1418 omnibus
976 1368 1035 1417 et
1074 1356 1371 1432 peremptis
1408 1354 1658 1411 hostibus
1685 1350 1917 1417 nostris;
1948 1349 2021 1404 ita
2067 1356 2133 1403 ut

536 1467 652 1511 non
683 1453 1065 1523 relinquantm'
1093 1466 1161 1506 ex
1204 1448 1286 1505 eis
1322 1444 1419 1520 qui
1463 1445 1696 1517 respiret
1735 1444 1793 1498 in
1833 1442 2010 1507 nobis,
2033 1438 2129 1496 sed

535 1546 689 1605 solus
710 1545 947 1618 respiret
984 1546 1043 1601 in
1068 1543 1228 1599 nobis
1257 1540 1480 1612 spiritus
1506 1537 1711 1594 Christi
1755 1550 1853 1607 per
1887 1546 2052 1606 opera
2072 1540 2130 1587 et

534 1652 840 1706 sermones,
870 1647 927 1695 et
949 1636 1236 1694 scientiam
1255 1633 1578 1705 spiritalem,
1604 1629 1902 1688 secundum
1928 1626 2129 1684 doctri-

532 1748 666 1791 nam
686 1723 1042 1792 Jesu'Cbristi
1060 1728 1275 1788 Domini
1303 1729 1497 1785 nostri.
1599 1786 1602 1789 λ
1684 1744 1691 1751 κ

1168 1863 1399 1923 CAPUT
1438 1860 1505 1917 ν.

534 1961 617 2018 De
638 1961 800 2017 labia
824 1976 945 2032 rege
968 1959 1105 2014 Arar
1125 1966 1175 2014 et
1199 1958 1401 2013 steteris
1431 1955 1635 2032 regibus
1659 1954 1751 2032 qui
1779 1960 2131 2009 conueneth

609 2031 665 2087 in
689 2049 851 2087 unum
876 2025 935 2085 ut
973 2038 1262 2101 pugnarent
1290 2025 1501 2101 contra
1521 2025 1714 2101 Israel,
1743 2042 1872 2101 quos
1919 2040 2131 2095 percus-

609 2112 749 2158 serat
774 2101 939 2157 Josue
973 2097 1063 2155 ’ὑπ’
1087 2114 1176 2154 ονε
1202 2097 1389 2170 gladii,
1412 2108 1460 2152 et
1502 2098 1827 2153 subnervavit
1856 2111 2016 2167 equos
2043 2110 2131 2149 eo-

604 2188 748 2241 rum,
776 2188 1068 2244 currusque
1093 2169 1372 2225 combussit
1400 2169 1532 2239 igni.

2246 536 2265 570 ι
2298 516 2483 584 Israel,
2508 524 2563 574 et
2582 517 2841 573 cadentes
2870 527 2967 571 eos
2986 513 3259 585 persecuti
3282 522 3415 569 sunt
3456 510 3656 586 usque
3673 518 3816 575 adSi-

2242 630 2265 663 ί
2296 612 2495 667 donem
2522 624 2795 682 magnam,
2819 617 2876 665 et
2898 622 3070 678 usque
3116 605 3172 662 in
3199 605 3508 664 Massesoth
3545 606 3620 664 ad
3645 622 3812 681 aquam

2244 722 2264 756 ¢
2300 718 2533 773 maram,
2570 712 2626 760 et
2652 714 2826 774 usque
2849 703 2917 759 ad
2956 714 3181 774 campos
3209 698 3388 759 Masso
3426 696 3633 759 contra
3662 706 3814 762 oriat-

2244 813 2266 847 ‹
2298 802 2440 863 tem;
2471 803 2526 852 et
2550 794 2959 852 trucidaverunt
2979 807 3095 861 eos,
3118 808 3406 866 usquequo
3442 808 3563 852 non
3593 811 3805 869 superes

2244 908 2264 940 ι
2301 894 2386 945 set
2432 903 2500 945 ex
2528 889 2609 944 eis
2661 888 2753 960 qui
2781 885 3054 944 evaderet.
3083 882 3156 942 Et
3196 884 3331 944 fecit
3368 887 3452 944 eis
3490 884 3653 961 Iesus
3696 890 3809 946 siem

2242 1001 2263 1035 ι
2296 991 2632 1055 praeceperat
2644 981 2702 1039 ei
2730 980 3016 1039 Dominus.
3032 978 3216 1053 Equos
3238 996 3433 1039 eorum
3464 983 3804 1051 subnemrit,

2242 1093 2262 1129 ι
2300 1085 2355 1133 et
2386 1076 2584 1133 currus
2624 1089 2816 1132 eorum
2864 1073 3079 1131 exussit
3124 1074 3256 1148 igni.
3288 1073 3360 1131 Et
3404 1090 3703 1134 conversus
3742 1089 3806 1134 est

2236 1184 2262 1221 ί
2296 1165 2457 1225 Jesus
2502 1169 2555 1224 in
2585 1168 2703 1241 ipso
2734 1178 2999 1241 tempere,
3026 1180 3084 1224 et
3107 1170 3397 1240 occuparit
3424 1171 3624 1238 Assur,
3657 1180 3705 1229 et
3736 1188 3803 1229 re-

2240 1280 2260 1315 t
2296 1276 2418 1335 gem
2458 1264 2576 1334 ejus
2613 1260 2888 1317 interfecit
2921 1261 3116 1334 gladio.
3151 1279 3172 1315 ι
3198 1260 3364 1317 Vides
3390 1248 3603 1334 quanta
3643 1264 3803 1319 adver-

2234 1370 2329 1412 sus
2373 1353 2556 1410 Iesum
2601 1361 2655 1410 et
2710 1352 3068 1410 israeliticnrn
3124 1351 3386 1424 populum
3429 1357 3799 1413 contrariarum

2226 1449 2495 1505 virtutum
2515 1455 2570 1503 et
2588 1448 2949 1520 pessimorum
2971 1447 3280 1503 dremonum
3307 1448 3652 1504 concitentur
3668 1448 3797 1505 bella

2230 1538 2326 1597 isti
2363 1554 2553 1596 omnes
2578 1538 2848 1595 daemones
2893 1547 3020 1595 ante
3045 1538 3341 1595 adventum
3364 1536 3584 1595 Domini
3615 1548 3672 1596 et
3708 1540 3798 1596 Sal-

2230 1633 2440 1689 vatoris
2468 1632 2663 1700 nostri,
2693 1629 2861 1703 quieti
2884 1640 2941 1687 et
2968 1626 3148 1699 securi
3170 1630 3447 1688 humanas
3470 1630 3679 1687 animas
3699 1645 3797 1702 pm-

2234 1727 2495 1793 sidentes,
2518 1727 2574 1781 in
2593 1739 2782 1781 earum
2807 1724 3069 1781 membris
3093 1723 3488 1794 mentibusque
3515 1723 3792 1796 regnabant

2158 1797 2208 1860 Β
2233 1818 2343 1875 Sed
2369 1819 2462 1875 ubi
2486 1818 2542 1873 in
2567 1816 2728 1873 terris
2752 1815 3003 1888 apparuit
3032 1812 3206 1888 gratia
3222 1823 3281 1871 et
3305 1812 3685 1871 misericordia
3702 1814 3793 1870 Sal-

2224 1911 2437 1967 vatoris
2486 1908 2659 1965 nostri
2688 1904 2809 1974 Dei,
2839 1906 3041 1962 docens
3086 1920 3187 1961 nos
3213 1914 3276 1960 ut
3321 1905 3418 1975 pie
3445 1912 3506 1962 et
3546 1915 3716 1962 sancte
3750 1906 3791 1962 in

2230 2002 2335 2059 hoc
2356 2002 2577 2067 mundo,
2609 2009 2663 2057 et
2686 1999 2956 2071 segregati
2982 1998 3051 2053 ab
3072 1999 3220 2054 omni
3245 1998 3465 2070 peccati
3490 1999 3789 2071 contagione,

2228 2094 2504 2160 vivamus;
2545 2100 2603 2147 et
2624 2090 2933 2148 libertatem
2979 2105 3135 2146 suam
3186 2099 3352 2161 atque
3380 2090 3664 2163 imaginem
3696 2090 3788 2156 Dei,

2231 2187 2284 2243 in
2314 2201 2422 2258 qua
2463 2201 2531 2241 ex
2552 2185 2707 2241 initio
2736 2192 2920 2241 creata
2965 2192 3071 2252 est,
3118 2182 3305 2240 anima
3334 2198 3663 2257 unaquaeque
3687 2187 3792 2241 reci-

609 2286 762 2360 (αλιι.
784 2286 889 2359 xr.)
920 2305 939 2339 ι
973 2284 1103 2355 Qua:
1126 2299 1252 2341 cum
1281 2280 1519 2338 audisset
1537 2280 1695 2337 Jabin
1722 2296 1820 2336 rex
1845 2276 2005 2347 Aser,
2024 2278 2128 2335 mi-
2226 2281 2343 2352 piat
2372 2300 2384 2335 :
2418 2278 2522 2336 ista
2549 2283 2614 2335 de
2645 2294 2809 2335 causa
2829 2279 2899 2334 ab
2938 2276 3047 2334 illis
3075 2277 3282 2351 iniquis
3315 2279 3581 2336 veteribus
3602 2292 3793 2351 posses-

542 2392 563 2432 ι
598 2380 669 2435 sit
682 2378 757 2435 'ad
782 2376 956 2434 Jobad
980 2390 1165 2449 regem
1193 2372 1408 2441 Madon,
1439 2382 1495 2429 et
1520 2374 1588 2428 ad
1626 2385 1807 2443 regem
1848 2369 2126 2439 Simeron,
2192 2364 2199 2369 ’
2229 2373 2443 2431 scribus
2472 2388 2680 2440 earum,
2707 2386 2899 2444 pugnae
2923 2371 3246 2428 exoriuntur
3268 2381 3327 2427 et
3352 2369 3625 2443 praeliaﬁt
3649 2372 3694 2426 si
3715 2387 3792 2442 op-

543 2486 564 2521 ι
599 2475 764 2539 atque
797 2467 867 2523 ad
894 2481 1078 2539 regem
1096 2465 1305 2535 Asaph,
1335 2462 1404 2520 ad
1424 2478 1581 2537 reges
1616 2476 1831 2534 quoque
1858 2462 2129 2533 aquilonis
2227 2465 2534 2538 primantnr
2579 2463 2763 2536 primi,
2813 2463 2983 2519 multo
3026 2463 3210 2535 plures
3257 2475 3551 2536 exsurgant
3580 2472 3792 2537 postmo-

540 2574 562 2613 ι
594 2561 694 2631 qui
736 2560 1056 2617 habitabant
1095 2558 1152 2616 in
1192 2559 1487 2627 montanis,
1529 2566 1586 2613 et
1632 2558 1689 2613 in
1732 2558 1957 2628 planitie
1994 2568 2125 2613 con-
2229 2558 2377 2623 dum,
2406 2562 2568 2628 atque
2600 2557 2654 2612 in
2682 2572 2846 2611 unum
2873 2565 3145 2613 coeuntet
3171 2558 3495 2629 conspirant
3525 2556 3576 2613 in
3599 2558 3788 2624 malum,

541 2668 561 2707 t
596 2662 681 2709 tra
721 2652 1002 2710 meridiem
1044 2648 1327 2709 Cineroth.
1355 2650 1415 2707 In
1466 2649 1861 2722 campestribus
1890 2664 2124 2721 quoque,
2198 2650 2321 2725 'qui
2355 2665 2571 2722 semper
2591 2650 2853 2705 dissident
2883 2665 2915 2705 a
2945 2650 3107 2706 bono.
3132 2649 3201 2705 Et
3229 2650 3276 2706 si
3301 2649 3542 2707 secundo
3561 2651 3674 2706 victi
3697 2648 3792 2704 iue-

538 2758 560 2800 t
596 2747 733 2802 etin
752 2746 1063 2818 regionibus
1088 2742 1203 2802 Dor
1224 2742 1383 2815 juxta
1416 2758 1603 2810 mare;
1653 2743 2128 2814 Chananacumque
2198 2734 2201 2737 ’
2228 2745 2359 2813 rint,
2389 2745 2585 2801 iterum
2611 2744 2771 2800 tertio
2797 2744 2915 2799 aliae
2936 2744 3164 2802 virtutes
3191 2744 3493 2817 nequiores
3510 2750 3790 2815 exsurgant;

540 2854 560 2890 ι
595 2838 665 2893 ab
684 2837 896 2893 oriente
918 2842 977 2895 et
1009 2834 1310 2903 occidente,
1336 2844 1394 2891 et
1415 2833 1811 2901 Amorrhteum,
1837 2842 2001 2906 atque
2020 2833 2128 2891 lle-
2227 2847 2284 2893 et
2310 2838 2355 2893 si
2380 2836 2626 2892 fortassis
2655 2847 2855 2908 quanto
2884 2837 3060 2908 magis
3090 2844 3325 2908 augetur
3369 2838 3586 2909 populus
3614 2832 3726 2901 Dei,
3746 2842 3792 2890 et

534 2940 561 2981 ι
596 2928 815 2996 tbaeum,
845 2942 907 2984 ac
931 2926 1289 2996 Pberezeum,
1315 2934 1371 2984 et
1397 2922 1707 2983 Jebuzasum
1738 2927 1793 2983 in
1818 2929 2123 2996 montanis;
2228 2929 2399 2986 multo
2422 2929 2545 3002 plus
2575 2929 2774 2985 crescit
2802 2941 2858 2984 et
2897 2928 3319 3000 multiplicatur,
3351 2932 3507 2986 tanto
3546 2928 3616 2984 illi
3639 2929 3790 3000 plures

530 3034 560 3071 1
594 3016 851 3075 Heraeum
883 3030 1102 3090 quoque
1122 3019 1222 3090 qui
1253 3008 1537 3074 habitabat
1560 3018 1628 3073 ad
1651 3016 1865 3075 radices
1886 3014 2127 3076 Hermon
2228 3020 2296 3077 ad
2341 3019 2760 3092 Oppugnandum
2810 3018 3145 3092 conspirant.
3201 3018 3313 3075 Sed
3340 3030 3625 3089 tentemus,
3659 3026 3791 3092 prout

534 3122 562 3165 ι
592 3112 652 3168 in
691 3121 842 3168 terra
878 3109 1122 3181 Maspha.
1161 3108 1488 3182 Egressique
1530 3120 1722 3166 omnes
1764 3124 1890 3166 cum
1932 3108 2198 3185 turmis“
2227 3109 2372 3167 Deus
2411 3112 2651 3178 dederit,
2710 3108 2981 3167 discutere
3037 3110 3281 3181 singulos
3320 3128 3563 3185 quosque
3609 3109 3791 3166 adversi

545 3161 560 3165 -
594 3161 652 3168 ,η
698 3161 842 3168 ---η
879 3161 1120 3181 ____,__-
1162 3161 1481 3182 Ἴηηηη
1538 3161 1718 3166 -___--
1772 3161 1889 3166 --η
1938 3161 2126 3168 _____-_
2230 3161 2371 3167 η---
2415 3161 2651 3178 --,------,
2714 3161 2978 3167 mm---
3037 3161 3277 3181 --ην-η
3324 3161 3561 3185 νην,

500 3218 560 3258 ιι
597 3204 730 3272 suis,
769 3204 1001 3276 populus
1033 3204 1239 3263 multus
1283 3202 1463 3272 nimis,
1504 3202 1647 3261 sicut
1684 3218 1850 3260 arena
1879 3216 1999 3275 quae
2041 3213 2125 3261 est
2148 3161 2201 3226 Ο
2231 3203 2503 3259 exercitus
2530 3206 2701 3274 reges,
2726 3210 2782 3259 et
2799 3216 2898 3274 pro
2927 3202 3315 3273 signiﬁcandis
3343 3205 3604 3261 nominum
3628 3202 3793 3257 unius-

538 3314 562 3354 α
594 3299 656 3355 in
674 3298 856 3357 littore
884 3300 1052 3355 maris
1079 3319 1092 3353 :
1126 3296 1252 3369 equi
1280 3314 1494 3371 quoque
1521 3307 1576 3354 et
1623 3315 1818 3356 currus
1845 3300 2125 3356 immensa:
2226 3294 2488 3368 cuiusque
2510 3297 2675 3352 etiam
2696 3309 2831 3366 opus
2857 3294 3000 3367 quod
3028 3294 3164 3367 gerit
3190 3295 3411 3352 malitia
3452 3295 3791 3371 contemplari.

541 3408 563 3447 ι
597 3390 979 3449 multitudinis.
1023 3390 1511 3461 Conveneruntque
1536 3407 1725 3447 omnes
1763 3406 1920 3463 reges
1946 3390 2036 3447 isti
2064 3388 2125 3449 in
2222 3386 2441 3450 Primus
2464 3384 2730 3459 omnium,
2760 3391 2852 3462 qui
2879 3397 2936 3446 et
2958 3400 3148 3447 auctor
3172 3392 3304 3448 belli
3338 3394 3497 3463 hujus
3517 3390 3795 3448 nominatus

500 3488 560 3540 ἰ
596 3502 764 3543 unum
821 3487 890 3544 ad
948 3502 1117 3558 aquas
1164 3486 1370 3543 Merom
1397 3528 1413 3555 ,
1462 3495 1525 3543 ut
1575 3494 1883 3559 pugnarent
1932 3495 2124 3543 contra
2225 3494 2332 3553 est,
2360 3500 2695 3557 congregans
2720 3461 2948 3540 cancros
2991 3492 3046 3539 et
3074 3480 3143 3539 ad
3177 3461 3603 3554 coniurationem
3647 3482 3797 3540 scele-

540 3597 562 3632 ι
597 3576 783 3635 lsrael.
810 3572 1068 3651 Dixitque
1082 3578 1347 3635 Dominus
1371 3578 1439 3633 ad
1459 3576 1623 3634 Josue
1643 3597 1655 3632 :
1679 3576 1758 3634 Ne
1780 3579 1972 3635 timeas
1993 3594 2119 3635 eos:
2223 3578 2304 3635 ris
2328 3577 2587 3644 invitatis,
2618 3572 2779 3633 Jabin
2824 3575 3162 3642 nominatur,
3189 3576 3305 3646 qui'
3324 3587 3438 3631 erat
3476 3589 3573 3630 rex
3606 3574 3799 3630 Assur:

540 3692 563 3728 ι
597 3688 721 3731 cras
744 3671 890 3729 enim
914 3674 1020 3729 hac
1044 3669 1234 3729 eadem
1252 3670 1391 3728 hora
1418 3687 1517 3743 ego
1545 3670 1757 3728 tradam
1780 3668 1915 3727 istos
1933 3686 2124 3727 omnes
2204 3666 2343 3746 ipse
2382 3682 2466 3728 est
2488 3671 2635 3729 enim
2669 3671 2761 3741 qui
2799 3669 2963 3724 etiam
2995 3669 3195 3725 dicitur
3220 3676 3432 3722 exteros
3454 3679 3800 3721 convocasse.

540 3785 563 3821 α
596 3764 960 3823 vulnerandos
980 3766 1036 3822 in
1056 3774 1352 3836 conspectu
1375 3758 1572 3821 Israel.
1587 3764 1770 3835 Equos
1789 3778 1979 3820 eorum
1999 3760 2125 3819 sub-
2200 3760 2385 3841 .Jabin
2431 3774 2612 3821 autem
2660 3762 3053 3836 interpretatur
3108 3772 3284 3843 sensus
3334 3759 3446 3817 sive
3494 3759 3797 3832 prudentia.

534 3876 562 3916 ε
596 3860 865 3927 nervabis,
910 3867 965 3915 et
1006 3874 1202 3915 currus
1249 3859 1375 3930 igne
1421 3858 1727 3924 combures,
1764 3877 1782 3909 ι
1810 3864 1916 3913 etc.
1950 3875 1969 3909 ι
2005 3854 2125 3912 Alia
2226 3855 2360 3926 Quis
2385 3866 2470 3913 est
2498 3864 2679 3913 autem
2707 3854 2812 3912 iste
2857 3869 3051 3912 sensus
3096 3848 3211 3910 sive
3248 3849 3560 3925 prudentia,
3600 3850 3705 3908 nisi
3726 3848 3800 3906 ille

534 3962 719 4011 autem
759 3951 926 4010 editio
946 3950 1095 4009 hunc
1120 3951 1299 4007 locum
1324 3950 1399 4005 ita
1442 3949 1645 4007 habet:
1678 3967 1696 4001 ι
1726 3946 1801 4006 Ut
1826 3958 2006 4006 autem
2036 3962 2128 4006 au-
2225 3965 2388 4023 quem
2435 3949 2572 4006 dixit
2618 3948 2789 4005 Isaias
2828 3947 3094 4020 propheta
3149 3961 3375 4003 sensum
3410 3942 3700 4017 magnum?
3734 3942 3798 3997 ait

535 4043 692 4113 diVit,
724 4063 743 4097 ι
774 4040 972 4115 inquit,
1005 4062 1024 4094 ε
1056 4038 1214 4099 Jabin
1235 4057 1333 4099 rex
1358 4039 1553 4108 Assur,
1580 4040 1728 4096 misit
1752 4040 1819 4097 ad
1847 4039 2016 4098 Jobac
2035 4056 2123 4099 re-
2224 4044 2370 4101 enim
2401 4061 2414 4098 :
2446 4060 2465 4094 ‹
2495 4042 2563 4098 Ει
2597 4041 2849 4097 inducam
2880 4055 3044 4113 super
3070 4050 3126 4095 te
3146 4053 3377 4095 sensum
3404 4054 3653 4115 magnum
3668 4035 3800 4109 prin-

541 4152 563 4189 t
600 4150 724 4206 gem
751 4112 1214 4201 Amorrhaaorum,
1248 4142 1307 4189 et
1332 4136 1400 4190 ad
1440 4149 1626 4206 regem
1674 4131 1927 4190 Simeron
1958 4142 2013 4190 et
2058 4133 2127 4189 ad
2226 4137 2403 4207 cipem
2431 4133 2802 4206 Assyriorum,
2832 4132 2923 4205 qui
2950 4112 3134 4189 dixit:
3162 4130 3283 4189 Mea
3315 4112 3513 4191 virinte
3533 4130 3798 4197 faciam,et

542 4243 564 4277 ‹
600 4239 783 4295 regem
809 4218 987 4292 Bazze,
1016 4232 1073 4280 et
1094 4224 1164 4279 ad
1188 4239 1342 4295 reges
1365 4224 1457 4296 qui
1480 4233 1636 4279 erant
1674 4225 1820 4280 circa
1868 4223 2128 4281 Sidonem
2226 4212 2496 4297 sapientia
2525 4241 2719 4282 sensus
2770 4224 2875 4281 mei
2901 4225 3144 4279 auferam
3172 4218 3318 4280 ﬁnes
3342 4225 3602 4297 gentium,
3629 4232 3681 4280 et
3700 4220 3796 4277 vir-

542 4332 567 4369 σ
597 4329 877 4387 magnam,
906 4319 964 4370 et
996 4328 1097 4385 per
1136 4321 1420 4378 montana;
1474 4321 1531 4367 et
1575 4313 1631 4368 in
1666 4313 1866 4370 Arabia
1894 4330 2016 4386 quae
2043 4324 2129 4373 est
2225 4326 2395 4376 tutem
2421 4334 2611 4375 eorum
2631 4318 2984 4390 depraedabor
3013 4317 3149 4390 (lsa.
3175 4317 3256 4390 χ).
3290 4338 3313 4372 ι
3342 4318 3449 4376 lste
3472 4332 3596 4389 ergo
3622 4327 3699 4373 est
3719 4316 3797 4387 qui

540 4424 563 4462 ι
596 4414 785 4464 contra
805 4400 1097 4470 Cenereth,
1128 4411 1185 4460 et
1209 4403 1276 4461 ad
1303 4418 1545 4475 campos,
1571 4412 1624 4459 et
1654 4405 1712 4459 in
1738 4404 2050 4476 Fanendor,
2072 4416 2128 4465 et
2225 4413 2302 4472 ibi
2334 4414 2551 4486 quidem
2578 4413 2778 4471 dicitur
2815 4426 3007 4471 sensus
3028 4427 3284 4486 magnus,
3316 4429 3420 4471 rex
3461 4411 3795 4483 Assyriorum.

500 4492 505 4499 ’
541 4521 562 4557 ι
597 4503 665 4558 ad
683 4499 1020 4557 Cbananaeos
1052 4496 1146 4571 qui
1181 4497 1419 4555 erantin
1460 4498 1752 4558 maritimis
1781 4500 1849 4558 ab
1891 4502 2123 4572 oriente,
2148 4518 2206 4589 ι)
2229 4507 2331 4565 Hic
2358 4517 2541 4565 autem
2567 4506 2728 4564 Jabin
2756 4523 2950 4565 sensus
2997 4516 3053 4565 et
3100 4509 3430 4581 prudentia.
3455 4507 3662 4565 Etenim
3696 4520 3795 4562 sa-

542 4614 563 4649 t
600 4603 654 4650 et
675 4595 744 4650 ad
769 4595 1114 4652 Amorrhaeos
1143 4593 1237 4666 qui
1264 4603 1418 4651 erant
1440 4594 1497 4651 in
1516 4596 1828 4663 maritimis,
1851 4605 1907 4654 et
1934 4598 2003 4655 ad
2023 4598 2123 4657 Ce—

543 4702 564 4740 t
604 4683 787 4750 thaeos,
812 4692 869 4739 et
893 4682 1224 4752 Pheresaeos,
1253 4695 1310 4743 et
1329 4687 1396 4744 ad
1441 4684 1719 4746 Jebusmos
1746 4688 1840 4761 qui
1881 4700 2038 4748 erant
2064 4693 2123 4751 in

544 4793 566 4828 ι
600 4773 907 4841 maritimis,
933 4777 988 4831 in
1026 4780 1323 4847 montanis,
1360 4787 1416 4836 et
1458 4780 1527 4836 ad
1568 4779 1798 4842 {levatos
1827 4787 1921 4859 qui
1969 4798 2125 4846 erant

544 4885 565 4922 ι
603 4867 704 4923 sub
727 4864 943 4924 deserto
966 4868 1225 4930 Mosoma.
1254 4872 1325 4928 Et
1346 4873 1599 4931 exierunt
1619 4876 1723 4949 ipsi
1751 4885 1808 4934 et
1850 4895 2009 4952 reges
2031 4898 2125 4947 eo-

544 4979 565 5016 ι
602 4977 723 5017 rum
747 4975 871 5018 cum
899 4960 1049 5031 ipsis,
1076 4965 1220 5022 sicut
1254 4975 1338 5024 est
1382 4982 1549 5024 arena
1590 4970 1757 5025 maris
1782 4970 1839 5027 in
1877 4974 2123 5035 multitu-

538 5074 568 5109 ς
606 5057 754 5124 dine,
776 5064 835 5113 et
871 5055 997 5127 equi
1021 5065 1077 5111 et
1099 5059 1375 5134 quadrigae
1403 5061 1585 5118 multa:
1614 5062 1799 5119 nimis.
1829 5064 1900 5121 Et
1930 5082 2124 5126 conve-

548 5165 569 5202 t
603 5156 801 5205 nerunt
825 5162 1017 5204 omnes
1045 5163 1202 5221 reges
1224 5151 1338 5219 isti,
1382 5162 1441 5208 et
1486 5154 1735 5211 coierunt
1774 5155 1833 5213 in
1860 5173 2029 5217 unum
2052 5162 2125 5218 ad

546 5259 568 5294 ι
604 5256 799 5313 aquam
820 5256 1030 5298 meram
1064 5257 1305 5315 pugnare
1324 5254 1517 5303 contra
1542 5247 1730 5305 Israel.
1753 5249 1901 5308 Dixit
1935 5263 2123 5313 atatem

544 5349 569 5387 ι
605 5333 865 5392 Dominus
890 5335 960 5391 ad
982 5332 1172 5393 Jesum
1202 5353 1216 5390 :
1246 5335 1365 5392 Non
1385 5343 1626 5399 verearis
1667 5342 1861 5402 faciem
1882 5347 2118 5417 illorum,

545 5442 568 5478 ι
602 5426 732 5498 quia
754 5427 996 5483 crastina
1023 5426 1111 5484 die
1132 5427 1203 5484 ad
1245 5428 1387 5484 hanc
1412 5428 1603 5488 horam
1645 5449 1747 5507 ego
1764 5438 1981 5494 tradam
2028 5455 2123 5499 eos

545 5533 569 5571 ε
606 5518 876 5575 sauciatos
922 5527 1054 5576 ante
1081 5518 1280 5578 faciem
1320 5521 1508 5579 lsrael.
1542 5524 1723 5597 Equos
1762 5546 1956 5589 eorm
1997 5535 2126 5590 sub—

546 5621 573 5661 ι
604 5610 879 5677 narrabis,
921 5617 978 5665 et
1013 5626 1205 5669 currus
1249 5628 1437 5670 eorum
1476 5613 1588 5686 igni
1632 5633 1847 5678 exures.
1886 5624 1957 5680 Et
1978 5626 2128 5681 venit

545 5713 576 5754 ι
604 5696 763 5756 Iesus
782 5711 842 5758 et
874 5704 1053 5761 omnis
1086 5705 1298 5778 populis
1336 5706 1658 5765 bellatorum
1700 5727 1822 5769 cum
1848 5730 1919 5770 eo
1965 5732 2126 5790 super

523 5804 580 5862 ,ε
613 5790 759 5865 ipsos
780 5795 851 5855 ad
873 5810 1069 5885 aquam
1100 5814 1332 5872 maram,
1359 5810 1416 5861 et
1450 5800 1631 5862 subito
1656 5802 1814 5864 irruit
1841 5822 2005 5881 super
2030 5825 2125 5872 eos

2226 4617 2364 4675 peus
2383 4600 2553 4657 fuisse
2585 4600 2641 4656 in
2670 4601 2923 4673 paradiso
2947 4601 3205 4658 scribitur
3228 4603 3565 4674 prudentior
3592 4599 3801 4657 omnium

2226 4695 2527 4754 bestiarum
2571 4710 2692 4767 quae
2716 4704 2873 4752 erant
2906 4711 3070 4768 super
3114 4704 3346 4753 terram.
3393 4696 3511 4754 Sed
3546 4704 3602 4752 et
3625 4694 3799 4749 villicus

2227 4788 2536 4861 iniquitatis
2586 4789 2883 4860 prudenter
2925 4788 3120 4847 fecisse
3163 4789 3379 4847 dicitur
3411 4788 3511 4847 illa
3557 4804 3669 4864 qua:
3697 4784 3803 4842 fecit

2230 4881 2386 4955 (Luc.
2416 4881 2553 4954 xvr).
2578 4880 2677 4937 Hic
2722 4882 2889 4955 igitur
2911 4881 3072 4938 Jabin
3104 4898 3204 4939 rex
3226 4892 3318 4939 est
3336 4884 3542 4942 Assur.
3568 4878 3803 4950 Interpre-

2227 4982 2377 5032 tatur
2418 4972 2589 5033 Assur
2616 4974 2739 5031 aula
2765 4992 2781 5031 :
2806 4980 2892 5032 est
2931 4955 3062 5046 ergo
3109 4974 3294 5031 omnis
3338 4985 3499 5035 terra
3528 4974 3641 5033 aula
3666 4970 3811 5042 ινιιὶϋ

2226 5070 2400 5141 regis,
2431 5070 2525 5140 qui
2544 5069 2713 5127 totius
2735 5077 2895 5126 terrae
2914 5069 3063 5127 velut
3085 5069 3226 5127 aula
3258 5072 3442 5139 uarius
3458 5070 3656 5128 obtinet
3677 5065 3812 5137 ιιι-ὣ-

2227 5160 2488 5231 eipatum,
2537 5160 2747 5233 quiest
2791 5160 3057 5218 diabolus.
3084 5161 3182 5218 Vis
3222 5160 3431 5220 autem
3480 5162 3661 5218 videre
3704 5172 3816 5229 qm-

2226 5253 2377 5313 uiam
2405 5252 2529 5309 aula
2575 5252 2747 5326 ipsius
2784 5261 2869 5312 est
2910 5254 3092 5311 terra?
3135 5252 3196 5309 In
3224 5253 3561 5329 Evangeliis
3584 5253 3815 5322 scriptun

2229 5355 2315 5404 est
2341 5344 2495 5419 (Luc.
2520 5344 2624 5418 ιι),
2655 5344 2782 5416 quia
2806 5345 2962 5402 fortis
2981 5345 3038 5402 in
3065 5345 3190 5402 aula
3212 5361 3316 5402 sua
3352 5362 3606 5405 securus
3624 5342 3815 5406 dormit.

2226 5454 2511 5510 usquequo
2534 5438 2717 5494 veniat
2739 5438 2952 5507 fortior,
2976 5439 3071 5511 qui
3097 5447 3155 5496 et
3183 5438 3377 5511 ipsum
3404 5442 3605 5512 alliget
3626 5445 3690 5494 et
3722 5448 3818 5507 qu

2222 5532 2467 5604 possedit
2488 5531 2718 5589 auferat.
2749 5531 2850 5589 Est
2889 5547 3021 5604 ergo
3048 5547 3146 5590 rex
3185 5532 3332 5588 aulae
3366 5533 3651 5604 princeps
3688 5528 3821 5600 huius

2225 5624 2433 5680 mundi.
2454 5623 2561 5680 Iste
2583 5623 2751 5680 mittit
2781 5624 2850 5679 ad
2874 5621 3071 5690 Jobae;
3103 5624 3220 5694 ipse
3236 5632 3329 5679 est
3360 5626 3533 5682 enim
3571 5624 3669 5696 qui
3689 5616 3820 5677 niti!

2224 5719 2295 5790 ad
2321 5732 2511 5775 omnes
2539 5727 2726 5791 gentes
2747 5726 2805 5775 et
2828 5718 3024 5775 invitat
3054 5718 3125 5775 ad
3145 5716 3439 5790 pretium,
3468 5719 3654 5777 uiuit
3675 5716 3807 5775 nire

2224 5828 2349 5887 gem
2375 5811 2602 5876 Marem.
2632 5810 2800 5874 Jobac
2840 5819 3021 5874 autem
3063 5812 3485 5888 interpretatur
3522 5807 3826 5877 inimicitia;
