3930 6344
156 468 283 531 1055

1054 456 1408 521 ΟΟΜΜΕΝΤ.
1446 458 1515 517 ῙΝ
1554 454 1815 519 LIBRUM
1848 457 2081 517 JOSUE.
2118 487 2189 504 ι·-
2223 458 2354 519 LIB.
2392 460 2456 518 Ῑῐ.

3255 466 3396 524 1054

154 582 344 643 Marem
384 588 565 636 autem
600 576 1004 635 amaritudines.
1036 574 1200 632 Mittit
1226 592 1355 647 ergo
1377 574 1619 632 diabolus
1645 575 1713 631 ad
1738 581 1793 642 Α
1817 576 1866 630 vi
1892 586 1946 629 et
1972 592 2042 631 ex
2063 578 2262 647 apertis
2292 575 2809 650 impugnationibus,
2838 576 2936 633 sed
2976 575 3289 649 improvisis
3317 582 3401 638 iu-

155 676 299 733 aliam
329 673 587 728 virtutem
628 670 925 735 inimicam,
952 685 1019 725 ex
1046 668 1249 740 angelis
1298 668 1417 724 sine
1447 666 1609 724 dubio
1631 684 1720 723 re-

150 768 295 841 fugis,
323 779 443 838 qua:
463 763 634 819 virtus
661 762 1081 818 amaritudinum
1103 777 1195 817 rex
1223 768 1307 817 est
1331 780 1343 815 ε
1370 777 1475 831 quo
1502 770 1721 816 auctore

152 856 343 917 scilicet
362 867 417 913 et
442 872 662 927 cperam
686 855 851 913 dante
877 868 1067 910 omnes
1095 854 1151 908 in
1169 853 1275 910 hoc
1302 853 1502 909 mundo
1524 853 1722 909 amari—

154 951 352 1006 tudines
385 956 439 1003 et
480 946 799 1019 asperitates
824 963 944 1018 qua:
992 944 1208 1002 miseris
1234 945 1550 1001 mortalibus
1580 940 1720 1000 inlli-

150 1045 339 1111 guntur
359 1036 631 1094 eveniunt.
664 1034 803 1092 Sunt
828 1037 971 1091 enim
1002 1037 1211 1091 diversa
1242 1052 1440 1109 genera
1466 1034 1678 1107 peccati
1704 1055 1717 1091 :

148 1141 309 1201 neque
363 1130 505 1185 enim
557 1130 793 1185 amarius
845 1126 1047 1198 aliquid
1090 1135 1269 1197 potest
1316 1143 1435 1183 esse
1478 1135 1717 1198 peccato,

149 1219 351 1276 etiamsi
376 1220 620 1289 quaedam
647 1217 824 1274 dulcia
842 1209 1133 1272 videantur
1154 1216 1207 1273 in
1230 1217 1439 1290 primis,
1467 1218 1607 1272 sicut
1628 1216 1722 1272 Sa-

144 1310 311 1369 lomon
343 1312 560 1378 scribit;
592 1311 685 1367 sed
718 1329 738 1362 (
770 1312 823 1366 in
874 1306 1206 1375 novissimis,
1237 1308 1434 1380 inquit,
1483 1308 1723 1367 amarius

144 1402 256 1460 felle
296 1406 441 1476 quod
472 1404 626 1461 dulce
664 1405 719 1459 in
751 1403 921 1458 initiis
943 1402 1245 1469 videbatur,
1274 1408 1331 1457 et
1370 1403 1583 1457 acutius
1607 1402 1724 1459 acie

145 1494 293 1565 gladii
318 1491 502 1566 (Prov.
530 1493 608 1563 v).
642 1514 660 1546 ι
694 1493 925 1548 Justitiae
946 1508 1077 1548 vero
1099 1502 1294 1547 natura
1322 1493 1596 1547 contraria
1619 1501 1719 1548 est.

141 1588 195 1643 ln
234 1587 403 1643 initiis
448 1588 661 1644 videtur
688 1586 809 1643 felle
860 1586 1116 1654 amarior,
1146 1587 1201 1642 in
1244 1587 1552 1643 novissimis
1592 1602 1723 1644 vero

145 1679 293 1735 melle
343 1679 555 1736 dulcior
588 1680 877 1745 invenitur,
915 1697 1037 1736 cum
1086 1678 1305 1734 virtutis
1340 1676 1548 1734 fructus
1588 1687 1726 1735 attu-

142 1769 279 1826 lerit.
310 1769 460 1827 Misit
485 1787 615 1842 ergo
643 1770 887 1827 diabolus
914 1772 982 1826 ad
1019 1768 1183 1827 Jobac
1214 1770 1492 1827 inimicum
1521 1772 1723 1826 amari~

1822 666 1972 722 sidiis
1997 667 2310 739 callidisque
2338 669 2627 739 decipiant,
2671 668 2809 724 forte
2828 670 3018 741 quales
3060 681 3191 728 sunt
3230 681 3289 729 et
3325 673 3405 730 illi

1788 834 1791 839 Ι
1823 756 1889 814 de
1919 759 2112 832 quibus
2138 760 2405 831 Propheta
2429 761 2597 818 dicit:
2627 761 2955 820 «insidiatur
2978 762 3033 819 in
3052 764 3266 823 occulto
3290 766 3405 825 sic-

1822 862 1882 909 ut
1918 854 2003 909 leo
2046 854 2102 909 in
2130 854 2293 911 cubili
2319 870 2450 921 suo;
2482 855 2767 912 insidiatur
2801 865 2862 913 ut
2904 858 3080 929 rapiat
3106 871 3400 931 pauperem

1824 940 1998 1016 (Psal.
2026 946 2102 1016 χ).
2135 964 2154 997 ›
2188 944 2296 1001 Sed
2326 946 2372 1000 si
2414 947 2537 1015 quis
2565 946 2686 1003 talis
2711 956 2795 1003 est
2818 948 2993 1020 qualis
3021 948 3242 1017 Paulus,
3267 966 3405 1008 con-

1826 1038 2055 1095 ﬁdenter
2075 1038 2251 1095 dicit:
2287 1058 2304 1091 ι
2332 1039 2449 1095 Non
2489 1040 2648 1095 enim
2665 1040 2977 1112 ignoramus
3023 1043 3253 1099 astutias
3286 1043 3407 1113 eius

1824 1130 1876 1203 (1
1904 1130 2027 1186 Cor.
2058 1131 2144 1203 ιι).
2177 1152 2196 1186 ι
2229 1132 2393 1187 Mittit
2419 1142 2475 1188 et
2514 1133 2570 1188 in
2596 1132 2888 1190 Cenereth.
2917 1133 3187 1191 Genereth
3224 1144 3408 1193 autem

1825 1220 1980 1291 quasi
2008 1221 2239 1277 lucernae
2262 1222 2543 1290 dicuntur;
2568 1239 2677 1279 non
2716 1223 2966 1288 lucernae,
2999 1225 3272 1294 sedqnasi
3318 1226 3407 1281 lu-

1822 1327 2025 1368 cernae.
2055 1311 2216 1368 Aliud
2244 1323 2329 1370 est
2352 1314 2591 1383 lucerna,
2624 1315 2767 1371 aliud
2791 1315 2947 1384 quasi
2975 1315 3214 1371 lucerna.
3240 1316 3411 1372 Joan-

1826 1421 1924 1460 nes
1972 1405 2189 1460 lucerna
2233 1414 2354 1461 erat
2400 1407 2616 1472 ardens,
2647 1407 2774 1476 quia
2806 1413 2930 1462 erat
2974 1406 3199 1477 angelus
3248 1407 3408 1463 lucis.

1827 1503 1994 1571 Quasi
2022 1504 2245 1559 lucerna
2275 1512 2454 1559 autem
2495 1514 2579 1558 est
2622 1502 2710 1557 ille
2748 1504 2845 1572 qui
2868 1501 3224 1573 transﬁgurat
3268 1502 3413 1558 sein

1825 1596 2079 1667 angelum
2119 1595 2275 1651 lueis.
2325 1595 2393 1649 Et
2419 1595 2464 1649 si
2494 1595 2577 1650 vis
2614 1594 2793 1653 adhuc
2832 1593 3137 1649 evidentius
3183 1602 3415 1648 noscere

1829 1686 2161 1742 dill‘erentias
2191 1684 2537 1741 lucernarum
2562 1692 2625 1740 et
2659 1683 2813 1753 quasi
2842 1682 3188 1738 lucernarum
3212 1695 3337 1751 quae
3354 1678 3414 1736 in

1829 1783 2099 1841 Cenereth
2128 1790 2274 1848 sunt,
2306 1781 2431 1836 audi
2470 1779 2805 1836 Salvatorem
2840 1779 3116 1835 dicentem
3154 1776 3226 1832 ad
3251 1774 3416 1832 disci-

146 1863 340 1920 tudinis
376 1879 579 1935 regem.
619 1862 785 1918 Mittit
811 1862 976 1919 etiam
1023 1862 1094 1917 ad
1120 1879 1303 1935 regem
1334 1863 1605 1931 Simeron,
1632 1862 1725 1933 qui
1758 1944 1787 1945 7
1831 1874 1986 1945 pulos
2011 1889 2175 1928 suos;
2213 1889 2232 1923 ε
2264 1870 2387 1926 Sint
2411 1870 2579 1925 lumbi
2604 1868 2773 1925 vestri
2807 1866 3108 1939 praeiacti,
3137 1873 3194 1921 et
3234 1862 3412 1920 lucer-

140 1954 529 2026 interpretatur
580 1954 857 2011 exauditio
902 1974 915 2009 :

140 2046 446 2114 exauditio;
490 2046 777 2118 aliquando
800 2046 1017 2118 quidem
1047 2047 1103 2101 in
1127 2048 1325 2103 bonam
1346 2050 1725 2118 partem,‘cum

136 2138 359 2193 exaudit
397 2137 672 2193 hominem
703 2138 863 2205 Deus,
905 2139 1200 2193 secundum
1229 2141 1371 2208 quod
1413 2147 1467 2193 et
1507 2136 1728 2194 Simeon

137 2243 277 2284 unus
322 2244 391 2284 ex
423 2229 747 2300 patriarchis
798 2245 992 2285 nomen
1034 2228 1260 2299 accepit,
1294 2229 1727 2299 quandoquidem

142 2321 458 2377 exaudierat
483 2322 625 2376 Deus
650 2336 866 2391 precem
884 2322 1079 2375 matris
1105 2320 1248 2392 ejus;
1274 2322 1472 2380 dicitur
1497 2330 1677 2376 autem
1699 2337 1730 2376 e

143 2412 414 2471 contrario
441 2413 734 2481 exauditio,
760 2414 975 2483 quando
1002 2414 1124 2484 quis
1154 2414 1376 2469 exaudit
1398 2422 1729 2485 prteceptum

145 2504 361 2561 diaboli.
395 2502 547 2560 Solet
582 2505 725 2559 enim
763 2500 943 2560 dicere
969 2504 1251 2560 diabolus:
1282 2523 1299 2554 ι
1341 2504 1399 2559 Si
1445 2504 1731 2576 procidens

144 2595 455 2651 adoraveris
481 2610 588 2661 me,
620 2593 715 2649 tibi
758 2594 897 2651 dabo
942 2593 1060 2650 haec
1107 2596 1289 2650 omnia
1320 2594 1538 2667 (Matth.
1570 2594 1668 2665 tv).
1704 2614 1724 2647 ›

146 2682 250 2743 Sed
289 2696 349 2742 tu
370 2685 418 2743 si
445 2684 627 2742 Jesum
669 2685 934 2757 sequeris,
964 2682 1099 2741 dicis
1129 2687 1179 2740 ei
1206 2704 1221 2741 :
1246 2682 1535 2741 Dominum
1560 2680 1730 2740 Deum

144 2794 316 2834 meum
344 2775 610 2844 adorabo,
639 2786 697 2833 et
722 2776 798 2831 illi
851 2776 950 2832 soli
998 2778 1227 2833 serviam
1261 2774 1456 2850 (Ibid.,
1493 2774 1581 2848 χ).
1622 2775 1732 2829 Au-

144 2867 292 2923 diunt
320 2874 503 2924 autem
532 2867 682 2922 illum
712 2867 804 2936 qui
831 2873 956 2922 sunt
990 2883 1059 2921 ex
1100 2874 1253 2937 parte
1280 2866 1466 2936 ipsius,
1512 2862 1655 2920 sicut
1679 2870 1734 2919 et

140 2971 280 3013 nunc
303 2952 441 3013 fecit
488 2956 589 3011 iste
618 2953 887 3019 Simeron,
919 2952 1070 3010 illum
1099 2954 1325 3010 audiens
1352 2953 1505 3010 venit
1531 2953 1599 3009 ad
1628 2968 1732 3024 pu-

138 3060 293 3116 gnam
338 3053 538 3102 contra
584 3040 788 3100 Jesum.
817 3040 981 3099 Mittit
1031 3050 1211 3099 autem
1251 3044 1315 3098 ad
1368 3056 1551 3116 regem
1594 3040 1729 3099 Zil'e.

135 3136 251 3194 'l.il'e
290 3145 478 3195 autem
521 3136 914 3209 interpretatur
964 3134 1232 3207 quomodo
1262 3135 1412 3191 ﬂuit?
1444 3132 1589 3191 velut
1633 3131 1733 3190 ad-

144 3233 390 3290 mirantis
421 3247 691 3299 sermone,
718 3231 847 3301 quia
867 3246 933 3287 eo
956 3244 1144 3287 revera
1162 3228 1469 3286 mirandum
1489 3236 1574 3285 est
1593 3218 1755 3302 quo?

144 3326 302 3383 modo
324 3322 500 3381 ﬂuunt
530 3323 713 3380 omnia
743 3339 864 3395 qua:
886 3331 1014 3379 sunt
1044 3322 1206 3395 hujus
1235 3323 1423 3379 mundi
1469 3321 1726 3388 carnalia,
1759 3302 1805 3368 (ἶ

143 3429 194 3478 et
216 3420 487 3493 quomodo
530 3418 672 3475 ﬂuxa
695 3430 821 3475 sunt
849 3428 905 3475 et
944 3420 1148 3476 caduca
1172 3436 1292 3491 qum
1317 3418 1461 3492 apud
1488 3418 1734 3475 inﬁdeles

142 3508 393 3569 homines
431 3510 807 3582 permanentia
856 3508 1181 3581 deputantur
1222 3519 1279 3566 et
1324 3518 1603 3582 perpetua.
1632 3511 1735 3579 Qui

141 3612 327 3661 autem
370 3619 549 3660 rerum
596 3598 908 3660 considerat
961 3603 1262 3668 rationem,
1315 3610 1369 3659 et
1401 3602 1527 3657 vitte
1575 3599 1735 3670 hujus

142 3711 262 3767 quae
286 3702 551 3766 putantur
572 3692 717 3751 bona
745 3701 1034 3750 contuetur
1056 3692 1328 3764 quomodo
1372 3707 1587 3763 semper
1613 3707 1736 3748 mu-

143 3796 330 3845 tentur
348 3795 405 3844 et
438 3796 743 3854 transeant,
769 3787 873 3844 iste
904 3786 1054 3855 dicit,
1087 3785 1368 3855 Quomodo
1394 3782 1540 3840 ﬂuit!
1567 3785 1738 3842 Vocat

145 3888 330 3938 autem
375 3890 563 3937 contra
604 3880 744 3936 ﬁlios
790 3878 957 3935 Israel
1000 3877 1266 3942 diabolus,
1313 3877 1480 3933 etiam
1515 3891 1612 3934 eos
1634 3874 1736 3948 qui

143 3974 290 4031 circa
313 3971 573 4030 Sidonem
590 3988 850 4044 magnum
876 3979 1008 4028 sunt
1034 3979 1084 4026 ει.
1114 3970 1231 4043 Ego
1270 3971 1488 4041 quidem
1530 3985 1655 4026 eum
1679 3969 1736 4026 in

143 4064 277 4121 locis
327 4062 547 4121 Sidonis
597 4063 886 4134 aliquoties
929 4063 1241 4118 demoratus
1286 4061 1414 4128 sim,
1460 4075 1737 4131 nunquam

147 4154 391 4227 comperi
411 4154 545 4211 duas
573 4170 694 4211 esse
722 4153 976 4221 Sidonas,
1003 4168 1172 4209 unum
1198 4168 1468 4225 magnam,
1499 4161 1555 4208 et
1576 4153 1737 4209 aliam

145 4261 393 4318 parvam,
417 4255 680 4318 quantum
713 4244 783 4301 ad
805 4254 1084 4302 terrenum
1127 4244 1365 4315 pertinet
1392 4243 1591 4300 locum.
1631 4242 1738 4299 Sed

147 4339 190 4394 si
218 4338 288 4395 ad
315 4338 820 4410 interpretationem
847 4336 1082 4393 nominis
1101 4336 1346 4404 redeant,
1387 4337 1531 4408 quod
1564 4334 1766 4406 signi-1

148 4429 273 4487 ﬂeat
303 4430 637 4487 venatricem
680 4428 766 4486 vel
793 4436 1099 4495 venatores,
1121 4427 1279 4483 video
1306 4426 1453 4497 quod
1489 4425 1739 4482 adversa-

149 4522 356 4578 riarum
384 4521 669 4586 virtutum,
707 4520 765 4575 in
793 4520 991 4591 quibus
1035 4516 1219 4574 multae
1246 4525 1373 4573 sunt
1400 4514 1732 4583 dill‘erentiae,

147 4615 368 4686 quidam
393 4615 505 4671 sint
534 4619 821 4668 venatores
857 4611 913 4666 in
936 4612 1143 4680 parvis,
1169 4619 1225 4666 et
1269 4611 1488 4680 quidam
1516 4618 1738 4667 venato—

150 4704 311 4761 resin
333 4702 582 4777 magnis;
604 4703 661 4758 id
685 4710 769 4758 est
789 4701 932 4771 quod
957 4699 1048 4755 alii
1070 4715 1169 4771 per
1186 4716 1355 4771 parva
1378 4710 1603 4772 peccata
1622 4701 1741 4757 ani-

151 4810 289 4864 mas,
334 4794 433 4850 alii
470 4808 570 4864 per
607 4808 803 4864 magna
853 4791 1129 4863 decipiunt
1156 4809 1170 4845 :
1195 4792 1347 4847 verbi
1386 4792 1581 4862 gratia,
1614 4808 1737 4848 eum

153 4885 205 4943 in
224 4884 599 4957 voluptatibus
643 4883 824 4941 saeculi
854 4892 910 4940 et
940 4883 1121 4940 carnis
1148 4883 1355 4940 deliciis
1389 4884 1574 4938 anima
1601 4883 1741 4939 deci-

152 4978 315 5050 pitur,
347 4976 405 5033 in
440 4991 612 5049 parvo
641 4982 798 5048 capta
822 4974 1046 5030 dicenda
1074 4982 1190 5042 est;
1235 4990 1361 5031 eum
1403 4990 1534 5031 vero
1564 4974 1740 5046 provi-

155 5070 390 5129 dentiam
424 5075 609 5147 negat,
635 5074 731 5123 aut
776 5067 1047 5124 daemones
1073 5064 1229 5141 quasi
1269 5068 1560 5123 Dominum
1583 5067 1736 5133 colit,

155 5161 269 5220 haec
293 5164 351 5220 in
370 5177 567 5236 magno
582 5160 823 5233 putanda
838 5169 924 5217 est
948 5174 1070 5217 esse
1095 5159 1336 5230 decepta.
1354 5159 1423 5214 Et
1447 5159 1569 5215 ideo
1593 5174 1739 5215 nunc

157 5257 324 5313 mittit
348 5256 417 5312 ad
439 5254 697 5313 Sidonem
721 5270 995 5327 magnam,
1017 5254 1112 5326 qui
1130 5253 1287 5325 quasi
1307 5254 1375 5309 ad
1396 5255 1740 5311 venationem

159 5349 483 5405 conveniant
510 5357 704 5405 contra
726 5347 865 5405 ﬁlios
896 5347 1082 5404 Israel.
1106 5345 1269 5403 Mittit
1290 5353 1347 5401 et
1364 5346 1433 5402 ad
1456 5353 1734 5401 montana.

154 5439 412 5499 Montana
443 5441 785 5513 intelligenda
831 5448 958 5497 sunt
978 5439 1159 5499 omnis
1184 5454 1381 5495 sensus
1410 5438 1507 5510 qui
1529 5437 1739 5494 extollit

163 5541 217 5588 et
253 5534 415 5606 erigit
460 5535 716 5591 adversus
747 5533 1029 5591 scientiam
1075 5530 1192 5587 Dei.
1230 5530 1393 5586 Mittit
1433 5538 1488 5586 et
1515 5529 1572 5585 in
1595 5528 1736 5585 Ara-

162 5624 325 5683 biam.
368 5627 763 5697 interpretatur
800 5636 979 5683 autem
1027 5626 1227 5681 Arabia
1270 5625 1496 5680 insidiae.
1542 5624 1739 5680 Invitat

167 5734 290 5793 ergo
310 5708 540 5779 virtutes
563 5719 946 5787 insidiatrices,
969 5733 1089 5789 quae
1112 5720 1377 5774 humanas
1395 5717 1605 5773 animas
1631 5730 1738 5773 non

1760 4659 1817 4724 D

968 1954 1062 2011 sed
1107 1956 1302 2027 duplex
1350 1956 1564 2012 videtur
1608 1970 1729 2012 esse
1755 1944 1804 2004 Β
1829 1944 1914 2018 nae
1959 1971 2154 2018 vestra:
2184 1961 2440 2016 ardentes
2464 1957 2616 2031 (Luc.
2665 1958 2789 2029 an).
2823 1976 2843 2011 ›
2870 1956 3014 2012 Sunt
3056 1964 3186 2026 ergo
3221 1966 3415 2009 eorum

1828 2057 1923 2128 qui
1952 2056 2007 2110 in
2030 2054 2269 2110 Ecclesia
2301 2052 2463 2108 ﬁdem
2505 2051 2832 2108 catholicam
2876 2050 3092 2114 docent.
3120 2054 3177 2103 et
3201 2045 3415 2117 plebem

1829 2149 1925 2204 Dei
1951 2148 2118 2203 verbo
2138 2145 2384 2209 veritatis
2404 2144 2729 2209 illuminant,
2762 2142 3001 2198 lucerna
3028 2136 3317 2202 ardentes;
3352 2132 3415 2191 hi

1829 2256 1961 2297 vero
2006 2240 2099 2307 qui
2128 2238 2384 2293 haeretica
2403 2238 2655 2307 dogmata
2685 2250 2757 2291 ex
2777 2233 3075 2302 Scriptura:
3098 2236 3305 2286 sanetae
3334 2234 3415 2282 te-

1829 2332 2101 2389 stimoniis
2148 2330 2298 2384 falsis
2342 2327 2736 2383 assertionibus
2778 2326 2996 2389 docent,
3031 2336 3132 2392 pro
3172 2334 3241 2376 eo
3266 2313 3416 2387 quod

1830 2424 2143 2493 Scripwras
2170 2420 2374 2491 legunt,
2404 2418 2660 2473 videntur
2684 2416 2983 2471 accendere
3008 2412 3283 2476 linem»,
3318 2405 3421 2465 sed

1830 2517 1958 2588 quia
1987 2515 2139 2569 falsis
2160 2510 2551 2569 assertionibus
2573 2516 2820 2572 utuntur,
2850 2522 2962 2561 non
2988 2510 3116 2560 sunt
3156 2500 3419 2565 lucernae,

1831 2607 1927 2663 sed
1950 2606 2113 2676 quasi
2141 2605 2398 2660 lucem.
2430 2601 2578 2656 Misit
2606 2600 2773 2656 etiam
2817 2598 2885 2653 ad
2910 2610 3172 2667 campos:
3199 2602 3423 2650 necesse

1833 2700 1981 2756 enim
2005 2704 2125 2753 erat
2149 2704 2210 2752 ut
2236 2697 2293 2752 in
2336 2694 2659 2752 societatem
2696 2706 2849 2748 suam
2876 2687 3280 2746 voearetctiam
3320 2696 3422 2740 eos

1832 2792 1926 2862 qui
1962 2791 2019 2845 in
2050 2789 2258 2859 campis
2283 2797 2412 2844 sunt
2448 2794 2504 2842 et
2550 2784 2773 2840 humilia
2816 2782 3036 2852 sapiunt
3066 2792 3135 2837 ac
3178 2785 3417 2832 term.

1836 2881 1983 2937 Misit
2021 2892 2077 2936 et
2122 2880 2176 2936 in
2222 2877 2527 2943 Fenendor,
2558 2875 2651 2945 qui
2690 2874 3086 2942 interpretatur
3106 2864 3418 2931 convenio,

1832 2980 1889 3028 et
1918 2970 2202 3027 conversio
2230 2968 2427 3039 duplex
2456 2965 2797 3036 intelligitur.
2828 2963 2925 3018 Est
2947 2960 3093 3017 enim
3134 2954 3425 3015 convicio

1835 3079 1943 3134 qua
1962 3062 2086 3135 quis
2109 3060 2177 3117 ad
2204 3059 2492 3116 Dominum
2514 3055 2876 3119 convertitur.
2895 3051 2982 3107 vel
3004 3065 3034 3106 a
3056 3050 3169 3105 Deo
3184 3053 3421 3104 θείω.-

1835 3169 2027 3209 versus
2074 3152 2143 3207 ad
2192 3152 2367 3217 bona;
2394 3156 2480 3205 est
2526 3155 2710 3204 autem
2738 3154 2795 3200 et
2822 3144 2928 3199 alia
2977 3139 3282 3205 conversio,
3312 3148 3422 3207 qua

1834 3263 1930 3305 rex
1953 3247 2137 3313 Jabin,
2166 3246 2221 3301 id
2266 3252 2353 3300 est
2376 3240 2644 3306 diabolus,
2670 3239 2740 3295 ad
2782 3254 2847 3294 se
2891 3236 3102 3295 animos
3128 3227 3419 3294 convertit,

1836 3339 1980 3396 sicut
2011 3346 2069 3392 et
2112 3336 2181 3392 de
2202 3334 2459 3391 Simeron
2500 3345 2664 3401 supra
2688 3327 3039 3398 exposuimus
3064 3342 3083 3378 ε
3110 3320 3288 3392 qualis
3324 3332 3423 3389 pu-

1836 3431 1997 3487 tanda
2025 3435 2112 3486 est
2139 3436 2196 3483 et
2219 3426 2313 3481 illa
2340 3422 2628 3481 conversio
2654 3435 2775 3491 quae
2794 3413 3332 3477 Galatisaeciderat.
3354 3408 3427 3469 de

1836 3536 1944 3594 qua
1974 3521 2189 3576 dicebat
2210 3515 2501 3587 Apostolus
2530 3528 2547 3568 :
2580 3531 2602 3565 ι
2632 3509 2950 3567 Currebatis
2975 3507 3135 3570 bene.
3326 3513 3426 3563 vos

1834 3592 2116 3682 impulivit
2140 3608 2284 3681 (Gal.
2319 3607 2400 3679 v),
2427 3624 2451 3659 ι
2479 3606 2709 3668 honest.
2734 3599 3061 3659 convertita
3084 3609 3254 3652 cursu
3280 3592 3424 3682 bono

1834 3712 1892 3758 et
1918 3680 2115 3757 itinere
2143 3680 2327 3759 recte?
2352 3695 2592 3751 Mittitet
2610 3693 2686 3749 ad
2718 3705 2816 3749 eos
2835 3689 2930 3760 qui
2949 3686 3188 3747 metu
3208 3680 3422 3741 mariti-

1836 3794 1945 3851 mis
1960 3792 2121 3859 locis,
2147 3790 2218 3846 ad
2243 3788 2453 3845 vicinos
2479 3784 2739 3841 ﬂuentum
2758 3781 3119 3844 uiuam
3136 3774 3235 3847 qui
3258 3774 3426 3833 intor-

1832 3893 2121 3960 pretantur
2152 3882 2301 3939 velut
2326 3876 2607 3943 commoti,
2634 3875 2695 3935 id
2724 3881 2836 3941 est.
2864 3871 2963 3943 qui
2982 3882 3203 3960 semper
3228 3865 3286 3925 in

1838 3954 1984 4047 tibus
2004 3985 2061 4032 et
2094 3974 2347 4031 ﬂuctilnts
2372 3974 2756 4044 permoverent
2776 3972 3001 4035 uincta.
3031 3962 3102 4017 Et
3124 3959 3195 4019 ad
3212 3954 3427 4019 meniti-

1832 4087 1958 4127 mos
1981 4067 2345 4126 Amorrbsaos.
2391 4062 2695 4120 Amor-rimi
2740 4061 3169 4128 interpretatur
3214 4050 3425 4109 amm-

1837 4168 2074 4225 scentes,
2100 4158 2194 4229 qui
2222 4163 2348 4212 sunt
2370 4153 2578 4211 similes
2600 4151 2710 4208 illis
2730 4150 2801 4207 ὼ
2822 4147 3024 4219 quibus
3042 4141 3295 4214 superius
3312 4137 3425 4195 dis-

1818 4251 2127 4308 seruimus.
2166 4247 2316 4304 Talis
2344 4246 2511 4315 ia'tur
2558 4250 2643 4299 est
2692 4239 2973 4310 catalogus
3017 4234 3187 4297 totius
3210 4230 3420 4293 militis

1836 4342 2190 4400 invisibilium
2228 4341 2468 4398 hostium
2513 4337 2607 4408 qui
2654 4341 3051 4408 congregantur
3090 4344 3195 4401 per
3234 4341 3423 4398 rem

1837 4435 1996 4492 Jabiu
2018 4443 2079 4490 ut
2098 4439 2407 4505 expugnent
2450 4443 2552 4488 nos
2575 4429 2669 4499 qui
2693 4427 2974 4497 sequimur
3008 4421 3198 4477 losum

1837 4537 1896 4584 et
1935 4504 2273 4584 Salvatorem
2316 4529 2587 4578 nostrum.
2630 4518 2741 4575 Sed
2769 4513 2899 4584 quid
2947 4510 3081 4569 dicit
3122 4504 3423 4569 Densius?

1844 4639 1866 4674 ‹
1900 4620 1983 4676 Ne
2009 4618 2272 4683 verearis,
2306 4601 2510 4683 inquit,
2540 4628 2575 4667 a
2607 4610 2749 4666 facie
2772 4620 2985 4671 eorum.
3008 4603 3141 4674 quia
3180 4600 3425 4659 crastino

1838 4713 1898 4769 in
1924 4712 2029 4768 hac
2064 4711 2202 4766 hora
2218 4707 2433 4763 tradam
2448 4718 2549 4761 eos
2575 4704 2630 4759 in
2650 4714 2846 4759 manus
2862 4706 3013 4755 tuas.
3040 4715 3063 4749 ο
3090 4694 3259 4752 Video
3277 4691 3426 4764 quod

1836 4801 2005 4860 hodie
2022 4814 2133 4857 non
2157 4811 2447 4871 possumus
2468 4809 2659 4852 omnes
2679 4792 2798 4849 illos
2820 4790 3150 4862 opprimere,
3166 4799 3426 4847 secena-

1840 4900 1963 4949 ctos
2009 4887 2491 4957 interﬁcere;-sod
2538 4884 2778 4942 crastino
2817 4882 3169 4953 perimantur.
3212 4877 3267 4934 id
3316 4881 3422 4941 est,

1834 4992 1965 5058 post
2003 4982 2525 5040 consummationem
2570 4977 2733 5049 huius
2770 4975 2973 5033 saeculi.
3015 4973 3170 5030 Tune
3214 4969 3424 5027 etenim

1830 5079 2021 5141 omnis
2045 5078 2221 5133 virtus
2260 5074 2540 5132 contraria
2576 5072 2917 5135 destruetur,
2960 5075 3022 5123 et
3050 5072 3181 5121 tunc
3200 5062 3424 5133 penitus

1838 5170 2103 5235 vincetur,
2130 5182 2256 5225 eum
2284 5166 2486 5222 videris
2524 5164 2617 5229 his
2648 5162 2744 5233 qui
2770 5177 2805 5217 a
2832 5157 3070 5217 sinistris
3112 5161 3240 5212 sunt
3262 5152 3370 5213 dici
3400 5170 3418 5208 :

1845 5279 1866 5314 ι
1901 5258 1981 5317 Ite
2017 5260 2073 5315 in
2097 5259 2277 5329 ignem
2302 5267 2768 5325 menumquam
2800 5241 3422 5323 ρεθυιηῆιῦωὼ

1830 5351 1965 5409 bolo
1987 5359 2042 5407 et
2066 5349 2276 5422 angelis
2295 5347 2414 5419 eius
2428 5345 2647 5420 (ﬁatut.
2668 5344 2820 5415 xxv).
2846 5362 2868 5401 ο
2894 5336 3418 5399 Τακωίιηοιρρβ,

1840 5440 1887 5499 si
1914 5440 2224 5505 vicerimus,
2250 5445 2307 5494 et
2325 5436 2569 5495 obtinere
2590 5432 2891 5505 poterimus
2912 5433 3205 5498 sequentes
3233 5422 3420 5481 Iesum

1843 5531 2055 5595 ducem,
2101 5527 2462 5600 percipiemus
2491 5538 2715 5597 regnum
2740 5512 2886 5590 quod
2904 5514 3236 5588 praeparavit
3258 5511 3423 5569 Pater

1842 5622 2047 5679 sanctis
2087 5620 2220 5691 suis,
2244 5626 2300 5676 et
2323 5618 2410 5677 his
2436 5618 2531 5690 qui
2556 5613 2812 5673 mandata
2833 5608 2953 5680 (ius
2980 5603 3296 5680 et
3325 5602 3422 5669 im-

1838 5711 2134 5795 pleverint.

235 5867 262 5901 ι
286 5853 533 5915 Notanda
576 5854 694 5912 haec
735 5850 1206 5928 peregrinationis
1231 5849 1461 5918 mentio,
1515 5849 1581 5905 de
1629 5861 1735 5919 qua
1772 5842 1907 5901 nihil
1947 5841 2105 5930 alias.
