3930 6344
504 246 646 308 ωδε

1173 245 1238 301 Β.
1274 239 1532 302 RABANI
1567 237 1788 299 MAURI
1824 233 2145 295 ARCHIEP.
2183 233 2494 295 MOGUNT.
2535 231 2824 296 OPERUM
2859 233 3041 294 PARS
3075 233 3120 291 Ι.

576 360 756 432 (ιω.)
787 376 810 410 ‹
838 357 1027 430 Itaque
1064 358 1339 430 percussit
1373 372 1472 416 eos
1497 371 1688 414 omnes
1717 355 1898 420 Josue,
1929 354 2004 410 ita
2023 359 2088 408 ut
2110 356 2166 420 Α
2190 368 2386 410 currus
2413 353 2650 426 Ephrem
2670 361 2727 412 et
2762 369 2962 426 equum
2991 367 3062 410 ex
3087 349 3392 409 Jerusalem
3423 357 3539 409 :et
3584 351 3794 412 ldeuvi-

556 451 733 508 nullas
751 464 819 508 ex
832 449 916 506 eis
935 449 1236 506 dimtteret
1253 448 1534 519 reliquias.
1556 446 1710 502 Fecit
1728 446 1872 500 sicut
1887 457 2092 515 praece-

511 559 532 596 ι
559 549 715 613 perat
739 541 793 596 ei
822 541 1085 598 Dominus
1117 559 1130 595 :
1163 556 1332 612 equos
1358 555 1544 596 eorum
1574 535 1943 601 subnervavit,
1973 545 2096 591 cur-

513 653 534 688 ι
561 647 763 704 rusque
781 633 1078 690 combussit
1127 632 1271 704 igni;
1320 643 1680 701 reversusque
1711 627 1897 685 statim
1948 623 2096 696 cepit

511 741 538 777 ε
556 726 720 792 Asor,
761 733 826 780 et.
840 739 1023 796 regem
1051 724 1169 796 eius
1196 723 1467 796 percussit
1487 722 1685 795 gladio.
1722 740 1743 775 ι
1777 720 2094 776 Mandatum

506 817 708 874 dicitur
731 831 764 871 a
787 817 900 872 Deo
927 816 1114 871 datum
1143 816 1212 871 ad
1247 813 1433 871 Jesum
1458 821 1520 869 ut
1543 820 1897 884 posteaquam
1919 823 2092 880 expu-

508 917 729 981 gnasset
747 921 938 966 onmes
957 909 1142 964 hostes
1171 907 1422 978 superius
1439 913 1791 971 memoratos,
1817 901 1951 959 nulli
1970 915 2098 973 par-

507 1010 676 1066 ceret,
710 1001 806 1058 sed
853 1015 1022 1071 equos
1075 1015 1268 1056 eorum
1309 1000 1688 1056 subnervaret.
1737 995 1896 1055 Unde
1947 994 2095 1050 velut

507 1093 826 1151 mandatum
859 1092 1074 1148 Domini
1105 1092 1334 1164 implens
1366 1091 1546 1160 Jesus,
1575 1089 1708 1147 fecit
1730 1088 1871 1144 sicut
1893 1099 2098 1158 prace-

506 1184 589 1256 pit
614 1185 665 1240 ei
707 1183 987 1240 Dominus.
1033 1182 1095 1238 In
1135 1198 1242 1253 quo
1269 1183 1449 1254 primo
1473 1182 1719 1238 omnium
1767 1179 1997 1234 dicimus
2027 1178 2096 1233 ad

509 1289 606 1334 eos
631 1274 726 1344 qui
747 1273 936 1331 volunt
961 1275 1261 1330 secundum
1280 1274 1519 1329 litteram
1542 1281 1753 1328 tantum
1788 1272 1903 1328 hate
1940 1271 2098 1328 intel-

645 1363 772 1434 quia
796 1363 844 1420 si
871 1363 1091 1434 quidem
1121 1362 1475 1434 superfuisset
1507 1363 1705 1434 aliquis
1731 1378 1796 1418 ex
1825 1363 2091 1428 hostibus,

507 1469 846 1528 consequens
871 1455 1156 1512 videbatur
1177 1472 1346 1527 equos
1375 1455 1719 1521 subnervari,
1755 1469 1826 1510 ne
1852 1460 2098 1510 uteretur

506 1549 591 1605 eis
616 1549 710 1619 qui
737 1563 796 1605 se
835 1547 1106 1603 convertit
1129 1547 1201 1602 ad
1233 1546 1436 1618 fugam.
1464 1545 1619 1601 Nunc
1645 1558 1777 1602 vero
1801 1560 1928 1602 cum
1950 1545 2097 1601 dica-

509 1648 600 1695 tur
629 1640 814 1697 nullus
835 1641 1054 1697 relictus
1081 1655 1204 1696 esse
1239 1641 1331 1710 qui
1353 1641 1591 1711 spiraret
1614 1639 1671 1695 in
1700 1639 1970 1705 hostibus,
1997 1653 2098 1695 cur

2197 448 2393 504 dentur
2431 449 2561 504 mihi
2590 449 2728 504 asini
2757 449 2998 520 quidem,
3026 454 3090 502 ut
3111 445 3372 513 diximus,
3416 445 3678 516 ﬁguram
3702 463 3794 504 ser-

2191 555 2324 598 vare
2346 556 2536 600 eorum
2558 544 2650 614 qui
2676 559 2745 599 ex
2781 530 3030 614 gentibus
3053 541 3300 606 credunt,
3333 553 3515 611 super
3552 555 3699 610 quos
3720 543 3789 598 se-

2193 635 2339 692 disse
2379 635 2634 691 scribitur
2658 635 2938 692 Dominus.
2971 631 3111 704 Equi
3143 646 3276 689 vero
3302 631 3399 703 qui
3427 632 3791 688 exterminari-

2195 734 2301 794 tur,
2327 735 2384 783 et
2411 741 2622 795 currus,
2644 728 2874 799 ﬁguram
2901 728 3086 782 tenere
3107 724 3307 780 horum
3327 723 3454 795 qui,
3481 721 3545 777 in
3567 718 3789 780 celesti-

2192 819 2294 875 bus
2319 820 2504 890 positi,
2529 835 2630 891 per
2671 817 2953 875 lasciviam
3002 807 3070 873 et
3094 815 3408 886 superbiam
3453 813 3786 881 deciderunt,

2195 907 2411 982 quando
2438 910 2524 966 vel
2553 910 2620 965 ad
2641 903 2783 965 ﬁlias
2800 908 3084 965 hominum
3109 903 3592 977 concupiscendas
3614 916 3785 961 semet-

2194 1003 2341 1075 ipsos
2394 1003 2703 1059 incen'tores
2734 1004 3105 1075 praebuerunt,
3139 1011 3193 1056 et
3245 1000 3425 1056 secuti
3477 1009 3613 1056 sunt
3653 998 3782 1055 illum

2195 1095 2287 1167 qui
2313 1095 2448 1151 dixit
2478 1115 2490 1150 :
2530 1115 2548 1148 ι
2585 1096 2794 1150 Ponam
2841 1109 3004 1165 super
3040 1093 3240 1148 nubem
3267 1093 3461 1148 sedem
3508 1107 3708 1157 meam,
3736 1099 3784 1148 et

2195 1205 2290 1246 ero
2335 1189 2527 1245 similis
2561 1187 2844 1245 Altissimo
2874 1184 3009 1260 (lsa.
3043 1185 3177 1258 xiv).
3209 1206 3228 1239 ι
3261 1184 3396 1241 Inde
3425 1184 3684 1240 fortassis
3713 1177 3799 1240 esti

2196 1280 2340 1351 quod
2369 1287 2423 1334 et
2449 1279 2721 1350 PrOpbeta
2746 1279 2878 1334 dicit
2907 1293 2924 1333 :
2954 1297 2973 1330 ι
3001 1275 3194 1332 Falsus
3219 1285 3304 1331 est
3333 1292 3514 1347 equus
3545 1275 3616 1330 ad
3654 1273 3782 1331 sala-

2197 1384 2307 1428 tem
2335 1369 2508 1445 (Psal.
2551 1371 2746 1444 xxxii).
2783 1392 2799 1423 ι
2835 1367 2906 1425 Et
2938 1370 3134 1425 iterum
3184 1368 3314 1423 dicit
3361 1367 3429 1422 de
3475 1367 3571 1421 his
3616 1364 3780 1436 quiin

2197 1461 2531 1518 daemonibus
2578 1461 2966 1518 confidebant:
3000 1478 3018 1511 ‹
3062 1459 3129 1513 Hi
3182 1460 3238 1514 in
3269 1457 3518 1514 curribus
3547 1466 3607 1513 et
3649 1456 3710 1512 bi
3737 1456 3779 1512 in

2197 1554 2374 1624 equis,
2398 1569 2499 1609 nos
2529 1564 2709 1608 autent
2740 1552 2796 1607 in
2845 1549 3067 1606 nomine
3105 1549 3320 1605 Domini
3369 1548 3472 1603 Dei
3493 1547 3685 1602 nostri

2195 1643 2508 1700 vocabimus
2564 1641 2756 1716 (Psal.
2813 1641 2964 1714 xxx).
3001 1661 3020 1694 ι
3075 1638 3259 1711 Neque
3308 1638 3464 1694 enim
3511 1652 3700 1693 currus
3735 1644 3778 1692 et

506 1730 674 1786 etiam
711 1730 838 1801 equi
877 1731 1200 1787 subnervari
1232 1729 1514 1800 iubentur,
1542 1731 1634 1802 qui
1658 1731 1847 1801 utique
1883 1729 2005 1784 usui
2043 1736 2101 1785 et
2125 1719 2176 1779 Β
2201 1754 2374 1809 equus
2425 1737 2534 1792 Deo
2592 1734 2912 1792 contulisset
2976 1742 3238 1806 quantum
3299 1729 3373 1787 ad
3438 1729 3773 1786 invocantium

507 1821 814 1877 ministerio
833 1829 1090 1891 poterant
1113 1835 1236 1878 esse
1263 1823 1597 1878 victoribus?
1623 1823 1719 1878 Vis
1751 1830 1934 1878 autem
1956 1821 2098 1877 scire

509 1912 636 1982 (mia
659 1911 836 1970 solent
861 1912 1117 1969 Israelita:
1140 1912 1301 1983 hujus
1328 1914 1408 1970 rei
1429 1923 1488 1969 et
1504 1914 1753 1970 utilitatis
1778 1915 1980 1970 habere
2005 1923 2100 1969 cu-

507 2019 646 2070 ram,
691 2011 750 2060 et
788 2005 1014 2061 devictis
1058 2005 1326 2071 hostibus,
1359 2007 1425 2060 ad
1465 2020 1592 2062 suos
1633 2021 1768 2063 usus
1815 2019 2100 2063 resonare

503 2092 779 2164 iumenta;
811 2095 866 2151 in
891 2094 1145 2152 Numeris
1171 2096 1398 2166 legimus
1426 2096 1689 2167 scriptum
1717 2113 1732 2152 :
1765 2115 1786 2150 ‹
1821 2097 1925 2164 Qui
1972 2113 2098 2154 cum

509 2199 582 2242 ex
606 2195 876 2258 precepto
898 2186 995 2244 Dei
1019 2188 1416 2257 processissent
1442 2204 1681 2260 pugnare
1703 2189 1967 2244 adversus
1987 2188 2103 2243 Ma-

505 2276 762 2348 dianitas,
789 2279 1018 2336 devictis
1065 2280 1332 2347 hostibus,
1362 2280 1567 2351 aliquot
1616 2282 1784 2337 millia
1823 2283 2099 2338 asinorum

510 2369 580 2424 de
609 2370 792 2438 praeda
820 2369 1061 2425 hostium
1082 2380 1456 2439 reservarunt,
1483 2373 1598 2428 suis
1641 2373 1828 2430 usibus
1853 2375 2101 2444 profutu—

511 2471 607 2511 ros
642 2456 835 2529 (Nunt.
868 2459 1052 2530 xxxi);
1084 2475 1188 2516 nec
1233 2464 1456 2519 omnino
1484 2463 1723 2520 refertur
1748 2466 1822 2521 ibi
1863 2468 1989 2538 quia
2020 2467 2101 2522 in-

512 2547 831 2606 terfecerint
851 2552 1059 2618 asinos,
1094 2553 1340 2610 hostibus
1359 2556 1648 2627 superatis.
1665 2556 1776 2613 Nos
1795 2573 1925 2629 ergo
1946 2559 2099 2614 Scri-

509 2647 729 2712 pturam
757 2650 1001 2699 sanctam
1035 2645 1356 2717 sibimetipsi
1394 2647 1761 2715 conferentes,
1795 2657 1850 2707 et
1877 2650 2099 2722 spirita-

509 2731 654 2790 libus
701 2734 965 2806 spiritalia
1012 2747 1414 2808 comparantes,
1463 2741 1808 2812 requiramus
1854 2743 1985 2813 quid
2031 2743 2103 2799 sit

511 2823 660 2892 quod
688 2825 754 2880 de
782 2825 952 2882 asinis
1005 2828 1224 2898 quidem
1252 2846 1359 2887 non
1387 2839 1475 2887 est
1520 2832 1784 2904 scriptum
1811 2833 1937 2903 quia
1969 2833 2099 2889 sub-

513 2914 725 2970 nervati
751 2923 897 2982 sunt,
925 2933 1028 2974 nec
1071 2917 1490 2978 Madianitarum
1535 2924 1707 2994 spolia
1751 2933 1808 2982 et
1839 2924 2100 2981 animalia

2200 1837 2518 1904 exspectat;
2561 1829 2657 1885 sed
2699 1829 2885 1898 utique
2927 1827 3033 1882 hoc
3069 1825 3310 1882 ostendit
3352 1825 3489 1895 quia
3532 1824 3666 1878 sicut
3694 1836 3773 1880 nos

2200 1922 2518 1980 invocamus
2564 1921 2737 1976 Deum
2781 1934 2992 1984 verum,
3021 1917 3097 1972 ita
3140 1924 3196 1974 et
3236 1915 3313 1971 illi
3363 1905 3638 1970 invocant
3664 1927 3769 1969 cur-

2200 2030 2298 2070 rus
2352 2022 2408 2070 et
2459 2028 2649 2084 equos,
2699 2011 2753 2066 id
2798 2016 2902 2076 est,
2947 2007 3242 2075 datmones,
3288 2021 3435 2078 quos
3473 2004 3778 2082 invocabant

2202 2113 2391 2180 gentes
2447 2103 2552 2161 illae
2607 2117 2730 2176 qua:
2799 2102 3088 2158 adversum
3146 2098 3316 2155 Israel
3389 2097 3592 2155 bellum
3642 2110 3770 2171 gere-

2201 2199 2356 2254 bant.

2274 2284 2452 2358 (ῐιιιυ.)
2505 2303 2524 2337 ι
2556 2281 2699 2341 Asor
2727 2271 2874 2339 enim
2907 2281 3210 2352 antiquitus
3235 2280 3375 2336 inter
3400 2277 3580 2337 omnia
3614 2293 3771 2352 regna

2208 2398 2228 2432 ι
2289 2379 2406 2434 haec
2451 2376 2818 2450 principatum
2866 2375 3106 2430 tenebat.
3160 2372 3542 2444 Percussitque
3591 2361 3785 2428 omnes

2207 2486 2228 2522 ι
2275 2471 2487 2526 animas
2523 2484 2644 2540 quae
2686 2467 2761 2524 ibi
2802 2466 3177 2524 morabantur.
3220 2464 3342 2520 Non
3384 2462 3660 2520 dimisitin
3701 2461 3771 2519 eis

2207 2580 2228 2615 ι
2264 2560 2404 2617 ullas
2432 2560 2709 2631 reliquias,
2739 2561 2834 2616 sed
2869 2575 3042 2630 usque
3073 2555 3142 2613 ad
3199 2556 3629 2612 internecionem
3666 2551 3771 2608 uni-

2207 2671 2228 2707 ι
2271 2669 2431 2711 versa
2472 2653 2709 2710 vastavit
2729 2695 2746 2711 .
2792 2653 3077 2725 ipsamque
3133 2651 3331 2707 urbem
3375 2646 3666 2706 combussit
3701 2645 3770 2701 in-

2209 2764 2230 2800 c
2274 2747 2491 2814 condio,
2539 2753 2597 2802 et
2621 2761 2815 2802 omnes
2838 2761 2938 2818 per
2977 2743 3271 2800 circuitum
3301 2744 3566 2806 civitates,
3605 2752 3782 2816 reges-l

2209 2856 2229 2892 ι
2271 2853 2377 2909 que
2405 2853 2594 2894 earum
2622 2838 2798 2909 cepit,
2830 2845 2885 2892 et
2918 2844 3135 2892 caatera.
3172 2855 3192 2889 ι
3228 2833 3397 2890 Jabin
3419 2848 3542 2889 vero
3565 2847 3656 2887 rex
3682 2823 3780 2910 fuit

2202 2928 2397 2994 Assur,
2426 2929 2600 2984 Assur
2623 2937 2807 2984 autem
2856 2927 2979 2984 aula
3014 2928 3433 2998 interpretatur,
3465 2925 3599 2981 sicut
3625 2937 3766 2992 supra

512 3004 836 3078 interempta
869 3008 1143 3080 dicuntur,
1189 3014 1285 3070 sed
1330 3015 1602 3086 profuisse
1631 3017 1944 3075 lsraeliticis
1987 3020 2102 3076 usi-
2136 3080 2174 3088 ,
2197 3017 2314 3088 jam
2334 3027 2615 3074 ostensum
2634 3024 2738 3073 est.
2763 3016 2891 3073 Hmc
2911 3025 2996 3073 est
3021 3027 3204 3072 autem
3226 3017 3404 3073 Assur
3421 3031 3538 3088 quae
3557 3005 3782 3070 omnium

511 3096 634 3153 bus.
659 3099 737 3155 De
766 3100 887 3156 istis
928 3112 1111 3160 autem
1153 3107 1248 3177 qui
1296 3080 1404 3173 non
1437 3107 1712 3166 habebant
1755 3114 1961 3180 asinos,
2004 3113 2100 3170 sed
2125 3080 2174 3144 δ
2197 3080 2400 3166 lterum
2425 3123 2718 3179 regnorum
2743 3107 2993 3164 obtinere
3031 3108 3234 3163 dicitur
3261 3080 3651 3179 principatum:
3684 3100 3767 3171 qui

511 3201 712 3258 equos,
743 3193 988 3263 praecipit
1034 3195 1152 3266 ipse
1177 3196 1438 3254 Dominus
1477 3208 1535 3255 et
1571 3200 1744 3256 dicit:
1776 3202 1958 3273 Equos
2009 3218 2104 3260 eo-

512 3295 634 3336 rum
653 3284 1018 3351 subnervatis,
1043 3287 1188 3356 quod
1208 3295 1264 3342 et
1277 3287 1455 3354 Jesus,
1481 3289 1623 3346 sicut
1642 3305 1674 3346 a
1694 3291 1925 3348 Domino
1947 3309 2103 3350 man-

514 3371 764 3441 dabatur,
812 3377 1066 3448 explevit.
1093 3377 1356 3436 Putamus
1398 3381 1515 3438 hate
1537 3383 1800 3441 accidisse
1849 3385 2102 3452 fortuitu,

515 3471 576 3517 ut
594 3465 724 3534 equi
741 3466 966 3524 hostiles
985 3468 1452 3540 interimerentur,
1480 3459 1537 3529 ei
1558 3475 1697 3531 asini
1722 3466 2105 3534 servarentur?
2125 3499 2128 3504 -

513 3563 571 3614 et
616 3554 670 3612 in
701 3559 986 3628 praeceptis
1029 3560 1124 3616 Dei
1147 3559 1374 3618 fortuita
1421 3563 1603 3636 aliqua
1651 3567 1986 3624 arbitramur
2026 3570 2106 3625 in-

512 3645 732 3704 cidere?
751 3647 835 3704 An
858 3649 1073 3721 dignius
1096 3651 1312 3709 videtur
1331 3661 1393 3710 ut
1415 3663 1671 3727 putemus
1715 3659 1892 3730 magis
1932 3660 1989 3716 in
2019 3661 2106 3718 his

520 3736 861 3812 Scriptorum
887 3746 1176 3817 mysticum
1209 3747 1414 3820 aliquid
1454 3751 1731 3808 indicare?
1767 3755 2012 3825 Denique
2049 3765 2109 3812 et

517 3828 615 3884 ﬁlii
642 3829 809 3888 Israel
833 3849 1112 3904 nunquam
1140 3838 1300 3909 equis
1333 3840 1419 3895 usi
1464 3839 1632 3897 fuisse
1664 3842 2007 3912 referuntur;
2052 3855 2110 3903 et

516 3917 605 3975 lex
629 3922 766 3979 nihil
797 3923 865 3979 de
883 3925 1058 3995 equis,
1085 3927 1182 3984 sed
1203 3929 1270 3986 de
1295 3930 1464 3987 asinis
1488 3933 1732 4000 mandat,
1759 3943 1824 3990 ut
1844 3943 1971 4006 pote
1991 3936 2109 3994 ani-

517 4011 752 4070 malibus
775 4029 898 4085 quae
941 4018 1010 4073 ad
1035 4018 1303 4077 humanos
1321 4020 1544 4078 labores
1564 4025 1835 4095 iuvandos
1863 4035 1919 4082 et
1939 4041 2107 4085 onera

518 4113 709 4158 eorum
758 4108 1024 4174 portanda
1068 4108 1321 4166 videntur
1361 4113 1637 4169 existere:
1668 4116 1796 4186 equi
1822 4129 1956 4173 vero
1993 4133 2110 4174 ma-

520 4191 604 4260 gis
648 4192 718 4245 ad
758 4193 1042 4249 hominum
1080 4199 1473 4266 perditionem;
1509 4204 1612 4259 hoc
1641 4205 1788 4260 enim
1833 4215 1920 4262 est
1964 4209 2109 4279 quod

519 4297 620 4354 per
647 4298 741 4344 eos
783 4284 840 4339 in
887 4285 1089 4357 prmliis
1131 4291 1364 4358 geritur,
1388 4293 1573 4348 lascivi
1621 4305 1800 4352 motus
1827 4300 2028 4354 animal
2055 4310 2112 4357 et

522 4376 772 4446 superbae
798 4377 1032 4434 cervicis
1060 4379 1345 4451 accipitur.
1371 4381 1510 4438 Sunt
1529 4399 1660 4456 ergo
1682 4387 1823 4442 asini
1852 4389 2108 4462 frequen-

519 4479 605 4527 ter
639 4472 696 4528 in
725 4472 1009 4546 Scriptura
1039 4484 1098 4532 et
1119 4475 1178 4532 in
1215 4484 1352 4548 typo
1383 4478 1626 4548 gentium
1664 4481 1847 4550 positi,
1885 4483 2026 4540 sicut
2051 4494 2108 4542 et

520 4563 771 4619 Salvator
817 4568 1052 4623 ostendit
1099 4583 1265 4640 super
1314 4570 1529 4625 asinum
1561 4574 1781 4640 sedens,
1828 4589 2105 4647 nunquam

520 4660 704 4708 autem
748 4671 886 4726 equo
907 4659 1100 4715 sedens
1142 4659 1396 4717 refertur.
1423 4661 1531 4717 Sed
1558 4671 1615 4719 et
1655 4679 1781 4720 cum
1811 4667 2107 4738 discipulos

520 4747 690 4802 mittit
713 4750 783 4804 ad
812 4751 1121 4811 solvendam
1143 4756 1352 4813 asinam
1381 4767 1440 4813 et
1464 4759 1672 4829 pullum
1701 4762 1885 4828 asinae,
1918 4764 2107 4822 dicens

519 4837 602 4896 eis
634 4856 650 4893 :
685 4857 706 4892 ι
737 4838 797 4895 Si
817 4842 941 4910 quis
976 4859 1071 4901 vos
1119 4847 1560 4923 interrogaverit,
1585 4854 1748 4911 dicite
1776 4857 1903 4925 quia
1928 4857 2106 4914 Domi-

520 4947 628 4989 nus
652 4947 790 5005 opus
815 4948 879 4990 ea
914 4933 1078 4992 habet
1129 4939 1344 5011 (Matth.
1369 4945 1517 5014 xxx);
1553 4963 1574 4997 ι
1597 4952 1657 5001 et
1706 4947 1900 5003 sedens
1945 4963 2111 5019 super

523 5037 646 5080 eam
676 5023 975 5096 ingreditur
1001 5023 1322 5099 Jerusalem,
1367 5042 1422 5088 et
1459 5049 1738 5106 nunquam
1772 5050 1972 5108 equum
2018 5055 2109 5097 se-

521 5115 662 5174 dens
683 5118 963 5188 ingressus
989 5132 1111 5174 esse
1136 5121 1352 5178 dicitur.
1383 5125 1489 5181 Sed
1512 5135 1570 5182 et
1603 5130 1869 5199 propheta
1899 5132 1964 5186 de
1991 5131 2109 5204 ipso

522 5205 602 5263 ita
619 5209 1088 5279 pronuntiaverat,
1124 5211 1270 5280 quod
1289 5214 1486 5272 sedens
1510 5218 1663 5274 asino
1689 5219 1904 5276 veniret
1929 5221 1996 5276 ad
2020 5219 2110 5276 Je-

523 5298 782 5367 rusalem,
811 5301 996 5357 dicens
1021 5317 1035 5356 :
1069 5319 1089 5354 ε
1125 5300 1266 5357 Ecce
1293 5317 1391 5358 rex
1411 5315 1534 5363 tuus
1553 5321 1890 5379 mansuetus,
1914 5314 2108 5372 sedens

523 5402 688 5459 super
719 5389 997 5462 subjugale
1039 5391 1226 5465 (Zach.
1269 5392 1370 5466 Ix).
1403 5414 1423 5448 ι
1463 5397 1530 5451 Et
1567 5400 1770 5468 pullum
1800 5403 1967 5460 asina:
2009 5420 2108 5461 no-

524 5477 743 5544 vellum,
771 5489 828 5536 et
868 5482 1256 5539 exterminabit
1294 5500 1487 5540 currus
1528 5486 1782 5556 Ephrem,
1809 5500 1865 5547 et
1903 5508 2104 5564 equum

525 5581 594 5622 ex
619 5569 938 5628 Jerusalem.
970 5574 1135 5632 Vides
1167 5591 1298 5648 ergo
1325 5576 1453 5646 quia
1488 5581 1783 5636 secundum
1827 5586 2104 5654 propheta:

2203 3200 2522 3272 intelligitur
2549 3199 2802 3271 princeps
2836 3197 2997 3269 hujus
3047 3197 3260 3264 mundi,
3285 3213 3508 3270 regnans
3545 3195 3597 3249 in
3621 3191 3769 3259 aula,

2204 3290 2260 3346 id
2291 3299 2373 3345 est
2400 3305 2563 3360 super
2591 3296 2794 3344 terram
2814 3330 2830 3356 ,
2860 3289 2968 3356 vel,
2998 3288 3140 3358 quod
3187 3289 3372 3357 magis
3399 3295 3497 3351 est,
3537 3284 3597 3339 in
3636 3280 3770 3337 vitiis

2205 3380 2422 3447 carnis;
2453 3381 2550 3438 sed
2573 3389 2629 3437 et
2653 3381 2897 3438 omnium
2927 3380 3146 3436 illorum
3173 3394 3382 3449 regum,
3427 3391 3650 3448 quorum
3675 3373 3770 3429 vim

2205 3474 2505 3532 secundum
2544 3475 2829 3531 nominum
2859 3489 3084 3530 suorum
3135 3471 3642 3542 interpretationem
3677 3468 3772 3536 iam

2206 3575 2335 3621 ante
2359 3565 2731 3638 exposuimus,
2770 3571 2827 3621 et
2854 3566 2947 3636 qui
2973 3564 3042 3620 ab
3067 3563 3197 3622 Jesu
3222 3564 3478 3620 dicuntur
3499 3555 3774 3616 interfecti.

2207 3657 2452 3725 Quorum
2478 3672 2579 3715 nos
2609 3655 2679 3729 (si
2711 3665 2860 3713 recte
2887 3659 2987 3713 sub
3009 3657 3140 3712 Jesu
3167 3657 3310 3712 duce
3335 3650 3640 3726 militamus)
3691 3647 3776 3706 dev

2205 3751 2398 3807 bemus
2447 3749 2504 3804 in
2531 3747 2940 3819 nobismetipsis
2990 3746 3272 3804 abscidere
3307 3745 3458 3809 vitia,
3485 3751 3542 3799 et
3568 3745 3774 3821 accepto

2207 3837 2439 3912 spiritali
2461 3837 2665 3909 gladio,
2695 3838 3029 3893 subnervare
3055 3852 3277 3894 omnem
3307 3837 3607 3907 equitatum
3626 3823 3771 3887 istum

2206 3928 2568 4000 pessimorum
2617 3927 2905 3994 vitiorum;
2951 3925 3048 3986 sed
3083 3937 3140 3983 et
3187 3941 3388 3984 currus
3416 3925 3660 3981 debemus
3708 3920 3764 3976 in-

2208 4020 2458 4087 cendere,
2495 4021 2550 4077 id
2587 4027 2706 4087 est,
2731 4034 2948 4075 omnem
2985 4035 3020 4074 a
3057 4017 3216 4075 nobis
3253 4017 3642 4090 arrogantiaeet
3672 4007 3754 4068 eia
3789 4063 3796 4072 .

2209 4113 2376 4168 tionis
2404 4111 2655 4183 spiritum
2683 4127 2958 4180 resecare,
2985 4120 3043 4168 et
3087 4111 3230 4168 ultra
3258 4126 3371 4167 non
3417 4111 3468 4166 in
3494 4103 3666 4181 equis,
3690 4111 3790 4161 ne-'

2209 4219 2316 4275 que
2364 4204 2419 4259 in
2468 4205 2669 4270 armis,
2700 4205 2793 4261 sed
2847 4204 2903 4260 in
2948 4204 3168 4260 nomine
3217 4203 3433 4260 Domini
3481 4202 3645 4257 nostri
3687 4187 3775 4252 Dei

2209 4295 2542 4352 invocemus.
2577 4295 2859 4364 Quomodo
2887 4305 3065 4352 autem
3095 4295 3153 4352 in
3191 4294 3592 4366 nobismetipsis
3645 4304 3776 4346 com-

2209 4385 2448 4457 plebitur
2469 4395 2523 4441 et
2550 4385 2655 4443 hoc
2683 4387 2826 4457 quod
2857 4387 3057 4444 dicitur
3082 4405 3095 4441 :
3131 4405 3149 4438 ι
3187 4383 3311 4443 Non
3331 4387 3619 4442 dimittatur
3642 4379 3802 4437 nllus

2212 4477 2303 4548 qui
2331 4478 2600 4549 respiret?
2634 4499 2653 4532 ι
2688 4479 2990 4535 Videndum
3030 4479 3237 4551 est'qui
3282 4479 3353 4535 sit
3381 4478 3479 4550 qui
3511 4492 3579 4533 ne
3624 4470 3776 4545 respi-

2212 4586 2336 4626 rare
2363 4571 2582 4641 quidem
2605 4587 2707 4643 per
2747 4578 3076 4642 praeceptum
3113 4570 3332 4627 Domini
3357 4572 3602 4642 jubetur.
3634 4562 3777 4624 Verbi

2212 4677 2400 4731 causa,
2441 4663 2487 4719 si
2519 4663 2600 4717 ira
2639 4664 2946 4720 ascenderit
2977 4663 3032 4718 in
3084 4677 3180 4718 cor
3221 4678 3432 4730 meum,
3465 4668 3642 4733 potest
3681 4649 3798 4712 fieri"

2212 4764 2273 4812 ut
2297 4771 2463 4828 Opera
2490 4756 2709 4827 quidem
2734 4755 3025 4810 iracundiae
3055 4770 3164 4810 non
3209 4753 3496 4824 impleam,
3531 4751 3611 4808 vel
3655 4757 3780 4805 metu

2213 4847 2528 4915 deterritus,
2552 4847 2640 4903 vel
2668 4848 2836 4902 etiam
2854 4846 3023 4902 futuri
3040 4846 3227 4918 judicii
3261 4847 3466 4903 timore
3491 4837 3782 4902 'cobibitus;
3808 4877 3810 4880 τ

2211 4941 2308 4998 sed
2344 4957 2475 5006 non,
2519 4940 2715 5010 inquit,
2747 4940 2852 4995 hoc
2893 4937 3089 4994 suﬂicit
3120 4957 3134 4994 :
3181 4937 3465 5009 agendum
3493 4935 3583 4991 tibi
3619 4931 3786 5002 potius

2209 5037 2293 5087 est
2320 5039 2587 5101 quatenus
2611 5045 2679 5086 ne
2732 5030 2848 5101 ipsa
2896 5030 3115 5100 quidem
3162 5028 3470 5084 commotio
3511 5018 3787 5081 iracundia

2208 5125 2387 5181 locum
2410 5125 2608 5182 habeat
2630 5124 2775 5180 intra
2805 5132 2892 5192 te;
2940 5124 2988 5180 si
3042 5121 3189 5180 enim
3231 5121 3550 5180 eﬂ‘ervescit
3594 5117 3792 5174 animus

2209 5226 2267 5274 et
2303 5201 2680 5286 conturbatur,
2721 5218 2938 5274 etiamsi
2969 5233 3079 5274 non
3115 5217 3484 5288 compleverit
3514 5228 3670 5286 opus.
3691 5211 3792 5282 illi!

2209 5316 2391 5366 tamen
2414 5311 2750 5380 perturbatio
2773 5311 3032 5367 indecens
3063 5320 3150 5367 est
3170 5312 3223 5367 ei
3245 5312 3338 5381 qui
3359 5311 3474 5367 sub
3499 5308 3630 5368 Jesu
3675 5302 3796 5360 mili-

2208 5409 2290 5458 tat
2339 5403 2494 5458 duce.
2557 5399 2821 5458 Similiter
2867 5413 2924 5458 et
2959 5404 3025 5459 de
3063 5402 3533 5474 concupiscentia
3558 5398 3722 5462 vitio,
3753 5401 3797 5449 et

2207 5497 2276 5553 de
2303 5496 2536 5552 tristitia:
2581 5498 2899 5568 caeterisque
2947 5499 3190 5554 omnium
3219 5496 3581 5580 sentigndum
3602 5500 3715 5559 θείη
3744 5487 3798 5544 δε

2206 5590 2402 5662 quibus
2431 5591 2641 5647 cunctis
2679 5593 2754 5646 ita
2796 5593 3063 5674 agendum
3109 5600 3195 5648 est
3239 5591 3519 5662 discipulo
3565 5587 3715 5653 Jesu,
3749 5589 3795 5636 li

526 5663 852 5720 sententiam
871 5705 889 5734 ,
925 5666 1018 5736 qui
1064 5683 1226 5740 super
1269 5669 1486 5728 asinum
1519 5671 1675 5729 sedet
1719 5678 2103 5737 exterminavit
2152 5716 2175 5746 .
2203 5681 2341 5740 nihil
2367 5681 2563 5739 horum
2589 5684 2810 5742 omine
2830 5686 2886 5742 in
2907 5667 3026 5759 ejus
3051 5685 3219 5744 corde
3242 5683 3532 5757 respiret;
3566 5698 3642 5741 ne
3678 5678 3799 5736 {om
