3930 6344
121 325 240 390 ιοὸτι

997 306 1350 368 COMMENT.
1391 304 1462 362 IN
1499 305 1766 364 LIBRUM
1801 304 2038 363 IOSUE.
2062 290 2146 346 F4-
2179 302 2308 360 LIB.
2346 301 2414 358 II.
2447 291 2454 295 ’

3197 294 3339 364 1058

20 451 30 490 ε
119 442 157 500 εί
178 436 312 510 parvi
334 428 624 499 cujuslibet
641 423 761 482 vitii
783 422 1236 490 autconsuetudo
1273 429 1368 478 aut
1401 419 1658 490 cogitatio
1683 435 1740 495 Α
1768 436 1788 510 t
1824 425 1973 510 erat
1999 416 2194 472 civitas
2228 430 2350 510 qius
2373 427 2496 510 Anon
2521 420 2648 510 erat
2687 411 3041 510 traditaﬁiiis
3065 413 3258 471 Israel.
3309 438 3330 473 ι

20 548 40 599 a
119 531 421 598 relinquatur
440 522 499 578 in
531 519 714 586 corde,
745 531 1003 589 processu
1025 514 1280 586 temporis
1298 511 1660 577 convalescat,

20 643 36 659 ι·
118 629 165 688 et
181 615 424 690 paulatim
444 613 590 667 vires
625 608 891 672 latitando
919 606 1228 676 conquirat,
1253 612 1417 672 atque
1443 603 1514 656 ad
1536 601 1666 656 ulti-

20 735 36 771 ς
116 722 240 768 mum
257 709 582 768 revocetnos
607 699 672 756 ad
695 699 964 770 vomitum
984 704 1248 760 nostrum,
1265 703 1320 750 et
1337 693 1472 748 ﬁant
1491 691 1666 750 homi-

23 831 28 864 ;
109 800 186 860 nis
195 795 346 861 dius,
361 793 450 850 cui
467 792 570 862 hoc
580 788 858 855 acciderit,
873 785 1162 844 novissima
1175 783 1360 854 pejora
1369 780 1670 854 prioribus.

21 945 26 953 ,
145 884 335 961 _(l2m.)
371 902 390 936 ι
426 882 761 951 Omnemque
794 878 1034 949 praedam
1083 876 1310 931 istarum
1335 871 1554 928 urbium
1601 884 1674 961 ac.

20 1037 26 1046 φ
117 959 152 1033 ί
161 957 394 1050 iumenta
438 971 740 1028 diviserunt
765 967 870 1025 sibi
902 966 999 1021 ﬁlii
1027 963 1216 1031 Israel,
1242 963 1452 1019 cunctis
1491 959 1666 1026 homi-

23 1109 26 1114 -
119 1089 136 1124 t
171 1067 315 1125 nibus
361 1061 686 1120 interfectis.
719 1079 741 1113 ι
777 1058 887 1133 (Ea:
918 1055 1260 1130 Augustino.)
1301 1055 1531 1126 Propter
1559 1053 1666 1109 hoc

110 1160 237 1217 nullo
257 1157 423 1212 modo
449 1154 687 1228 putanda
712 1160 795 1208 est
831 1154 936 1208 ista
961 1148 1273 1214 crudelitas,
1296 1147 1440 1218 quod
1459 1146 1667 1202 nullum

20 1233 22 1235 ’
110 1250 267 1308 tit-um
308 1247 368 1301 in
410 1243 722 1301 civitatibus
769 1241 873 1297 sibi
914 1238 1126 1296 traditis
1154 1237 1460 1294 dimittebat
1485 1235 1665 1308 Iesus,

109 1339 214 1408 quia
233 1335 494 1391 Dominus
519 1335 624 1388 hoc
640 1333 898 1403 iusserat.
934 1329 1037 1398 Qui
1065 1338 1243 1384 autem
1281 1325 1670 1383 existimabant

110 1431 217 1488 hinc
246 1430 418 1484 Deum
446 1427 624 1498 ipsum
646 1423 814 1480 fuisse
857 1421 1155 1485 crudelem,
1203 1425 1258 1472 et
1298 1424 1519 1487 propter
1563 1415 1670 1470 hoc

111 1499 300 1578 Veteris
339 1514 676 1573 Testamenti
715 1528 906 1568 verum
953 1511 1124 1566 Deum
1169 1506 1340 1563 fuisse
1389 1513 1668 1562 auctorem

106 1613 280 1670 nolunt
307 1609 553 1674 credere,
591 1615 702 1661 tam
729 1617 987 1676 perverse
1012 1602 1078 1657 de
1103 1599 1358 1672 operibus
1381 1596 1478 1652 Dei
1503 1610 1670 1666 quam

107 1701 163 1756 de
181 1697 416 1768 peccatis
442 1693 721 1752 hominum
741 1691 1011 1764 iudicant,
1034 1689 1338 1744 nescientes
1360 1683 1491 1757 quid
1521 1684 1670 1755 quis-

1763 508 1786 560 ι
1813 508 1900 564 Es
1940 507 2303 579 Augustino.)
2359 505 2630 574 Quaaritur
2681 504 2953 574 quomodo
3002 505 3106 560 hoc
3147 521 3339 565 verum

1762 601 1838 658 sit
1855 639 1872 666 ,
1934 615 2061 656 cum
2115 613 2222 655 nec
2263 598 2609 669 temporibus
2654 604 2843 666 postea
2892 595 3134 667 iudicum
3160 633 3179 664 ,
3237 615 3342 657 nec

1765 692 2098 764 temporibus
2125 705 2336 762 regum,
2371 703 2560 746 omnes
2586 688 2809 745 omnino
2861 687 3076 744 illarum
3127 699 3341 762 septem

1762 782 2003 856 gentium
2063 781 2313 838 civitates
2366 794 2562 851 capere
2609 778 2885 850 potuerint
2935 779 3171 838 Hebrai.
3231 782 3342 840 Sed

1763 881 1860 930 aut
1906 873 1989 931 sic
2035 868 2441 944 intelligendum
2485 878 2570 926 est
2607 869 2751 939 quod
2789 871 2860 925 ad
2887 870 3100 926 nullam
3155 872 3346 930 civita-

1764 971 1878 1024 tem
1926 962 2179 1021 bellando
2234 961 2468 1019 accessit
2519 959 2675 1017 Iesus
2719 975 2886 1032 quam
2938 975 3050 1018 non
3097 965 3340 1035 ceperit;

1765 1065 1861 1116 aut
1884 1064 2032 1113 certe
2053 1055 2202 1111 nulla
2217 1069 2328 1112 non
2353 1062 2513 1125 capta
2536 1061 2645 1120 est,
2672 1053 2768 1109 sed
2795 1067 2983 1108 earum
3007 1069 3130 1125 quae
3154 1055 3212 1111 in
3255 1073 3344 1113 re.

1764 1147 2017 1220 giouibus
2041 1161 2210 1217 supra
2245 1146 2690 1204 commemoratis
2711 1145 2951 1200 fuerunt.
2996 1145 3344 1204 Enumerataa

1765 1246 1896 1303 sunt
1918 1238 2063 1294 enim
2087 1251 2277 1296 omnes
2298 1238 2544 1308 regiones
2573 1237 2629 1292 in
2660 1237 2856 1307 quibus
2891 1235 3111 1292 fuerunt
3155 1239 3364 1294 civita-.

1768 1328 1936 1384 tesde
1961 1327 2158 1398 quibus
2176 1326 2321 1384 facta
2341 1336 2425 1384 est
2447 1329 2555 1384 ista
2579 1327 2856 1384 conclusio
2881 1344 2896 1381 :
2920 1327 2992 1381 Et
3013 1343 3190 1384 omnes
3215 1331 3350 1400 cepit

1765 1419 1826 1474 in
1862 1418 2015 1474 bello.
2062 1417 2170 1491 (Ea:
2208 1418 2572 1490 Adamantio.)
2609 1417 2729 1474 Non
2767 1418 2906 1472 dixit
2957 1418 3089 1488 quia
3141 1420 3353 1490 accepit

1767 1508 1924 1567 Jesus
1945 1510 2158 1580 aliquos
2193 1511 2252 1567 in
2277 1509 2440 1577 bello,
2470 1517 2526 1564 et
2550 1509 2760 1580 aliquos
2805 1524 2915 1565 non
2956 1509 3207 1580 accepit;
3253 1510 3350 1565 sed

1767 1619 1958 1661 omnes
1994 1604 2225 1676 accepit,
2266 1604 2323 1659 id
2360 1611 2445 1660 est
2469 1615 2659 1659 omnes
2687 1602 2847 1674 cepit,
2876 1610 2932 1659 et
2979 1616 3170 1659 omnes
3221 1615 3350 1673 per-

1769 1695 1920 1754 emit.
1947 1695 2148 1752 Omnes
2171 1695 2376 1754 etenim
2403 1695 2613 1766 species
2635 1695 2850 1765 peccati
2887 1693 3210 1766 expurgavit
3245 1694 3353 1750 Do-

102 1805 195 1864 que
215 1788 324 1860 pati
352 1787 545 1860 (lignus
567 1785 659 1851 sit,
682 1791 736 1840 et
764 1795 1019 1852 magnum
1046 1786 1296 1852 putantes
1319 1777 1522 1864 malum
1546 1791 1668 1832 cum
1695 1798 1746 1859 Β
1771 1788 1952 1844 minus
1973 1786 2162 1860 μεως,
2205 1802 2506 1858 omnes,tu
2555 1786 2843 1844 destruxit,
2871 1784 3068 1842 οωιοιί
3117 1797 3355 1858 namque

100 1893 279 1938 casura
336 1877 667 1947 deiiciuntur
688 1913 703 1940 ,
751 1870 1119 1941 mortalesque
1170 1863 1498 1924 moriuntur.
1561 1864 1670 1938 (Ea:

95 1968 449 2042 Adamantio.)
483 1986 502 2019 ι
533 1965 734 2022 Beatus
757 1964 850 2035 qui
871 1962 1092 2029 tenebit,
1119 1970 1176 2018 et
1211 1959 1395 2016 allidet
1415 1956 1670 2030 parvulos

95 2069 207 2118 tuos
234 2060 304 2114 ad
338 2065 553 2128 petram
589 2052 763 2127 (Paul.
790 2052 1033 2125 cxxxvr).
1071 2071 1092 2104 ›
1133 2049 1424 2122 Babylonis
1463 2047 1672 2104 scilicet

91 2147 364 2224 parvulos,
392 2148 485 2220 qui
505 2144 637 2202 nulli
670 2145 760 2199 alii
784 2144 1154 2214 intelliguntur
1177 2143 1285 2198 nisi
1317 2139 1672 2212 cogitationes

92 2241 260 2308 malae,
288 2255 411 2311 qua:
432 2254 529 2295 cor
561 2245 808 2293 nostrum
849 2234 1185 2291 confundunt
1209 2242 1266 2288 et
1293 2231 1622 2288 conturbant
1652 2246 1668 2283 :

90 2332 186 2389 hoc
213 2331 364 2389 enim
411 2329 803 2399 interpretatur
838 2324 1098 2398 Babylon.
1132 2321 1264 2392 Quae
1313 2321 1672 2393 cogitationes

92 2401 208 2480 cum
233 2419 478 2494 parvulae
522 2425 648 2474 sunt
676 2425 732 2473 et
778 2415 934 2471 initia
982 2415 1204 2481 habent,
1245 2412 1492 2469 tenenda:
1542 2419 1672 2466 sunt

91 2524 143 2571 et
181 2510 472 2573 allidendze
508 2511 576 2565 ad
602 2517 836 2580 petram,
881 2501 1116 2578 quaeest
1141 2501 1414 2569 Christus,
1454 2511 1511 2556 et
1553 2500 1672 2572 ipso

88 2603 308 2676 iubente
325 2599 656 2676 iugulandae,
683 2607 743 2655 ut
762 2595 899 2654 nihil
926 2597 983 2653 in
1029 2594 1189 2652 nobis
1240 2591 1480 2651 resideat
1527 2592 1674 2664 quod

90 2695 338 2770 respiret.

83 3063 115 3124 ι’
142 3083 212 3126 ne
247 3083 431 3124 unum
467 3065 686 3138 quidem
709 3067 956 3132 verbum,
987 3063 1390 3135 quodjusserat
1415 3063 1677 3126 Dominus

1771 1892 1986 1945 eramus
2015 1877 2298 1945 insensati,
2325 1877 2610 1946 increduli,
2634 1885 2902 1946 errantes,
2925 1877 3226 1934 servientes
3261 1877 3357 1933 de-

1769 1968 1985 2024 sideriis
2011 1968 2202 2035 variis,
2227 1969 2286 2027 in
2308 1968 2520 2024 malitia
2543 1978 2602 2024 et
2620 1967 2825 2023 invidia
2843 1976 3066 2041 agentes
3080 2006 3098 2037 ,
3125 1967 3361 2025 odibiles

1769 2067 1826 2115 et
1844 2059 2088 2116 odientes
2114 2059 2368 2125 invicem,
2407 2066 2465 2114 et
2499 2072 2664 2114 omne
2702 2058 2836 2114 illud
2870 2059 3233 2131 quodcunque
3270 2065 3357 2115 est

1769 2149 1982 2219 peccati
2001 2163 2177 2220 genus
2200 2149 2344 2221 quod
2361 2148 2638 2204 invenitur
2653 2149 2712 2205 in
2730 2150 3044 2207 hominibus
3061 2157 3355 2221 antequam

1770 2243 2017 2300 credant.
2057 2242 2206 2300 Bene
2233 2257 2364 2314 ergo
2387 2241 2522 2298 dicit
2563 2243 2692 2312 quia
2736 2257 2929 2300 omnes
2955 2243 3154 2300 occidit
3195 2242 3357 2300 Jesus
3407 2289 3409 2292 .

1771 2333 1866 2404 qui
1887 2333 2143 2388 exierunt
2177 2333 2249 2388 ad
2288 2333 2514 2400 bellum,
2537 2333 2686 2389 nulla
2711 2335 2858 2390 enim
2885 2335 3106 2404 species
3138 2333 3370 2404 peccati

1772 2431 1927 2490 tanta
1956 2433 2043 2480 est
2082 2438 2193 2494 qua
2225 2438 2336 2480 non
2382 2423 2458 2480 sit
2482 2423 2740 2493 superior
2759 2422 2942 2491 Iesus,
2966 2424 3062 2495 qui
3094 2432 3179 2481 est
3223 2425 3360 2482 Ver-

1770 2517 1902 2578 bum
1926 2517 2270 2587 etsapientia
2299 2517 2417 2574 Dei.
2444 2516 2644 2574 Omnia
2664 2517 2814 2573 enim
2839 2525 3058 2589 superat
3077 2526 3135 2574 et
3165 2517 3357 2574 vincit.

1768 2607 1857 2666 An
1883 2625 1995 2670 non
2019 2609 2100 2673 ita
2138 2609 2411 2668 credimus
2437 2611 2568 2682 quia
2591 2624 2753 2666 omne
2779 2625 2951 2681 genus
2976 2611 3187 2679 peccati
3237 2624 3362 2666 cum

1689 2757 1696 2764 ,
1773 2700 1843 2758 ad
1871 2702 2110 2770 salutare
2132 2700 2412 2761 lavacrum
2455 2703 2707 2764 venimus
2753 2702 3033 2758 aufertur?
3063 2702 3179 2757 Hoc
3213 2702 3386 2757 enim

135 2785 339 2860 ’(Ιωυ.)
375 2802 394 2836 t
430 2779 585 2841 Sicut
623 2788 956 2854 praeceperat
997 2779 1258 2836 Dominus
1293 2778 1471 2850 Moysi
1515 2792 1692 2864 servo

93 2894 114 2931 t
152 2892 273 2945 suo,
305 2876 386 2931 ita
428 2871 688 2946 praecepit
726 2871 946 2954 Moyses
987 2871 1173 2938 Iosue,
1202 2879 1256 2927 et
1285 2871 1377 2928 ille
1421 2870 1698 2954 universa

87 2969 118 3026 ‹“’
148 2971 452 3046 complevit
485 2990 499 3027 :
530 2987 640 3028 non
680 2951 945 3043 praeteriit
977 2969 1043 3026 de
1070 2967 1343 3042 universis
1368 2955 1692 3034 mandatis,

1773 2792 2145 2864 etApostolus
2166 2793 2434 2863 designat,
2455 2794 2548 2864 qm’
2571 2807 2700 2850 cum
2731 2794 2988 2850 universa
3013 2801 3364 2866 peccatorum

1775 2900 1978 2960 genera
2013 2886 2448 2954 .dinumerasset,
2485 2885 2638 2942 addit
2678 2895 2804 2956 post
2851 2886 3055 2953 omnia,
3098 2894 3162 2942 et‘
3179 2885 3360 2942 dicit:

1781 2996 1802 3031 ι
1823 2979 1907 3038 .Et
1944 2980 2064 3036 hinc
2087 2979 2307 3051 quidem
2326 2978 2619 3050 aliquando
2633 2977 2843 3047 fuistis,
2870 2979 2968 3035 sed
2993 2978 3163 3036 abluti
3203 2979 3362 3047 estis,

1777 3070 1876 3127 sed
1893 3071 2222 3128 sanctiﬁcati
2251 3069 2389 3128 estis
2426 3070 2484 3126 in
2511 3069 2731 3130 nomine
2772 3069 2989 3127 Domini
3017 3070 3192 3127 nostri
3233 3068 3364 3129 Iesu

88 3179 106 3214 ι
146 3159 348 3233 Moysi.
386 3179 408 3214 ι
445 3167 501 3215 et
528 3155 743 3215 caetera.
779 3157 879 3212 Hic
907 3155 1129 3230 Moyses
1158 3171 1339 3256 sereno
1387 3155 1511 3256 ipsi
1539 3154 1676 3256 {esis
1703 3149 1750 3214 C
1777 3162 1984 3222 Christi
2005 3163 2056 3237 (1
2087 3163 2210 3222 Cor.
2253 3164 2352 3236 vi).
2395 3183 2418 3218 ›
2461 3163 2578 3219 Hoc
2600 3177 2736 3235 ergo
2752 3163 2914 3219 modo
2940 3176 3130 3219 omnes
3155 3159 3367 3256 cepisse

81 3253 427 3328 appellatur,
471 3253 614 3308 sicut
661 3259 718 3308 et
756 3251 812 3307 in
842 3250 1134 3322 Evangelio
1176 3249 1351 3304 dicit:
1388 3267 1408 3300 ‹
1463 3246 1704 3323 ΗελὶκξιηΔ

83 3341 308 3415 Moysen
366 3352 424 3399 et
472 3342 794 3415 prophetas,
843 3341 1066 3398 audiant
1105 3339 1226 3396 illos
1265 3338 1416 3411 (Luc.
1471 3339 1608 3411 xvr).
1650 3358 1671 3392 ι

79 3433 190 3493 Lex
243 3451 386 3506 ergo
432 3434 689 3506 praecepit
737 3434 895 3490 nobis
941 3433 1251 3489 interﬁcere
1289 3447 1477 3488 omnes
1521 3445 1679 3502 reges

78 3527 291 3596 peccati
322 3525 420 3595 qui
461 3539 561 3579 nos
609 3531 909 3593 provocant
949 3523 1019 3577 ad
1047 3510 1350 3593 peccatum,
1384 3523 1525 3578 sicut
1549 3523 1682 3582 fecit

77 3615 259 3686 Iesus,
288 3625 352 3672 et
378 3631 485 3670 non
512 3623 597 3670 est
626 3622 974 3687 trangressus
1005 3613 1298 3686 quidquam
1327 3629 1394 3669 ex
1429 3613 1682 3672 omnibus

75 3722 193 3776 quae
243 3705 541 3763 constituit
565 3705 617 3759 ei
647 3703 878 3776 Moyses.
925 3703 1173 3760 Diximus
1214 3704 1454 3773 quidem,
1485 3720 1682 3762 secun-

74 3797 202 3874 dum
227 3795 482 3881 priorem
503 3795 858 3867 expositionis
884 3781 1150 3876 Ordinem,
1179 3794 1306 3865 quia
1346 3808 1682 3866 quaecunque

70 3889 156 3964 lex
212 3874 346 3955 Dei,
403 3902 523 3956 quae
547 3902 690 3942 nunc
739 3886 956 3958 Moyses
993 3874 1331 3958 appellatur,
1375 3886 1684 3964 constituit,

71 3967 268 4051 implet
320 3963 486 4050 Jesus
532 3977 588 4032 in
617 3977 806 4044 nobis;
847 3985 904 4032 et
929 3976 1044 4048 ipse
1073 3985 1158 4033 est
1190 3976 1284 4047 qui
1321 3978 1587 4036 interimit
1625 3978 1682 4034 in

70 4073 234 4126 nobis
279 4067 449 4138 vitia,
477 4058 533 4123 et
576 4067 909 4147 nequissima
942 4069 1154 4138 peccati
1191 4082 1356 4138 regna
1385 4067 1678 4125 subvertit.

68 4157 269 4215 Potest
329 4165 520 4212 tamen
572 4157 739 4213 etiam
780 4159 845 4214 de
873 4158 991 4230 ipso
1020 4158 1248 4216 Domino
1296 4167 1354 4215 et
1400 4158 1682 4216 Salvatore

66 4259 268 4305 nostro
295 4247 433 4316 dici,
447 4247 575 4317 quia
595 4248 779 4304 omnia
801 4264 922 4320 quae
941 4239 1199 4320 praecepit
1221 4249 1433 4322 Moyses
1457 4251 1510 4305 in
1538 4251 1680 4322 lege,

67 4340 205 4397 fecit
230 4339 425 4406 Iesus,
465 4347 520 4393 et
541 4355 650 4395 non
678 4346 762 4396 est
791 4347 1164 4412 transgressus
1199 4341 1513 4412 quidquam.
1537 4341 1680 4409 Quo-

64 4423 222 4485 niam
251 4426 488 4500 quidem
517 4427 650 4484 dicit
687 4427 996 4500 Apostolus,
1038 4448 1057 4482 t
1095 4429 1221 4501 quia
1266 4445 1391 4486 cum
1439 4431 1680 4486 venisset

1777 3256 1838 3314 in
1861 3257 2052 3328 praelio
2077 3256 2302 3324 dicitur,
2325 3264 2383 3312 et
2397 3271 2592 3312 omnes
2615 3255 2932 3327 peremisse.

1851 3347 2030 3420 (lam).
2062 3365 2082 3400 t
2115 3347 2339 3404 Domini
2366 3348 2514 3404 enim
2552 3347 2817 3404 sententia
2843 3346 3024 3403 fuerat
3043 3353 3106 3403 ut
3141 3345 3367 3402 indura-

1787 3455 1806 3489 ι
1849 3448 2042 3496 rentur
2067 3439 2234 3496 corda
2274 3454 2485 3504 eorum,
2512 3447 2570 3494 et
2607 3448 2914 3510 pugnarent
2942 3447 3132 3495 contra
3180 3437 3368 3506 Israel,

1785 3545 1806 3580 ι
1851 3537 1909 3586 et
1927 3529 2204 3595 caderent,
2233 3538 2292 3586 et
2307 3545 2422 3584 non
2439 3537 2783 3584 mererentur
2802 3529 2969 3584 ullam
2995 3530 3366 3596 clementiam,

1785 3636 1806 3670 ι
1843 3634 1915 3674 ac
1963 3619 2229 3688 perirent,
2259 3621 2406 3688 sicut
2438 3627 2774 3690 praeceperat
2815 3620 3075 3676 Dominus
3102 3619 3294 3694 Moysi.
3342 3625 3368 3674 i’
3398 3623 3400 3626 ’

1782 3709 1896 3782 (Ea;
1918 3709 2262 3781 Augustino.)
2286 3709 2595 3766 Secundum
2625 3711 2980 3783 Septuaginta
3003 3725 3134 3767 vero
3177 3712 3252 3766 ita
3285 3710 3366 3768 Ie-

1779 3799 1927 3872 gitur
1954 3817 1969 3855 ;
2008 3817 2030 3852 ε
2050 3799 2200 3868 Quia
2245 3814 2346 3870 per
2377 3799 2668 3858 Dominum
2715 3799 2920 3858 factum
2943 3807 3032 3860 est
3071 3801 3394 3861 confertur!"

1787 3910 1807 3944 ι
1849 3906 1945 3950 cor
1973 3905 2180 3956 eorum,
2207 3900 2268 3950 ut
2312 3891 2526 3948 obviam
2566 3893 2710 3948 irent
2758 3894 2828 3948 ad
2856 3893 3057 3950 bellum
3084 3896 3149 3951 ad
3175 3894 3367 3966 Israel,

1787 4000 1807 4035 t
1849 3983 2443 4049 etexterminarentur,
2468 3983 2546 4056 ita
2573 3991 2634 4038 ut
2657 3998 2765 4039 non
2791 3985 3015 4040 daretur
3042 3987 3123 4042 eis
3153 3983 3368 4042 mitteri-

1789 4091 1808 4124 ι
1829 4131 1832 4134 ,
1853 4074 2060 4141 cordia,
2076 4075 2172 4132 sed
2189 4083 2251 4132 ut
2267 4076 2780 4144 exterminarentur,
2796 4077 2939 4133 sicut
2949 4077 3090 4134 dixit
3105 4077 3370 4137 Dominus
3398 4079 3405 4088 “

1789 4183 1809 4218 t
1855 4167 1924 4220 ad
1952 4165 2189 4237 Moysen.
2223 4186 2248 4220 ι
2288 4167 2368 4222 Ita
2414 4167 2619 4223 dictum
2659 4176 2746 4225 est
2787 4170 2894 4225 hoc
2937 4183 3034 4240 per
3073 4169 3366 4226 Dominum

1783 4255 1991 4326 factum
2019 4256 2315 4314 confortari
2338 4273 2436 4314 cor
2475 4273 2686 4326 eorum,
2712 4259 2816 4316 hoc
2841 4267 2927 4316 est
2945 4300 2962 4326 ,
2988 4261 3249 4317 obdurari
3278 4276 3373 4317 cor

1784 4362 1997 4414 eorum,
2041 4349 2183 4404 sicut
2226 4349 2294 4405 de
2332 4349 2616 4408 Pharaone
2665 4369 2679 4406 :
2716 4353 2859 4422 quod
2915 4353 3100 4408 divino
3153 4353 3372 4422 altoque

1765 4427 1982 4508 iudicio
2000 4439 2145 4512 iuste
2171 4441 2290 4498 ﬁeri
2311 4441 2542 4500 minime
2555 4443 2912 4499 dubitandum
2936 4450 3040 4508 est,
3067 4457 3192 4498 cum
3217 4443 3375 4499 dese—

63 4495 368 4590 plenittido
401 4495 902 4587 temporum,vmisit
945 4517 1089 4576 Deus
1110 4495 1339 4575 —Filium
1388 4535 1548 4576 suum
1596 4519 1678 4574 fa-

1784 4534 1859 4590 rit
1877 4495 2022 4591 Deus
2046 4543 2103 4589 et
2128 4535 2371 4605 possidet
2391 4535 2663 4590 inimicus.
2696 4533 2850 4600 Quod
2879 4535 2960 4590 sic
2993 4535 3369 4605 accipiendum

63 4605 219 4668 ctum
280 4620 363 4667 ex
415 4607 664 4676 muliere,
700 4607 901 4665 factum
941 4613 1042 4668 sub
1068 4611 1185 4681 lege
1236 4611 1381 4684 (Gal.
1416 4613 1513 4685 iv).
1555 4633 1574 4666 ι
1620 4613 1680 4670 Si

63 4714 198 4774 ergo
229 4700 430 4756 factus
453 4708 537 4754 est
559 4699 660 4754 sub
688 4697 826 4771 lege,
850 4714 973 4755 cum
1001 4699 1118 4772 lege
1146 4701 1311 4756 etiam
1336 4704 1518 4758 omnia
1559 4720 1681 4776 quae

64 4787 151 4845 lex
176 4787 501 4846 mandabat
521 4788 784 4858 implevit,
813 4798 873 4846 ut
892 4805 990 4847 nos
1015 4789 1310 4848 redimeret
1340 4808 1370 4847 a
1395 4795 1681 4850 maledicto

64 4879 223 4953 legis.
256 4879 386 4935 Sed
424 4884 480 4932 et
529 4878 645 4948 ipse
674 4880 741 4935 de
767 4895 826 4936 se
851 4881 983 4937 dicit
1013 4901 1025 4938 :
1064 4901 1083 4935 t
1125 4881 1246 4940 Non
1302 4886 1421 4940 veni
1471 4885 1682 4943 solvere

63 4969 272 5048 legem,
309 4969 421 5028 sed
441 4970 734 5042 adimplere
760 4971 976 5045 (Matth.
1007 4975 1084 5049 v).
1116 4997 1135 5031 ι

721 5084 946 5144 CAPUT
975 5088 1063 5145 VI.

61 5172 142 5233 De
171 5191 239 5231 eo
271 5174 432 5248 quod
465 5174 629 5249 Josue
656 5191 833 5249 omnes
869 5195 1011 5249 rcges
1058 5178 1313 5249 Chanaan
1354 5192 1403 5238 et
1448 5185 1682 5244 civitates

133 5244 342 5330 eorum
364 5244 652 5330 pugnando
678 5247 828 5317 cepit,
864 5244 1056 5320 absque
1087 5248 1339 5330 Hermum
1363 5255 1453 5324 qui
1477 5255 1685 5312 habita-

131 5317 232 5372 bat
262 5317 330 5371 in
363 5313 608 5371 Ga'baon.

131 5421 341 5504 (ἶβιν.)
408 5445 426 5479 t
461 5427 626 5485 Multo
683 5439 928 5506 tempore
969 5438 1229 5508 pugnavit
1274 5438 1439 5495 Iosue
1492 5451 1682 5499 contra

66 5539 86 5574 ι
121 5537 304 5594 reges
333 5523 494 5578 istos.
531 5522 649 5580 Non
675 5527 776 5583 fuit
803 5530 996 5586 civitas
1039 5548 1158 5602 qua:
1185 5549 1244 5589 se
1274 5535 1510 5589 traderet
1557 5535 1683 5591 ﬁliis

63 5632 86 5669 ι
127 5616 337 5684 Israel,
369 5628 569 5689 praeter
600 5619 850 5678 Ilcvaaum
876 5624 967 5694 qui
1004 5625 1283 5682 habitabat
1329 5629 1382 5684 in
1422 5628 1678 5696 Gabaon;

65 5727 88 5764 ι
133 5727 351 5771 omnes
391 5711 644 5772 bellando
679 5717 836 5789 cepit.
892 5739 912 5773 ι
969 5717 1323 5793 Septuaginta
1353 5741 1367 5780 :
1403 5749 1424 5778 ι
1460 5723 1532 5783 Et
1569 5740 1677 5782 non

1781 4634 1866 4681 est
1885 4625 2341 4694 quemadmodum
2369 4635 2427 4679 et
2450 4626 2546 4680 ibi.
2584 4625 2693 4681 Sed
2722 4626 2814 4681 hic
2840 4625 2986 4682 aliud
3014 4635 3218 4695 movet,
3237 4639 3373 4699 quo-

1782 4716 1944 4774 modo
1990 4714 2196 4770 dictum
2225 4715 2320 4780 sit,
2355 4715 2426 4769 ad
2455 4716 2560 4771 hoc
2583 4715 2664 4771 eis
2691 4715 3058 4774 confortatum
3097 4734 3219 4776 esse
3254 4737 3371 4788 cor,

1783 4815 1845 4864 ut
1877 4813 2238 4876 exsurgerent
2264 4806 2321 4862 in
2343 4805 2545 4866 bellum
2571 4807 2833 4863 adversus
2865 4807 3048 4878 Israel,
3077 4818 3134 4866 et
3165 4811 3235 4867 ob
3267 4811 3374 4868 hoc

1783 4900 1864 4957 eis
1906 4915 2014 4956 non
2045 4897 2354 4970 prmberent
2403 4899 2854 4965 misericordiam,
2891 4901 3046 4970 quasi
3082 4902 3371 4973 praebenda

1783 5002 1930 5048 esset
1979 4991 2025 5048 si
2076 5007 2184 5048 non
2216 4992 2509 5058 bellarent;
2548 5007 2671 5048 cum
2720 4993 2865 5048 Deus
2891 4995 3212 5064 praeceperit
3238 4993 3376 5051 nulli

1783 5098 1972 5140 eorum
2020 5100 2142 5142 esse
2188 5084 2564 5156 parcendum:
2607 5093 2662 5141 et
2685 5086 2756 5141 ob
2784 5085 2888 5141 hoc
2913 5085 3232 5142 Gabaonitis
3270 5101 3370 5156 pe-

1782 5175 2074 5244 percerint,
2111 5175 2237 5244 quia
2272 5192 2332 5232 se
2375 5177 2443 5231 de
2485 5176 2776 5247 longinqua
2826 5187 2970 5232 terra
2999 5177 3215 5232 venisse
3270 5175 3372 5230 ﬁn-

1783 5275 1990 5340 gentes,
2021 5283 2207 5322 eorum
2236 5267 2562 5336 iurationem
2596 5277 2896 5324 tenuerant.
2953 5267 3060 5322 Sed
3112 5265 3368 5337 quoniam

1784 5357 2109 5429 quibusdam
2167 5357 2312 5413 ultro
2354 5359 2703 5428 praebuerunt
2745 5359 3002 5415 Israelitae
3054 5357 3370 5415 misericor-

1783 5449 1948 5516 diam,
1973 5450 2220 5518 quamvis
2249 5461 2438 5505 contra
2465 5451 2558 5507 Dei
2583 5453 2893 5507 mandatum
2911 5490 2924 5515 ,
2956 5451 3023 5503 ad
3040 5451 3142 5507 hoc
3164 5451 3367 5507 dictum

1784 5557 1904 5600 esse
1928 5543 2330 5614 intelligendum
2358 5554 2462 5610 est,
2497 5547 2629 5602 istos
2680 5547 2751 5599 ita
2791 5544 3024 5599 bellasse
3048 5555 3107 5599 ut
3132 5561 3239 5600 non
3288 5546 3369 5604 cis

1783 5644 2120 5705 parceretur,
2159 5652 2258 5692 nec
2302 5639 2370 5693 ab
2401 5639 2482 5694 eis
2510 5638 2639 5708 ipsis
2674 5635 2947 5703 lsraelitae,
2979 5635 3228 5706 neglecto
3269 5637 3366 5696 Dei

1782 5727 2061 5807 mandato,
2107 5728 2171 5785 ad
2198 5729 2624 5787 misericordiam
2659 5727 3029 5787 ﬂeeterentur.
3059 5728 3212 5800 Quod
3243 5731 3366 5804 qui-
