3930 6344
557 225 700 284 1059

1196 215 1272 270 ιΒ.
1314 210 1570 269 uanam
1609 207 1831 267 unum
1868 201 2188 263 ancmsr.
2229 201 2541 261 uocum.
2582 198 2869 260 eranum
2904 198 3085 256 rans
3119 199 3165 255 ι.

3681 201 3817 273 ίίθϐθ

548 340 670 398 dem
699 335 841 413 duce
860 331 1009 397 Jesu,
1036 329 1127 401 qui
1149 329 1331 384 omnia
1358 327 1643 398 diligenter
1662 325 1843 381 divina
1867 324 2136 394 praecepta
2163 314 2218 379 Α
2242 317 2449 386 species
2490 334 2590 389 pro
2628 327 2787 390 parte
2828 316 3139 382 sollicitent,
3190 314 3339 372 solus
3384 314 3539 373 velut
3600 320 3817 378 omnium

550 410 960 490 servabat,non
982 428 1063 475 est
1085 417 1415 474 credendum
1447 415 1564 471 ﬁeri
1598 414 1861 485 potuisse.
1910 410 2142 465 Verum-

552 534 734 579 tamen
766 532 865 573 nec
908 516 1029 587 ipse
1070 513 1207 567 istos
1230 515 1343 566 tam
1384 509 1493 565 cito
1522 507 1828 569 delevisset,
1862 502 1973 557 nisi
2013 516 2143 557 eou-

552 607 951 686 spirantissime
985 602 1344 667 oontrairent,
1384 607 1551 671 atque
1582 599 1657 653 ita
1688 596 1807 651 ﬁeri
1851 599 2145 686 possetut

552 683 633 758 eis
666 699 735 754 ab
762 697 855 753 illo
900 694 1126 750 minime
1159 690 1462 753 debellatis,
1503 688 1597 758 qui
1623 687 1723 742 Dei
1745 692 2014 756 praecepta
2042 683 2151 738 im-

552 798 702 870 plere
731 793 978 856 curabat,
1007 786 1397 845 remansissent
1424 784 1493 840 ad
1514 784 1649 839 illud
1688 789 1898 851 tempus
1926 778 2154 850 quando

553 892 632 948 eis
659 892 882 961 posSent
909 896 1134 957 parcere
1158 887 1284 952 post
1309 885 1541 933 mortem
1570 874 1717 941 Jesu,
1743 873 1833 945 qui
1862 886 1973 927 non
1993 877 2143 926 tanta

556 996 686 1037 cura
716 976 815 1034 Dei
849 975 1104 1031 mandata
1133 970 1422 1028 faciebant.
1455 966 1593 1023 Nam
1640 972 1697 1022 et
1738 965 1917 1021 adhuc
1952 962 2147 1019 eodem

555 1069 825 1135 vivente,’
858 1063 1181 1141 quibusdam
1219 1061 1296 1117 illi
1341 1064 1734 1132 pepercerunt,
1772 1054 2153 1111 tantummodo

558 1177 652 1219 eos
703 1159 895 1217 ditioni
949 1173 1060 1214 suae
1105 1156 1515 1226 subjungentes,
1562 1153 1825 1224 quosdam
1868 1163 1999 1205 vero
2046 1162 2153 1205 nec

558 1253 776 1309 vincere
807 1253 1119 1322 potuerunt.
1162 1243 1368 1301 Verum
1399 1245 1515 1299 haec
1555 1259 1667 1299 non
1709 1242 1800 1297 illo
1837 1242 1972 1296 duce
2003 1238 2149 1293 facta

560 1352 706 1413 sunt,
739 1344 839 1399 sed
862 1357 986 1398 cum
1012 1341 1127 1413 jam
1172 1353 1337 1394 senex
1382 1343 1605 1392 vacaret
1638 1350 1668 1389 a
1697 1334 1856 1398 bello,
1911 1338 2151 1387 tantum-

559 1436 719 1493 modo
748 1436 829 1491 eis
860 1442 1038 1489 terras
1079 1430 1323 1487 dividens
1348 1445 1365 1495 ;
1386 1435 1449 1483 ut
1474 1426 1709 1498 ipsijam
1762 1426 1855 1479 illo
1883 1439 1993 1481 non
2035 1421 2150 1478 bel-

559 1525 726 1593 lante,
756 1524 962 1581 divisas
987 1522 1091 1580 sibi
1118 1530 1298 1577 terras
1333 1520 1532 1589 partim
1575 1515 1691 1587 jam
1747 1519 1905 1573 hoste
1949 1526 2155 1570 vacuas

559 1625 834 1685 tenerent,
862 1615 1063 1687 partim
1088 1611 1379 1685 pugnando
1412 1616 1690 1680 caperent.
1738 1607 1807 1663 Et
1843 1607 1991 1678 quod
2029 1605 2153 1659 vin-

559 1723 686 1766 cere
716 1707 928 1778 aliquos
950 1705 1177 1761 miniine
1203 1710 1518 1773 potuerunt,
1560 1698 1915 1772 providentia:
1954 1698 2154 1753 divinas

559 1798 734 1855 fuisse
759 1840 774 1867 ,
804 1806 1142 1869 oppportune
1193 1794 1599 1865 Scripturarum
1660 1793 1823 1848 certis
1877 1791 2157 1862 apparebit

562 1890 718 1948 locis.
760 1888 872 1962 (Ea:
894 1886 1259 1957 Adamantio.)
1283 1886 1507 1958 Mystice
1527 1894 1708 1941 autem
1743 1899 1844 1956 per
1867 1884 2156 1940 Dominum

564 1980 770 2037 laetum
798 1987 885 2035 est
902 1990 961 2034 ut
986 1978 1345 2034 invalesceret
1370 1992 1467 2033 cor
1484 1992 1695 2043 eorum,
1727 1984 1783 2031 et
1803 1981 2159 2031 occurrerent

565 2072 622 2127 iu
646 2071 895 2143 praebum
944 2078 1145 2139 contra,
1179 2068 1351 2124 lsrael
1385 2076 1447 2123 ut
1473 2068 1984 2123 exterminarentur.
2017 2066 2158 2120 Dum

565 2163 715 2220 enim
736 2178 845 2219 non
867 2162 1095 2218 veniunt
1120 2161 1354 2216 inimicm
1379 2160 1610 2214 virtutes
1640 2176 1760 2231 qua:
1782 2164 2004 2229 peccata
2031 2171 2161 2227 ope-

560 2264 754 2312 rantur
773 2256 829 2310 in
849 2255 1026 2321 nobis,
1042 2269 1143 2311 nec
1157 2260 1455 2324 provocant
1476 2268 1577 2307 nos
1594 2251 1662 2307 ad
1678 2254 2034 2326 peccandum,
2057 2264 2159 2306 nec

564 2347 847 2403 lacessunt
889 2343 959 2400 ad
981 2345 1366 2409 dimicandum,
1396 2343 1627 2399 interﬁci
1654 2358 1761 2397 non
1786 2349 2015 2411 possunt
2060 2356 2159 2397 nec

568 2435 946 2491 exterminari.
971 2436 1097 2491 ideo
1127 2450 1259 2507 ergo
1286 2435 1489 2490 dicitur
1508 2436 1653 2490 Deus
1678 2434 2020 2505 permittere,
2048 2434 2160 2489 imo

486 2552 489 2557 -
517 2512 538 2529 ”
568 2534 627 2584 et
656 2527 887 2583 incitare
907 2529 1332 2599 propemodum,
1368 2527 1710 2583 adversarius
1753 2527 1985 2583 virtutes
2008 2527 2161 2583 exire

570 2618 833 2673 adversus
853 2632 955 2673 nos
980 2618 1035 2673 in
1057 2617 1328 2689 praelium,
1356 2625 1419 2672 ut
1443 2624 1499 2673 et
1526 2633 1628 2673 nos
1653 2617 1940 2672 victoriam
1970 2617 2159 2686 capia-

565 2724 713 2775 mus,
743 2715 800 2765 et
833 2708 939 2764 illa:
960 2709 1241 2765 interitum
1270 2716 1696 2779 consequantur.
1732 2708 1889 2765 Unde
1911 2708 2047 2763 mihi
2082 2708 2161 2762 vi-

563 2798 729 2857 detur
752 2814 878 2856 esse
903 2799 1147 2856 inﬁnitus
1192 2798 1415 2871 quidam
1451 2815 1713 2856 numerus
1758 2799 2161 2856 contrariarum

565 2891 853 2959 virtutum,
890 2906 994 2963 pro
1028 2905 1094 2948 eo
1128 2893 1273 2965 quod
1315 2906 1419 2964 per
1448 2892 1689 2964 singulos
1714 2906 1856 2964 pene
1910 2890 2162 2947 homines

576 2991 705 3041 sunt
749 2984 977 3055 spiritus
998 2984 1167 3055 aliqui
1204 2985 1421 3040 diversa
1460 2984 1517 3040 iu
1554 2984 1639 3040 his
1678 2992 2029 3055 peccatorum
2069 2998 2161 3054 ge-

2241 409 2547 480 pn'neipum
2573 411 2713 476 dux,
2741 417 2797 465 et
2826 411 2992 465 totius
3024 407 3269 464 nehndm
3582 412 3818 482 nam

2242 504 2498 575 exagitet.
2530 506 2695 576 Cujus
2716 507 2944 577 ﬁguram
2970 520 3095 563 cum
3123 506 3189 562 ὼ
3210 504 3374 561 Jahiu
3415 506 3812 580 discuterem,

2240 610 2343 666 pro
2368 611 2539 668 parvo
2586 597 2953 669 intelligentia:
2981 604 3188 652 nostra
3227 604 3414 668 captu,
3461 598 3521 653 iu
3551 603 3815 670 Superiori-

2243 687 2396 743 ribus
2431 687 2805 758 patefecimus.
2837 687 3037 744 Beatus
3055 702 3188 759 ergo
3221 695 3309 745 est
3345 689 3442 760 qui
3470 689 3815 752 indesinenter

2244 779 2549 850 spiritalem
2600 781 2929 836 machus-am
2978 788 3194 847 tenens,
3234 794 3349 836 non
3410 779 3606 837 aufert
3645 799 3751 841 eam
3788 802 3814 843 ι

2246 871 2548 928 cervicibus
2566 871 2759 928 horum
2779 871 3021 929 hostium
3048 870 3121 927 de
3137 871 3337 943 quibus
3360 874 3627 945 superius
3642 892 3814 935 meno-

2247 962 2507 1019 ravimus.
2543 961 2696 1020 Sicut
2723 969 2778 1019 et
2819 959 3087 1019 Jeremias
3114 964 3385 1034 propheta
3412 962 3595 1019 dicit:
3628 983 3649 1016 ι
3682 965 3815 1024 hle-

2248 1052 2425 1109 dictus
2451 1054 2617 1109 homo
2661 1052 2756 1123 qui
2804 1050 2936 1108 facit
2973 1067 3143 1124 opera
3173 1053 3274 1109 Dei
3321 1053 3671 1125 negligenter
3704 1055 3813 1128 (la:

2249 1146 2466 1219 nvm),
2506 1167 2525 1200 ι
2563 1156 2618 1203 et
2645 1147 2825 1204 aufert
2853 1149 3180 1204 machmram
3207 1162 3368 1203 suam
3397 1163 3429 1203 a
3457 1149 3713 1221 sanguine
3735 1151 3816 1206 ini-

2248 1241 2535 1296 micorum.
2567 1240 2684 1297 lloc
2720 1240 2768 1296 si
2809 1242 3110 1297 secundum
3157 1241 3399 1296 litteram
3448 1241 3812 1312 intelligamus,

2250 1343 2473 1386 necesse
2507 1332 2613 1386 erit
2638 1346 2738 1387 nos
2785 1331 3157 1388 indesinenter
3201 1333 3527 1404 sanguinem
3571 1333 3813 1390 madere:

2251 1425 2395 1494 quod
2417 1422 2587 1480 Judai
2639 1432 2911 1495 putantes,
2943 1425 3036 1496 qui
3063 1440 3133 1480 ex
3181 1424 3399 1497 integro
3437 1439 3574 1480 caro
3620 1434 3737 1480 sunt
3773 1433 3816 1482 et

2253 1515 2498 1586 sanguis,
2551 1514 2801 1571 crudeles
2851 1522 2907 1571 et
2957 1515 3332 1586 implacabiles
3386 1516 3554 1583 ﬁunt,
3600 1517 3816 1575 dicentes

2255 1610 2693 1667 maledictionem
2741 1609 3049 1680 impositam
3094 1623 3217 1666 esse
3267 1608 3359 1665 his
3393 1609 3552 1679 quia
3588 1610 3815 1682 sanguine

2180 1708 2231 1771 Β
2254 1699 2579 1757 eﬂundendo
2603 1699 2940 1756 cessaverint
2968 1715 2983 1755 :
3014 1707 3069 1756 et
3098 1700 3219 1757 ideo
3237 1700 3409 1772 pedes
3433 1715 3625 1756 eorum
3641 1701 3814 1759 veloces

2259 1804 2385 1851 sunt
2410 1793 2476 1849 ad
2505 1791 2887 1868 eil'undendum
2932 1792 3272 1864 sanguinem.
3320 1791 3435 1847 Sed
3462 1792 3578 1848 illis
3604 1793 3809 1862 hujusce-

2256 1886 2403 1943 modi
2428 1884 2804 1956 intelligentia,
2837 1883 2964 1955 quia
2989 1898 3117 1939 caro
3138 1893 3195 1939 et
3226 1884 3455 1957 sanguis
3486 1894 3632 1949 sunt,
3671 1884 3812 1940 videa-

2260 1984 2382 2043 tur;
2410 1975 2544 2031 mihi
2577 1982 2759 2029 autem
2781 1981 3003 2046 praestet
3029 1973 3173 2030 Deus
3198 1990 3487 2046 nunquam
3533 1976 3810 2048 negligenter

2258 2082 2425 2139 opera
2460 2066 2677 2122 Domini
2699 2080 2881 2139 agere,
2912 2081 3015 2123 nec
3046 2065 3266 2122 auferre
3295 2067 3604 2138 spiritalem
3622 2068 3808 2139 gladium

2258 2158 2412 2214 verbi
2469 2158 2567 2213 Dei
2620 2172 2653 2212 a
2709 2157 2975 2230 sanguine
3024 2159 3434 2215 contrariarum
3486 2160 3811 2223 virtutum,et

2259 2249 2591 2306 mortiﬁcare
2614 2263 2707 2303 eas
2725 2250 2781 2305 in
2802 2265 3127 2321 unoquoque
3156 2250 3496 2306 auditorum.
3524 2250 3810 2306 lnterliciun-

2259 2350 2352 2399 tur
2380 2350 2562 2399 autem
2603 2341 2659 2397 in
2686 2342 2844 2398 nobis
2887 2349 2943 2397 et
2970 2342 3089 2412 ipsa
3120 2343 3431 2398 dannonum
3455 2358 3653 2415 genera,
3677 2344 3722 2397 si
3746 2342 3812 2397 his

2262 2435 2463 2491 auditis
2484 2449 2675 2490 eorum
2708 2450 2874 2505 opera
2901 2449 3011 2489 non
3049 2450 3297 2505 agamus.
3342 2434 3549 2490 Dicitur
3574 2442 3735 2489 autem
3770 2432 3812 2487 in

2262 2524 2616 2594 sequentibus
2646 2523 2774 2595 quia
2803 2522 3015 2592 accepit
3040 2520 3200 2580 Jesus
3227 2538 3457 2581 omnem
3477 2532 3680 2591 terram,
3702 2523 3815 2579 sicut

2262 2615 2543 2671 mandavit
2566 2614 2830 2673 Dominus
2861 2615 3050 2686 Moysi.

2872 2726 3103 2786 CAPUT
3139 2725 3253 2785 V11.

2262 2841 2344 2901 De
2368 2859 2430 2898 eo
2449 2842 2612 2914 quod
2640 2842 2806 2900 locus
2825 2844 2957 2914 cepit
2985 2859 3195 2901 eum
3224 2853 3450 2911 terrast,
3485 2846 3612 2901 sicut
3643 2844 3816 2901 locum

2334 2924 2412 2987 est
2437 2912 2695 2987 Dominus
2722 2915 2813 2987 Aad
2842 2912 3155 2987 Μουδεηνιι
3178 2916 3405 2971 tradidit
3432 2934 3544 2975 eaut
3570 2918 3625 2971 in
3648 2933 3816 2987 posses-

2336 2984 2537 3057 sionem
2556 2983 2683 3052 ﬁliis
2714 2983 2885 3038 Israel
2906 2983 3195 3057 secundum
3216 2997 3398 3057 partes
3423 2997 3475 3041 et
3499 2983 3669 3053 tribui,
3705 2988 3822 3057 quic-

564 3091 699 3134 nera
726 3075 1041 3144 molientes;
1072 3076 1227 3133 verbi
1249 3092 1433 3146 causa,
1466 3088 1551 3133 est
1569 3078 1762 3149 aliquis
1784 3076 2157 3133 fornicationis

2336 3056 2513 3125 sitque
2554 3066 2697 3110 terra
2726 3073 2759 3110 α
2782 3056 3001 3127 prcliist

566 3172 814 3245 spiritus,
826 3180 977 3229 estet
990 3174 1086 3228 ira:
1096 3173 1340 3244 spiritus,
1358 3173 1495 3228 alius
1509 3171 1867 3238 estavaritite,
1884 3169 2022 3226 alius
2033 3184 2165 3226 vero

571 3262 840 3332 superbiae
867 3278 881 3315 :
912 3271 968 3317 et
993 3263 1039 3317 si
1065 3263 1313 3318 evenerit
1336 3277 1461 3318 esse
1489 3262 1725 3332 aliquem
1760 3262 2040 3318 hominem
2069 3259 2165 3332 qui

567 3351 658 3407 bis
680 3351 933 3407 omnibus
959 3353 1117 3407 malls
1139 3353 1397 3423 agitetur,
1426 3361 1521 3407 aut
1557 3367 1749 3408 omnes
1774 3352 1875 3408 hos
1898 3353 2159 3423 spiritus,

574 3441 661 3497 vel
688 3440 859 3497 etiam
877 3441 1061 3513 plures
1087 3442 1141 3497 in
1167 3455 1229 3498 se
1248 3442 1450 3498 habere
1475 3442 1723 3499 inimicos
1753 3443 2024 3514 putandus
2047 3453 2157 3500 est:

566 3532 715 3589 unde
740 3540 797 3590 et
823 3547 923 3605 per
945 3534 1186 3607 singulos
1221 3534 1404 3605 plures
1444 3550 1567 3591 esse
1592 3536 1847 3592 credendi
1882 3545 2009 3592 sunt
2054 3537 2165 3608 spi-

573 3626 714 3681 ritus
731 3666 748 3689 ,
770 3626 897 3696 quia
918 3640 1025 3681 non
1050 3625 1265 3698 singula
1287 3625 1481 3697 singuli
1508 3626 1712 3682 habent
1737 3627 1986 3683 homines
2007 3627 2157 3694 vitia,

568 3716 657 3773 vel
700 3726 927 3790 peccata
969 3719 1334 3783 committunt,
1385 3719 1485 3774 sed
1519 3719 1677 3788 plura
1723 3721 1791 3774 ab
1832 3734 2163 3791 unoquoque

565 3809 827 3867 videntur
850 3809 1085 3865 admitti.
1120 3811 1189 3867 Et
1213 3812 1416 3866 iterum
1438 3824 1546 3865 non
1582 3820 1665 3866 est
1688 3814 1989 3882 putandum
2016 3812 2163 3883 quod

572 3916 716 3959 unus
750 3901 1129 3959 fornicationis
1169 3903 1392 3974 spiritus
1414 3904 1638 3959 seducat
1666 3918 1791 3959 eum
1839 3903 1934 3973 qui
1983 3903 2160 3977 (verbi

567 3992 757 4066 causa)
779 3995 833 4049 in
853 3993 1157 4050 Britanniis
1182 3993 1503 4060 fornicatur,
1532 4002 1589 4049 et
1613 3993 1765 4048 illum
1788 3994 1956 4064 quiin
1985 3994 2156 4062 ludia,

568 4086 656 4142 vel
690 4085 747 4139 in
795 4085 916 4141 aliis
961 4085 1133 4151 locis;
1182 4099 1360 4156 neque
1394 4100 1565 4141 unum
1606 4100 1729 4141 esse
1776 4085 1874 4140 irae
1906 4085 2160 4157 spiritum

572 4173 669 4245 qui
715 4174 943 4229 diversis
976 4175 1034 4229 in
1063 4174 1199 4231 locis
1227 4176 1481 4232 diversos
1519 4177 1773 4232 homines
1818 4177 1985 4248 agitet
2018 4192 2032 4231 :
2064 4175 2160 4233 sed

562 4271 705 4336 puto
753 4264 929 4331 magis
975 4264 1274 4335 principem
1329 4268 1547 4337 quidem
1574 4268 1948 4325 fornicationis
1992 4285 2161 4325 unum

568 4370 715 4427 esse,
737 4356 1057 4414 innumeros
1085 4372 1217 4414 vero
1244 4374 1363 4415 esse
1413 4362 1505 4431 qui
1533 4361 1588 4415 in
1614 4364 1718 4417 hoc
1745 4363 1796 4417 ei
1836 4362 2015 4419 cilicio
2063 4379 2185 4435 pa-.

566 4458 743 4518 reant,
771 4459 828 4508 et
848 4466 953 4524 per
982 4451 1227 4523 singulos
1248 4466 1491 4523 quosque
1520 4452 1768 4510 homines
1797 4454 1999 4510 diversi
2047 4454 2158 4526 spi—
2183 4440 2240 4511 Ι)

566 4545 711 4600 ritus
737 4545 837 4601 sub
864 4560 932 4601 eo
955 4544 1207 4617 principe
1230 4543 1547 4613 militantes,
1572 4546 1643 4601 ad
1660 4544 2035 4615 hujuscemodi
2061 4563 2156 4603 eos

564 4645 789 4710 peccata
809 4638 1120 4696 sollicitent.
1160 4638 1427 4696 Similiter
1464 4648 1519 4697 et
1566 4641 1859 4698 iracundiae
1904 4643 2158 4715 spiritum

564 4729 867 4801 principem
894 4746 1014 4789 esse
1037 4748 1206 4788 unum
1234 4732 1487 4799 arbitror,
1518 4734 1832 4792 innumeros
1862 4748 2013 4792 vero‘
2038 4752 2159 4794 esse

566 4818 670 4876 sub
689 4821 806 4889 ipso
828 4830 1068 4892 agentes,
1107 4825 1199 4896 qui
1222 4840 1326 4896 per
1361 4826 1603 4898 singulos
1630 4840 1877 4899 quosque
1910 4829 2158 4888 homines

571 4910 953 4981 huiuscemodi
986 4914 1106 4970 vitii
1138 4924 1362 4986 peccata
1418 4921 1771 4976 succendunt.
1807 4920 2072 4980 Similiter
2105 4932 2160 4980 et

571 5005 816 5061 avaritiae
839 5018 1007 5060 unum
1032 5020 1152 5062 esse
1180 5011 1503 5081 principem,
1535 5011 1676 5067 sicut
1702 5021 1758 5068 et
1784 5017 2052 5086 superbiae
2106 5025 2162 5073 et

571 5106 897 5154 caterorum
926 5095 1211 5153 malorum.
1241 5102 1310 5157 Et
1332 5100 1453 5159 ideo
1480 5120 1590 5160 non
1635 5119 1775 5162 unus
1820 5105 2162 5181 principatus

572 5204 693 5248 esse
719 5191 919 5248 dicitur
946 5192 1002 5247 in
1031 5196 1318 5251 contrariis
1337 5198 1630 5256 virtutibus
1655 5200 1724 5256 ab
1769 5200 2028 5271 Apostolo
2066 5205 2161 5260 sed

566 5287 772 5361 plures,
820 5289 1108 5344 adversum
1156 5304 1291 5367 quos
1333 5292 1434 5347 sibi
1465 5310 1704 5373 pugnam
1752 5311 1872 5353 esse
1898 5303 1953 5352 et
2002 5297 2163 5355 nobis

569 5380 821 5435 Omnibus
864 5380 1053 5436 scribit
1080 5377 1241 5453 (Eph.
1274 5378 1386 5455 vi);
1418 5391 1474 5438 et
1518 5400 1636 5441 esse
1686 5394 1870 5443 tamen
1917 5389 2159 5447 omnium

567 5469 762 5525 horum
811 5472 1110 5543 principem
1163 5471 1312 5527 velut
1343 5474 1753 5534 eminentiorem
1783 5482 2074 5551 quemdam
2104 5483 2158 5537 in

571 5561 812 5630 nequitia
839 5564 971 5621 etin
1007 5567 1212 5624 scelere
1238 5567 1540 5635 celsiorem,
1564 5572 1654 5641 qui
1692 5580 1867 5629 totum
1898 5575 2159 5632 mundum

571 5665 730 5721 quem
756 5655 849 5711 isti
876 5657 942 5713 ad
961 5667 1183 5730 peccata
1214 5659 1411 5732 singuli
1437 5661 1634 5731 quique
1681 5679 1778 5735 per
1806 5674 2155 5736 peccatorum

2339 3165 2523 3239 (hum)
2554 3185 2574 3218 α
2609 3166 2766 3238 Cepit
2797 3181 2929 3239 ergo
2974 3166 3142 3225 Josue
3194 3184 3422 3225 omnem
3470 3179 3653 3226 terram
3704 3169 3823 3225 sicut

2273 3275 2294 3311 ‹
2338 3257 2553 3315 locutus
2589 3266 2675 3314 est
2704 3259 2964 3314 Dominus
2993 3260 3061 3315 ad
3087 3258 3337 3332 Moysen,
3386 3270 3437 3316 et
3466 3261 3669 3316 tradidit
3721 3274 3825 3316 eam

2271 3370 2290 3404 ι
2336 3352 2393 3407 in
2423 3352 2827 3422 possessionem
2872 3352 2999 3408 [iliis
3037 3353 3208 3409 Israel
3240 3356 3529 3411 secundum
3562 3362 3740 3426 partes
3782 3362 3826 3411 et

2270 3461 2293 3495 ‹
2338 3443 2514 3499 tribus
2544 3459 2689 3511 suas,
2733 3444 3048 3517 quievitque
3074 3455 3222 3503 terra
3250 3463 3282 3502 a
3307 3448 3504 3521 praeliis
3532 3448 3659 3503 suis.
3699 3468 3716 3500 ι
3752 3445 3827 3501 ille

2264 3534 2424 3594 Iesus
2471 3536 2617 3593 illius
2646 3536 2794 3592 Nave
2853 3554 2963 3594 non
3010 3539 3170 3596 video
3208 3541 3351 3611 quod
3398 3541 3827 3619 ceperitterram.

2265 3635 2540 3702 Quantum
2560 3635 2706 3691 enim
2731 3643 2889 3691 terra:
2911 3635 3057 3707 cepit
3081 3636 3173 3709 qui
3197 3634 3431 3692 Iudaeam
3455 3635 3621 3693 tenuit
3640 3634 3832 3689 solam!

2267 3726 2468 3781 Noster
2508 3734 2693 3782 autem
2728 3727 2990 3782 Dominus
3030 3725 3201 3791 Jesus,
3232 3727 3342 3796 ipse
3379 3725 3523 3797 cepit
3553 3740 3696 3781 vere
3735 3741 3832 3780 om-

2264 3833 2391 3875 nem
2429 3825 2633 3873 terram
2663 3817 2719 3871 in
2746 3832 2811 3874 co
2841 3818 2985 3889 quod
3013 3834 3083 3873 ex
3111 3818 3251 3874 omni
3273 3828 3422 3873 terra.
3444 3827 3613 3887 atque
3636 3833 3705 3873 ex
3732 3832 3827 3873 om-

2263 3911 2425 3966 nibus
2472 3911 2784 3967 nationibus
2809 3911 2877 3964 ad
2906 3925 3031 3967 cum
3060 3910 3341 3968 concurrit
3364 3909 3695 3965 credentium
3718 3906 3831 3963 mul-

2264 4002 2458 4059 titudo.
2488 4002 2723 4058 Additur
2753 4002 2918 4058 etiam
2939 4012 3063 4077 post
3081 4002 3223 4073 haec,
3260 4012 3618 4078 posteaquam
3638 4014 3833 4059 omnem

2264 4106 2469 4154 terram
2507 4098 2651 4169 cepit
2679 4096 2856 4164 Jesus,
2886 4106 2941 4156 et
2972 4116 2991 4150 ι
3025 4099 3324 4172 requievit,
3364 4119 3384 4153 ι
3418 4098 3599 4169 inquit,
3642 4114 3662 4148 (
3704 4105 3833 4150 terra

2265 4205 2297 4244 a
2331 4188 2551 4260 prmliis.
2602 4209 2622 4242 ι
2692 4187 2806 4247 Hoc
2856 4190 3127 4261 quomodo
3171 4206 3305 4247 vere
3360 4190 3617 4246 videbitur
3647 4186 3750 4255 dici
3778 4187 3833 4243 de

2263 4280 2376 4337 ﬁlio
2404 4280 2573 4348 Nave,
2600 4281 2725 4351 quia
2752 4282 2984 4337 cessavit
3014 4291 3157 4337 terra
3182 4298 3214 4337 a
3242 4282 3420 4345 bellis,
3442 4297 3557 4353 qua:
3582 4292 3833 4351 nunquam

2265 4385 2394 4428 vere
2447 4373 2781 4444 temporibus
2832 4371 2950 4442 ejus
2993 4372 3231 4428 cessavit
3273 4389 3313 4429 a
3356 4372 3541 4430 hellis?
3595 4369 3696 4429 Sed
3748 4368 3833 4423 hoc

2266 4464 2567 4541 contpletur
2594 4466 2649 4520 in
2688 4464 2804 4523 solo
2841 4464 3075 4521 Domino
3100 4480 3245 4525 meo.
3289 4464 3351 4523 Si
3373 4466 3523 4523 enim
3548 4461 3834 4520 consideres

2264 4565 2339 4621 te,
2384 4555 2477 4626 qui
2506 4555 2703 4613 venisti
2753 4554 2822 4610 ad
2848 4553 3072 4625 Iesum,
3104 4564 3158 4613 et
3193 4571 3296 4630 per
3353 4556 3589 4629 gratiam
3612 4548 3832 4626 baptismi

2264 4646 2583 4703 missionem
2630 4654 2957 4709 consecutus
2986 4662 3048 4705 es
3084 4657 3472 4720 peccatorum,
3504 4649 3669 4706 etiam
3707 4647 3759 4702 in
3794 4654 3835 4699 te

2264 4755 2375 4795 non
2408 4748 2614 4814 pugnat
2651 4756 2782 4797 caro
2818 4741 3079 4799 adversus
3099 4743 3378 4814 spiritum,
3410 4752 3474 4801 et
3511 4742 3729 4816 spiritus
3759 4735 3835 4793 ad»

2263 4848 2456 4889 versus
2496 4848 2740 4901 carnem,
2791 4835 3027 4891 cessavit
3052 4842 3201 4893 terra
3221 4844 3316 4892 tua
3347 4851 3381 4891 a
3411 4837 3597 4893 bellis.
3628 4835 3681 4891 Si
3710 4829 3838 4890 Qui

2266 4932 2408 4981 stum
2435 4923 2619 4980 Jesum
2648 4926 2703 4980 in
2736 4942 2965 4998 corpore
2994 4937 3085 4984 tuo
3135 4929 3525 4999 circumiens,
3553 4932 3625 4987 ita
3661 4936 3721 4984 et
3744 4938 3839 4981 oss-

2264 5018 2508 5074 santibus
2536 5019 2591 5073 in
2626 5026 2681 5074 te
2706 5019 2959 5077 omnibus
3012 5020 3215 5093 praeliis
3272 5021 3533 5079 ellieieris
3578 5017 3843 5092 paciﬁcus.

2265 5120 2321 5166 et
2346 5111 2488 5166 filius
2520 5110 2617 5166 Dei
2673 5112 2979 5168 vocaberis.
3036 5110 3143 5169 Sed
3199 5114 3309 5171 hoc
3372 5115 3480 5172 ﬁe’t
3520 5120 3847 5186 posteaquam

2266 5202 2406 5261 bella
2468 5204 2772 5271 transieris,
2824 5211 2881 5260 et
2934 5204 3276 5263 adversarios
3326 5207 3574 5275 viceris;
3623 5200 3847 5261 mnctibi

2267 5295 2485 5351 dabitur
2514 5296 2752 5367 requies,
2780 5304 2839 5351 ut
2866 5297 3183 5368 requiescas
3223 5299 3327 5355 sub
3354 5300 3479 5357 vite
3510 5311 3626 5363 tua,
3653 5310 3771 5369 qm
3788 5296 3850 5346 εει

2267 5387 2538 5456 Christus,
2563 5397 2618 5445 et
2645 5387 2879 5461 Spiritus
2924 5399 3168 5459 sanctus,
3194 5400 3258 5447 ut
3281 5392 3358 5448 ita
3407 5393 3632 5467 gratias
3673 5388 3851 5447 releras

2267 5483 2496 5540 Domino
2527 5483 2676 5542 Patri
2716 5485 3076 5560 omnipotenti
3124 5487 3181 5545 in
3204 5487 3324 5560 ipso
3351 5485 3593 5547 Christo
3620 5479 3848 5543 le:an

2267 5577 2415 5634 mino
2441 5587 2645 5636 nostro.
3064 5580 3081 5588 ’
3118 5580 3143 5590 ⁴
3194 5582 3205 5591 ’
3256 5582 3273 5589 ⁷
