3930 6344
507 289 643 350 1065

1139 281 1205 337 Β.
1240 277 1499 336 RABANI
1536 276 1758 336 MAURI
1796 271 2118 332 ARCHIEP.
2153 267 2467 328 MOGUNT.
2505 268 2793 329 OPERUM
2830 269 3010 328 PARS
3047 270 3093 328 Ι.

3648 277 3774 337 1068

509 422 636 470 tem,
677 412 732 459 et
768 406 958 473 pergat
1007 395 1110 451 iter
1156 393 1401 464 justitiae,
1443 391 1587 463 quod
1621 391 1769 447 ducit
1809 391 1876 446 ad
1915 391 2082 444 vitam
2109 394 2163 454 Α
2188 398 2321 455 tum,
2350 391 2452 445 hoc
2491 396 2596 454 est,
2625 387 2816 452 Afech,
2859 383 3054 449 Saron,
3084 382 3279 438 Madon
3334 392 3391 439 et
3444 389 3620 453 Aser,
3671 394 3772 448 suis

508 507 783 557 retentam.
837 491 982 546 Inter
1039 490 1154 542 haec
1199 501 1416 556 quoque
1468 481 1863 553 compunctioni
1908 481 2084 537 cordis

509 600 728 658 operam
772 583 893 648 det,
943 580 1072 634 dum
1123 577 1402 646 cognoscit
1448 591 1506 630 se
1554 576 1606 629 in
1653 572 2085 645 peregrinatione

509 679 665 738 istius
713 675 838 731 vita:
869 671 1256 733 constitutum,
1293 675 1348 722 et
1376 667 1444 720 ad
1492 665 1843 721 festivitatem
1891 662 2086 718 futurae

509 771 698 844 patria:
721 782 821 840 per
849 766 949 822 Dei
993 763 1224 835 gratiam
1259 757 1663 831 percipiendam
1689 765 1806 812 toto
1833 757 1957 812 nisu
1983 771 2084 811 an-

508 863 675 929 helet,
702 875 824 932 quae
872 860 929 915 in
969 857 1137 928 Eglon
1191 853 1455 910 vocabulo
1503 854 1782 922 designata
1832 864 1935 907 est.
1983 849 2090 906 Per

510 951 687 1008 Gazer
712 963 841 1019 ergo
865 942 1332 1017 signiﬁcationem,
1359 940 1618 1010 praecidat
1639 939 1825 995 carnis
1868 937 2093 994 dilecta-

511 1040 736 1102 tionem,
783 1051 849 1090 ac
888 1033 1114 1103 dissipet
1152 1030 1392 1086 hostium
1438 1028 1732 1099 malignam
1789 1027 2093 1098 suggestio-

513 1143 657 1185 nem.
689 1126 969 1195 Loquatur
988 1129 1133 1175 recta
1149 1159 1165 1184 ,
1193 1119 1337 1188 quod
1354 1118 1490 1173 Abir
1510 1131 1608 1173 suo
1633 1117 1894 1172 vocabulo
1914 1124 2089 1183 notat,

514 1222 812 1289 timeatque
859 1215 1095 1270 futuram
1153 1211 1543 1267 discussionem
1587 1210 1805 1280 superni
1850 1209 2048 1277 judicis
2071 1249 2089 1276 ,

515 1312 644 1384 quia
670 1321 829 1364 omne
865 1305 1090 1360 verbum
1134 1301 1370 1357 otiosum
1392 1300 1536 1370 quod
1557 1299 1724 1355 locuti
1755 1297 1957 1353 fuerint
1993 1297 2091 1352 ho-

513 1403 688 1486 mjnes
714 1412 878 1469 super
905 1404 1130 1460 terram,
1163 1393 1389 1449 reddent
1413 1392 1680 1447 rationem
1719 1391 1786 1446 de
1809 1403 1875 1446 eo
1917 1390 1973 1444 in
2004 1389 2093 1446 die

511 1481 728 1566 iudicii;
753 1488 1068 1557 muniatque
1095 1500 1154 1540 se
1178 1484 1302 1540 ﬁdei
1327 1498 1504 1540 muro.
1536 1483 1677 1538 sicut
1699 1481 1875 1538 Gazer
1901 1481 2090 1547 docet;

511 1591 571 1642 et
593 1582 808 1640 abdicet
847 1577 1063 1634 diabolo
1109 1585 1273 1644 atque
1303 1574 1558 1645 operibus
1587 1573 1705 1644 ejus
1747 1572 2094 1628 anathemate

510 1681 795 1747 perpetuo,
826 1668 972 1741 quod
995 1667 1158 1724 Erma
1187 1666 1462 1722 admonet.
1497 1663 1697 1734 Sicque
1723 1673 1848 1734 post
1871 1664 2096 1720 descen-

2183 483 2719 554 interpretationibus
2741 480 2922 535 omnia
2951 479 3027 534 ita
3057 479 3270 534 docent.
3299 476 3461 534 Omni
3494 481 3769 554 diligentia

2184 574 2451 630 custodiat
2495 589 2590 628 cor
2639 587 2817 637 suum,
2855 569 2998 642 quod
3049 567 3311 624 Semeron
3371 569 3597 636 innuit;
3627 583 3684 628 et
3722 575 3769 632 in

2185 668 2437 740 Achsaph
2465 669 2683 723 nomine
2708 665 2882 723 discat
2919 678 3164 735 quaerere
3189 663 3661 721 medicamentum
3688 683 3768 724 sa-

2188 776 2406 818 crarum
2435 761 2840 832 Scripturarum
2873 776 2887 813 :
2919 766 3083 828 atque
3131 772 3229 828 per
3255 755 3494 812 Thanah
3536 759 3768 818 admoni-

2186 862 2294 918 tus,
2317 853 2519 922 ubique
2545 858 2723 908 servet
2745 849 3139 915 humilitatem;
3163 858 3549 920 agnoscatque
3567 852 3769 911 nomine

2189 941 2448 1013 Mageddo
2498 940 2735 996 fructum
2763 939 3045 1004 virtutum,
3077 945 3134 993 et
3179 937 3327 992 norit
3367 938 3768 1009 wntemplatio-

2190 1034 2275 1089 nis
2333 1040 2588 1103 appetere
2643 1031 3028 1088 sublimitatem
3063 1045 3078 1083 :
3111 1029 3300 1098 sicque
3329 1031 3400 1084 ad
3429 1032 3766 1088 sanctitatem

2187 1124 2456 1180 veraciter
2494 1122 2795 1194 perveniet,
2828 1119 2972 1190 quod
3017 1119 3265 1189 designat
3317 1118 3534 1185 Tedes,
3575 1131 3627 1176 et
3653 1121 3765 1192 plu-

2189 1218 2359 1274 rimus
2387 1215 2580 1270 adesse
2606 1222 2662 1270 ct
2712 1213 2972 1284 prodesse
3027 1212 3251 1283 poterit,
3303 1221 3370 1266 ut
3422 1211 3650 1269 Lakana
3671 1231 3764 1271 sua

2191 1304 2550 1379 appellatione
2597 1303 2954 1358 demonstrat.
3012 1300 3324 1356 Contemnit
3373 1311 3605 1356 mortem
3647 1304 3763 1374 quia

2193 1397 2471 1455 damnavit
2496 1395 2628 1450 vitia
2647 1435 2662 1461 ,
2685 1394 2826 1450 sicut
2850 1392 3051 1448 Ermeli
3091 1389 3394 1464 ﬁguraliter
3419 1394 3653 1448 ostendit
3677 1413 3690 1448 :
3715 1404 3765 1450 et

2193 1487 2249 1545 in
2277 1489 2387 1544 Dor
2412 1484 2812 1555 nuncupatione
2860 1481 3228 1555 generationis
3267 1481 3478 1536 divinae
3515 1484 3761 1554 particeps

2190 1577 2452 1642 existens,
2489 1575 2615 1646 quia
2648 1573 2857 1645 paciﬁci
2885 1573 2982 1627 ﬁlii
3013 1571 3108 1626 Dei
3136 1570 3509 1627 vocabuntur.
3533 1570 3627 1627 Per
3650 1574 3759 1629 Gal-

2193 1670 2278 1743 gal
2300 1677 2474 1726 rotam
2496 1667 2783 1739 praesentis
2820 1665 2944 1721 vitae
2970 1679 3203 1735 superna
3231 1663 3574 1719 revelatione
3599 1674 3754 1722 trans-

516 1782 640 1823 sum
668 1763 960 1828 vitiorum,
1007 1765 1305 1829 consurgat
1353 1757 1410 1812 in
1453 1769 1638 1812 arcem
1677 1754 1958 1820 νίηιιῑιιω.
1987 1752 2166 1823 1100B
2193 1772 2440 1825 currens,
2471 1757 2526 1812 in
2557 1755 2764 1812 Thersa
2788 1754 3008 1810 nomine
3056 1753 3112 1808 in
3141 1753 3248 1808 line
3265 1751 3384 1822 jam
3415 1756 3682 1826 cognoscit
3709 1769 3755 1811 se

518 1855 666 1912 enim
725 1852 896 1908 Areth
947 1866 1046 1907 sua
1091 1847 1491 1918 nuncupatione
1547 1846 1828 1910 hortatur;
1893 1852 1951 1899 et
1995 1857 2095 1914 per

516 1946 737 2002 Lemnte
754 1951 812 1998 et
834 1940 1036 1998 Odollte
1054 1939 1295 2004 nomina,
1335 1936 1662 1993 testimoniis
1691 1935 2095 2006 Scripturarum

518 2034 823 2098 institutus,
877 2031 1168 2086 candorem
1215 2027 1354 2084 lucis
1409 2026 1658 2082 intendat
1709 2033 1940 2080 aeternae.
1993 2023 2098 2079 Per

518 2124 737 2180 Maceda
764 2135 981 2194 quoque
1005 2127 1186 2176 ortum
1205 2119 1342 2176 lucis
1363 2132 1506 2174 vera:
1532 2117 1806 2182 induatur,
1829 2125 1886 2170 et
1908 2121 2102 2170 exurat

519 2214 760 2272 hostium
797 2211 1237 2268 machinamenta
1274 2217 1438 2279 atque
1467 2205 1716 2270 consilia,
1743 2212 1806 2260 ut
1828 2204 1885 2258 in
1909 2201 2097 2258 Betbel

517 2313 724 2369 nostra,
753 2304 897 2374 quod
922 2310 1010 2359 est
1036 2309 1224 2357 sancta
1248 2299 1346 2355 Dei
1373 2297 1637 2361 Ecclesia,
1666 2302 1933 2365 perpetuo
1977 2308 2097 2350 ma-

514 2409 649 2450 nere
675 2393 898 2463 possit;'
931 2391 1135 2460 ibique,
1162 2388 1461 2444 secundum
1509 2386 1640 2441 Afer
1685 2384 2090 2454 interpretatio-

519 2498 667 2548 nem,
697 2483 750 2536 in
776 2495 942 2537 carne
966 2495 1066 2536 sua
1086 2479 1294 2534 laboret
1318 2487 1378 2533 ut
1403 2477 1704 2532 secundum
1725 2475 1912 2531 Dafute
1941 2473 2099 2530 intel-

520 2575 718 2630 lectum
763 2572 973 2630 fructus
1022 2572 1284 2643 percipiat
1330 2571 1457 2626 vitae.
1503 2569 1862 2641 sempiternae.
1895 2566 2100 2622 Habeat

519 2663 929 2730 continentiam,
959 2661 1256 2719 confundat
1277 2661 1575 2732 principem
1597 2659 1851 2725 tristitiae,
1871 2659 1974 2714 boc
1995 2667 2100 2726 est,

520 2753 827 2822 diabolum;
857 2754 1195 2811 contradicat
1227 2753 1344 2824 ejus
1373 2753 1736 2834 suasionibus,
1767 2753 1950 2807 divino
1979 2751 2099 2805 illu-

519 2852 724 2902 stratus
747 2843 972 2903 lumine.
1003 2845 1130 2902 Haec
1155 2859 1372 2916 quoque
1397 2851 1628 2915 quatuor
1655 2843 1874 2900 nomina
1913 2843 2102 2898 civita-

2194 1847 2532 1919 complacere
2581 1843 2886 1909 Altissimo,
2919 1858 3043 1899 cum
3083 1841 3416 1898 transfertur
3459 1844 3530 1898 de
3555 1843 3755 1900 incolatu

2193 1937 2353 1994 istius
2375 1935 2564 1991 mundi
2589 1934 2658 1990 ad
2685 1949 2912 2006 regnum
2941 1933 3162 1990 caeleste
3195 1941 3252 1988 et
3277 1934 3350 1988 ad
3388 1934 3648 1990 visionem
3679 1936 3756 1991 Dei

2195 2034 2536 2098 perpetuam,
2562 2023 2721 2094 juxta
2749 2023 2878 2079 illud
2907 2023 3208 2080 Psalmistae
3245 2023 3396 2094 quod
3438 2024 3558 2079 ait:
3591 2043 3608 2076 ‹
3658 2024 3755 2078 Pla-

2199 2119 2334 2174 cebo
2352 2131 2538 2172 coram
2564 2115 2792 2170 Domino
2822 2115 2880 2169 in
2909 2112 3113 2170 lumine
3138 2113 3446 2168 viventium
3475 2112 3635 2185 (Prol.
3663 2114 3753 2184 tv).

2202 2208 2270 2264 Et
2320 2208 2540 2262 iterum.
2576 2223 2597 2257 ι
2648 2204 2878 2261 Placebo
2912 2204 3142 2260 Domino
3191 2203 3247 2258 in
3295 2204 3518 2275 regione
3545 2206 3756 2259 vivorum

2202 2296 2375 2370 (Psal.
2417 2296 2586 2368 cxtv).
2627 2315 2645 2350 ι
2686 2295 2813 2351 Haec
2865 2309 2996 2366 ergo
3041 2295 3288 2350 breviter
3339 2294 3598 2359 adnotavi,
3658 2311 3756 2350 non

2201 2390 2458 2467 exposui;
2486 2398 2548 2444 ut
2596 2389 2735 2446 sciat
2761 2388 2934 2443 lector
2965 2403 3085 2458 quae
3120 2386 3432 2442 sublimitas
3457 2394 3534 2442 est
3559 2387 3756 2456 sapien-

2203 2481 2293 2537 tia:
2322 2481 2516 2536 divinae
2551 2480 2606 2534 in
2647 2477 2947 2548 Scripturis
2977 2478 3172 2544 sacris,
3213 2485 3262 2534 ιε
3290 2479 3440 2548 quod
3461 2478 3625 2532 omnia
3651 2492 3754 2548 qua:

2204 2572 2278 2628 ibi
2295 2572 2638 2642 reperiuntur
2661 2570 2727 2625 ad
2750 2569 3162 2626 aediﬁcationem
3186 2584 3342 2624 suam
3371 2570 3474 2624 rite
3500 2567 3754 2623 transferre

2200 2670 2405 2731 potest,
2440 2661 2533 2731 qui
2570 2675 2718 2715 same
2746 2659 2873 2714 ﬁdei
2909 2659 3068 2714 oculo
3093 2674 3214 2715 eam
3242 2659 3542 2731 inspicere,
3565 2657 3741 2729 diligent

2203 2760 2290 2808 ter
2320 2751 2572 2809 meditari
2602 2767 2711 2808 non
2738 2751 3059 2822 neglexerit.

529 2979 3728 3010 Μ

1708 3092 2012 3173 LIBER
2085 3093 2570 3174 TERTIUS.

1032 3313 1262 3371 CAPUT
1301 3313 1592 3372 PRIMUM.

595 3406 677 3464 De
704 3411 965 3461 senectute
985 3402 1149 3459 Iosue
1176 3413 1227 3459 et
1252 3421 1488 3460 sermone
1506 3404 1720 3460 Domini
1759 3406 1828 3460 ad
1855 3404 2027 3461 illum.

599 3517 618 3552 ι
661 3497 824 3555 Josue
864 3511 994 3552 vero
1047 3510 1213 3551 senex
1250 3505 1624 3567 provectaaque
1668 3498 1844 3554 aetatis
1890 3507 2029 3554 erat.
2076 3515 2096 3551 δ

521 3589 833 3661 Presbyteri
862 3587 950 3644 vel
985 3588 1228 3645 seniores
1263 3604 1372 3644 non
1411 3605 1476 3646 eo
1505 3591 1722 3646 nomine
1762 3590 2101 3662 appellantur

523 3681 669 3752 quod
698 3679 998 3750 longaevam
1023 3679 1280 3735 duxerint
1300 3680 1499 3746 vitam;
1540 3683 1636 3738 sed
1659 3697 1759 3752 pro
1787 3683 2104 3740 maturitate

521 3784 716 3828 sensus
745 3778 800 3824 et
821 3769 1086 3840 gravitate
1114 3771 1437 3826 venerandae
1465 3771 1589 3826 vitae
1614 3771 1719 3828 hac
1747 3773 2106 3842 appellatione

521 3863 867 3929 “eoorantur,
913 3862 1150 3917 maxime
1191 3877 1320 3918 cum
1367 3863 1584 3918 additur
1621 3865 1691 3919 ad
1728 3865 2104 3936 presbyterum

518 3967 700 4012 sermo
761 3953 867 4009 iste
911 3952 1041 4022 qui)
1059 3952 1354 4022 sequitur:
1393 3969 1412 4004 ι
1447 3951 1644 4008 Plenus
1702 3953 1933 4009 dierum.
1981 3973 2000 4006 ι
2046 3952 2107 4010 Si

492 4043 669 4100 enim
706 4042 810 4098 aevi
845 4041 1156 4112 prolixitate
1201 4041 1551 4112 appellandus
1588 4043 1682 4114 qui
1707 4045 1993 4115 presbyter
2021 4043 2109 4099 vel

519 4133 703 4189 senior
744 4131 980 4196 videtur,
1028 4146 1191 4200 quem
1241 4133 1416 4202 magis
1461 4132 1624 4188 alium
1668 4136 1954 4204 oportebat
2002 4134 2108 4189 hoc

519 4220 742 4276 nomine
789 4218 1024 4284 censeri,
1073 4234 1238 4288 quam
1279 4221 1515 4289 primum
1559 4221 1754 4288 Adam,
1814 4224 1902 4278 vel
1957 4232 2107 4279 certe

519 4308 905 4377 Mathusalem,
956 4317 1053 4364 aut
1094 4307 1230 4375 Noe,
1280 4311 1373 4379 qui
1422 4312 1609 4381 utique
1654 4315 1902 4384 pluribus
1944 4331 2106 4386 quam

2132 3323 2177 3386 ρ
2206 3327 2494 3390 peccatore
2532 3317 2638 3374 dici
2683 3331 2791 3373 non
2829 3323 3062 3387 poterat,
3105 3314 3236 3386 quia
3282 3324 3526 3387 peccator
3562 3329 3667 3371 non
3687 3326 3757 3372 est

2204 3421 2493 3483 provectus
2523 3412 2753 3468 dierum.
2796 3411 2914 3466 Non
2955 3410 3101 3466 enim
3131 3426 3192 3466 se
3217 3413 3457 3468 extendit
3488 3411 3541 3468 in
3571 3427 3631 3468 ea
3655 3427 3758 3482 qua:

2205 3503 2391 3560 inante
2437 3512 2596 3570 sunt,
2648 3501 2976 3559 obliviscens
3019 3516 3083 3557 ea
3129 3517 3250 3572 qua:
3301 3512 3442 3558 retro
3485 3513 3640 3568 sunt,
3680 3504 3760 3558 sed

2208 3609 2423 3665 semper
2482 3603 2630 3651 retro
2679 3593 3035 3660 convertitur,
3098 3601 3155 3648 et
3207 3592 3272 3646 ad
3319 3594 3561 3648 vomitum
3607 3608 3764 3648 suum

2207 3683 2413 3750 reddit,
2454 3693 2510 3740 et
2552 3684 2674 3739 ideo
2708 3698 2818 3738 non
2852 3690 2936 3737 est
2970 3690 3128 3752 aptus
3156 3696 3310 3750 regno
3342 3680 3616 3735 caelorum.
3663 3681 3762 3748 Qui

2209 3783 2388 3830 autem
2433 3789 2647 3845 semper
2681 3773 2750 3829 ad
2787 3773 2970 3846 priora
3000 3771 3319 3838 extenditur,
3357 3771 3456 3827 iste
3481 3781 3763 3843 provectu

2209 3873 2293 3922 est
2320 3865 2376 3920 in
2405 3863 2592 3920 diebus
2621 3864 2752 3920 suis.

2286 3974 2304 4006 ι
2341 3955 2409 4010 Ει
2433 3941 2570 4010 dixit
2596 3953 2856 4010 Dominus
2883 3953 2951 4009 ad
2975 3969 3101 4010 eum
3130 3973 3144 4008 :
3169 3952 3410 4010 Scnuisti
3437 3964 3489 4011 et
3509 3953 3756 4027 longaevus

2214 4064 2234 4098 ι
2279 4062 2359 4114 es,
2396 4054 2451 4101 et
2482 4055 2624 4102 terra
2652 4045 2918 4102 latissima
2961 4046 3219 4102 derelicta
3259 4055 3368 4114 est,
3398 4063 3513 4119 qua:
3548 4048 3751 4102 necdum

2214 4157 2233 4192 ι
2278 4147 2361 4195 est
2402 4147 2548 4195 sorte
2586 4140 2776 4207 divisa,
2814 4160 2834 4193 ι
2889 4150 2945 4197 et
2986 4150 3200 4196 caetera.
3242 4141 3440 4199 Nescio
3473 4157 3588 4215 ergo
3627 4143 3670 4197 si
3703 4142 3753 4196 in

2209 4230 2315 4286 hoc
2370 4231 2489 4286 loco
2561 4230 2695 4286 illud
2749 4238 2928 4301 potest
2969 4232 3174 4300 videri;
3235 4234 3365 4303 quia
3417 4233 3516 4289 hoc
3566 4233 3757 4289 dicebat

2173 4323 2469 4378 .Dominus
2514 4324 2582 4379 ad
2628 4321 2812 4380 Jesum
2861 4339 2961 4396 pro
3007 4333 3164 4380 aetate
3211 4323 3333 4394 ejus
3374 4325 3542 4392 senili,
3591 4337 3755 4380 omnes

517 4403 702 4462 caeteri
731 4401 891 4459 annis
915 4400 974 4458 in
1002 4401 1108 4458 hoc
1134 4401 1337 4457 mundo
1359 4402 1948 4461 vixisse‘declarantur.
1992 4406 2100 4462 Sed
2123 4397 2176 4457 D
2201 4417 2476 4483 videbam,
2508 4431 2696 4472 omnes
2730 4426 3012 4473 noveram,
3049 4417 3116 4472 Ει
3140 4432 3263 4486 φη)
3296 4426 3421 4473 sum
3450 4427 3552 4472 um
3576 4432 3754 4484 magna

519 4511 666 4554 nunc
694 4494 942 4551 videmus
969 4493 1116 4564 quod
1152 4493 1372 4564 quidem
1408 4509 1477 4550 ex
1507 4494 1612 4551 illis
1646 4495 1826 4551 nullus
1869 4495 2100 4552 refertur

517 4601 552 4640 a
589 4584 873 4652 Scriptura
904 4584 1193 4657 presbyter
1231 4584 1316 4639 vel
1359 4585 1541 4642 senior
1583 4586 1869 4659 appellari;
1915 4588 2013 4643 sed
2055 4588 2103 4644 is

517 4674 613 4744 qui
642 4673 801 4743 longe
821 4676 1088 4732 brevioris
1114 4677 1377 4748 temporis
1399 4678 1568 4734 vitam
1599 4679 1774 4748 duxit,
1799 4681 2006 4752 primus
2043 4681 2100 4735 in

519 4759 816 4828 Scripturis
868 4763 1070 4818 sanctis
1117 4764 1394 4822 Abraham
1441 4768 1724 4838 presbyter
1771 4769 1858 4825 vel
1917 4770 2102 4826 senior

520 4849 824 4924 appellatur
851 4848 1004 4922 (Gen.
1033 4854 1206 4927 xxiv).
1245 4855 1459 4913 Dictum
1486 4868 1570 4914 est
1591 4860 1756 4916 etiam
1785 4860 1855 4916 ad
1879 4861 2099 4934 Moysen

519 4957 554 4999 a
578 4941 810 4998 Domino
844 4959 860 4997 :
903 4941 1055 5012 Elige
1085 4944 1183 5000 tibi
1224 4948 1292 5002 ab
1320 4948 1470 5004 omni
1505 4951 1703 5020 populo
1730 4953 2096 5022 presbyteros,

519 5046 657 5103 quos
697 5039 756 5086 tu
786 5031 904 5103 ipse
941 5031 1107 5096 nosti,
1137 5036 1230 5104 qui
1271 5038 1427 5107 probi
1468 5047 1598 5094 sunt
1628 5039 1827 5109 (Exod.
1858 5040 1962 5111 ιιι).
1989 5040 2101 5097 Sed

517 5123 746 5179 observa
795 5122 960 5177 etiam
1009 5128 1088 5187 tu,
1138 5138 1171 5178 o
1221 5128 1455 5196 auditor,
1505 5129 1562 5185 in
1611 5130 1759 5186 omni
1790 5129 2096 5201 Scriptura,

518 5214 688 5271 sicubi
716 5213 959 5270 invenire
984 5223 1138 5285 potes
1163 5219 1574 5286 appellationem
1595 5223 1758 5291 lianc,
1789 5242 1808 5276 ς
1841 5224 2022 5280 senior
2043 5232 2101 5280 et

517 5307 707 5392 plenus
733 5307 966 5375 dierum,
993 5328 1012 5362 ι
1039 5309 1271 5379 positam
1296 5325 1456 5381 super
1483 5315 1713 5385 aliquem
1734 5325 2094 5387 peccatorem.

518 5394 672 5452 Nunc
717 5412 848 5471 ergo
897 5399 1072 5456 sancti
1126 5399 1359 5472 Spiritus
1401 5416 1502 5456 vox
1545 5414 1649 5471 est,
1701 5408 2098 5476 pronuntiantis

518 5484 702 5543 Jesum
752 5490 1130 5562 presbyterum
1185 5492 1270 5546 vel
1339 5492 1604 5549 seniorem
1667 5509 1979 5566 provectum
2042 5501 2097 5556 in

520 5578 748 5638 diebus:
793 5581 867 5634 ita
912 5583 1056 5637 enim
1107 5585 1340 5649 dixerat,
1393 5585 1586 5654 inquit,
1617 5588 1771 5644 .lcsus
1816 5593 2097 5663 presbyter

521 5671 606 5724 vel
654 5673 856 5741 senior,
904 5686 1193 5746 provectus
1240 5678 1449 5736 dierum
1505 5695 1518 5735 :
1576 5681 1721 5749 quod
1777 5684 1962 5753 utique
1993 5684 2096 5757 __de

2203 4504 2306 4560 ista
2351 4505 2533 4560 divina
2581 4520 2870 4576 responsa,
2919 4522 3040 4577 qua:
3087 4507 3341 4564 homines
3387 4508 3665 4572 disserunt,
3703 4515 3755 4561 ut

2201 4593 2381 4650 dicant
2428 4593 2634 4650 homini
2685 4596 2858 4663 seni,
2890 4595 3017 4666 quia
3063 4611 3232 4653 senex
3276 4611 3358 4664 es,
3409 4599 3556 4669 quod
3597 4612 3757 4656 omna

2200 4685 2454 4740 videbant
2505 4693 2560 4740 et
2613 4698 2802 4742 omnes
2859 4696 3143 4742 noverant.
3227 4685 3335 4742 Sed
3393 4689 3535 4744 mihi
3576 4689 3755 4742 videtur

2201 4789 2454 4845 magnum
2507 4774 2726 4845 aliquod
2776 4777 3145 4832 testimonium
3200 4793 3232 4832 a
3263 4777 3504 4835 Domino
3547 4794 3638 4851 per
3673 4780 3758 4833 hoc

2201 4865 2318 4920 dari
2351 4863 2499 4920 Nave
2545 4864 2678 4932 ﬁlio,
2724 4880 2849 4921 cum
2892 4867 2943 4922 ei
2988 4867 3205 4937 dicitur,
3265 4887 3285 4921 ι
3323 4871 3462 4941 quia
3507 4878 3760 4941 provectus

2199 4953 2409 5010 dierum
2457 4970 2534 5010 es.
2571 4975 2590 5008 ι
2641 4955 2711 5011 Et
2753 4965 3014 5027 quantum
3063 4959 3281 5028 quidem
3331 4960 3581 5031 proloqui
3620 4958 3762 5012 nobis

2200 5044 2284 5100 vel
2326 5045 2535 5114 aperire
2578 5045 2774 5102 divinis
2811 5048 3087 5118 mysteriis
3121 5046 3202 5105 fas
3243 5055 3361 5116 est,
3408 5068 3512 5124 ego
3553 5049 3764 5104 arbitror

2200 5138 2342 5208 quod
2389 5136 2528 5193 sicut
2566 5137 2646 5192 sol
2689 5139 2792 5194 iste
2832 5139 2975 5193 diem
3009 5139 3140 5196 facit
3183 5142 3389 5198 mundo
3441 5144 3579 5208 huic,
3613 5141 3687 5196 ita
3721 5149 3768 5194 et

2201 5231 2293 5285 Sol
2323 5229 2550 5300 justitite
2587 5231 2718 5285 facit
2745 5231 2952 5301 aliquos
2986 5231 3099 5288 dies
3129 5233 3431 5304 spiritales,
3467 5235 3559 5306 qui
3586 5234 3768 5302 fulgore

2200 5322 2448 5377 veritatis
2474 5330 2529 5376 et
2565 5321 2810 5393 lampade
2850 5323 3126 5393 sapientiae
3161 5323 3534 5381 illustrentur.
3573 5323 3628 5380 Si
3665 5323 3772 5394 quis

2199 5425 2328 5481 ergo
2378 5411 2433 5463 in
2465 5413 2748 5480 praeceptis
2773 5411 2866 5467 Dci
2895 5413 3062 5467 vitam
3106 5415 3249 5468 hanc
3283 5424 3640 5484 praesentem,
3668 5426 3771 5482 quae

2198 5503 2338 5558 sicut
2361 5501 2529 5557 Jacob
2558 5503 2790 5570 dicebat,
2825 5524 2842 5554 ι
2869 5520 3164 5574 paucorum
3197 5513 3251 5561 et
3277 5505 3555 5562 malorum
3584 5507 3772 5562 dierum

2207 5611 2224 5644 ι
2258 5603 2341 5646 est
2373 5591 2524 5662 (Cen.
2557 5597 2746 5664 λινιι),
2769 5616 2784 5646 ι
2823 5597 3162 5667 transegerit,
3198 5606 3253 5651 et
3284 5597 3701 5653 immaculatum
3726 5610 3770 5649 se

2203 5686 2270 5740 ab
2297 5686 2398 5741 hoc
2430 5685 2629 5741 mundo
2659 5687 2993 5756 custodierit,
3041 5694 3202 5758 atque
3227 5702 3417 5745 omnes
3445 5687 3772 5747 adversariis
