3930 6344
174 368 288 428 mes
932 308 937 311 ’
1069 352 1423 414 COMMENT.
1462 352 1532 441 ιιι
1570 351 1726 425 una

1870 348 2103 408 rosus.
2140 348 2375 417 --_LIB.
2416 348 2502 405 ιιι.
2672 308 2675 313 ’
2782 396 2791 407 .
3264 302 3402 423 1066

171 490 218 539 et
250 446 421 536 hostes
464 489 592 535 suos
628 469 931 543 subegerit,
967 467 1226 542 spiritalis
1260 468 1330 523 ab
1377 466 1498 537 istis
1533 465 1725 536 paucis
1753 468 1807 533 Α,
1828 461 2234 528 resistentibus,
2280 468 2340 518 et
2380 458 2568 517 multis
2623 456 2869 517 hostibus
2934 456 3405 528 impugnantibus,

170 584 218 632 et
244 569 388 627 malis
431 568 621 635 diebus
664 562 1007 638 provehitur,
1046 570 1102 617 et
1126 567 1478 632 promovetur
1508 559 1577 617 ad
1612 557 1732 613 illos
1832 552 1971 609 bello
2018 560 2075 607 et
2119 551 2288 609 armis
2339 549 2709 615 hatreditatem
2750 556 2918 604 term
2964 550 3409 619 repromissionis

172 665 270 720 dies
306 669 539 718 aeternos
580 667 638 715 et
676 657 855 727 bonos,
893 653 1085 711 :eterni
1130 653 1260 711 solis
1305 653 1425 711 luce
1469 652 1729 722 signatos.
1830 647 2125 721 accipiunt.
2152 647 2288 705 Cum
2311 662 2531 703 veroex
2550 646 3023 717 necessitatequis
3045 645 3213 703 fuerit
3228 646 3417 719 subje—

172 753 297 809 Talis
321 765 450 823 ergo
481 730 713 821 quodam
745 738 934 804 ordine
978 743 1357 816 intelligendus
1385 753 1468 799 est
1496 752 1549 801 et
1576 743 1735 801 Jesus
1833 746 1980 804 ctus,
2008 746 2139 796 tunc
2162 737 2382 808 quando
2413 738 2583 797 etiam
2612 738 2967 795 novissimum
2996 738 3280 794 inimicum
3318 738 3417 797 de-

170 862 227 903 ex
259 822 449 900 divinis
484 843 757 915 responsis
791 846 1081 914 provectus
1125 839 1339 895 dierum
1364 838 1730 909 pronuntiari.
1834 830 1972 889 strui
2006 844 2233 885 necesse
2252 836 2343 901 est
2365 836 2623 896 mortem,
2650 844 2763 886 non
2779 829 2889 886 erit
2901 828 3015 898 jam
3041 829 3097 885 in
3124 829 3304 901 gratia
3330 830 3421 889 his

167 934 350 991 Verum
382 933 638 1004 quoniam
674 930 1007 986 instituimus
1034 944 1155 1003 quae
1194 929 1260 985 de
1291 926 1418 984 Jesu
1458 928 1733 992 dicuntur,
1834 923 1929 994 qui
1958 922 2341 992 subiiciuntur.

167 1022 312 1079 etiam
338 1022 405 1076 ad
425 1021 709 1077 Dominum
735 1018 1074 1074 Salvatorem
1105 1025 1351 1075 nostrum
1376 1015 1590 1080 referri,
1615 1015 1737 1086 quis
1904 1013 2057 1085 (Car.
2082 1014 2265 1085 xm.)¢
2281 1013 2366 1069 Ad
2391 1012 2673 1070 meridiem
2702 1026 2835 1071 vero
2864 1020 2992 1070 sunt
3010 1013 3214 1080 Hevazi,
3241 1014 3422 1071 omnis

167 1102 237 1166 ita
246 1112 523 1181 presbyter
545 1119 600 1165 et
618 1109 820 1175 senior,
844 1114 1133 1179 provectus
1159 1104 1368 1161 dierum
1393 1102 1735 1175 intelligitur,
1839 1123 1862 1156 ι
1908 1112 2055 1162 terra
2077 1103 2357 1171 Chanaan,
2388 1112 2447 1160 et
2464 1105 2647 1161 Maara
2668 1104 3037 1172 Sidoniorum,
3062 1121 3231 1176 usque
3254 1105 3425 1163 Afeca

167 1200 291 1257 sicut
335 1202 452 1277 ipse
494 1200 586 1269 qui
622 1208 706 1254 est
741 1188 1088 1268 principium,
1127 1197 1518 1273 primogenitus
1558 1196 1737 1257 omnis
1843 1215 1865 1255 ι
1906 1204 1964 1254 et
2008 1198 2273 1259 terminos
2312 1196 2636 1267 Anonhtei,
2662 1196 2888 1270 ejusque
2932 1196 3184 1255 conﬁnia.
3232 1199 3426 1256 Libani

166 1293 443 1349 creaturae?
463 1292 532 1346 Et
555 1291 678 1346 ideo
710 1289 942 1346 fortasse
968 1290 1083 1361 ipse
1109 1288 1256 1344 solus
1285 1302 1413 1355 vere
1444 1295 1499 1342 et
1527 1287 1738 1358 integer
1844 1305 1867 1340 ι
1910 1301 2126 1358 quoque
2175 1288 2327 1361 regio
2373 1296 2569 1345 contra
2627 1289 2893 1345 orientem
2942 1304 2972 1345 a
3020 1290 3276 1362 Baalgath
3302 1293 3426 1349 sub

171 1376 441 1459 presbyter
473 1385 698 1452 dicitur,
738 1392 866 1457 ante
900 1397 1063 1453 quem
1091 1396 1251 1438 nemo
1278 1389 1381 1437 est.
1422 1381 1591 1453 igitur
1636 1380 1737 1435 etsi
1844 1397 1864 1432 ί
1909 1389 2095 1445 monte
2113 1378 2371 1448 Hermon,
2396 1385 2571 1438 donec
2585 1384 2912 1455 ingrediaris
2932 1383 3147 1439 Emath.
3169 1384 3425 1441 Omnium

165 1485 277 1533 sunt
312 1477 403 1548 qui
435 1466 688 1546 dicuntur
735 1476 789 1530 in
834 1473 1134 1545 Scripturis
1162 1471 1493 1544 presbyteri,
1528 1470 1616 1526 vel
1654 1484 1738 1526 se-
1845 1489 1865 1524 c
1908 1472 2004 1542 qui
2030 1473 2279 1529 habitant
2313 1474 2371 1528 in
2407 1482 2612 1542 monte,
2653 1489 2685 1529 a
2714 1475 2924 1531 Libano
2955 1490 3130 1546 usque
3164 1475 3230 1531 ad
3260 1486 3429 1546 aquas

162 1569 347 1633 niores,
382 1567 466 1623 vel
500 1565 809 1638 pontiﬁces,
839 1576 1021 1643 tamen
1045 1564 1306 1619 Dominus
1328 1561 1486 1621 Iesus
1519 1562 1574 1619 in
1597 1576 1736 1645 pon-
1844 1580 1867 1633 ς
1912 1563 2277 1635 Nise-replied,
2328 1567 2682 1639 universique
2716 1567 2951 1624 Sidonii.
3005 1562 3120 1642 Ego
3169 1572 3287 1626 sum
3336 1572 3429 1641 qui

165 1661 386 1716 tilicibus
410 1657 729 1729 pontiﬁcum
760 1658 1049 1735 princeps;
1082 1665 1139 1712 et
1164 1656 1305 1711 sicut
1349 1655 1405 1710 in
1429 1654 1738 1725 pastoribus
1845 1674 1865 1719 ς
1913 1655 2103 1714 delebo
2124 1672 2223 1715 eos
2249 1672 2282 1711 a
2308 1657 2448 1713 facie
2474 1658 2709 1714 ﬁliorum
2754 1654 2940 1714 lsrael.
2974 1660 3169 1715 Veniat
3195 1674 3328 1732 ergo
3372 1660 3432 1716 b1

157 1751 401 1825 princeps
428 1738 721 1827 pastorum.
744 1761 853 1815 est,
881 1748 955 1803 ita
994 1756 1050 1803 et
1090 1747 1145 1803 in
1172 1745 1504 1818 presbyteris
1538 1744 1624 1807 vel
1653 1757 1809 1827 se-,__
1846 1763 1868 1798 ι
1911 1755 2145 1816 partem:
2167 1745 2498 1804 hereditatis
2529 1747 2730 1816 -lsrael,
2780 1750 2922 1805 sicut
2968 1751 3201 1821 praecepi
3248 1750 3425 1806 tibi.)

157 1816 396 1919 nioribus
424 1816 1152 1919 princepspresbyterorum
1174 1816 1450 1909 putandus
1474 1846 1576 1903 est,
1595 1845 1652 1892 et
1679 1837 1736 1893 in
1762 1816 1812 1878 Β
1840 1835 1981 1897 Cum
2008 1840 2415 1895 enumeraverit
2437 1839 2698 1909 plurimas
2722 1848 2930 1911 gentes,
2957 1816 3023 1896 de
3036 1816 3274 1897 Sidoniis
3301 1840 3431 1919 solis

154 1912 700 2007 episcopisrprinceps
718 1912 1125 2007 episcoporum.
1174 1928 1243 1982 Et
1267 1943 1428 1991 omne
1453 1924 1735 1999 quodcun-
1840 1926 1981 1987 dixit
2009 1928 2186 1991 etEt
2206 1942 2400 1984 omnes
2428 1928 2808 2000 Sidonios'ego
2834 1929 3210 1986 exterminabo
3235 1936 3265 1985 a
3294 1912 3436 1987 facie

148 2016 257 2093 quc
292 2022 611 2078 bonorabile
651 2037 849 2078 nomen
879 2029 985 2084 est,
1011 2020 1253 2089 primum
1278 2019 1343 2083 ,in
1371 2019 1477 2073 hoc
1504 2025 1560 2074 et
1582 2018 1737 2093 prin—
1838 2017 2080 2081 ﬁliorum
2132 2019 2319 2075 Israel.
2376 2038 2425 2072 ιι
2462 2016 2734 2075 Nominati
2762 2052 2765 2059 ι
2796 2024 2922 2076 sunt
2986 2027 3044 2076 et
3099 2016 3431 2093 Chananaei,

152 2113 331 2185 cipem
360 2128 481 2187 esse
507 2112 844 2167 credentium
872 2119 927 2166 et
952 2108 1310 2174 Salvatorem,
1340 2110 1468 2178 quia
1500 2109 1618 2178 ipse
1650 2092 1742 2163 est
1842 2109 2115 2167 nominati
2140 2118 2276 2166 sunt
2302 2120 2360 2165 et
2381 2109 2445 2165 hi
2465 2111 2559 2181 qui
2600 2120 2731 2168 sunt
2766 2124 2835 2168 ex
2860 2112 3060 2168 ﬁnibus
3087 2112 3335 2169 Accaron
3364 2092 3439 2191 ’ξι

150 2202 398 2275 omnium
425 2213 605 2274 caput.
633 2200 774 2259 Audi
803 2190 983 2257 autem
1010 2201 1079 2257 ad
1108 2201 1226 2256 haec
1254 2214 1573 2269 responsum
1600 2198 1740 2253 divi—
1845 2214 1879 2255 a
1904 2200 2141 2257 sinistris
2156 2201 2408 2270 partibus
2434 2201 2747 2270 ﬂuentium,
2778 2211 2835 2258 et
2864 2206 2993 2259 aliae
3023 2190 3437 2275 quamplurima:

152 2282 280 2351 num
318 2284 470 2367 quod
505 2295 674 2350 dicit:
720 2312 740 2344 ι
784 2293 866 2351 Tu
908 2299 1199 2362 provectus
1235 2306 1297 2346 es
1343 2291 1400 2346 in
1437 2289 1646 2355 diebus,
1684 2296 1743 2359 et
1848 2299 2071 2362 gentes;
2107 2292 2257 2347 etde
2284 2290 2418 2348 solis
2436 2290 2685 2347 Sidoniis
2713 2292 2852 2348 dixit
2877 2295 3139 2349 Dominus
3171 2290 3315 2365 quod
3341 2302 3438 2350 eos

153 2386 300 2442 terra
356 2385 547 2442 relicta
570 2374 678 2442 'est
725 2383 894 2439 multa
950 2383 1125 2439 valde.
1188 2403 1209 2435 ι
1264 2381 1324 2437 ln
1373 2381 1745 2452 superioribus
1844 2396 2139 2437 eversurus
2194 2381 2283 2436 sit.
2336 2380 2547 2438 Sidonii
2592 2393 2777 2438 autem
2818 2382 3091 2450 dicuntur,
3139 2384 3281 2439 sicut
3323 2384 3438 2455 jam

153 2475 499 2539 dicebantur,
529 2475 675 2529 sicut
712 2474 1142 2538 observavimus,
1170 2472 1299 2541 quia
1333 2470 1567 2527 cessavit
1599 2479 1744 2525 terra
1838 2470 2105 2538 diximus,
2134 2481 2446 2528 venatores.
2493 2472 2599 2539 Qui
2640 2474 3017 2547 intelliguntur
3056 2476 3146 2531 isti
3174 2472 3302 2532 mali
3341 2492 3437 2533 ve-

153 2550 220 2619 ab
250 2564 382 2630 illis,
412 2574 469 2623 et
503 2564 633 2635 quia
664 2552 891 2618 omnem
920 2571 1127 2617 terram
1153 2559 1314 2616 Jesus
1352 2560 1531 2631 cepit;
1573 2567 1630 2614 et
1656 2559 1748 2615 hic
1847 2569 2070 2618 natores
2095 2578 2234 2632 quos
2257 2564 2522 2619 Dominus
2559 2566 2910 2632 exterminat,
2940 2566 3043 2622 nisi
3082 2567 3188 2621 illa:
3214 2552 3443 2625 virtutes

152 2656 315 2713 modo
375 2656 642 2728 scriptum
697 2664 785 2710 est
834 2654 960 2725 quia
1018 2663 1167 2711 terra
1214 2654 1402 2709 relicta
1447 2661 1532 2710 est
1577 2652 1747 2709 multa
1851 2654 2139 2716 contraria:
2182 2655 2253 2709 de
2292 2655 2492 2725 quibus
2511 2655 2641 2710 dicit
2682 2658 2970 2726 propheta,
2999 2657 3127 2728 quia
3166 2656 3191 2709 ι’
3213 2654 3441 2729 parave-

155 2746 356 2803 valde?
405 2747 646 2803 Putasne
696 2748 973 2803 contraria
1018 2746 1120 2803 sibi
1165 2745 1523 2802 contineant?
1574 2746 1750 2803 hocne
1851 2753 1981 2800 runt
2016 2745 2241 2815 laqueos
2284 2746 2386 2800 sub
2429 2747 2657 2815 pedibus
2703 2747 2839 2802 meis
2877 2745 3050 2818 (Psal.
3095 2746 3229 2820 Lvi),
3270 2768 3288 2801 ι
3325 2748 3443 2819 qui-

150 2839 350 2896 leviter
401 2839 790 2911 suspicandum
820 2840 937 2895 est?
987 2839 1093 2894 Sed
1124 2839 1410 2894 redeamus
1447 2839 1516 2893 ad
1556 2836 1751 2894 intelli-
1851 2835 1956 2893 bus
2007 2836 2218 2892 scilicet
2243 2844 2514 2892 venentur
2558 2845 2616 2892 et
2649 2838 2924 2908 decipiant
2970 2839 3182 2895 animas
3211 2854 3442 2910 peccan-

151 2934 397 3005 gentiam
438 2932 761 3005 spiritalem,
792 2938 848 2986 et
888 2930 944 2985 in
980 2946 1045 2986 ea
1071 2930 1203 2985 nihil
1234 2930 1445 2985 invenis
1472 2944 1594 2985 esse
1620 2943 1750 2984 con—
1814 2990 1821 3001 ι
1850 2926 2024 3000 tium?
2049 2926 2190 2985 Istos
2215 2942 2345 2999 ergo
2373 2929 2703 2987 exterminat
2722 2928 3011 2985 Dominum
3029 2928 3289 2987 Cumisti-
3308 2931 3445 2989 tales

152 3024 421 3079 uarium:
466 3020 951 3079 Intu'er'e'uomini
993 3010 1048 3078 et
1078 3008 1375 3076 Salvatoris
1417 3021 1593 3076 nostri
1641 3020 1751 3090 pri-
1854 3017 2165 3097 interierint
2202 3028 2513 3097 venatores,
2543 3035 2669 3075 cum
2698 3018 2813 3089 jam
2846 3036 3006 3077 nemo
3042 3022 3206 3078 fuerit
3233 3024 3326 3095 qui
3367 3024 3447 3079 la-

147 3133 302 3174 mum
329 3117 557 3189 quidem
586 3117 875 3172 adventum
892 3157 907 3183 ,
938 3130 1061 3170 cum
1088 3115 1236 3169 venit
1267 3112 1537 3170 seminare
1563 3126 1749 3170 semen
1857 3106 2026 3180 queas
2048 3091 2242 3165 tenda‘t
2268 3118 2324 3166 et
2367 3111 2507 3166 retia
2531 3117 2593 3165 ut
2617 3111 2850 3182 decipiat
2879 3113 3088 3168 animas
3113 3129 3170 3167 ιιι
3197 3091 3441 3185 peccato.

149 3226 312 3267 suum
339 3210 399 3269 in
423 3209 612 3265 orbem
641 3217 820 3275 terrm,
843 3206 1115 3278 quomodo
1136 3205 1280 3276 cepit
1303 3220 1521 3260 omnem
1546 3213 1751 3260 terram
1772 3191 1825 3257 C
1854 3208 1984 3257 tunc
2029 3202 2336 3272 requiescet
2387 3203 2757 3274 unusquisque
2802 3204 2903 3260 sub
2950 3205 3059 3261 vite
3101 3220 3201 3261 sua
3235 3212 3291 3262 et
3340 3209 3443 3263 sub

144 3303 266 3359 solo
306 3301 541 3358 seminis
573 3298 758 3371 jactu,
796 3306 854 3355 et
894 3298 1166 3369 quomodo
1215 3297 1554 3353 adversarias
1600 3304 1755 3366 pote-
1856 3293 1964 3351 ﬁcu
1989 3310 2107 3351 sua.

146 3380 328 3449 states
357 3408 431 3448 ex
457 3406 521 3446 ea
547 3399 604 3446 et
630 3384 851 3460 angelos
877 3388 1093 3460 refugas
1117 3388 1211 3460 qui
1237 3382 1517 3462 gentilium
1543 3396 1757 3444 mentes
1938 3448 1941 3451 .
2477 3407 2707 3464 CAPUT
2754 3404 2821 3463 Il.

142 3478 823 3589 {’W‘leﬁ‘f‘iffffigaffﬁ
836 3487 1756 3589 ῩΪ,ἷῗέθῗ¹¹ἰ¹μῗ⁸¹ἷ¹ἶΪ¹³Ϊῖξηῖῗ⁹¹ἶ¹ᾖ¹ῗ
1858 3520 1939 3577 De
1967 3520 2223 3575 divisione
2253 3524 2408 3575 term
2438 3535 2532 3589 per
2564 3519 2799 3589 singulas
2834 3521 3002 3574 tribus
3014 3519 3207 3587 Israel.
3229 3530 3279 3575 et
3307 3524 3447 3589 quod

144 3580 321 3643 atque
370 3539 671 3625 Ecclesiasv
695 3539 1014 3640 propagavit
1053 3585 1069 3621 :
1116 3568 1232 3621 haec
1279 3576 1363 3622 est
1407 3565 1585 3638 prima
1640 3565 1696 3636 ej:

1892 3539 1939 3576 re
1967 3539 2223 3575 awmone
2253 3539 2408 3575 terrm
2438 3539 2532 3589 per
2564 3539 2799 3589 ungulas
2834 3539 3207 3597 ιηριιυεναει,
3229 3539 3279 3575 ει
3307 3539 3444 3604 quoq

1930 3590 2090 3643 tn’bui
2125 3590 2250 3660 Levi
2283 3604 2391 3660 non
2418 3588 2559 3660 dedit
2599 3590 3013 3660 possessionem;
3060 3590 3151 3644 sed
3180 3593 3444 3660 sacriﬁcia

144 3663 325 3718 totius
362 3669 530 3715 terra:
574 3658 868 3730 possessio.
919 3656 1159 3727 Sequere
1209 3664 1411 3723 autem,
1461 3673 1495 3712 ο
1521 3658 1755 3724 auditor,
1930 3668 1979 3714 et
2015 3659 2237 3715 victimae
2273 3659 2489 3714 Domini
2522 3656 2625 3713 Dei
2666 3658 2836 3712 Israel
2880 3660 2997 3729 ipsa
3041 3670 3118 3714 est
3160 3656 3441 3717 Itwreditas

137 3769 245 3826 per
272 3752 517 3810 subtiles
558 3751 729 3806 lineas
761 3750 932 3817 verbi,
962 3758 1019 3806 et
1044 3749 1328 3807 ostendam
1359 3748 1455 3805 tibi
1488 3751 1759 3821 quomodo
1929 3745 2128 3784 θονατη·

135 3847 319 3901 etiam
357 3841 605 3898 secundo
631 3841 774 3910 cepit
809 3849 1013 3895 terram
1044 3840 1207 3905 hanc,
1234 3856 1355 3911 qua:
1386 3855 1530 3896 nunc
1561 3841 1760 3897 dicitur
1932 3842 2111 3916 (1810.)
2164 3862 2183 3895 ι
2220 3843 2290 3897 Et
2313 3858 2458 3899 nunc
2492 3843 2671 3898 divide
2707 3851 2910 3898 terram
2951 3844 3013 3899 in
3042 3846 3445 3915 possessionem

138 3937 213 3990 ab
245 3934 398 3991 Iesu
441 3932 612 3987 multa
648 3944 769 3986 esse
808 3931 1068 3986 derelicta
1118 3941 1284 3986 terra.
1317 3929 1457 3987 Audi
1492 3932 1560 3986 de
1584 3946 1649 3987 ea
1678 3932 1760 3986 di-
1867 3954 1903 3987 «η
1933 3949 2130 3991 novem
2164 3934 2433 3998 tribubus,
2459 3939 2517 3988 et
2544 3933 2785 3988 dimidiae
2813 3934 2979 3989 tribui
3009 3932 3257 3990 Manasse
3276 3976 3290 4001 ,
3320 3937 3449 4006 quia

134 4037 385 4083 centeni
404 4006 682 4078 Paulum:
725 4041 743 4073 ι
781 4020 1009 4093 Oportet
1045 4038 1170 4077 eum
1200 4037 1431 4093 regnare
1460 4023 1631 4078 donec
1664 4038 1760 4091 po-
1868 4044 1887 4076 ι
1932 4025 2125 4081 Ruben
2163 4032 2221 4078 et
2238 4021 2364 4080 Gad-
2385 4026 2753 4092 possederunt
2775 4032 2979 4078 terram
3027 4038 3189 4096 quam
3231 4026 3453 4083 tradidit

136 4126 239 4173 nat
298 4128 508 4172 omnes
561 4113 813 4168 inimicos
870 4127 997 4167 suos
1042 4110 1338 4167 scabellum
1383 4110 1580 4183 pedum
1629 4126 1761 4185 suo:
1868 4137 1887 4169 ι
1931 4119 2012 4175 eis
2042 4118 2258 4189 Moyses
2296 4116 2530 4173 famulus
2555 4117 2799 4182 Domini,
2852 4125 3005 4189 trans
3050 4116 3344 4175 Iordanem
3381 4120 3451 4177 ad

135 4224 267 4265 rum
308 4202 508 4280 (Πρὸ.
560 4202 641 4277 x).
701 4223 720 4255 ι
777 4201 904 4258 Haec
950 4218 1080 4274 ergo
1134 4208 1219 4257 est
1261 4210 1407 4257 terra
1451 4218 1572 4272 quas
1617 4218 1763 4259 nunc
1867 4226 1887 4260 ι
1931 4208 2255 4264 orientalem
2278 4207 2518 4278 plagam,
2548 4225 2571 4259 ι
2612 4216 2669 4261 et
2695 4216 2911 4263 cetera.
2956 4208 3182 4265 Lectum
3212 4218 3297 4266 est
3323 4211 3451 4282 quia

136 4298 326 4356 n'mlta
356 4297 568 4354 dicitur
595 4310 713 4352 esse
739 4294 1017 4361 derelicta,
1047 4294 1221 4349 donec
1243 4309 1432 4348 omnes
1460 4292 1762 4349 subdantur
1861 4300 2074 4372 Moyses
2110 4300 2323 4357 dederit
2367 4300 2744 4358 haereditatem
2778 4300 3133 4370 quibusdam;
3181 4310 3307 4370 post
3337 4304 3456 4358 haec

134 4388 395 4464 pedibus
441 4387 578 4457 ejus,
609 4395 665 4443 et
699 4401 797 4458 per
823 4387 941 4443 haec
971 4386 1025 4440 in
1056 4384 1374 4440 haereditate
1420 4386 1598 4455 capiat
1641 4384 1762 4440 uui—
1842 4404 1992 4449 vero
2022 4393 2220 4465 legitur
2246 4390 2375 4463 quia
2399 4399 2456 4447 et
2477 4389 2638 4446 Iesus
2662 4392 2958 4446 secundum
2985 4397 3317 4459 prmceptum
3348 4390 3459 4446 Do-'

132 4496 373 4542 versos.
436 4480 505 4535 Et
520 4483 647 4535 haec
675 4488 781 4547 est,
809 4480 1006 4551 inquit,
1037 4486 1182 4534 terra
1212 4493 1334 4548 qua:
1361 4478 1617 4534 derelicta
1651 4487 1758 4547 est,
1784 4533 1837 4551 τ,
1864 4484 1998 4543 mini
2039 4483 2316 4541 distribuit
2362 4481 2756 4537 hatreditatem.
2807 4479 3022 4535 Primus
3068 4492 3196 4550 ergo
3242 4478 3455 4551 Moyses

138 4595 159 4628 ο
204 4574 446 4633 Omnes
484 4569 620 4625 ﬁnes
646 4566 999 4634 Ριὶίηδῑιιίίων
1036 4587 1055 4619 ³
1110 4576 1166 4622 ει
1209 4568 1313 4622 alia
1359 4569 1761 4638 quamplurima
1785 4566 1841 4594 ³⁷
1864 4578 2139 4636 ὥειιὶιιιιίι
2160 4576 2558 4641 hmreditatem,
2591 4574 2861 4630 secundus
2889 4580 3071 4629 autem
3095 4571 3270 4629 Iesus.
3300 4574 3455 4631 Nunc

129 4666 269 4737 qua
321 4668 666 4733 sequuntur.
719 4656 885 4711 Multa
930 4656 1107 4711 adhuc
1153 4666 1466 4727 supersunt,
1498 4666 1760 4727 quantum
1866 4670 2067 4742 Moysis
2088 4668 2265 4738 legem
2292 4665 2553 4735 intelligo.
2576 4662 2644 4719 Hi
2671 4678 2799 4734 ergo
2824 4664 2917 4733 qui
2955 4665 3251 4719 secundum
3278 4663 3453 4737 legem

130 4758 203 4813 ad
258 4760 481 4811 nostra
531 4759 777 4818 tempora
823 4754 1052 4819 spectat,
1081 4764 1203 4819 quae
1241 4748 1487 4804 videmus
1521 4752 1763 4829 nondum
1865 4760 2148 4822 vixerunt,
2196 4755 2361 4827 primi
2407 4763 2736 4826 acceperunt
2790 4753 3196 4822 haereditatem,
3245 4757 3338 4811 sed
3386 4772 3453 4811 ex

125 4851 393 4922 pedibus
424 4843 561 4900 Jesu
597 4843 861 4913 subjecta‘
879 4860 1022 4910 esse,
1052 4860 1172 4915 quae
1210 4860 1435 4903 necesse
1462 4855 1546 4903 est
1576 4848 1763 4918 utique
1867 4860 2013 4907 terra
2042 4846 2503 4920 repromissionis.
2556 4844 2709 4900 Tunc
2741 4844 2936 4900 deinde
2964 4861 3085 4900 cum
3116 4848 3456 4917 accepissent

128 4945 337 5000 omnia
394 4937 669 4993 obtinere.
717 4934 902 5006 Neque
948 4937 1093 4993 enim
1118 4937 1243 4993 ﬁnis
1285 4952 1405 4995 esse
1428 4940 1632 5009 poterit
1670 4942 1773 4995 re-'
1869 4951 2073 4998 terram
2106 4938 2442 4996 haereditatis
2472 4953 2486 4992 :
2511 4925 2628 4993 non
2664 4938 2809 4993 enim
2833 4936 3133 5007 possident,
3165 4952 3338 5008 neque
3368 4938 3452 5015 dij

130 5054 289 5104 rum,
327 5031 459 5092 nisi
489 5031 643 5104 prius
672 5029 878 5087 iuerint
912 5039 1107 5086 cuncta
1153 5031 1415 5102 subjecta.
1490 5032 1586 5089 Sic
1617 5034 1763 5089 enim
1869 5035 2113 5101 vident,
2151 5030 2247 5088 sed
2281 5037 2636 5100 exspectant,
2693 5040 2976 5099 usquequo
3021 5029 3100 5084 eis
3141 5044 3238 5099 per
3265 5028 3451 5103 Jesum

126 5140 189 5186 et
216 5128 526 5202 propheta
553 5123 685 5179 dicit
715 5120 899 5196 (Zach.
933 5122 1035 5195 rx),
1063 5124 1191 5194 quia
1218 5138 1408 5180 omnes
1433 5133 1623 5195 gentes
1651 5140 1765 5183 ser-
1871 5129 2230 5185 distribuatur
2251 5126 2309 5180 in
2336 5133 2560 5181 sortem.
2577 5122 2768 5178 Nonne
2788 5125 2892 5179 hoc
2907 5123 3185 5180 evidenter
3199 5132 3284 5179 est
3310 5112 3475 5195 quod:

125 5222 373 5275 viantes
433 5232 469 5269 a
520 5214 719 5270 ﬁnibus
764 5214 1046 5271 ﬂuminum
1095 5229 1264 5283 usque
1311 5215 1381 5270 ad
1429 5215 1567 5271 fines
1617 5219 1765 5275 orbis
1868 5218 2161 5291 Apostolus
2199 5217 2351 5281 dicit,
2383 5215 2451 5271 ad
2478 5214 2734 5271 Hebraeos
2778 5216 3022 5271 scribens
3072 5214 3137 5269 de
3182 5212 3455 5285 prioribus

128 5321 311 5367 terra:
368 5308 438 5361 in
489 5312 780 5376 conspectu
829 5302 964 5373 ejus.
1017 5303 1326 5359 Procedunt
1362 5302 1649 5377 IEthiopes
1696 5309 1767 5365 de
1868 5310 2150 5381 patribus,
2195 5319 2336 5378 quos
2364 5305 2496 5361 dicit
2536 5305 2641 5361 ﬁde
2684 5305 2952 5376 placuisse
2973 5302 3106 5371 Deo,
3145 5312 3200 5360 et
3246 5304 3459 5385 addidit

120 5409 305 5457 trans
333 5397 510 5468 ripas
536 5394 849 5452 ﬂuminum:
885 5395 1169 5466 Ethiopes
1196 5394 1425 5451 offerent
1462 5397 1758 5467 sacriﬁcia;
1870 5405 2098 5460 dicens:
2139 5420 2159 5453 ‹
2195 5401 2261 5456 Hi
2293 5394 2479 5456 autem
2524 5414 2714 5455 omnes
2766 5397 3133 5454 testimonium
3186 5388 3456 5455 habentes

124 5494 292 5550 unde
325 5496 572 5547 constat
597 5490 740 5560 quod
772 5488 831 5545 in
859 5489 1096 5545 secundo
1123 5489 1358 5545 adventu
1387 5490 1530 5546 hanc
1561 5499 1765 5548 terram
1868 5510 1966 5566 per
1987 5495 2171 5561 ﬁdem,
2208 5493 2445 5548 nondum
2487 5490 2765 5548 consecuti
2815 5497 2939 5544 sunt
2976 5491 3454 5560 repromissioncs,

122 5584 428 5649 multam,
485 5589 915 5652 quaesuperest,
952 5579 1219 5636 obtinebit
1241 5578 1420 5636 Jesus.
1474 5579 1583 5638 Sed
1618 5582 1765 5638 beati
1871 5589 1984 5645 Deo
2029 5603 2129 5661 pro
2155 5589 2311 5644 nobis
2353 5586 2557 5657 aliquid
2596 5585 2790 5640 melius
2826 5581 3165 5653 providente,
3213 5592 3274 5659 ut
3301 5584 3357 5639 in
3387 5599 3454 5639 ea

121 5685 276 5734 sunt
320 5666 417 5731 illi
453 5672 552 5743 qui
576 5672 754 5744 primo
791 5674 908 5744 ejus
935 5674 1169 5729 adventu
1207 5675 1414 5730 obtenti
1455 5685 1613 5745 sunt;
1661 5677 1673 5733 ί

1904 5681 1994 5737 ine
2038 5681 2195 5737 nobis
2226 5679 2453 5751 perfecti
2493 5676 2869 5734 efﬁcerentur?
2897 5696 2916 5729 ι
2965 5672 3150 5746 (Hebr.
3185 5675 3297 5748 xu)
3341 5674 3455 5732 Ha-

117 5771 292 5826 enim
331 5782 499 5825 vere
541 5767 596 5821 in
632 5767 809 5838 gratia
848 5776 1032 5832 erunt,
1069 5767 1163 5837 qui
1211 5768 1396 5825 multis
1438 5771 1766 5829 adversariis
1872 5773 2005 5831 bent
2045 5772 2212 5845 igitur
2237 5770 2713 5843 repromissionem
2758 5782 2934 5836 suam,
2960 5777 3015 5824 et
3043 5768 3454 5839 requieverunt,

508 5858 786 5922 Panos.
828 5858 1052 5923 CVIII.
1912 5915 1921 5926 .
3055 5860 3134 5925 31*
