3930 6344
251 377 278 432 i
288 378 388 434 069

1169 371 1520 432 ΒΟΗΗΕΠΤ.
1561 373 1629 430 ΙΝ
1666 373 1928 432 LIBRUM
1966 372 2201 432 JOSIJE.
2241 373 2296 416 -ἔ
2347 376 2474 433 LIB.
2513 375 2596 433 ill.

3365 378 3502 438 1010

256 488 480 558 ambigis
520 487 650 555 quid
695 485 824 542 illud
871 487 945 542 sit
982 488 1128 557 quod
1162 489 1266 543 sub
1302 488 1405 544 hoc
1434 489 1650 544 nomine
1687 489 1828 544 desi-
1854 495 1908 555 Α
1938 506 1959 540 ς
2000 505 2153 555 rum,
2195 502 2294 559 per
2336 491 2512 546 tribus
2559 489 2723 544 lsrael
2770 499 2917 544 sorte
2956 493 3136 547 omnia
3172 494 3492 566 dividentes,

255 590 468 652 gnatut‘,
499 581 621 634 audi
652 580 778 650 quia
817 579 1078 635 Dominus
1124 580 1385 650 sapientia
1413 585 1518 635 est.
1569 579 1667 634 Cui
1693 595 1821 650 ergo

254 673 448 726 dicitur
491 673 786 727 hereditas
817 686 938 726 esse
983 673 1264 736 Dominus,
1299 673 1403 726 iste
1456 673 1824 727 hereditatem

253 768 526 837 sapientiae
552 769 716 839 capit.
771 767 1031 822 Dominus
1065 769 1278 838 justitia
1305 768 1524 823 dicitur.
1571 769 1669 825 Cui
1697 783 1824 840 ergo

251 861 507 916 Dominus
548 861 837 916 haereditas
877 867 999 926 est,
1041 861 1142 916 iste
1191 862 1559 916 hereditatem
1600 861 1824 930 iustitia:

251 954 620 1022 consequitur.
655 951 915 1008 Dominus
949 967 1054 1023 pax
1091 960 1195 1018 est,
1224 949 1483 1008 Deininus
1527 954 1825 1024 redemptio

234 1040 350 1109 'est,
384 1043 648 1099 Dominus
694 1045 840 1098 salus
867 1053 968 1109 est,
1002 1052 1057 1098 et
1084 1044 1138 1097 in
1163 1045 1389 1099 Domino
1416 1054 1542 1100 sunt
1583 1047 1823 1101 thesauri

249 1135 526 1203 sapientiae
569 1144 624 1189 et
663 1136 906 1190 scicntia;
973 1135 1272 1191 absconditi
1317 1150 1332 1189 :
1379 1138 1494 1192 inec
1541 1139 1722 1192 omnia
1769 1140 1823 1193 in

244 1227 616 1283 baereditate‘m
641 1229 902 1298 percipiet
924 1225 1079 1297 cujus
1107 1228 1393 1283 hereditas
1420 1229 1678 1283 Dominus
1705 1228 1822 1285 i‘ue—

246 1319 334 1372 rit.
386 1315 772 1373 Verumtamen
819 1325 874 1373 et
922 1319 1012 1372 istl
1059 1318 1256 1387 quibus
1307 1319 1570 1386 sapientia
1622 1320 1736 1385 Dei,
1770 1329 1826 1375 et

243 1410 467 1464 verbum
494 1410 612 1477 Dei,
646 1417 701 1464 et
730 1407 932 1464 veritas
957 1418 1013 1464 et
1031 1409 1238 1478 justitia
1273 1423 1395 1464 esse
1426 1406 1715 1463 btereditas
1744 1409 1824 1464 di-

245 1501 428 1565 citur,
480 1499 872 1554 habitationem
935 1499 1153 1554 interim
1224 1513 1344 1554 cum
1401 1499 1506 1554 illis
1555 1500 1827 1568 accipiunt

244 1605 475 1663 quorum
518 1593 805 1648 ineruditus
833 1592 1064 1647 habetur
1097 1607 1150 1646 in
1184 1593 1363 1660 terris,
1398 1599 1455 1646 ut
1490 1607 1556 1648 ex
1587 1594 1824 1663 ipsorum

244 1687 523 1742 consortio
567 1684 624 1740 bi
681 1687 773 1757 qui
827 1699 926 1757 per
973 1687 1291 1757 semetipsos
1347 1687 1582 1741 nondum
1647 1686 1826 1740 valent

241 1777 534 1848 participes
583 1777 888 1832 eiiiciantnr
932 1777 1209 1848 sapientiae
1257 1783 1310 1833 et
1361 1777 1599 1834 scientiae
1627 1777 1742 1843 Dei,
1771 1784 1828 1832 et

1929 597 1948 629 ι
1995 579 2137 634 sicut
2170 589 2500 650 praeceperat
2523 580 2783 636 Dominus
2823 581 2877 636 in
2905 595 3069 638 manu
3095 583 3262 654 Hoysi
3301 597 3495 644 novem

1929 689 1949 723 ε
1999 673 2266 738 tribubus,
2289 681 2348 728 et
2375 673 2612 728 dimidiae
2643 673 2824 728 tribui.
2877 674 3100 732 Duabus
3142 677 3288 731 enim
3321 681 3492 736 tribu-

1930 778 1949 811 α
1994 760 2096 816 bus
2144 770 2198 817 et
2247 762 2482 817 dimidiae
2527 761 2750 816 dederat
2789 762 3000 833 Moyses
3036 773 3186 822 trans
3206 765 3496 824 Iordanem

1930 871 1949 904 ι
1992 853 2417 923 possessionem:
2444 853 2648 921 absque
2661 853 2883 918 Levitis,
2899 856 2988 923 qui
3016 855 3148 911 nihil
3174 867 3499 926 acceperunt

1929 963 1950 998 ι
1996 946 2138 1000 inter
2168 943 2370 1000 fratres
2395 960 2542 1008 suos,
2575 945 2668 999 sed
2699 945 2754 998 in
2785 960 2974 1000 eorum
3009 955 3388 1004 successerant
3422 947 3500 1002 lo-

1931 1051 1950 1088 c
1996 1052 2142 1101 cum,
2172 1054 2192 1088 ι
2223 1044 2330 1090 etc.
2384 1036 2665 1091 Discamus
2709 1050 2775 1090 ex
2825 1035 2939 1107 lege
2973 1053 3140 1106 quam
3192 1040 3498 1096 necessarie

1924 1128 2127 1197 scripta
2165 1128 2238 1182 sit
2279 1137 2440 1181 terrae
2484 1127 2699 1192 divisio,
2747 1141 2868 1195 quae
2907 1129 3084 1195 primo
3123 1139 3361 1200 tempore
3401 1145 3498 1199 per

1925 1220 2164 1292 Moysen,
2205 1221 2443 1275 secundo
2471 1235 2567 1289 per
2592 1219 2774 1274 Iesum
2811 1220 2954 1275 facta
2989 1231 3072 1276 est
3096 1239 3111 1276 ε
3135 1239 3241 1277 non
3267 1232 3327 1278 ut
3354 1232 3500 1280 utra-

1923 1328 2030 1383 que
2061 1329 2365 1379 servemus,
2407 1315 2502 1368 sed
2530 1321 2589 1366 ut
2619 1315 2882 1369 rationem
2929 1315 3214 1385 utriusque
3237 1316 3493 1380 dicentes,

1926 1406 2072 1461 illam
2119 1407 2290 1461 solam
2339 1416 2620 1461 teneamus
2664 1421 2784 1476 qua:
2833 1406 2900 1460 ab
2926 1405 3050 1461 Iesu
3093 1407 3251 1462 nobis
3272 1407 3499 1462 Domino

1927 1505 2114 1552 nostro
2147 1499 2396 1552 traditur.
2437 1497 2604 1568 igitur
2635 1495 2778 1551 illam
2819 1507 3017 1552 terram
3051 1509 3174 1568 quas
3210 1507 3358 1553 trans
3383 1499 3501 1556 ler-

1927 1591 2122 1646 danem
2150 1591 2360 1661 Moyses
2386 1590 2684 1656 distribuit,
2720 1591 2859 1645 banc
2889 1591 2975 1646 bis
3003 1605 3120 1660 quae
3149 1591 3235 1645 est
3273 1591 3326 1644 in
3355 1600 3500 1645 terra

1929 1691 2115 1738 sancta
2165 1689 2218 1736 ct
2265 1689 2410 1738 terra
2452 1683 2594 1737 bona
2623 1681 2899 1737 distribuit
2925 1681 3084 1736 Jesns
3113 1680 3366 1751 princeps
3413 1682 3504 1736 tri-

1927 1776 2091 1829 buum
2141 1775 2323 1830 lsrael.
2391 1774 2556 1829 Vides
2603 1789 2735 1846 ergo
2764 1776 2890 1844 quia
2918 1789 3042 1829 cum
3071 1775 3140 1829 ab
3183 1789 3252 1829 eo
3275 1774 3504 1844 eruperit

242 1873 445 1924 veritas
493 1863 608 1937 ejus
653 1885 720 1924 ac
760 1871 908 1924 verbi
937 1887 951 1936 ;
1014 1878 1068 1924 et
1130 1871 1204 1924 ita
1253 1871 1412 1924 etiam
1458 1871 1524 1926 ad
1571 1871 1824 1925 minimos
1853 1867 1900 1930 B
1927 1881 2054 1921 vera
2087 1867 2174 1921 illa
2204 1867 2494 1922 bmreditas
2521 1875 2681 1922 terra!
2704 1875 2925 1932 sanctae,
2953 1869 3005 1921 id
3032 1875 3135 1933 est,
3168 1883 3199 1922 a
3223 1867 3503 1922 Salvatorc

239 1977 484 2032 quosque
515 1961 846 2032 dispensatio
878 1961 1055 2015 divina
1093 1960 1386 2032 pertendit,
1417 1970 1477 2016 ut
1505 1961 1594 2032 qui
1624 1962 1824 2032 princi-

237 2057 436 2125 paliter
472 2069 575 2108 non
601 2061 829 2122 possunt
858 2053 1052 2108 divinae
1088 2054 1278 2126 gratiae
1307 2063 1534 2124 capaces
1564 2053 1821 2119 existere,

239 2143 536 2198 illuminari
584 2159 652 2199 ex
699 2153 1012 2198 sanctorum
1061 2146 1337 2199 consortio
1392 2155 1722 2210 mereantur,
1771 2153 1827 2198 et

239 2235 585 2304 compleatur
610 2233 737 2290 illud
765 2237 905 2305 quod
930 2235 1220 2306 Apostolus
1264 2237 1394 2291 dicit
1419 2237 1485 2290 ad
1513 2236 1824 2291 Corinthios

235 2327 306 2382 de
336 2329 538 2382 sanctis
563 2326 976 2398 Jerosoiymitis,
1043 2346 1062 2380 ι
1097 2338 1152 2382 ut
1183 2337 1370 2384 ucstra
1405 2329 1621 2400 quidem
1654 2330 1824 2384 abun-

236 2419 428 2474 dantia
473 2420 567 2474 iiat
615 2418 682 2474 ad
727 2420 941 2474 illorum
987 2420 1225 2490 inopiam
1259 2417 1345 2490 (II
1376 2417 1496 2474 Cor.
1530 2420 1670 2493 vin),
1711 2440 1727 2472 ι
1767 2428 1825 2474 ut

234 2519 289 2566 et
324 2511 540 2566 illorum
588 2511 917 2566 abundantia
947 2511 1040 2565 fiat
1074 2513 1141 2566 ad
1171 2519 1410 2566 vestram
1456 2510 1711 2580 inopiam.
1745 2508 1824 2565 Ita

231 2620 369 2675 ergo
406 2612 462 2660 et
500 2619 642 2658 nunc
685 2603 1003 2658 cohabitare
1041 2599 1302 2672 iubentur
1331 2602 1530 2656 Levita:
1555 2607 1608 2656 et
1646 2617 1825 2656 sacer-

233 2697 423 2759 dotes,
485 2696 576 2765 qui
639 2711 743 2750 non
802 2694 1002 2749 habent
1056 2700 1290 2759 terram,
1343 2699 1403 2747 ut
1453 2693 1719 2763 percipiat
1757 2693 1823 2748 ab

233 2785 484 2841 Israelita
513 2785 766 2840 sacerdos
793 2798 845 2839 et
867 2786 1049 2839 Levita
1083 2794 1298 2839 terrena
1319 2797 1438 2853 qua:
1463 2795 1569 2838 non
1600 2782 1822 2849 habent,

232 2888 288 2934 et
323 2895 543 2934 rursum
591 2879 832 2934 lsraciita
884 2879 1149 2949 percipiat
1197 2894 1226 2931 a
1258 2875 1539 2933 sacerdote
1565 2885 1617 2933 et
1640 2877 1824 2932 Levita

231 2972 482 3027 cmlestia
531 2979 586 3024 ct
637 2971 814 3026 divina
859 2986 979 3040 qua:
1026 2987 1133 3025 non
1179 2969 1363 3024 habet.
1399 2969 1509 3025 Lex
1554 2971 1698 3025 enim
1727 2965 1824 3024 Dei

231 3065 615 3123 sacerdotibus
663 3065 951 3119 commissa
1000 3075 1084 3120 est
1133 3073 1186 3120 ct
1212 3065 1433 3130 Levitis,
1466 3073 1524 3120 ut
1568 3066 1694 3121 huic
1726 3065 1824 3120 soli

229 3172 462 3228 operam
491 3157 752 3222 tribuant,
779 3165 832 3211 et
864 3156 1028 3211 verbo
1058 3151 1153 3211 Dei
1182 3157 1386 3228 absque
1428 3155 1533 3211 ulla
1566 3157 1822 3212 sollicitu-

1928 1957 2200 2021 distribui,
2251 1947 2598 2012 aestimentur
2635 1960 2799 2013 etiam
2835 1959 3111 2028 principes
3143 1959 3262 2014 veri
3306 1965 3361 2013 et
3399 1957 3505 2027 spi-

1928 2050 2114 2104 ritales
2147 2049 2331 2104 lsraei.
2383 2049 2530 2116 Quos
2568 2058 2750 2104 autem
2793 2058 3047 2118 putamus
3072 2061 3190 2105 esse
3232 2050 3505 2119 principes

1927 2142 2166 2195 tribuum
2218 2148 2557 2206 nostrarum,
2608 2141 2694 2195 vel
2742 2141 2998 2196 Ecclesia!
3039 2142 3339 2210 principes,
3398 2140 3504 2194 nisi

1927 2239 2143 2285 sanctos
2191 2232 2483 2300 apostolos,
2536 2231 2605 2284 ad
2647 2237 2783 2300 Quos
2830 2230 2962 2284 dicit
3010 2229 3276 2295 Salvator,
3322 2241 3344 2279 ι
3377 2229 3505 2298 quia

1926 2322 2181 2375 sedebitis
2207 2331 2261 2375 et
2284 2335 2382 2376 vos
2411 2331 2574 2392 super
2623 2317 2905 2376 duddecim
2933 2321 3176 2387 thronos,
3200 2321 3506 2389 iudicantes

1927 2412 2211 2466 duodecim
2267 2412 2442 2466 tribus
2489 2411 2657 2467 israel
2703 2412 2918 2484 (Matth.
2951 2412 3092 2483 tux}.
3125 2427 3148 2465 ν
3198 2413 3507 2466 Assumitur

1926 2510 2110 2556 tamen
2147 2502 2214 2556 ad
2242 2502 2562 2557 divisionem
2593 2503 2758 2556 etiam
2806 2501 3077 2566 sacerdos,
3111 2503 3313 2573 quiest
3353 2515 3507 2558 arca-

1925 2606 2029 2648 nus
2058 2602 2111 2648 et
2156 2595 2414 2663 mysticus
2455 2607 2633 2649 sermo
2662 2592 2803 2647 Dei:
2851 2594 2931 2648 sic
2977 2596 3124 2648 enim
3179 2595 3328 2661 dicit,
3379 2595 3507 2664 quia

1934 2706 1952 2737 ι
1999 2702 2120 2742 cum
2151 2689 2362 2743 venerit
2399 2686 2579 2752 Iesus,
2610 2693 2664 2742 et
2688 2687 2916 2742 Eleazar
2962 2689 3122 2744 simul
3171 2691 3240 2744 ad
3267 2691 3509 2744 dividen-

1927 2778 2050 2833 dam
2075 2785 2297 2834 te’rram.
2336 2799 2356 2831 ι
2390 2779 2456 2834 Et
2488 2781 2766 2835 videamus
2796 2781 2918 2849 quis
2945 2789 3026 2835 est
3054 2782 3144 2849 qui
3174 2781 3384 2850 primus
3412 2791 3499 2838 ao-

1929 2871 2071 2939 cepit
2090 2870 2460 2926 baereditatem
2486 2871 2554 2926 ab
2577 2869 2723 2926 Iesu.
2759 2889 2779 2921 ι
2809 2870 2994 2936 Caleb,
3032 2891 3053 2923 γ
3084 2871 3274 2941 inquit,
3313 2889 3335 2922 ε
3361 2870 3506 2929 illius

1928 2961 2152 3018 Jeilonc.
2192 2984 2210 3015 ι
2245 2959 2344 3019 Hic
2372 2964 2514 3017 enim
2549 2963 2701 3034 petiit
2728 2971 2783 3018 et
2807 2965 3014 3034 accep-it
3035 2965 3241 3034 primus
3271 2964 3505 3031 exteris,

1929 3056 2248 3126 quibusdam
2277 3057 2578 3113 rationibus
2605 3065 2660 3112 et
2687 3057 2868 3112 verbis
2896 3067 3014 3127 quat
3043 3059 3314 3128 descripta
3351 3067 3504 3113 sunt:

1929 3163 2052 3217 qum
2079 3149 2247 3204 verba
2278 3150 2438 3203 etiam
2473 3165 2570 3203 nos
2594 3157 2819 3219 possunt
2858 3149 3132 3204 instruere
3156 3152 3222 3205 ad

230 3248 362 3304 dine
393 3255 601 3304 vacent.
643 3248 750 3305 Sed
778 3251 977 3304 iterum
1006 3259 1062 3303 ut
1084 3262 1280 3305 vacare
1307 3247 1536 3322 possint,
1558 3243 1821 3306 laicorum

1929 3239 1996 3293 Et
2021 3241 2231 3308 primus
2259 3241 2500 3295 omnium
2533 3235 2697 3296 Calcb
2735 3240 3082 3312 interpretari
3109 3239 3324 3308 dicitur,
3353 3243 3511 3313 quasi

226 3340 315 3394 uti
353 3340 675 3395 ministeriis
727 3341 964 3396 debent:
993 3341 1035 3396 si
1072 3341 1218 3396 enim
1264 3335 1434 3397 laicus
1481 3355 1544 3397 ea
1574 3357 1693 3412 quae
1728 3357 1824 3398 ne-

230 3432 483 3486 cessaria
511 3440 634 3485 sunt
662 3446 768 3486 non
797 3433 1089 3502 praebuerit
1115 3429 1490 3489 sacerdotibus
1517 3437 1571 3488 et
1596 3431 1819 3501 Levitis,

227 3521 488 3590 occupati
520 3522 593 3574 illi
625 3521 678 3575 in
710 3522 927 3588 talibus,
960 3523 1013 3578 id
1035 3532 1138 3588 est,
1169 3525 1223 3578 in
1253 3521 1625 3595 corporalibus
1653 3527 1820 3593 curis,

229 3615 422 3669 minus
453 3615 556 3684 legi
582 3613 674 3669 Dei
704 3614 994 3670 vacabunt.
1024 3615 1133 3672 illis
1160 3623 1339 3672 autem
1370 3627 1477 3673 nun
1509 3616 1824 3673 vacantibus

230 3718 418 3774 neque
470 3718 687 3773 Operam
739 3706 991 3761 dantibus
1036 3701 1139 3775 legi
1187 3702 1310 3771 Dei,
1358 3714 1414 3761 tu
1460 3701 1821 3778 periclitabis;

228 3795 625 3850 obscurabitur
654 3796 800 3849 enim
842 3796 934 3850 lux
975 3795 1215 3851 scientiae
1256 3807 1375 3868 qua!
1425 3787 1479 3850 in
1512 3795 1617 3852 illis
1643 3803 1744 3863 est,
1774 3803 1825 3851 te

227 3910 348 3946 non
400 3893 742 3945 ministrante
779 3891 957 3946 oleum
1001 3892 1254 3957 lucorum,
1286 3900 1340 3946 et
1381 3875 1536 3960 culpa
1575 3900 1664 3944 tua
1692 3890 1824 3945 illud

226 3983 456 4038 eveniet
480 3983 624 4052 quod
649 3982 782 4036 dixit
813 3981 1092 4048 Dominus,
1125 3981 1252 4050 quia
1306 4001 1323 4032 ‹
1359 3997 1532 4036 caecus
1562 3997 1702 4036 careo
1730 3981 1827 4035 du-

227 4084 424 4128 catum
480 4075 749 4140 pracbens,
797 4069 956 4127 ambo
1008 4074 1061 4126 in
1109 4070 1318 4127 fot’eam
1368 4075 1561 4128 cadent
1606 4073 1821 4144 (Matth.

226 4162 352 4233 xv).
390 4182 406 4212 ι
442 4163 547 4216 Sed
573 4171 628 4216 et
652 4163 783 4216 illud
810 4163 1168 4232 complebitur
1201 4164 1346 4232 quod
1369 4163 1640 4218 Dominus
1655 4163 1820 4218 dixit:

233 4276 255 4309 r
306 4255 372 4309 Si
402 4255 549 4308 enim
593 4256 678 4308 lux
713 4272 832 4324 qum
860 4264 944 4311 est
981 4256 1038 4310 in
1071 4260 1126 4310 te
1154 4249 1390 4310 tenebrze
1417 4265 1560 4321 sunt,
1591 4251 1825 4310 tenebrae

227 4351 371 4420 ipsa:
392 4358 607 4418 quantae
628 4351 785 4403 sunt?
813 4369 830 4400 ι
861 4348 1073 4420 (Matth.
1100 4348 1197 4419 vr.)
1224 4347 1292 4402 Ut
1318 4363 1444 4418 ergo
1471 4347 1561 4399 lux
1588 4346 1824 4401 scicntim

227 4443 286 4495 in
344 4440 720 4516 sacerdotibus
753 4439 975 4510 fulgeat,
1017 4440 1238 4493 lucerna
1277 4445 1465 4491 eorum
1514 4437 1582 4491 sit
1614 4447 1826 4506 semper

228 4548 510 4587 accensa:
548 4541 603 4584 tu
653 4531 812 4601 imple
861 4531 1119 4595 cilicium,
1171 4536 1224 4584 tu
1276 4525 1482 4600 comple‘
1511 4527 1821 4583 mandatum

1928 3344 2041 3388 cor.
2071 3331 2204 3398 Quis
2242 3343 2372 3403 ergo
2415 3332 2572 3402 quasi
2611 3346 2729 3398 cor,
2779 3333 2886 3386 nisi
2929 3334 2974 3388 is
3019 3334 3109 3404 qui
3161 3331 3215 3387 in
3259 3331 3510 3389 omnibus

1927 3422 2220 3478 intellectui
2253 3431 2473 3493 operam
2505 3423 2744 3477 tribuit?
2792 3423 2928 3490 Quia
2960 3429 3069 3478 non
3113 3423 3260 3479 aliud
3288 3421 3507 3495 aliquod

1926 3515 2230 3569 membrum
2273 3515 2517 3585 corporis
2543 3515 2800 3569 Ecclesia:
2839 3525 2962 3569 esse
2985 3510 3202 3581 dicitur,
3233 3515 3339 3570 nisi
3375 3513 3509 3570 illud

1928 3604 2070 3672 quod
2118 3612 2202 3659 est
2249 3606 2404 3660 nobis
2451 3605 2765 3674 praeclarius
2815 3620 2931 3672 eor,
2960 3599 3016 3660 id
3045 3614 3145 3672 est,
3185 3605 3280 3676 qui
3325 3607 3507 3662 omnia

1928 3701 2048 3747 cum
2097 3696 2306 3749 ratione
2381 3701 2435 3750 et
2479 3695 2816 3764 providentia
2873 3693 3028 3765 gerit,
3083 3700 3138 3750 et
3185 3697 3262 3750 ita
3313 3704 3506 3752 concta

1928 3783 2222 3852 dispensat,
2252 3785 2405 3854 quasi
2438 3797 2546 3840 nan
2585 3785 2655 3840 sit
2703 3781 2850 3839 aliud
2883 3785 2995 3838 nisi
3024 3796 3136 3840 cur.
3173 3785 3505 3857 interpreta-

1927 3881 2021 3929 tur
2050 3882 2230 3930 autem
2259 3885 2313 3930 et
2337 3875 2545 3932 Jetl'onc
2572 3885 2726 3947 pater
2754 3875 2870 3946 ejus
2905 3879 3206 3934 conversio.
3246 3879 3346 3935 Hic
3374 3896 3505 3952 ergo

1926 3955 2090 4023 Calcb
2123 3971 2267 4024 [ilius
2289 3979 2372 4025 est
2402 3968 2791 4028 conversionis.
2845 3969 2950 4037 Qui
2978 3969 3081 4026 nisi
3113 3971 3160 4026 is
3187 3971 3278 4042 qui
3307 3973 3376 4027 ad
3400 3971 3505 4027 Do-

1927 4055 2132 4113 minum
2167 4067 2461 4117 conversus
2493 4061 2652 4117 talem
2684 4078 2749 4116 ex
2795 4075 2850 4117 se
2897 4062 3128 4117 fructum
3163 4061 3420 4135 proferet,
3451 4073 3506 4120 et

1928 4162 2024 4203 cor
2063 4150 2230 4204 lilium
2273 4153 2563 4221 generarit.
2622 4151 2718 4206 Est
2765 4159 2894 4223 ergo
2945 4155 3120 4207 omnis
3168 4155 3260 4223 qui
3310 4155 3506 4209 divinis

1928 4241 2176 4295 sensibus
2203 4243 2376 4305 vacat,
2413 4247 2466 4296 et
2495 4233 2789 4311 prudenter
2838 4247 3031 4296 cuncta
3066 4250 3130 4296 ac
3164 4241 3502 4297 rationabili—

1927 4339 2012 4385 ter
2038 4332 2168 4402 agit,
2199 4330 2380 4386 Caleb.
2407 4331 2505 4387 Hic
2527 4335 2703 4403 primo
2727 4327 2944 4403 quidem
2973 4335 3217 4389 eruditus
3243 4349 3272 4388 a
3299 4329 3502 4406 Moyse,

1928 4425 2165 4480 Secundo
2209 4431 2337 4481 vero
2386 4437 2416 4479 a
2444 4425 2572 4480 Jesu
2618 4426 2704 4480 cui
2744 4421 3052 4487 aSSistcbat,
3106 4425 3336 4478 dicens:
3369 4439 3392 4475 ι
3423 4421 3504 4479 Tu

1930 4517 2070 4571 nosti
2101 4518 2323 4571 verbum
2360 4513 2503 4585 quod
2548 4518 2759 4570 locutus
2788 4524 2866 4569 est
2900 4512 3164 4569 Dominus
3191 4513 3258 4568 ad
3287 4509 3505 4585 Moysen

228 4577 470 4587 nec---“
498 4577 510 4582 -
549 4577 603 4584 η.
654 4577 811 4601 ...Ἰην
1172 4577 1224 4584 η.
1280 4577 1480 4600 πυτ--
1511 4577 1819 4583 ---μηηηω

227 4627 334 4681 Dei
366 4641 496 4694 erga
523 4624 782 4692 obsequia
812 4626 1174 4678 sacerdotum.
1219 4623 1371 4688 Quod
1401 4621 1446 4675 si
1478 4621 1616 4675 forte
1643 4637 1821 4675 susce-

1930 4607 2201 4660 hominem
2233 4577 2410 4672 [κὶςὲ
2480 4615 2533 4659 tu
2563 4607 2668 4659 scis
2695 4607 2914 4658 verbum
2956 4606 3100 4672 quod
3137 4603 3351 4660 locutus
3373 4577 3501 4661 inst.

223 4719 346 4788 piis
393 4733 420 4769 a
453 4725 503 4768 te
532 4731 650 4784 qua:
690 4709 996 4768 necessaria
1047 4722 1188 4777 sunt,
1234 4719 1285 4764 et
1321 4713 1398 4766 sic
1431 4729 1539 4766 non
1583 4709 1825 4781 sequaris

227 4807 556 4869 avaritiam,
587 4803 680 4860 sed
705 4803 1133 4860 benedictionem
1165 4803 1450 4860 merueris.
1472 4801 1549 4854 illi
1581 4802 1827 4872 neglexe-

224 4901 353 4957 rint
376 4896 668 4950 eruditioni
685 4912 902 4966 operam
919 4896 1064 4961 dare,
1082 4904 1136 4949 et
1158 4895 1321 4948 verbo
1346 4893 1438 4946 Dei
1466 4905 1680 4952 vacare,
1696 4897 1750 4944 ct
1773 4889 1827 4944 in

225 4991 360 5064 lege
379 4985 472 5042 Dei
498 4981 847 5042 meditaridie
859 5002 921 5040 ac
937 4994 1108 5049 nocte,
1136 4986 1237 5056 ipsi
1267 4983 1525 5038 videbunt
1560 4980 1828 5052 quomodo

224 5098 338 5156 pro
385 5076 889 5149 animabuslvestris
920 5067 1148 5131 reddant
1171 5071 1401 5130 Domino
1432 5074 1713 5129 rationem.

851 5185 1078 5242 CAPUT
1127 5184 1212 5239 Ill.

228 5304 318 5361 De
348 5319 414 5358 eo
435 5301 572 5372 quod
601 5317 779 5372 nouem
806 5299 967 5352 tribus
999 5307 1050 5352 et
1073 5297 1294 5372 dimidia
1319 5305 1627 5372 acceperunt
1657 5306 1822 5372 sortes

306 5365 458 5428 suas
484 5388 574 5442 per
619 5370 937 5442 Eleazarum
981 5369 1300 5442 sacerttoteiit
1348 5376 1394 5420 et
1441 5365 1602 5418 Josue
1653 5365 1822 5442 [ilium

309 5434 703 5507 Nunfduabus
737 5437 978 5507 tribubus
1018 5449 1062 5491 et
1091 5435 1309 5490 dimidia
1339 5445 1512 5506 partes
1543 5447 1663 5488 suas
1690 5434 1824 5488 acci-

306 5502 576 5588 pientibus
603 5527 693 5581 per
717 5502 933 5580 Moysen
959 5509 1098 5562 ultra
1118 5502 1424 5561 Iordanem.

311 5631 472 5704 (CAP.
497 5625 632 5696 xxv.)
689 5644 706 5676 ι
733 5621 847 5680 lloc
874 5619 1121 5694 estquod
1145 5622 1506 5692 passedcrunt
1537 5619 1630 5677 ﬁlii
1659 5617 1825 5674 lsrae‘l

241 5744 260 5777 ι
314 5725 374 5777 in
413 5732 555 5775 terra
581 5715 866 5781 Chanaan,
899 5732 1060 5786 quam
1097 5715 1363 5770 dederunt
1387 5713 1467 5768 cis
1492 5712 1714 5768 Eleazar
1743 5726 1827 5765 sa—

244 5837 264 5870 (
314 5815 535 5878 cerdos,
567 5820 622 5867 et
650 5811 810 5869 losue
837 5811 978 5868 illius
1005 5811 1144 5881 Non,
1191 5819 1243 5867 et
1276 5811 1548 5881 principes
1594 5807 1822 5863 fainilia-

1931 4697 2062 4762 Quis
2088 4697 2231 4750 enim
2280 4695 2416 4750 alius
2445 4700 2622 4765 potest
2658 4709 2814 4748 nosse
2845 4695 3070 4749 verbum
3100 4697 3251 4765 quod
3296 4697 3505 4752 loeutus

1929 4796 2011 4842 est
2045 4787 2302 4842 Dominus
2346 4787 2415 4841 ad
2443 4787 2682 4858 Moysen,
2712 4783 2818 4841 nisi
2844 4785 2991 4842 solus
3014 4786 3208 4842 Jcsus?
3231 4789 3400 4844 Nemo
3427 4791 3507 4845 sic

1927 4880 2193 4936 intellexit
2221 4881 2392 4952 legem
2421 4883 2559 4936 sicut
2581 4881 2764 4935 docuit
2791 4879 2946 4935 Iesus
2972 4895 2986 4933 :
3009 4881 3122 4951 ipse
3153 4881 3295 4937 enim
3325 4885 3504 4936 omnia

1931 4967 2115 5030 docuit
2163 4981 2215 5029 et
2259 4975 2485 5044 aperuit,
2531 4975 2645 5043 ipse
2676 4965 2936 5028 revelavit
2973 4967 3160 5037 Panic,
3217 4993 3236 5024 ‹
3267 4975 3390 5042 quia
3419 4973 3504 5028 lex

1929 5064 2189 5137 spiritalis
2214 5074 2297 5121 est
2325 5064 2500 5137 (Rom.
2539 5063 2658 5135 vn).
2697 5082 2716 5116 ι

2547 5170 2776 5233 CAPUT
2808 5171 2895 5232 IV.

1927 5263 2005 5327 De
2034 5273 2292 5327 locutione
2324 5269 2576 5337 Caicum!
2615 5269 2776 5325 Josue’
2800 5287 2893 5337 pro
2933 5279 3071 5321 terra
3112 5255 3310 5333 Ebron,
3348 5285 3502 5337 quam

2417 5333 2529 5413 [sibi
2557 5333 2836 5411 pustulavit
2861 5340 2999 5392 dari.

2001 5435 2178 5505 (ιΒίῡ.)
2221 5442 2240 5482 r'
2275 5433 2616 5501 LocutuSquc
2653 5438 2736 5487 est
2765 5425 2830 5483 ad
2867 5444 2986 5484 eum
3032 5428 3196 5483 Caici)
3223 5427 3362 5481 ﬁlius
3389 5421 3503 5480 ,Μ-

1937 5545 1956 5577 ‹
2003 5525 2148 5590 fone,
2170 5523 2458 5580 Cene‘zzeus
2479 5541 2490 5576 :
2512 5523 2659 5577 Nosti
2677 5519 2815 5589 quod
2840 5520 3050 5574 locutus
3069 5520 3137 5574 sit
3161 5519 3420 5573 Dominus
3437 5520 3504 5572 ad

1939 5634 1958 5667 ι
2005 5617 2223 5686 Moysen
2250 5615 2523 5671 hominem
2557 5612 2672 5677 Dei,
2700 5612 2764 5665 de.
2790 5623 2878 5664 mc
2900 5618 2954 5664 et
2983 5615 3040 5665 te
3060 5611 3118 5665 in
3139 5608 3500 5665 Gadesbam'e.
3583 5639 3594 5646 ε

1939 5729 1957 5761 ε
2003 5708 2365 5778 Quadraginta
2416 5699 2680 5760 annorum
2739 5707 2887 5756 erant
2940 5700 3161 5770 quando
3213 5714 3300 5754 me
3357 5699 3502 5753 misit

1941 5823 1958 5856 ι
2008 5802 2213 5874 Moyses
2253 5799 2483 5855 famulus
2509 5794 2716 5850 Domini
2749 5803 2818 5849 de
2842 5793 3202 5875 Cadesbarne,
3228 5799 3287 5845 ut
3321 5790 3500 5846 consi-
