3930 6344
431 433 436 444 .
467 377 604 436 1071

1107 371 1168 424 Β.
1212 369 1463 426 RABANI
1502 369 1722 426 MAURI
1758 366 2084 425 ARCHIEP.
2125 363 2437 422 MOGUNT.
2478 361 2767 420 OPERUM
2805 358 2986 416 PARS
3020 359 3064 415 l.

3572 359 3713 422 ιθιε

463 513 476 546 (
530 493 780 549 derarem
819 491 1043 550 terram,
1073 485 1424 555 nuntiavique
1463 486 1514 540 ei
1546 485 1691 556 quod
1723 497 1911 538 verum
1945 483 2028 538 vi-
2055 485 2107 546 Α
2133 480 2201 534 ab
2240 479 2513 534 Abraham
2553 475 2866 547 patriarcha
2901 488 2967 528 ea
2995 476 3080 527 est
3107 468 3160 524 in
3191 482 3298 538 qua
3327 466 3582 540 conjugia
3620 487 3713 540 pa-

466 603 486 636 (
519 566 756 638 ⁴ιιεξὶιιιιιιι·
794 577 948 632 mihi.
991 574 1213 630 Fratres
1257 585 1437 630 autem
1481 576 1588 631 mei
1634 576 1727 646 qui
1769 574 2031 630 ascende—

467 691 486 725 ι
532 678 655 726 rant
699 683 930 733 mecum,
961 665 1322 722 dissolverunt
1365 682 1459 722 cor
1487 666 1713 736 pepuli:
1747 673 1801 719 et
1841 665 2034 720 nihilo-

464 783 484 813 ‹
529 763 711 815 minus
741 775 842 831 ego
885 768 1102 814 secutus
1147 775 1264 812 sum
1308 758 1592 811 Dominum
1621 758 1789 812 Deum
1831 773 2028 812 meum.

466 872 486 905 ι
533 851 850 920 Iuravitque
895 849 1105 921 Moyses
1153 849 1206 902 in
1237 847 1323 902 die
1373 848 1482 913 illo,
1532 846 1717 903 dicens
1755 865 1767 900 :
1809 847 2033 901 Terram

463 961 482 993 ι
528 957 691 1011 quam
732 939 962 996 calcavit
989 953 1083 1008 pes
1123 946 1267 1002 tuus,
1294 937 1397 991 erit
1425 939 1694 1008 possessio
1730 946 1842 1000 tua,
1873 945 1926 990 et
1968 936 2032 989 ﬁ-

463 1055 482 1085 ι
529 1036 725 1090 liorum
774 1042 990 1088 tuorum
1037 1030 1092 1084 in
1140 1037 1493 1099 perpetuum,
1520 1047 1538 1080 ι
1580 1037 1635 1082 et
1685 1027 1912 1097 reliqua.
1958 1027 2033 1079 De

457 1141 561 1189 me,
601 1124 797 1195 inquit,
828 1130 882 1178 et
909 1121 974 1176 dc
1011 1128 1063 1175 te
1087 1119 1296 1174 locutus
1335 1125 1418 1172 est
1455 1117 1701 1188 Moyses:
1739 1117 1803 1171 de
1835 1125 1886 1170 te
1915 1115 2034 1185 qui-

457 1217 599 1282 dem,
638 1217 741 1270 hoc
783 1221 868 1268 est
911 1209 1053 1282 quod
1095 1209 1231 1264 dixit
1263 1209 1521 1264 Dominus
1559 1208 1682 1278 quia
1717 1227 1735 1258 ι
1766 1207 1811 1261 si
1844 1208 2030 1262 crede-

455 1306 588 1361 retis
616 1302 816 1374 Moysi,
848 1300 1143 1356 crederetis
1173 1298 1359 1366 utique
1402 1304 1458 1351 et
1496 1296 1649 1361 mihi,
1681 1297 1746 1350 de
1772 1312 1856 1350 me
1886 1297 2029 1350 enim

455 1397 544 1452 ille
584 1393 799 1463 scripsit
828 1391 1010 1462 (Joan.
1038 1389 1126 1460 v);
1153 1409 1171 1440 ι
1206 1390 1273 1443 de
1300 1403 1386 1442 me
1421 1403 1549 1442 vero
1582 1387 1709 1456 quid
1739 1387 1897 1451 dixit,
1930 1387 2031 1440 hoc

453 1496 536 1542 est
560 1487 624 1542 de
655 1484 840 1549 Caleb,
867 1483 960 1554 qui
985 1499 1081 1537 cor
1109 1483 1227 1535 est?
1255 1480 1474 1536 Certum
1503 1488 1587 1534 est
1613 1479 1741 1548 quia
1771 1479 1838 1532 de
1867 1479 2028 1533 corde

453 1577 670 1646 scripsit
695 1575 926 1645 Moyses,
954 1573 1046 1642 qui
1093 1573 1274 1626 omnia
1319 1570 1614 1640 prudenter
1653 1570 2032 1640 sapienterque

455 1667 798 1735 conscripsit.
842 1663 932 1717 Ait
973 1679 1103 1733 ergo
1139 1681 1150 1714 :
1182 1661 1351 1715 Hodie
1398 1661 1551 1715 valeo
1593 1661 1734 1716 sicut
1764 1660 2028 1714 valebam.

455 1761 606 1815 Tunc
632 1766 854 1813 sanctus
883 1755 1080 1824 quippe
1116 1753 1364 1808 similiter
1392 1752 1534 1807 valet
1570 1754 1623 1806 in
1651 1753 2028 1821 praesentibus,

2133 577 2272 623 trum
2295 577 2350 623 et
2371 567 2611 636 reliquiae
2636 580 2823 621 eorum
2843 563 3047 634 jacent,
3076 559 3131 614 id
3154 567 3254 626 est,
3284 557 3562 614 Abraham
3590 576 3712 615 cum

2133 657 2289 724 Sara,
2339 657 2490 711 Isaac
2524 671 2648 710 cum
2689 655 2954 717 Rebecca,
3005 649 3173 704 Iacob
3205 663 3330 704 cum
3366 647 3488 702 Lia.
3521 647 3715 705 Meruit

2131 764 2260 820 ergo
2286 745 2448 802 Caleb
2478 755 2691 816 patrum
2737 743 2992 812 reliquias
3018 739 3075 794 in
3126 738 3503 796 biereditatem
3547 740 3714 796 susci-

2131 855 2278 910 pere,
2305 839 2422 893 sine
2447 837 2608 893 dubio
2633 835 2758 906 quia
2787 849 2884 904 per
2911 830 3233 902 sapientiam
3260 846 3382 899 quae
3411 830 3468 884 in
3501 846 3568 885 eo
3603 842 3711 885 erat

2131 933 2222 1002 qui
2265 932 2514 1002 vigebat,
2540 942 2596 985 et
2623 930 2722 984 sub
2752 927 2934 998 Moyse
2975 933 3032 979 et
3060 925 3161 980 sub
3203 924 3331 979 Iesu
3374 924 3710 981 intellexerat

2131 1021 2525 1091 conjunctionis
2572 1019 2738 1090 ipsius
2781 1018 3067 1081 rationem,
3097 1024 3151 1070 et
3178 1023 3546 1087 prospexerat
3590 1018 3709 1086 quid

2131 1119 2276 1167 esset
2308 1127 2484 1167 causm
2512 1109 2657 1181 quod
2687 1124 2811 1162 cum
2839 1106 3115 1161 Abraham
3161 1105 3275 1160 sola
3325 1104 3463 1160 Sara
3485 1104 3704 1173 jaceret,

2132 1202 2222 1258 ubi
2269 1217 2446 1271 neque
2490 1200 2654 1272 Agar,
2691 1213 2866 1268 neque
2913 1195 3146 1251 Cethura
3188 1196 3238 1249 ei
3289 1196 3575 1252 meruisset
3616 1199 3701 1252 ad-

2125 1291 2314 1362 jungi:
2346 1289 2430 1345 vel
2459 1289 2590 1358 quid
2638 1297 2783 1344 esset
2827 1301 3006 1342 causa:
3049 1286 3193 1355 quod
3235 1301 3361 1340 cum
3394 1283 3555 1340 Iacob
3594 1289 3700 1343 sola

2133 1382 2226 1436 Lia
2263 1380 2447 1450 jacere
2473 1380 2767 1444 videretur,
2795 1385 2851 1432 et
2878 1391 3051 1446 neque
3079 1374 3286 1432 Rachel
3322 1393 3445 1446 quae
3482 1378 3701 1446 amplius

2133 1471 2311 1525 fuerat
2355 1470 2571 1534 dilecta,
2603 1483 2776 1538 neque
2825 1467 3004 1536 aliqua
3045 1483 3113 1522 ex
3152 1467 3490 1531 concubinis,
3533 1468 3590 1520 in
3621 1484 3701 1522 se-

2132 1562 2318 1633 pulcro
2340 1561 2392 1616 ei
2420 1561 2600 1615 fuerat
2622 1558 2890 1631 c0pulata.
2919 1559 3038 1628 Ipse
3065 1573 3196 1631 ergo
3226 1559 3284 1612 in
3316 1558 3592 1613 memoriis
3615 1576 3703 1630 pa-

2136 1664 2277 1708 trum
2313 1651 2682 1708 hzereditatem
2725 1651 2869 1721 capit
2913 1650 3150 1718 prudens
3193 1657 3249 1704 et
3278 1651 3497 1719 sapiens
3534 1649 3701 1714 Caleb,

2135 1749 2236 1818 ipsi
2275 1745 2432 1801 Iesus
2459 1744 2845 1800 Enacbitarum
2876 1743 3118 1814 gentium
3147 1743 3497 1813 metropolim
3529 1745 3706 1800 tribuit

450 1859 504 1904 et
530 1851 587 1904 in
615 1845 925 1917 praeteritis,
954 1851 1010 1898 et
1036 1843 1091 1896 in
1117 1841 1449 1905 novissimis,
1474 1851 1528 1894 et
1562 1841 1617 1894 in
1646 1840 1944 1903 veteribus,
1977 1847 2032 1894 et
2063 1831 2110 1894 Β
2138 1837 2381 1901 Hebron,
2422 1843 2478 1890 et
2524 1832 2753 1890 eﬁicitur
2803 1834 2852 1887 ei
2902 1848 3018 1887 sors
3063 1848 3238 1903 usque
3291 1833 3348 1888 in
3397 1833 3705 1888 hodiernum

443 1931 506 1996 in
536 1937 862 2008 Evangeliis,
893 1941 950 1988 et
980 1934 1035 1988 in
1079 1932 1218 2004 lege.
1269 1931 1383 1987 Hoc
1431 1940 1514 1986 est
1555 1944 1684 2002 ergo
1713 1929 1855 2000 quod
1903 1930 2033 1984 dicit

452 2030 633 2085 valere
658 2045 717 2084 se
747 2028 909 2082 hodie
937 2026 1036 2081 sub
1064 2023 1190 2080 Iesu
1218 2025 1357 2079 sicut
1387 2033 1516 2079 tunc
1543 2026 1644 2078 sub
1676 2023 1875 2096 Moyse,
1908 2024 2032 2094 quia

454 2120 506 2172 in
543 2118 824 2186 utriusque
869 2115 1200 2170 Testamenti
1244 2114 1519 2184 mysteriis
1556 2129 1650 2168 cor
1688 2113 1914 2181 vigilans
1941 2130 2034 2167 va-

447 2211 542 2265 let.
573 2208 682 2264 Sed
712 2207 992 2262 videamus
1033 2206 1198 2262 etiam
1241 2205 1556 2276 petitionem
1585 2204 1702 2274 ejus
1745 2221 1908 2274 quam
1939 2221 2034 2275 po-

448 2302 552 2357 scit
580 2302 648 2355 ab
677 2299 804 2354 Iesu
837 2298 1000 2353 Caleb
1029 2298 1172 2352 ﬁlius
1201 2297 1408 2351 Ietl‘one
1435 2316 1446 2348 :
1481 2313 1499 2346 ι
1525 2295 1657 2350 Peto
1689 2304 1759 2359 te,
1781 2315 1799 2347 ι
1837 2297 2030 2365 inquit,

455 2411 474 2442 ‹
507 2398 750 2446 montem
777 2390 941 2454 hunc,
964 2408 982 2440 ι
1019 2388 1159 2442 sicut
1205 2387 1338 2441 dicit
1367 2385 1630 2440 Dominus
1657 2403 1670 2438 :
1703 2386 1760 2438 In
1799 2385 1885 2440 die
1915 2386 2027 2440 illa.

450 2479 598 2535 Nihil
626 2479 831 2535 humile
879 2478 964 2533 vel
1011 2476 1279 2545 dejectum
1330 2483 1548 2531 sanctus
1593 2475 1849 2545 requirit,
1899 2475 2032 2530 nihil

439 2572 594 2643 quod
637 2573 693 2627 in
738 2570 1000 2628 demersis
1045 2569 1384 2624 convallibus
1426 2567 1602 2636 jacet,
1652 2571 1744 2624 sed
1795 2577 2030 2624 montem

447 2664 643 2734 quaarit
668 2663 964 2727 excelsum,
991 2669 1048 2716 et
1072 2667 1311 2715 montem
1335 2661 1390 2713 in
1419 2672 1528 2729 quo
1551 2659 1800 2714 civitates
1822 2675 2032 2730 magna}

445 2761 500 2808 et
538 2754 775 2808 munitae.
816 2753 885 2806 Et
917 2767 985 2807 ex
1013 2753 1117 2806 hoc
1163 2751 1278 2805 haec
1306 2751 1585 2820 poscebat,
1634 2750 1759 2818 quia
1804 2759 2030 2804 noverat

445 2846 789 2916 belligerare,
822 2845 966 2899 sicut
1007 2842 1272 2912 scriptum
1297 2849 1381 2896 est
1407 2859 1418 2895 :
1461 2859 1480 2892 ‹
1507 2839 1769 2896 Civitates
1796 2842 2028 2895 munitas

444 2935 732 3005 occupabit
781 2933 1016 3004 sapiens,
1056 2942 1112 2988 et
1159 2932 1400 2987 destruet
1445 2932 1798 2987 munitionem
1828 2933 1882 2986 in
1923 2948 2028 3002 qua

443 3026 786 3082 conﬁdebant
808 3025 957 3093 impii
975 3021 1157 3096 (Prov.
1173 3023 1309 3095 xxx).
1325 3043 1342 3074 ›
1359 3021 1525 3077 Putas
1539 3038 1662 3078 cum
1685 3024 1800 3077 haec
1821 3022 2028 3077 diceret

443 3115 699 3171 Salomon
719 3116 824 3170 hoc
841 3130 942 3169 nos
965 3114 1182 3169 volebat
1202 3115 1396 3168 docere
1423 3113 1550 3182 quia
1573 3113 1788 3182 sapiens
1811 3122 2026 3183 caperet

439 3207 690 3260 civitates
711 3212 767 3259 et
790 3204 1119 3258 munitiones
1153 3205 1454 3258 destrueret
1495 3219 1561 3257 ex
1591 3203 1857 3273 lapidibus
1893 3218 2023 3258 con-
2054 3185 2100 3246 Ο

443 3298 698 3353 structis?
734 3297 818 3350 An
864 3296 995 3350 illud
1042 3295 1222 3364 potius
1266 3295 1466 3349 indicat
1508 3294 1648 3363 quod
1681 3295 1928 3348 civitates
1973 3303 2026 3348 et

445 3388 592 3441 muri
623 3394 750 3441 sunt
787 3386 1079 3457 impiorum
1124 3386 1396 3456 dogmata,
1425 3393 1481 3438 et
1516 3385 1806 3456 syllogismi
1851 3387 2026 3455 philo-

443 3475 756 3547 sophorum,
787 3475 983 3546 quibus
1017 3483 1268 3530 astruunt
1301 3475 1464 3544 impia
1494 3489 1720 3544 quaeque
1746 3483 1801 3529 et
1831 3477 2024 3531 divinae

440 3569 574 3639 legis
603 3567 874 3623 contraria
906 3582 1028 3638 qum
1061 3567 1202 3638 apud
1231 3581 1471 3636 paganos
1517 3565 1600 3619 vel
1629 3565 1892 3622 barbaros
1927 3569 2022 3622 0b-

437 3659 757 3716 servantur?
793 3657 900 3712 Sed
929 3657 1020 3711 illa
1043 3657 1130 3711 his
1154 3657 1460 3726 deputanda
1503 3664 1646 3722 sunt,
1679 3667 1736 3712 et
1779 3659 2024 3714 civitates

443 3750 680 3808 munitas
707 3764 828 3804 esse
857 3758 1020 3819 atque
1044 3748 1099 3802 in
1126 3748 1400 3803 montibus
1426 3749 1739 3815 collocatas,
1767 3765 1886 3819 qua:
1913 3753 2030 3806 hae-

443 3840 600 3901 retici
652 3839 1043 3896 assertionibus
1088 3839 1255 3894 velut.
1276 3839 1333 3893 in
1367 3839 1494 3894 altis
1541 3841 1814 3894 montibus
1856 3841 2024 3896 collo-

442 3940 587 3987 cant.
625 3930 761 3985 istas
801 3944 929 3999 ergo
973 3929 1222 3985 civitates
1267 3929 1484 3998 sapiens
1527 3930 1756 3998 quisque
1799 3929 2025 3985 verbum

444 4022 690 4078 veritatis
717 4021 1018 4091 pradicans
1047 4020 1298 4085 destruit,
1327 4029 1385 4075 et
1412 4021 1576 4075 urbes
1614 4021 1906 4076 mendaces
1933 4036 2026 4076 vc-

441 4113 623 4170 ritatis
643 4111 817 4166 ariete
841 4110 1140 4174 subvertit;
1167 4111 1307 4165 sicut
1329 4120 1384 4164 et
1408 4108 1608 4164 Paulus
1631 4110 1866 4178 dicebat,
1895 4129 1916 4162 ι
1937 4126 2027 4167 co-

444 4201 737 4272 gitationes
782 4200 1142 4263 destruentes,
1175 4206 1230 4252 et
1267 4213 1484 4254 omnem
1526 4200 1864 4256 altitudinem
1903 4215 2026 4270 qua:

443 4290 655 4348 extollit
682 4305 742 4347 se
766 4289 1058 4344 adversum
1081 4289 1365 4344 scientiam
1393 4291 1492 4345 Dei
1518 4291 1602 4362 (11
1631 4291 1754 4346 Cor.
1784 4294 1838 4362 ι)
1857 4333 1874 4357 ,
1894 4313 1914 4345 ι
1949 4295 2024 4347 ita

441 4386 610 4444 etiam
653 4399 804 4456 nunc
843 4381 1276 4453 sapientissimus
1318 4382 1409 4436 hic
1452 4382 1614 4438 Caleb
1644 4383 1852 4437 assistit
1896 4392 2024 4438 ante

439 4481 646 4544 Iesum,
679 4487 736 4535 et
760 4475 1031 4547 promittit
1073 4490 1133 4530 sc
1163 4474 1346 4530 valere
1378 4474 1446 4529 ad
1488 4473 1708 4540 bellum,
1736 4483 1794 4529 et
1838 4490 2022 4545 prom-

440 4583 595 4643 ptum
615 4587 737 4627 esse
763 4571 832 4625 ad
856 4569 1118 4640 praelium.
1145 4567 1212 4622 Et
1238 4568 1358 4622 ideo
1384 4567 1626 4636 deposcit
1650 4567 1891 4637 permitti
1916 4567 2020 4623 sibi

397 4723 399 4726 ,
441 4665 532 4719 vel
556 4662 860 4732 dispensari
893 4659 1228 4723 facultatem,
1261 4667 1322 4713 ut
1345 4658 1723 4728 congrediatur
1753 4673 1876 4712 cum
1909 4658 2024 4713 dia-

449 4756 656 4814 lecticis
697 4754 910 4819 saeculi,
941 4769 1064 4810 cum
1107 4754 1194 4808 bis
1223 4753 1317 4824 qui
1351 4767 1449 4823 pro
1477 4754 1617 4809 veris
1650 4753 1782 4808 falsa
1823 4755 2024 4808 conﬁr-

444 4855 627 4911 mant;
651 4851 714 4898 ut
747 4859 842 4898 eos
879 4842 1136 4908 confutet,
1164 4851 1219 4897 et
1245 4850 1482 4912 superet,
1515 4849 1571 4895 et
1597 4843 1876 4897 subvertat
1903 4856 2015 4897 om-

445 4939 535 4994 nia
570 4952 691 5007 quae
716 4935 790 4990 illi
815 4933 967 4989 falsis
1002 4935 1388 4990 assertionibus
1422 4943 1862 4989 construxerunt.
1893 4935 2018 4990 ideo

445 5031 676 5101 denique
719 5028 910 5084 videns
953 5027 1287 5082 alacritatem
1328 5030 1446 5099 ejus
1479 5027 1669 5094 Iesus,
1705 5030 2013 5095 benedixit,

443 5123 647 5192 inquit,
685 5136 829 5186 eum,
861 5117 1070 5174 scilicet
1093 5121 1236 5185 quod
1271 5120 1397 5174 talia
1421 5121 1678 5191 deposcat
1707 5130 1763 5175 et
1805 5102 2012 5175 audiat.

444 5212 552 5271 Sed
589 5221 645 5268 et
671 5221 728 5266 tu
753 5211 801 5266 si
841 5210 924 5264 vis
958 5208 1091 5262 dare
1113 5222 1334 5276 operam
1362 5212 1574 5276 studiis,
1601 5219 1658 5265 et
1689 5210 1860 5281 legem
1889 5227 2016 5280 pru-

444 5305 633 5360 denter
658 5303 926 5368 meditari,
955 5313 1012 5356 et
1035 5299 1172 5354 etlici
1199 5315 1295 5354 cor
1320 5302 1376 5356 in
1397 5303 1513 5373 lege
1540 5303 1670 5368 Dei,
1702 5312 1857 5373 potes
1883 5305 2016 5359 istas

444 5392 758 5463 magniﬁcas
797 5401 848 5447 et
913 5391 1147 5446 munitas
1195 5390 1386 5453 urbes,
1434 5391 1488 5444 id
1536 5400 1649 5457 est,
1686 5395 2014 5448 assertiones

442 5489 758 5544 subvertere
799 5485 1048 5541 falsitatis
1068 5525 1083 5550 ,
1113 5491 1172 5539 ut
1200 5491 1254 5537 et
1289 5490 1342 5535 tu
1370 5483 1627 5537 merearis
1659 5484 1906 5540 benedici
1951 5487 2019 5540 ab

441 5579 568 5637 Iesu
595 5590 651 5637 et
693 5581 938 5650 accipere
982 5579 1216 5636 Hebrou.
1265 5579 1651 5648 Interpretatur
1687 5588 1865 5636 autem
1912 5582 2014 5636 lle-

442 5675 578 5727 bt'on
603 5672 911 5742 conjunctio
930 5671 1015 5728 vel
1041 5673 1346 5746 coniugium
1370 5687 1385 5726 :
1416 5687 1513 5740 per
1532 5673 1677 5741 quod
1701 5682 1878 5742 potest
1907 5674 2012 5728 for-

445 5772 591 5817 tasse
620 5762 747 5816 illud
775 5764 985 5819 ostendi
1015 5766 1155 5833 quod
1196 5766 1450 5837 spelunca
1481 5764 1672 5834 duplex
1699 5776 2011 5835 comparata

2046 4531 2099 4589 D

2134 1930 2296 1985 diem.
2324 1927 2528 1983 Nomen
2561 1925 2775 1982 Hebron
2808 1934 2967 1981 antea
2994 1926 3289 1982 vocabatur
3320 1925 3704 1982 Cariatharbe:

2132 2024 2304 2077 Adam
2334 2020 2603 2076 maximus
2632 2019 2708 2074 ibi
2751 2019 2806 2074 in
2856 2026 3001 2074 terra
3032 2018 3296 2073 Enachim
3331 2019 3472 2076 situs
3509 2029 3628 2086 est,
3661 2029 3708 2075 et

2135 2124 2279 2168 terra
2329 2113 2560 2169 cessavit
2603 2127 2633 2166 a
2678 2111 2896 2181 praeliis.
2945 2109 3304 2166 Cariatharbe
3339 2127 3474 2182 ergo
3532 2114 3705 2168 civitas

2133 2215 2364 2276 quatuor
2390 2205 2816 2273 interpretatur:
2846 2208 2902 2256 et
2933 2200 3060 2255 licet
3105 2211 3361 2274 corrupte
3409 2203 3467 2257 in
3517 2203 3703 2259 Graecis

2133 2293 2408 2351 codicibus
2440 2295 2618 2349 Arboe
2656 2292 2945 2356 scribatur,
2985 2297 3167 2346 tamen
3210 2293 3265 2347 in
3303 2291 3555 2348 Hebraeis
3592 2295 3702 2365 legi-

2132 2385 2276 2457 gitur
2298 2384 2462 2448 Arbe,
2491 2383 2546 2438 id
2573 2390 2658 2438 est
2686 2389 2954 2452 quatuor:
2983 2394 3048 2435 ex
3087 2397 3152 2435 eo
3181 2383 3325 2450 quod
3368 2384 3446 2437 ibi
3478 2392 3589 2439 tres
3622 2400 3702 2452 pa-

2136 2476 2403 2542 triarchae,
2428 2475 2726 2537 Abraham,
2756 2472 2908 2527 Isaac
2932 2481 2987 2526 et
3025 2469 3214 2538 Iacob,
3254 2473 3454 2543 sepulti
3489 2483 3625 2536 sunt,
3654 2482 3699 2528 ct

2131 2568 2302 2623 Adam
2330 2581 2579 2638 magnus,
2612 2565 2752 2620 sicut
2775 2565 2830 2618 in
2865 2564 2966 2618 hoc
2999 2563 3157 2628 libro,
3191 2565 3297 2620 hoc
3341 2576 3460 2631 est,
3497 2566 3553 2620 in
3591 2565 3698 2620 Iesu

2131 2658 2278 2713 Nave
2306 2658 2570 2726 scriptum
2613 2665 2724 2723 est;
2756 2657 2882 2712 licet
2924 2669 3048 2709 eum
3094 2657 3315 2726 quidam
3352 2658 3625 2713 conditum
3652 2658 3699 2711 in

2131 2752 2252 2806 loco
2279 2749 2539 2806 Calvariae
2567 2750 2926 2818 suspicentur.
2958 2750 3086 2805 Haec
3125 2759 3307 2805 autem
3353 2753 3545 2806 eadem
3578 2751 3702 2805 Che-

2132 2845 2266 2898 bron
2313 2843 2443 2898 olim
2487 2843 2804 2912 metropolis
2832 2843 3301 2910 Philisthinorum,
3343 2853 3400 2898 et
3441 2845 3698 2900 habitacu-

2130 2934 2238 2988 lum
2289 2933 2596 3004 gigantum,
2648 2948 2978 3002 regnumque
3027 2942 3214 3004 postea
3267 2935 3438 2989 David
3485 2939 3540 2988 in
3571 2936 3700 2989 tribu

2128 3021 2265 3077 Iuda
2305 3024 2496 3078 civitas
2537 3025 2888 3079 sacerdotalis
2927 3038 2983 3080 et
3017 3027 3406 3096 fugitivorum,
3447 3027 3607 3082 distat
3641 3027 3699 3080 ad

2130 3115 2487 3169 meridianam
2512 3116 2722 3185 plagam
2751 3116 2818 3170 ab
2849 3115 2963 3170 Elia
3009 3118 3336 3174 milliaribus
3382 3119 3598 3173 circiter
3624 3118 3695 3171 vi-

2129 3205 2265 3276 ginti
2295 3205 2530 3269 duobus;
2557 3214 2610 3258 et
2635 3221 2864 3275 quercus
2891 3205 3186 3273 Abraham,
3215 3224 3337 3278 qua».
3365 3217 3420 3264 et
3450 3208 3690 3271 Mambre,

2128 3313 2299 3367 usque
2339 3299 2407 3353 ad
2450 3297 2753 3352 Constantii
2785 3299 2928 3369 regis
2958 3299 3250 3368 imperium
3282 3301 3686 3362 monstrabatur,

2127 3395 2184 3444 et
2210 3386 2544 3442 mausoleum
2573 3387 2690 3457 ejus
2721 3388 2777 3442 in
2811 3389 3226 3458 przesentiarum
3254 3392 3511 3445 cernitur.
3543 3389 3699 3444 Cum-

2127 3493 2234 3548 que
2264 3495 2292 3531 a
2324 3477 2523 3532 nostris
2571 3477 2770 3532 ibidem
2796 3479 3027 3533 ecclesia
3061 3478 3177 3547 jam
3220 3490 3494 3536 exstructa
3535 3480 3604 3534 sit
3649 3479 3700 3533 in

2128 3569 2378 3634 circuitu,
2410 3586 2442 3624 a
2488 3570 2698 3624 cunctis
2762 3571 3010 3641 gentibus
3057 3571 3370 3626 Terebinthi
3417 3572 3564 3626 locus
3613 3587 3702 3625 su-

2126 3659 2434 3728 perstitiose
2461 3658 2676 3724 colitur,
2701 3674 2766 3714 eo
2797 3661 2941 3728 quod
2971 3660 3069 3714 sub
3095 3675 3159 3714 ea
3186 3661 3450 3715 Abraham
3475 3657 3699 3726 angelos

2127 3748 2399 3818 quondam
2459 3749 2696 3819 hospitio
2746 3752 3065 3819 susceperit.
3114 3750 3227 3804 Haec
3274 3764 3400 3820 ergo
3456 3749 3704 3817 primum

2123 3841 2287 3905 Arbe,
2319 3848 2507 3910 postea
2535 3855 2566 3892 a
2595 3839 2868 3906 Chebron,
2893 3855 3001 3896 uno
3037 3841 3264 3896 ﬁliorum
3289 3839 3479 3906 Caleb,
3508 3840 3707 3894 sortita

2125 3930 2447 3988 vocabulum
2471 3938 2573 3986 est.
2601 3931 2743 4002 Lege
2767 3931 2944 3987 Verba
2973 3932 3201 3988 dierum.

2751 4043 2977 4101 CAPUT
3020 4045 3086 4100 ν.

2123 4162 2202 4217 De
2242 4173 2381 4219 sorte
2420 4163 2668 4232 ﬁliorum”
2698 4160 2843 4232 Iuda
2878 4174 2895 4211 :
2937 4170 2985 4232 et
3029 4159 3191 4232 q_uod_
3217 4157 3395 4232 δαισινΔ
3423 4156 3596 4232 delerat
3635 4171 3697 4206 ex

2195 4227 2542 4289 Hebron'tres
2589 4229 2728 4300 ﬁlios
2765 4229 3004 4294 Zenach,
3039 4227 3225 4294 Sesai,
3275 4239 3325 4282 et
3363 4227 3611 4280 Achiman
3654 4233 3699 4277 et

2198 4303 2460 4357 Tholmai.

2195 4384 2346 4464 (Car.
2374 4393 2490 4465 xv.)
2519 4411 2540 4446 ι
2567 4393 2735 4464 igitur
2761 4406 2880 4448 sors
2915 4391 3150 4446 ﬁliorum
3185 4389 3342 4446 Iud-.r.
3372 4404 3472 4459 per
3511 4401 3697 4456 cogna-

2130 4506 2150 4539 ‹
2193 4487 2370 4541 tiones
2408 4499 2534 4539 suas
2577 4484 2682 4539 ista
2710 4483 2847 4538 fuit:
2883 4498 2914 4538 a
2949 4484 3182 4537 termino
3226 4480 3403 4537 Edom
3435 4481 3696 4534 desertum

2130 4594 2148 4626 ‹
2195 4573 2292 4629 Sin
2317 4581 2506 4628 contra
2543 4573 2846 4639 meridiem,
2872 4581 2928 4628 et
2953 4587 3124 4644 usque
3155 4572 3224 4627 ad
3247 4580 3552 4626 extremam
3583 4582 3701 4637 par-

2130 4683 2149 4714 ‹
2195 4672 2305 4718 tem
2347 4662 2602 4718 australis
2637 4663 2828 4733 plagae,
2863 4683 2882 4714 ι
2913 4671 3017 4717 etc.
3055 4663 3164 4734 (Ea;
3193 4662 3539 4732 Augustino.)
3566 4658 3704 4714 Con-

2123 4754 2351 4810 suetudo
2389 4764 2473 4809 est
2521 4754 2817 4824 Scriptum
2867 4764 3098 4825 quatuor
3144 4757 3282 4810 adeo
3323 4763 3513 4826 partes
3563 4753 3704 4808 orbis

2122 4857 2301 4913 terrai,
2334 4862 2470 4918 quas
2518 4861 2707 4917 agrum
2746 4853 2804 4900 et
2831 4846 3016 4917 plagas
3050 4845 3357 4910 nominant,
3404 4844 3702 4916 appellare;

2119 4946 2176 4992 et
2207 4939 2264 4993 in
2300 4937 2678 4993 distributione
2708 4936 2896 4992 ﬁnium
2940 4937 3115 4991 tribus
3141 4935 3294 4990 Iuda;
3320 4935 3448 4990 duae
3474 4943 3704 4988 tantum-

2124 5033 2285 5088 modo
2328 5033 2696 5097 nominantur,
2736 5040 2791 5084 et
2831 5031 2951 5086 duae
2997 5030 3320 5085 reticentur.
3365 5027 3507 5082 Hinc
3557 5027 3700 5081 enim

2122 5126 2381 5196 scriptum
2408 5133 2526 5181 est:
2552 5125 2617 5178 Et
2643 5121 2769 5178 facti
2792 5131 2917 5177 sunt
2939 5121 3074 5176 ﬁnes
3097 5121 3274 5176 tribus
3301 5121 3541 5175 ﬁliorum
3567 5117 3704 5172 Iuda

2121 5216 2413 5271 secundum
2448 5215 2633 5284 plebes
2681 5227 2906 5280 eorum,
2939 5227 2970 5266 a
3003 5211 3203 5267 ﬁnibus
3247 5211 3526 5277 ldumm,
3553 5228 3585 5264 a
3621 5209 3716 5263 de-

2121 5311 2269 5359 serto
2298 5303 2428 5358 Sina
2457 5302 2527 5356 ad
2573 5301 2940 5367 occidentem;
2970 5308 3027 5356 et
3064 5317 3190 5356 cum
3235 5302 3504 5371 descripti
3537 5307 3720 5355 essent

2124 5398 2258 5453 lines
2304 5397 2372 5451 ad
2423 5394 2789 5458 occidentem,
2839 5401 2954 5446 tum
3003 5391 3199 5446 deinde
3240 5398 3296 5445 et
3336 5391 3410 5445 ab
3458 5391 3720 5448 oriente;

2123 5507 2302 5556 omne,
2347 5489 2550 5559 inquit,
2587 5502 2740 5542 mare
2773 5484 2993 5540 salsum.
3036 5483 3107 5539 Et
3151 5483 3288 5540 alias
3336 5483 3482 5538 duas
3536 5490 3726 5553 partes

2121 5583 2357 5648 reticuit,
2404 5581 2454 5636 id
2499 5589 2612 5642 est,
2654 5575 3037 5647 septentrionis
3077 5574 3166 5630 vel
3213 5573 3540 5630 meridiani.
3596 5572 3732 5628 Vide

2122 5691 2269 5747 ergo,
2317 5674 2360 5728 si
2401 5688 2507 5726 non
2558 5670 2761 5740 repleta
2812 5678 2938 5722 sunt
2985 5666 3284 5738 mysteriis,
3320 5664 3458 5720 licet
3507 5662 3730 5734 singula

2121 5767 2204 5821 vel
2250 5763 2449 5820 sentire
2486 5762 2568 5817 vel
2610 5760 2882 5830 explicare
2921 5774 3272 5830 nequeamus.
3303 5758 3534 5815 Tamen
3565 5762 3736 5830 prout
