3930 6344
220 403 354 470 I073

1136 405 1491 464 COMMENT.
1531 406 1598 462 IN
1632 401 1896 460 LIBRUM
1935 400 2167 459 IOSUE.
2208 434 2260 442 —
2314 403 2442 458 LIB.
2483 404 2566 460 III.
2639 403 2642 406 ’

3362 403 3504 454 1074

217 525 466 584 Dominus
492 528 735 598 prmbere
775 526 1046 598 dignatur,
1093 537 1147 582 ct
1176 545 1273 585 nos
1308 544 1501 602 capere
1526 528 1788 590 valemus,
1819 523 1874 585 Α
1896 525 2137 579 evaseris
2159 541 2310 580 mare
2331 528 2553 592 salsum,
2579 526 2784 581 fontem
2807 526 3052 581 invenies
3074 525 3127 579 in
3157 533 3301 578 terra
3325 520 3496 579 Iudae.

217 617 480 673 discutere
511 617 724 688 singula
773 633 1003 689 qumque
1055 621 1401 676 tentabimus.
1436 621 1589 676 Facti
1641 630 1795 686 sunt,

216 711 406 781 inquit,
436 710 572 766 ﬁnes
597 709 737 765 Juda
768 714 1062 768 secundum
1090 713 1274 785 plebes
1299 728 1510 781 eorum,
1539 731 1568 768 a
1603 714 1802 769 ﬁnibus

214 802 477 868 Idumazae,
505 819 536 858 a
561 803 779 859 deserto
810 803 960 870 Sina,
991 804 1057 858 ad
1083 806 1442 861 occidentem.
1466 806 1634 877 Igitur
1665 805 1801 862 ﬁnes

213 893 361 950 Iudae
403 897 636 967 proximi
679 904 804 952 sunt
835 896 1032 952 ﬁnibus
1067 896 1336 954 Idumaem.
1383 899 1616 954 Idumaea
1646 915 1798 965 vero,

213 983 354 1042 sicut
405 987 518 1057 jam
582 988 816 1043 diximus
873 1004 1045 1058 saepe,
1108 989 1502 1060 interpretatur
1562 999 1798 1044 terrena.

211 1073 340 1132 Post
369 1088 585 1132 terrena
613 1093 742 1148 ergo
792 1079 976 1134 statim
1013 1090 1423 1151 consequuntur
1458 1082 1592 1136 ﬁnes
1623 1079 1797 1147 Iudae,

211 1167 305 1222 sed
354 1183 386 1221 a
429 1170 660 1234 deserto,
712 1170 921 1241 inquit,
973 1169 1102 1225 Sina
1141 1189 1154 1224 :
1189 1171 1576 1242 interpretatur
1619 1182 1801 1227 autem

211 1258 361 1324 Sina,
391 1262 734 1317 tentationes.
771 1262 900 1316 Post
939 1263 1264 1318 tentationes
1290 1279 1421 1336 ergo
1453 1279 1803 1334 consequun-

211 1361 296 1406 tur
341 1352 478 1408 ﬁnes
506 1355 842 1411 haereditatis
884 1354 1056 1411 Iudae.
1086 1356 1355 1412 Occidens
1383 1368 1438 1413 et
1479 1359 1662 1420 oriens
1702 1373 1800 1411 no-

210 1445 508 1511 minantur,
537 1454 592 1500 et
617 1446 794 1501 vicina
843 1445 959 1501 loca
988 1462 1050 1501 ea
1082 1463 1202 1517 qua:
1233 1464 1392 1518 supra
1427 1449 1664 1503 diximus
1692 1449 1801 1504 imo

208 1536 475 1602 conﬁnia;
508 1537 600 1590 sed
632 1545 688 1591 et
719 1535 875 1590 vallis
906 1536 1126 1608 Egypti
1163 1538 1340 1592 vicina
1369 1537 1801 1594 occidentalibus

207 1627 452 1695 partibus
497 1629 828 1699 designatur,
859 1644 979 1699 quae
1025 1639 1109 1684 est
1137 1645 1168 1684 a
1206 1629 1420 1685 deserto
1449 1631 1515 1685 ad
1544 1630 1800 1685 occiden-

209 1727 348 1785 tem;
387 1721 454 1774 ab
490 1721 702 1776 oriente
749 1737 878 1776 vero
925 1721 1216 1792 cinguntur
1263 1722 1401 1776 ﬁnes
1450 1724 1588 1777 mari
1632 1723 1795 1778 salso.

205 1811 338 1866 Post
370 1813 471 1868 hoc
510 1829 541 1867 a
568 1814 832 1880 collibus,
871 1815 1079 1883 inquit,
1111 1815 1203 1885 qui
1241 1817 1535 1870 tenduntur
1565 1817 1630 1871 ad
1658 1816 1801 1872 occi-

203 1901 469 1966 dentem;
521 1914 577 1960 et
629 1905 752 1960 inde
803 1880 1236 1962 ascenditur-ab
1289 1909 1575 1963 occidente
1627 1880 1876 1979 usqueB

200 1995 404 2061 Barne,
437 2007 492 2050 et
535 1997 615 2051 sic
656 1999 998 2066 pertenditur
1028 2000 1094 2054 ad
1134 2000 1471 2055 occidentem
1498 1999 1689 2056 Cades.
1735 2002 1804 2056 Et

200 2088 258 2142 hi
291 2098 422 2143 sunt
453 2088 590 2144 ﬁnes
616 2105 804 2145 eorum
839 2093 906 2146 ab
934 2092 1150 2159 Africo;
1184 2103 1238 2148 et
1274 2094 1398 2149 inde
1440 2096 1682 2164 perrexit
1720 2110 1805 2150 us-

198 2192 310 2246 que
337 2179 409 2232 ad
440 2179 635 2235 vallem
665 2180 910 2254 Egypti.
942 2183 1105 2241 Vides
1134 2188 1402 2255 quomodo
1427 2188 1480 2241 in
1505 2188 1804 2244 occidentis

197 2270 474 2340 partibus,
515 2282 569 2327 et
605 2273 870 2339 Africum,
901 2285 956 2330 et
985 2275 1282 2348 Egyptum
1312 2280 1579 2345 nominat,
1619 2289 1673 2334 et
1714 2297 1804 2336 oc-

197 2362 433 2416 casum?
459 2364 577 2418 sine
606 2364 790 2431 dubio,
820 2374 878 2420 ut
904 2367 1020 2423 haec
1046 2370 1230 2425 omnia
1260 2371 1400 2426 sciat
1427 2373 1805 2443 unusquisque

199 2454 488 2508 evadenda
521 2471 642 2513 esse
671 2467 726 2514 et
760 2462 1115 2529 transeunda,
1163 2473 1222 2519 ut
1254 2465 1332 2520 ita
1363 2466 1583 2522 demum
1631 2471 1806 2540 possit

197 2545 268 2598 ad
299 2546 509 2601 tribum
555 2549 759 2618 regiam
803 2555 1111 2621 pervenire,
1140 2556 1209 2610 de
1252 2573 1360 2627 qua
1401 2558 1534 2613 dicit
1575 2560 1807 2630 Aposto-

197 2636 284 2692 lus
323 2655 336 2690 :
379 2637 604 2694 Certum
649 2650 732 2695 est
775 2643 918 2712 quod
948 2647 1014 2701 de
1047 2644 1184 2702 Juda
1232 2657 1385 2705 ortus
1419 2659 1504 2706 est
1547 2653 1808 2709 Dominus

194 2735 392 2783 noster
421 2727 580 2785 Jesus
607 2729 853 2787 Christus
884 2733 1070 2804 (Hebr.
1097 2737 1216 2809 vn).
1255 2739 1302 2793 A
1330 2740 1530 2797 ﬁnibus
1570 2751 1657 2798 est
1686 2743 1810 2799 Idu-

194 2835 355 2875 mzese
377 2820 661 2879 desertum
695 2823 847 2881 Sina.
882 2827 1049 2885 Paulo
1074 2839 1200 2886 ante
1229 2834 1464 2890 diximus
1493 2837 1560 2892 de
1589 2839 1808 2894 deserto

194 2908 334 2965 Sina
365 2912 518 2982 quod
545 2916 872 2972 tentationes
895 2918 1193 2988 significat;
1230 2931 1283 2977 et
1323 2923 1444 2980 ideo
1471 2940 1695 2982 necesse
1723 2936 1809 2984 est

192 3017 297 3056 nos
341 3003 588 3059 transire
633 3021 876 3062 eremum
923 3012 1298 3078 tentationum,
1327 3024 1388 3069 ut
1429 3017 1509 3072 sic
1537 3019 1808 3088 possimus

189 3095 496 3163 pervenire
523 3098 577 3152 in
609 3099 984 3158 haereditatem
1021 3103 1255 3160 ﬁliorum
1286 3106 1458 3175 Juda;
1489 3112 1586 3166 sed
1620 3126 1810 3167 ascen-

1903 613 2074 680 Quem
2104 615 2350 672 fontem?
2373 619 2527 674 Illum
2556 620 2800 689 profecto
2827 620 2894 674 de
2923 635 3031 690 quo
3061 618 3274 674 dicebat
3301 616 3460 674 Jesus
3486 638 3500 674 :

1909 725 1928 756 ‹
1960 707 2059 774 Qui
2091 709 2291 763 biberit
2338 709 2404 764 de
2451 727 2588 780 aqua
2637 726 2798 780 quam
2829 728 2930 782 ego
2959 711 3099 766 dabo
3127 711 3200 776 ei,
3233 710 3326 765 ﬁet
3352 711 3407 765 in
3437 725 3505 766 eo

1903 799 2024 855 fons
2069 817 2222 871 aqua:
2257 804 2501 860 salientis
2536 806 2590 859 in
2623 806 2788 860 vitam
2826 815 3089 863 :eternam
3131 803 3315 878 (Joan.
3344 806 3444 879 tv).
3479 827 3500 862 ι

1904 891 2074 964 Hujus
2107 896 2272 965 igitur
2304 897 2433 952 solis
2472 915 2595 953 cum
2625 899 2785 954 talem
2819 901 3036 970 qualem
3081 902 3319 957 diximus
3350 887 3504 958 inve-

1903 984 2052 1040 neris
2102 983 2338 1051 fontem,
2389 989 2634 1043 invenies
2673 990 2836 1045 etiam
2877 991 3154 1046 civitatem
3190 993 3308 1062 ejus
3353 1011 3365 1045 :
3407 993 3505 1048 Est

1903 1077 2075 1141 enim,
2107 1078 2306 1148 inquit,
2334 1079 2404 1133 ibi
2432 1087 2486 1134 et
2513 1081 2706 1135 civitas
2737 1081 2884 1136 solis.
2927 1082 3136 1137 Dicitur
3163 1098 3287 1137 esse
3317 1083 3371 1137 in
3401 1081 3501 1136 1E-

1903 1181 2066 1238 gypto
2097 1170 2290 1225 civitas
2316 1170 2472 1237 solis;
2515 1171 2607 1226 sed
2639 1172 2742 1226 ista
2774 1171 2967 1226 civitas
2995 1171 3125 1226 solis
3152 1188 3270 1242 qua:
3317 1172 3371 1226 in
3403 1171 3502 1226 1E-

1904 1271 2064 1332 gypto
2109 1270 2213 1326 est,
2266 1261 2425 1331 hujus
2468 1264 2598 1319 solis
2649 1280 2845 1320 nomen
2878 1266 3088 1335 accepit
3127 1281 3288 1336 quem
3335 1265 3502 1320 Pater

1905 1351 2144 1406 caelestis
2169 1353 2300 1406 oriri
2326 1353 2482 1422 jubet
2520 1371 2682 1426 super
2712 1354 2883 1410 bonos
2913 1364 2969 1410 et
3007 1356 3206 1420 malos;
3244 1357 3334 1410 illa
3365 1373 3499 1412 vero

1905 1441 2097 1496 civitas
2141 1459 2260 1511 qua}
2302 1443 2357 1497 in
2397 1443 2580 1498 Judaza
2630 1455 2735 1511 est,
2781 1453 3095 1500 sanctorum
3128 1445 3506 1500 tantummodo

1903 1532 2152 1598 ellicitur,
2201 1535 2327 1604 quia
2357 1536 2550 1589 civitas
2579 1536 2674 1590 Dei
2716 1545 2800 1590 est
2825 1555 2838 1589 :
2867 1547 2924 1590 et
2967 1534 3089 1590 fons
3137 1535 3245 1601 ille,
3285 1536 3350 1589 de
3393 1551 3502 1605 quo

1903 1627 2151 1696 superius
2182 1627 2436 1693 diximus,
2472 1627 2666 1684 ﬂuvius
2695 1627 2920 1684 eﬁ'ectus
2948 1628 3187 1683 lzetilicat
3219 1628 3497 1683 civitatein

1905 1716 2022 1770 Dei.
2051 1717 2156 1772 Sed
2184 1726 2238 1772 et
2268 1727 2324 1772 tu
2353 1719 2398 1773 si
2425 1735 2490 1774 ex
2526 1721 2672 1774 omni
2705 1730 2859 1790 parte
2893 1720 3135 1775 munitus
3166 1720 3262 1786 sis,
3295 1729 3350 1774 et
3381 1734 3507 1773 con-

1906 1808 2148 1864 tinentiae
2185 1825 2341 1865 muro
2369 1811 2758 1877 circumdatus,
2791 1812 2837 1866 si
2867 1811 3141 1883 patientia:
3184 1820 3239 1866 et
3282 1826 3508 1881 magna-

1904 1899 2171 1956 nimitatis
2210 1901 2446 1957 turribus
2474 1903 2839 1957 circumdatus
2881 1917 2962 1968 es,
2991 1903 3158 1956 etiam
3188 1913 3243 1956 tu
3271 1901 3505 1955 elliccris

1905 1989 2100 2046 civitas
2138 1989 2273 2055 Dei;
2323 1992 2369 2045 si
2417 2008 2547 2046 vero
2590 1994 2657 2048 ad
2709 1993 2824 2048 haec
2867 1995 3047 2048 omnia
3100 1994 3368 2063 adjeceris
3406 1991 3507 2047 tibi

1905 2078 2088 2137 lumen
2121 2083 2382 2150 scientite,
2413 2085 2555 2140 sicut
2602 2085 2770 2140 Isaias
2805 2086 2851 2154 (ι
2883 2087 3184 2141 illuminate
3214 2086 3366 2141 vobis
3417 2085 3503 2138 lu-

1907 2188 2030 2226 men
2062 2174 2302 2229 scientize
2327 2177 2397 2245 ι),
2436 2185 2489 2231 et
2520 2177 2600 2232 sol
2633 2177 2688 2232 in
2729 2187 2783 2233 te
2812 2177 3039 2246 justitia‘;
3084 2179 3398 2243 radiaverit,
3427 2177 3507 2232 ef-

1905 2267 2087 2324 ﬁceris
2117 2270 2282 2324 etiam
2320 2283 2374 2326 et
2405 2280 2460 2326 tu
2507 2274 2701 2329 civitas
2745 2275 2896 2342 solis,
2927 2275 3015 2330 vel
3060 2276 3336 2330 civitatem
3373 2275 3505 2330 solis

1907 2369 2053 2415 sorte
2089 2361 2424 2417 haereditatis
2467 2365 2741 2434 accipies:
2782 2367 2875 2421 sed
2922 2375 2976 2421 et
3023 2367 3068 2421 si
3109 2376 3163 2422 te
3213 2367 3505 2422 tradideris

1906 2450 2011 2522 legi
2045 2451 2161 2519 Dei,
2195 2465 2254 2508 ut
2293 2454 2346 2508 in
2375 2454 2491 2524 ipsa
2541 2456 2820 2512 mediteris
2849 2457 2935 2512 die
2976 2466 3269 2522 ac‘nocte,
3297 2468 3352 2512 et
3396 2474 3508 2514 non

1907 2543 2124 2597 recedat
2170 2543 2309 2599 liber
2358 2544 2491 2615 legis
2535 2545 2600 2601 de
2637 2562 2801 2600 manu
2847 2556 2967 2611 tua,
3012 2548 3152 2603 sicut
3203 2548 3403 2603 dicitur
3441 2548 3510 2606 ad

1906 2629 2121 2698 Iesum;
2156 2633 2278 2688 etsi
2318 2649 2529 2689 memor
2555 2636 2631 2690 sis
2657 2639 2912 2708 praecepti
2951 2639 3272 2704 Salvatoris,
3308 2640 3364 2693 in
3398 2656 3506 2710 quo

1907 2725 2038 2780 dicit
2067 2745 2079 2779 :
2121 2745 2138 2778 ι
2170 2725 2502 2782 Scrutamini
2540 2728 2852 2798 Scripturas
2893 2730 3086 2803 (Joan.
3119 2734 3210 2801 v);
3244 2752 3265 2783 ι
3301 2733 3346 2785 si
3376 2747 3506 2805 ergo

1909 2819 2104 2874 talibus
2149 2817 2343 2874 studiis
2371 2828 2424 2874 te
2463 2820 2880 2888 mancipaveris,
2923 2830 2979 2876 et
3027 2822 3384 2876 eruditionem
3425 2821 3506 2876 di-

1908 2910 2045 2965 vina:
2075 2910 2207 2980 legis
2235 2911 2320 2965 vel
2363 2911 2590 2982 legendo
2627 2913 2712 2966 vel
2745 2912 3015 2969 audiendo
3045 2914 3366 2980 obtinueris,
3397 2924 3504 2972 tua:

1907 3001 2172 3070 portionis
2201 2999 2430 3056 efﬁcitur
2452 3002 2645 3057 civitas
2678 3002 3002 3057 litterarum.
3033 3003 3102 3057 Et
3139 3005 3255 3058 haec
3286 3003 3510 3074 quidem

1908 3106 2006 3147 nos
2043 3106 2143 3161 pro
2187 3092 2540 3162 possibilitate
2572 3109 2765 3149 sensus
2811 3094 3018 3162 nostri,
3064 3094 3149 3149 vel
3195 3095 3361 3150 etiam
3409 3111 3510 3167 pro

193 3185 332 3242 dere
385 3202 490 3242 nos
540 3198 754 3259 oportet,
803 3193 870 3247 ad
924 3209 1210 3252 ascensum
1266 3198 1484 3254 mnium
1525 3201 1802 3270 .Acmbin,
1833 3233 1878 3297 Ο
1910 3183 2127 3238 auditus
2155 3185 2321 3239 vestri
2347 3187 2670 3256 capacitate,
2703 3186 3059 3242 discussimus
3088 3202 3103 3241 :
3133 3203 3346 3243 summa
3375 3203 3510 3242 vera

199 3291 299 3297 Δ---
331 3277 345 3297 1
419 3277 524 3297 ΞΑ.-
548 3295 622 3297 μψη
664 3289 677 3297 .
724 3291 735 3297 -
1039 3288 1050 3297 .
1133 3288 1144 3297 .
1250 3289 1292 3297 -.
1555 3292 1586 3297 --
1724 3295 1733 3297 ᾼ
1764 3296 1770 3297 ,
1915 3274 2136 3297 n-2,...ai-
2201 3284 2245 3297 ..ι
2285 3275 2603 3297 ---ι-.-...ιε-..
2631 3277 2821 3297 ιΑ-λη--
2862 3277 3210 3297 3...-119μ--,.3ᾼ
3275 3278 3405 3297 __.__,)
3447 3277 3482 3297 2|

191 3277 347 3346 quod
419 3277 811 3351 interpretatur
873 3288 1197 3356 scorpionis.
1250 3289 1590 3348 Transeundi
1649 3295 1808 3352 nobis

196 3382 336 3427 sunt
363 3382 425 3428 et
451 3373 692 3431 calcandi
717 3380 1031 3448 scorpiones
1056 3381 1132 3438 illi
1163 3385 1282 3441 sine
1305 3386 1492 3454 dubio,
1521 3389 1588 3443 de
1611 3390 1810 3459 quibus

195 3461 467 3519 Salvator
513 3464 648 3519 dicit
680 3480 695 3519 :
740 3483 760 3517 ι
790 3468 932 3524 Ecce
979 3471 1104 3528 dedi
1153 3475 1306 3529 vobis
1336 3486 1664 3545 potestatem
1698 3479 1809 3535 cal-

190 3555 369 3627 candi
419 3569 582 3624 super
615 3571 897 3628 serpentes
932 3569 987 3616 et
1023 3565 1337 3634 scorpiones
1367 3567 1519 3639 (Luc.
1550 3570 1626 3640 χ).
1650 3589 1668 3622 ›
1705 3571 1808 3639 Qui

185 3660 333 3717 ergo
375 3646 490 3699 vult
540 3656 596 3702 et
630 3648 903 3706 desiderat
955 3652 1162 3724 ingredi
1208 3655 1580 3713 haereditatem
1628 3661 1805 3717 tribus

185 3737 365 3804 Juda,
419 3746 631 3808 oportet
671 3755 794 3796 eum
841 3744 1135 3800 ascendere
1161 3746 1216 3801 in
1250 3750 1601 3805 ascensiones
1647 3752 1804 3820 istas,

183 3837 244 3884 ct
297 3827 527 3883 calcare
553 3839 716 3901 atque
755 3833 986 3889 evadere
1016 3837 1333 3906 scorpiones
1362 3840 1454 3909 qui
1493 3839 1804 3898 obsistunt:

185 3923 345 3976 unde
399 3922 636 3976 arbitror
678 3926 822 3993 quod
875 3927 1021 3984 istud
1071 3930 1178 3986 iter
1228 3934 1421 4003 agendi
1471 3944 1628 4001 sunt,
1677 3937 1807 4007 quia

182 4010 483 4067 Ezechieli
517 4015 792 4082 propheta:
825 4015 1041 4072 dicebat
1087 4020 1389 4077 Dominus:
1427 4041 1444 4074 ι
1474 4023 1577 4078 Fili
1624 4026 1805 4080 homi-

182 4105 303 4167 nis,
342 4102 404 4154 in
443 4104 622 4158 medio
667 4105 1014 4175 scorpionum
1047 4121 1101 4163 tu
1150 4111 1395 4167 ambulas
1427 4113 1645 4185 (Ezech.
1673 4115 1755 4187 ιι).
1781 4137 1801 4170 ι

182 4197 254 4251 Et
289 4203 452 4262 sunt,
484 4198 679 4267 inquit,
723 4199 858 4256 ﬁnes
889 4218 1060 4274 usque
1102 4206 1168 4259 ad
1201 4205 1390 4261 Cades.
1434 4206 1607 4264 Cades
1636 4210 1805 4267 inter-

179 4301 456 4362 pretatur
487 4303 735 4349 sanctum
770 4297 856 4351 vel
888 4300 1267 4356 sanctiﬁcatio.
1302 4301 1464 4357 Fines
1489 4319 1620 4373 ergo
1654 4303 1806 4361 Iuda:

180 4398 372 4453 usque
403 4383 472 4436 ad
496 4385 978 4444 sanctiﬁcationem
1004 4392 1348 4459 perveniunt.
1384 4393 1492 4448 Sed
1520 4395 1804 4453 videamus

177 4479 362 4534 etiam
397 4492 520 4545 quae
551 4488 677 4534 sunt
703 4481 838 4537 ﬁnes
866 4497 932 4536 ex
969 4486 1217 4552 partibus
1245 4487 1493 4552 orientis,
1523 4503 1633 4543 non
1659 4491 1803 4560 quod

1914 3274 2164 3342 scientia,
2196 3284 2250 3330 et
2285 3275 2604 3344 profundior
2631 3277 2828 3334 horum
2862 3277 3219 3349 intelligentia
3264 3278 3407 3348 apud
3446 3277 3510 3331 il-

1911 3364 1992 3419 los
2012 3366 2118 3420 erit
2143 3367 2236 3436 qui
2269 3382 2454 3421 veram
2478 3368 2854 3424 haereditatem
2881 3369 2996 3425 veri
3018 3377 3073 3424 et
3101 3369 3366 3442 unigeniti
3386 3367 3512 3424 Filii

1910 3456 2025 3526 Dei,
2055 3473 2175 3528 quae
2205 3459 2538 3528 repromissa
2577 3470 2663 3514 est
2689 3458 2774 3514 his
2819 3461 2912 3529 qui
2947 3474 3072 3515 eum
3102 3458 3347 3530 perfecte
3378 3459 3512 3534 dile-

1910 3549 2114 3614 xerint,
2142 3551 2401 3619 consequi
2427 3551 2804 3606 merebuntur.

1981 3659 2162 3732 (Ιιιιι.)
2194 3679 2213 3711 ‹
2241 3660 2404 3716 Caleb
2443 3675 2572 3716 vero
2617 3661 2731 3717 ﬁlio
2759 3660 2970 3717 Jeﬁ'one
3005 3660 3156 3716 dedit
3192 3671 3406 3734 partem
3451 3665 3512 3720 in

1916 3773 1934 3802 ι
1981 3753 2161 3808 medio
2207 3753 2442 3808 ﬁliorum
2474 3752 2632 3820 Juda,
2673 3755 2817 3810 sicut
2850 3765 3189 3827 praeceperat
3232 3757 3284 3812 ei
3316 3759 3506 3814 Domi-

1915 3862 1936 3896 ‹
1980 3859 2106 3911 nus,
2129 3844 2390 3900 Chariath
2418 3845 2583 3911 Arbe,
2612 3847 2786 3916 patris
2806 3846 3014 3912 Enach,
3041 3849 3158 3918 ipsa
3183 3858 3272 3904 est
3291 3849 3509 3906 Ebron:

1916 3952 1936 3988 ι
1982 3934 2289 4006 delevitque
2310 3950 2378 3990 ex
2403 3951 2466 3990 ea
2508 3935 2671 3992 Caleb
2703 3946 2816 3992 tres
2846 3937 2984 3993 ﬁlios
3013 3938 3218 4006 Enach,
3268 3938 3422 3995 Sesai
3449 3947 3510 3996 et

1916 4043 1935 4074 ι
1981 4023 2178 4090 Eman,
2209 4035 2264 4081 et
2301 4025 2550 4081 Tholmai
2595 4027 2662 4082 de
2705 4029 2876 4098 stirpe
2909 4030 3127 4096 Enach;
3165 4040 3332 4102 atque
3379 4033 3510 4090 inde

1917 4136 1935 4168 ι
1977 4117 2350 4172 conscendens
2372 4119 2520 4172 venit
2542 4118 2611 4173 ad
2634 4119 2969 4176 habitatores
2992 4120 3180 4187 Dabir,
3205 4136 3329 4192 qua:
3351 4123 3508 4192 prius

1916 4228 1935 4261 ι
1982 4211 2280 4266 vocabatur
2313 4210 2575 4267 Chariath
2607 4212 2835 4284 Sepher,
2881 4215 2935 4269 id
2962 4223 3047 4270 est
3075 4216 3266 4271 civitas
3291 4216 3505 4273 littera-

1913 4319 1934 4352 ‹
1980 4316 2120 4355 rum.
2146 4320 2164 4352 ι
2202 4300 2386 4356 Primo
2421 4318 2551 4373 ergo
2577 4303 2930 4360 discutiamus
2959 4321 3132 4376 quare
3158 4309 3504 4377 metropolim

1909 4389 2120 4459 accepit
2149 4388 2332 4455 Caleb,
2360 4398 2417 4446 et
2444 4391 2590 4446 illam
2619 4408 2740 4462 quae
2767 4393 2944 4462 prima
2973 4394 3118 4447 inter
3140 4401 3369 4448 caeteras
3393 4407 3507 4449 om-

1908 4496 2007 4536 nes
2049 4480 2106 4536 in
2150 4490 2296 4536 terra
2339 4483 2779 4552 repromissionis
2815 4481 3129 4552 metropolis
3165 4484 3502 4540 nominatur.
3553 4551 3555 4554 Q

179 4585 340 4622 nunc
405 4565 644 4621 locorum
686 4571 990 4640 eatalognm
1055 4575 1236 4631 facere
1280 4577 1512 4633 velimus
1532 4617 1546 4642 ,
1597 4581 1691 4634 sed
1739 4589 1802 4636 ut
1827 4592 1881 4651 1)
1907 4571 1977 4627 Et
2005 4571 2321 4640 metropolis
2349 4571 2538 4626 E03011
2569 4573 2960 4640 interpretatur
2990 4571 3271 4628 humilitas
3299 4573 3503 4642 inaniﬁ.
3543 4633 3555 4653 ι

175 4658 592 4731 mysteriorum
623 4676 743 4729 quae
768 4677 866 4730 per
895 4665 1010 4720 haec
1048 4667 1422 4737 signiﬁcantur
1447 4681 1806 4730 contueamur

174 4752 492 4822 imagines.
537 4750 751 4806 Dicitur
778 4769 929 4824 ergo,
972 4756 1042 4810 ab
1068 4757 1279 4812 oriente
1306 4757 1444 4814 ﬁnes
1485 4757 1640 4816 Iudae
1677 4778 1800 4820 esse

171 4862 350 4900 mare
385 4843 627 4909 salsum;
661 4854 715 4899 et
757 4856 881 4914 post
914 4848 1015 4904 hoc
1055 4850 1110 4904 in
1140 4859 1295 4920 parte
1329 4849 1451 4918 ejus
1487 4853 1802 4910 nominatur

172 4937 312 4990 fons
360 4929 518 4996 solis,
554 4942 610 4986 et
645 4933 858 5000 civitas,
896 4945 952 4991 et
1001 4938 1057 4990 in
1103 4938 1206 4993 hac
1253 4939 1448 4995 eadem
1493 4942 1635 4996 tribu
1680 4959 1799 5000 esse

172 5029 363 5084 etiam
417 5023 610 5078 civitas
654 5025 978 5082 litterarum.
1010 5029 1235 5100 Oportet
1263 5034 1429 5105 igitur
1456 5050 1674 5092 omnem
1704 5038 1798 5110 qui

175 5120 300 5173 vult
341 5115 580 5171 introire
606 5116 662 5170 in
690 5126 901 5185 partem
931 5118 1162 5176 ﬁliorum
1194 5120 1353 5190 Juda,
1387 5126 1622 5181 transire
1650 5127 1800 5197 prius

176 5225 348 5264 mare
398 5205 630 5272 salsum,
660 5215 717 5262 et
743 5208 868 5264 vita:
913 5210 1121 5266 scilicet
1157 5221 1213 5266 et
1241 5216 1429 5269 mundi
1477 5217 1641 5286 hujus
1688 5228 1802 5274 tur-

174 5302 354 5354 bines
405 5312 686 5367 superare,
725 5308 782 5356 et
805 5301 1036 5357 evadere
1062 5305 1245 5358 omnia
1279 5319 1400 5374 quae
1430 5307 1486 5361 in
1517 5308 1619 5362 hoc
1644 5325 1800 5364 mun-

174 5394 273 5458 do,
321 5405 439 5461 pro
477 5389 688 5446 incerto
735 5407 837 5448 usu
887 5401 944 5448 et
985 5393 1224 5462 lubrico,
1274 5398 1502 5452 marinis
1549 5398 1800 5456 ﬂuctibus

175 5491 619 5555 comparantur,
662 5495 724 5540 ut
756 5487 931 5557 possit
980 5490 1046 5544 ad
1082 5488 1235 5546 Judm
1266 5499 1468 5546 terram
1518 5494 1803 5562 pervenire

173 5591 237 5636 et
267 5579 500 5635 fontem
526 5578 657 5634 solis
680 5581 959 5636 accedere.
990 5582 1122 5649 Quis
1161 5593 1247 5640 est
1273 5593 1456 5639 autem
1494 5583 1615 5639 fons
1647 5585 1800 5651 solis,

175 5674 274 5730 vel
305 5671 520 5728 civitas
563 5670 728 5727 solis?
753 5671 900 5728 Illius
935 5675 1054 5730 sine
1084 5677 1248 5732 dubio
1291 5677 1360 5730 de
1396 5691 1501 5744 quo
1537 5676 1801 5746 scriptum

175 5777 275 5826 est
303 5786 318 5821 :
355 5783 380 5816 ι
414 5763 584 5820 Vobis
609 5773 790 5820 autem
820 5765 1135 5824 timentibus
1160 5784 1355 5824 nomen
1386 5782 1565 5821 meum
1596 5767 1804 5823 orietur

181 5860 274 5916 sol
301 5855 543 5928 just—itiie
572 5855 828 5926 (Malach.
855 5858 951 5928 iv).
978 5879 995 5909 ι
1031 5857 1202 5929 Hujus
1229 5874 1359 5929 ergo
1398 5857 1545 5922 solis,
1575 5858 1619 5911 si
1650 5857 1804 5926 prius

1911 4663 1996 4717 vel
2024 4662 2307 4731 responsio
2333 4663 2526 4717 inanis.
2556 4662 2781 4732 Accepit
2806 4678 2938 4736 ergo
2965 4663 3130 4719 Caleb
3156 4665 3502 4738 metropolim
3528 4675 3560 4738 ,ις

1910 4750 2229 4806 humilitatis
2255 4751 2453 4807 inanis.
2485 4753 2626 4807 Duas
2649 4767 2770 4808 esse
2793 4753 3130 4810 humilitatus
3155 4765 3369 4811 eertum
3393 4767 3500 4824 est,

1910 4856 2073 4896 unam
2103 4840 2460 4906 laudabilem,
2491 4842 2559 4896 de
2603 4857 2710 4912 qua
2753 4842 2887 4899 dicit
2918 4842 3205 4900 Salvator:
3245 4863 3265 4897 ι
3293 4847 3500 4904 Discite
3529 4840 3538 4891 Ρ

1908 4949 1941 4988 a
1965 4947 2054 4990 me
2081 4934 2207 5004 quia
2237 4932 2384 4988 mitis
2414 4948 2534 4988 sum
2565 4941 2622 4988 et
2663 4935 2885 4992 humilis
2915 4937 3095 5002 corde,
3128 4945 3186 4992 et
3209 4937 3502 4995 invenietis

1908 5025 2151 5094 requiem
2197 5024 2480 5080 animabus
2515 5025 2712 5081 vestris
2751 5024 2967 5098 (Matth.
2995 5028 3106 5100 iu);
3146 5047 3168 5081 ι
3209 5038 3264 5083 et
3297 5029 3364 5085 de
3394 5029 3502 5086 hac

1903 5116 2206 5172 humilitate
2235 5116 2438 5171 dictum
2479 5123 2596 5181 est,
2621 5115 2746 5185 quia
2783 5134 2801 5167 ε
2854 5119 3034 5173 omnis
3081 5118 3174 5187 qui
3219 5133 3278 5174 se
3313 5119 3498 5176 humi-

1902 5210 2133 5274 liaverit,
2181 5209 2509 5264 exaltabitur
2533 5207 2686 5279 (Luc.
2721 5210 2870 5281 xxv);
2901 5230 2921 5264 ι
2954 5218 3008 5266 et
3048 5210 3286 5265 iterum:
3328 5211 3496 5267 cllu-

1903 5303 2187 5358 miliamini
2233 5302 2334 5358 sub
2365 5303 2741 5372 potentissima
2782 5319 2947 5358 manu
2991 5302 3205 5356 Domini
3245 5301 3298 5374 (1
3343 5301 3491 5359 Patr.

1903 5398 1978 5465 v).
2023 5413 2043 5447 ›
2080 5393 2182 5448 Est
2204 5393 2351 5447 enim
2388 5401 2445 5447 et
2486 5391 2589 5446 alia
2614 5391 2892 5448 humilitas
2932 5390 3218 5460 culpabilis
3247 5401 3498 5464 peccato-

1904 5504 2047 5553 rum,
2077 5487 2218 5542 sicut
2243 5486 2336 5540 illa
2360 5501 2524 5555 quam
2553 5486 2620 5540 de
2646 5485 2835 5540 illicito
2864 5483 3156 5539 concubitu
3186 5485 3317 5540 dicit
3347 5484 3498 5541 Scri-

1903 5588 2063 5650 ptura
2101 5578 2246 5648 quod
2280 5578 2346 5633 de
2379 5577 2554 5634 Amen
2594 5577 2854 5645 scriptum
2894 5586 2998 5641 est,
3027 5577 3154 5644 quia
3187 5577 3497 5634 humiliavn

1906 5670 2141 5726 Thamar
2183 5684 2429 5725 sororem
2475 5683 2627 5724 suam
2657 5665 2742 5737 (ΙΙ
2763 5664 2891 5735 Reg.
2917 5665 3058 5738 xui).
3091 5667 3188 5722 Est
3227 5669 3492 5739 (ξι-κολω-

1907 5763 2108 5819 militas
2134 5763 2330 5818 inanis.
2361 5762 2518 5832 Cepit
2559 5757 2901 5830 metropolim
2935 5758 3019 5814 vel
3063 5760 3265 5816 excidit
3299 5758 3489 5826 Caleb,

1905 5865 1960 5910 et
1991 5855 2263 5910 interemit
2292 5862 2406 5908 tres
2451 5851 2589 5906 ﬁlios
2623 5850 2829 5916 Enach,
2861 5851 2954 5919 qui
2983 5859 3140 5906 erant
3175 5851 3269 5906 ﬁlii
3313 5851 3493 5906 inanis
