3930 6344
437 350 576 413 1075

1075 349 1136 406 Β.
1176 349 1434 404 ΒΑΒΑΜ
1473 349 1691 410 MAURI
1725 343 2044 408 ARCHJEP.
2087 343 2398 402 MOGUNT.
2440 341 2724 404 OPERUM
2763 337 2944 402 PARS
2979 337 3024 392 l.

3566 340 3708 398 “HG

434 467 778 528 humilitatis.
826 467 934 522 Illis
982 465 1280 524 interfectis
1324 467 1439 538 ipse
1485 465 1676 524 habuit
1711 466 2014 543 civitatem,
2038 471 2093 540 Α
2121 478 2141 512 ι
2185 460 2272 516 vir
2313 459 2429 534 ejus
2457 435 2519 516 ut
2555 465 2768 536 peteret
2806 473 2838 514 a
2865 464 3020 526 patre
3065 467 3162 513 suo
3190 466 3403 524 agrum.
3451 453 3705 528 Suspira-

435 573 492 617 et
517 561 644 618 fecit
665 575 787 632 quae
815 558 870 614 in
895 558 1352 630 consequentibus
1380 559 1587 632 scripta
1614 565 1761 611 sunt.
1786 553 1888 624 Qui
1921 569 2014 614 au~

437 661 546 708 tem
587 658 712 706 sunt
759 647 858 705 ﬁlii
904 648 1080 704 inanis
1109 647 1430 702 humilitatis
1475 662 1610 717 quos
1639 644 2017 726 exterminavit

435 741 632 799 Caleb?
672 739 890 798 Primus
939 739 1098 807 Susi,
1145 740 1236 811 qui
1281 740 1670 810 interpretatur
1706 747 1860 796 extra
1907 752 2016 805 me,

431 825 540 888 hoc
589 840 706 898 est,
748 843 903 887 extra
950 843 1195 890 sanctum
1235 850 1248 886 :
1295 831 1436 885 filius
1477 832 1654 887 inanis
1697 831 2018 888 humilitatis

437 939 596 996 quem
633 923 1032 982 exterminavit.
1061 921 1246 988 Caleb,
1276 923 1384 976 imo
1411 931 1565 976 extra
1601 923 1887 978 Dominum
1911 931 2014 980 est.

437 1011 507 1072 Et
535 999 673 1070 alius
718 1013 974 1082 Ahiman,
1001 1013 1089 1084 qui
1139 1013 1522 1083 interpretatur
1551 1013 1720 1070 frater
1748 1029 1899 1072 meus
1926 1029 2018 1072 ex-

439 1119 524 1163 tra
570 1107 874 1174 consilium,
903 1113 956 1160 et
998 1106 1168 1160 frater
1205 1106 1320 1161 sine
1364 1106 1628 1164 consilio:
1657 1123 1846 1163 omnes
1873 1109 2020 1164 enim

441 1197 642 1254 fratres
686 1200 776 1274 qui
809 1199 873 1254 de
914 1197 1219 1252 humilitate
1265 1197 1413 1257 inani
1451 1207 1762 1264 nascuntur,
1813 1206 2018 1257 certum

439 1299 524 1346 est
549 1291 673 1361 quia
696 1295 846 1344 extra
875 1287 1154 1344 consilium
1179 1300 1321 1344 sunt.
1351 1289 1564 1344 Tertius
1585 1289 1852 1355 Tliolmai,
1877 1289 2020 1361 quod

440 1385 828 1456 interpretatur
873 1381 1231 1456 praecipitium
1258 1381 1344 1437 vel
1387 1383 1707 1454 suspensio:
1746 1382 1890 1453 quod
1924 1383 2018 1438 de-

443 1479 619 1548 signat
651 1473 782 1530 nihil
812 1475 867 1528 in
913 1489 978 1530 eo
1007 1473 1334 1541 stabilitatis,
1374 1475 1467 1529 sed
1498 1490 1632 1548 vaga
1669 1473 1851 1530 omnia
1881 1483 1936 1530 et
1962 1474 2020 1532 in

439 1587 680 1647 praeceps
707 1569 940 1625 ruentia.
969 1569 1106 1626 istos
1129 1584 1260 1641 ergo
1289 1577 1400 1625 tres
1443 1569 1583 1624 ﬁlios
1616 1568 1800 1624 Enach
1836 1579 2017 1624 exter-

441 1663 669 1716 minavit
711 1670 769 1716 et
816 1660 1086 1717 interfecit
1117 1660 1298 1727 Caleb,
1345 1669 1399 1717 et
1433 1669 1554 1732 post
1597 1662 1730 1718 istos
1776 1660 2022 1718 ascendit

442 1752 605 1806 etiam
639 1753 692 1806 in
722 1749 908 1806 Dabir.
939 1750 1145 1806 Nomen
1182 1759 1302 1808 erat
1329 1752 1496 1814 Dabir
1520 1752 1671 1826 prius
1699 1753 1888 1808 civitas
1932 1751 2020 1806 lit-

443 1931 612 1988 Dabir
657 1942 777 1989 erat
817 1935 970 2005 prius
1015 1935 1208 1992 civitas
1262 1937 1584 1992 litterarum.
1619 1935 1698 1990 Ita
1749 1935 2027 1995 civitatem

445 2023 750 2080 litterarum
793 2025 1032 2100 intelligo
1057 2042 1215 2082 omne
1241 2027 1452 2082 Veteris
1485 2025 1829 2084 lnstrtunenti
1863 2033 2030 2080 testa-

445 2121 712 2181 mentum,
742 2123 798 2170 et
827 2113 967 2172 hanc
996 2115 1168 2190 ipsam
1200 2133 1360 2186 quam
1392 2133 1536 2172 nunc
1563 2117 1829 2172 disserere
1865 2130 2028 2170 cona-

445 2220 572 2259 mur
618 2205 955 2277 Scripturam
1000 2207 1363 2278 intelligamus
1409 2223 1528 2262 esse
1567 2207 1842 2262 civitatem
1875 2205 2024 2260 litte-

449 2311 666 2364 rarum;
715 2313 837 2368 quae
881 2299 1224 2370 postmodum
1264 2297 1494 2354 eﬂicitur
1538 2299 1722 2366 Dabir,
1760 2299 1902 2372 quod
1945 2305 2030 2356 est

445 2387 697 2460 loquela:
726 2391 842 2445 inec
869 2399 949 2445 est
977 2392 1118 2446 enim
1146 2409 1264 2463 qum
1293 2391 1443 2462 prius
1489 2392 1540 2446 in
1578 2391 1772 2447 litteris
1799 2399 1938 2458 erat,
1975 2397 2030 2448 et

449 2481 748 2537 secundum
771 2481 1007 2536 litteram
1035 2483 1451 2556 intelligebatur,
1481 2485 1640 2545 modo
1669 2484 1725 2542 in
1752 2485 2028 2554 Ecclesiis,

451 2572 729 2628 revelante
759 2573 1004 2640 Domino,
1054 2573 1263 2652 loquela
1311 2575 1500 2632 effecta
1535 2586 1638 2643 est,
1685 2577 2029 2647 loquentibus

453 2663 523 2720 de
558 2679 622 2722 ea
647 2673 703 2721 et
727 2665 1119 2723 disserentibus
1147 2669 1322 2740 primo
1351 2667 1626 2738 apostolis,
1664 2676 1718 2726 et
1748 2685 2029 2728 removen—

449 2757 596 2814 tibus
649 2759 716 2814 de
766 2771 830 2814 ea
869 2759 1166 2832 spiritalem
1221 2759 1509 2834 loquelam.
1565 2759 1669 2817 Sed
1724 2769 1780 2816 ct
1835 2761 2031 2834 singuli

449 2862 664 2922 quoque
693 2851 942 2910 doctores
969 2851 1332 2913 Ecclesiarum
1374 2855 1610 2910 litteram
1651 2853 1808 2926 legis,
1845 2854 2031 2926 loque-

447 2941 558 2998 lam
597 2950 652 2998 et
684 2943 1104 3016 disputationem
1132 2962 1285 3004 suam
1312 2946 1454 3006 illam
1480 2946 1846 3019 evangelicum
1887 2947 2031 3005 fece-

447 3051 595 3096 ruut.
628 3038 732 3110 Qui
773 3051 898 3099 sunt
924 3051 1103 3098 autem
1153 3051 1262 3097 tres
1309 3041 1403 3096 ﬁlii
1448 3042 1632 3098 Enach
1675 3057 1809 3112 quos
1839 3039 2026 3108 Caleb,

449 3131 506 3189 in
533 3133 687 3210 cujus
713 3149 948 3206 persona
975 3135 1228 3192 virtutem
1263 3135 1393 3210 legis
1435 3134 1909 3204 descripseramus,
1947 3133 2030 3186 in-

447 3221 898 3280 terimit?lnanis
936 3225 1212 3282 humilitas
1253 3226 1562 3300 accipienda
1600 3234 1685 3281 est
1715 3225 1828 3293 illa,
1868 3239 2030 3298 quam
2059 3215 2103 3278 C

443 3327 636 3371 omnes
665 3315 844 3369 saeculi
878 3325 1051 3388 poeta:
1074 3316 1160 3372 vel
1199 3316 1503 3388 philosophi
1537 3317 1874 3372 divinitatem
1902 3333 2027 3374 seu-

445 3414 670 3470 serunt,
702 3403 828 3478 quia
873 3411 926 3457 et
959 3403 1184 3460 humilia
1219 3412 1274 3462 et
1317 3405 1428 3459 Deo
1472 3406 1684 3476 indigna
1731 3413 1854 3460 sunt
1908 3422 2030 3478 qua:

446 3501 753 3547 senserunt.
781 3489 920 3559 Quid
949 3501 1032 3547 est
1063 3501 1169 3546 tam
1203 3493 1403 3550 humile
1434 3494 1665 3553 inaniter
1693 3510 1854 3566 quam
1883 3493 2029 3564 ligna

451 3591 507 3638 et
545 3583 750 3652 lapides
774 3583 902 3638 deos
933 3583 1016 3636 vel
1054 3592 1300 3638 astruere
1333 3584 1417 3638 vel
1445 3593 1651 3654 putare.
1699 3583 1864 3655 Hujus
1899 3600 2028 3654 ergo

446 3669 630 3730 ianuis
657 3670 973 3730 humiiitatls
999 3673 1206 3746 primus
1231 3671 1376 3730 illius
1405 3683 1488 3729 est
1521 3675 1611 3745 qui
1649 3673 1848 3730 dicitur
1873 3683 2026 3730 extra

449 3776 559 3833 me,
596 3765 702 3821 hoc
741 3771 852 3834 est,
895 3761 1104 3838 primus
1133 3779 1324 3822 sensus
1351 3777 1539 3821 eorum
1565 3773 1618 3820 et
1647 3772 1800 3821 extra
1830 3767 2027 3822 verita-

445 3853 590 3922 tem,
632 3864 688 3910 et
726 3863 876 3910 extra
921 3856 1206 3912 Dominum
1245 3861 1347 3911 est.
1398 3855 1678 3911 Secundus
1717 3871 1846 3911 vero
1893 3857 2026 3912 Abi-

447 3956 598 4013 man,
639 3948 694 4002 id
733 3955 836 4014 est,
885 3947 1052 4002 frater
1087 3949 1203 4003 sine
1233 3946 1486 4013 consilio;
1538 3955 1746 4002 certum
1785 3955 1868 4002 est
1903 3949 2026 4018 quia

447 4043 508 4094 et
536 4037 642 4093 iste
676 4036 847 4093 frater
874 4035 946 4092 sit
980 4035 1124 4094 illius
1167 4037 1370 4094 erroris
1390 4037 1484 4109 qni
1521 4037 1640 4094 sine
1673 4039 1896 4094 consilio
1923 4039 2029 4111 agi-

445 4135 558 4182 tur.
587 4127 728 4194 Quid
765 4131 908 4184 enim
942 4137 1053 4184 tam
1092 4131 1208 4186 sine
1252 4130 1479 4186 consilio
1526 4145 1686 4200 quam
1724 4123 2028 4201 relinquere

449 4217 760 4279 Dominum.
786 4216 878 4286 qui
921 4231 1020 4273 nos
1047 4217 1173 4274 fecit
1195 4235 1337 4285 esse,
1371 4229 1424 4275 et
1451 4222 1602 4290 sequi
1632 4222 1759 4276 deos
1784 4237 1920 4292 quos
1951 4222 2028 4278 fc-

451 4306 663 4362 cimus?
705 4305 920 4362 Tertius
960 4307 1166 4362 erroris
1207 4323 1398 4372 sensus
1440 4319 1524 4364 est
1570 4307 1840 4377 Tholmai,
1885 4312 2029 4383 quod

449 4405 538 4454 est
572 4393 922 4469 prmeipitium
966 4396 1055 4453 vel
1099 4399 1382 4470 suspensio
1420 4417 1433 4452 :
1474 4399 1764 4454 novissima
1797 4415 2028 4470 namque

450 4491 611 4561 huius
657 4491 857 4546 erroris
906 4488 1262 4546 ostenduntur
1307 4491 1362 4545 in
1400 4491 1754 4562 praecipitium
1797 4501 1853 4546 et
1897 4507 2024 4564 pro-

449 4581 673 4636 fundum
723 4579 937 4638 inferni.
985 4578 1094 4640 ﬂos
1140 4597 1268 4656 ergo
1315 4583 1632 4654 gentilitatis
1675 4597 1865 4638 sensus
1907 4591 2027 4638 tan-
2054 4573 2108 4642 Ι)

451 4682 616 4742 quam
659 4667 799 4728 ﬁlios
841 4671 1025 4731 Enach
1051 4677 1248 4732 vetusti
1286 4677 1487 4732 erroris
1515 4675 1741 4732 abscidit
1769 4671 1876 4743 lex,
1905 4692 2024 4750 quae

452 4765 618 4817 etlam
647 4765 936 4820 secundum
975 4767 1212 4823 litteram
1242 4766 1528 4823 Dominum
1555 4783 1744 4824 verum
1781 4773 1834 4822 et
1875 4783 2027 4822 crea-

453 4857 626 4910 torem
649 4853 888 4910 omnium
913 4859 1187 4928 praedicat.

1066 4963 1293 5022 CAPUT
1331 4965 1418 5021 Vl.

459 5047 651 5130 De_eo_
682 5052 820 5126 quod
866 5051 999 5106 dixit
1016 5049 1242 5130 βαιῷ]
1429 5053 1738 5130 percusserit
1778 5053 2024 5108 tl’mrz’nt-

524 5119 726 5192 Sephe'r
770 5131 819 5177 et
862 5119 1084 5192 ceperit,
1129 5123 1262 5194 dabo
1300 5119 1391 5178 vitii
1429 5119 1599 5179 'Axam
1646 5125 1812 5194 ﬁlium
1859 5139 2024 5178 meum

523 5204 772 5264 errarent;
798 5203 846 5264 et
883 5193 1170 5264 cepitetmt
1198 5193 1437 5264 υιιωιωι
1467 5197 1608 5264 ﬁlius
1636 5193 1824 5258 (ἕρκεα,
1863 5195 2028 5263 [ratu

524 5259 896 5336 Calebjunior.
915 5259 982 5318 Et
1005 5262 1066 5336 de
1083 5279 1140 5316 eo
1157 5263 1297 5336 quod
1314 5259 1589 5334 postulavit
1607 5267 1718 5320 Axi:
1741 5266 1851 5334 [ilia
1863 5259 2022 5324 Caleb

523 5330 722 5404 putreﬁt
756 5349 908 5386 suum
937 5341 992 5386 ut
1024 5330 1178 5388 darei
1199 5330 1297 5385 sibi
1314 5330 1515 5387 terram
1547 5330 1820 5408 irriguum.

486 5428 495 5433 ·
527 5418 702 5494 (imm)
738 5439 756 5472 ι
787 5420 1036 5496 Dixitque
1062 5420 1224 5478 Caleb
1256 5439 1270 5478 :
1299 5419 1400 5488 Qui
1430 5425 1752 5494 percusserit
1777 5423 2024 5479 Cariath-

457 5529 478 5564 ι
523 5510 730 5584 Sepher
773 5520 827 5567 et
871 5515 1073 5584 ceperit
1114 5529 1268 5580 eam,
1317 5512 1456 5568 dabo
1507 5511 1580 5568 illi
1633 5513 1804 5568 Axam
1857 5513 2020 5569 filiam

458 5615 480 5652 ι
523 5617 697 5658 meam
745 5619 988 5659 uxorem.
1018 5604 1276 5678 Cepitque
1305 5619 1424 5660 eam
1465 5601 1712 5659 Othoniel
1755 5603 1894 5661 filius
1921 5605 2024 5661 Ce-

458 5705 482 5742 ι
524 5705 643 5757 nez,
673 5691 843 5748 frater
868 5691 1030 5748 Caleb
1055 5691 1239 5766 junior
1263 5715 1276 5748 :
1309 5693 1560 5764 deditque
1582 5693 1630 5747 ei
1658 5691 1827 5749 Axam
1854 5694 2022 5750 filiam

458 5787 488 5838 ι
525 5793 680 5839 suam
721 5799 962 5841 uxorem.
993 5785 1094 5868 Qui
1140 5803 1262 5844 cum
1311 5793 1598 5878 pergerent
1634 5786 1822 5856 simul,
1853 5787 2022 5845 suasit

2121 572 2140 606 ι
2186 555 2371 625 vitque
2412 563 2472 610 ut
2504 553 2726 610 sedebat
2753 551 2808 608 in
2835 550 3010 608 asino.
3043 545 3144 606 Cui
3182 547 3372 614 Caleb,
3421 546 3570 616 Quid
3596 551 3702 608 ha-

2122 663 2142 699 t
2183 647 2303 716 bes,
2341 645 2550 717 inquit?
2577 645 2648 700 At
2690 644 2782 700 illa
2827 640 3108 714 respondit
3140 656 3156 694 :
3192 640 3274 698 Da
3301 639 3438 696 mihi
3482 641 3706 702 benedi-

2123 757 2142 790 ι
2186 739 2422 796 ctionem
2462 757 2475 792 ε
2521 746 2724 794 terram
2767 733 3058 795 australem
3101 738 3163 788 et
3207 740 3454 794 arentem
3511 732 3706 796 dedisti

2123 815 2143 879 ι
2187 827 2344 909 mihi,
2366 829 2534 902 junge
2557 835 2612 882 et
2637 827 2916 903 irriguam.
2945 823 3106 882 Dedit
3141 822 3328 894 itaque
3350 823 3409 878 ei
3438 821 3611 882 Caleb
3635 825 3706 882 ira

2123 938 2142 971 ι
2188 919 2398 994 riguam
2433 919 2680 994 superius
2706 926 2762 976 et
2785 914 3032 982 inferius,
3055 934 3075 969 ι
3107 922 3212 974 etc.
3243 913 3506 973 Otltoniel
3530 925 3704 984 autem

2117 1013 2508 1084 interpretatur
2536 1009 2816 1084 responsio
2845 1007 2964 1064 Dei.
2997 1007 3300 1084 Responsio
3332 1005 3432 1064 Dei
3477 1007 3587 1066 dici
3617 1025 3702 1082 po-

2119 1116 2224 1166 test
2250 1109 2298 1166 is
2330 1108 2418 1164 cui
2456 1107 2747 1180 respondet
2787 1104 3067 1171 Dominus,
3099 1103 3204 1160 hoc
3231 1110 3338 1168 est,
3382 1103 3476 1167 cui
3504 1104 3698 1162 revelat

2119 1210 2330 1261 secreta
2357 1209 2413 1260 et
2456 1199 2644 1274 pandit
2689 1213 2908 1258 arcana.
2953 1197 3059 1256 iste
3100 1210 3229 1266 ergo
3273 1202 3366 1258 est
3408 1197 3497 1268 qui
3523 1206 3693 1269 potest

2119 1297 2366 1368 accipere
2413 1295 2690 1354 civitatem
2720 1293 3028 1356 litterarum
3072 1289 3290 1351 Veteris
3319 1290 3658 1349 instrumenti
3679 1332 3694 1358 ,

2119 1401 2174 1458 et
2216 1393 2469 1456 excidere
2523 1391 2760 1450 litteram
2803 1387 3164 1454 occidentem,
3201 1383 3379 1450 frater
3413 1384 3579 1442 Caleb
3611 1385 3696 1455 ju-

2118 1489 2260 1552 nior.
2283 1488 2396 1558 Ego
2415 1494 2600 1548 autem
2623 1499 2742 1541 sum
2766 1481 2935 1544 frater
2954 1480 3121 1540 (laici!
3139 1478 3211 1539 de
3231 1476 3468 1537 Ecclesia
3475 1475 3688 1546 junior,

2120 1581 2214 1651 qui
2241 1579 2426 1639 excisa
2455 1593 2522 1638 ac
2556 1576 2734 1634 diruta
2763 1570 2904 1646 legis.
2925 1571 3129 1638 littera,
3173 1584 3399 1630 salsum
3423 1567 3480 1625 in‘
3508 1583 3570 1624 ea
3593 1569 3695 1636 spi-

2122 1673 2335 1734 ritalem
2369 1671 2606 1742 requiro.
2654 1666 2858 1730 Excido
2892 1672 3075 1726 autem
3118 1662 3386 1733 litteram,
3434 1676 3561 1718 cum
3595 1659 3698 1729 iam

2610 1761 2826 1814 itteram
2850 1772 3039 1814 azvma
3073 1756 3366 1814 manduco.
3398 1768 3580 1814 neque
3610 1768 3698 1814 Da-

444 1762 605 1806 etiam
639 1762 692 1806 in
724 1762 908 1806 Datur.
939 1762 1145 1806 Nomen
1182 1762 1302 1808 erat
1329 1762 1496 1814 vanir
1520 1762 1671 1826 prius
1699 1762 1888 1808 civitas
1933 1762 2020 1806 ιιι·
2067 1820 2072 1824 η
2125 1782 2236 1828 ηομ
2263 1765 2558 1826 secundum
2589 1762 2826 1822 litteram
2850 1772 3039 1832 azyma
3073 1762 3366 1820 manduco,
3398 1768 3580 1823 omne
3610 1768 3672 1823 pa

444 1851 702 1898 terarum.
748 1842 915 1898 Dabir
967 1841 1355 1919 interpretatur
1402 1844 1642 1914 loquela,
1685 1844 1782 1902 sed
1828 1859 2026 1902 nomen
2051 1827 2100 1894 Β
2128 1860 2259 1918 “ha
2297 1873 2420 1914 cum
2449 1855 2648 1912 ιυαείε
2680 1855 2931 1919 observo,
2975 1865 3152 1919 neque
3195 1848 3488 1904 sabbatum
3518 1863 3672 1902 secura

2128 1860 2259 1918 scha
2297 1873 2420 1914 cum
2449 1855 2648 1912 Iudaeis
2680 1855 2931 1920 observo,
2975 1865 3152 1920 neque
3195 1848 3488 1904 sabbatum
3518 1863 3701 1902 secun-

2129 1951 2254 2010 dum
2276 1949 2517 2006 litteram
2533 1959 2684 2002 euro.
2703 1941 3038 2003 Premissum
3061 1953 3297 2008 namque
3318 1945 3407 1994 est
3429 1937 3565 1992 mihi
3592 1936 3702 2007 quia
3749 1999 3756 2008 η

2129 2043 2177 2106 si
2199 2041 2452 2098 excidero
2477 2039 2753 2097 civitatem
2794 2035 3119 2098 litterarum,
3150 2040 3488 2102 accepturus
3523 2029 3622 2084 sim
3653 2028 3706 2084 li-

2129 2135 2258 2192 liam
2287 2133 2475 2191 fratris
2511 2131 2618 2193 mei
2643 2127 2884 2200 majoris.
2914 2127 3072 2187 Eram
3109 2139 3348 2197 namque
3383 2136 3541 2194 prius
3582 2120 3704 2174 ﬁlius

2130 2227 2327 2292 Cetiez,
2355 2226 2450 2300 qui
2479 2225 2865 2294 interpretatur
2895 2219 3122 2295 spretio.
3161 2217 3294 2290 Quis
3322 2215 3472 2272 enim
3501 2223 3617 2274 erat
3643 2213 3701 2270 ita

2134 2326 2350 2390 spretus
2403 2315 2544 2388 sicut
2579 2329 2678 2378 nos
2713 2320 2924 2388 gentes.
2966 2309 3202 2370 alienati.
3229 2323 3262 2364 a
3307 2306 3704 2368 conversatione

2133 2407 2317 2474 Israel,
2343 2421 2493 2476 spem
2518 2420 2626 2464 non
2651 2404 2938 2470 habentes,
2962 2409 3017 2460 et
3037 2401 3154 2466 sine
3175 2398 3287 2460 Deo
3315 2399 3374 2457 in
3395 2397 3504 2454 hoc
3525 2394 3704 2452 mundo

2134 2501 2384 2558 eramus?
2427 2498 2563 2572 Nam
2613 2497 2764 2578 prior
2813 2496 2903 2552 ille
2941 2495 3112 2556 frater
3157 2509 3338 2559 mens,
3378 2491 3542 2562 cujus
3577 2503 3703 2546 nunc

2133 2593 2302 2648 tiliam
2331 2589 2556 2665 accipio,
2587 2604 2686 2663 pro
2713 2603 2778 2646 eo
2807 2587 2952 2661 quod
2983 2583 3166 2646 excidi
3198 2583 3480 2642 civitatem
3515 2580 3703 2636 littera-

2135 2698 2274 2747 rum,
2309 2680 2396 2736 ille
2443 2679 2586 2738 ﬁlius
2626 2677 2830 2734 Jeil‘one
2869 2677 2994 2746 fuit,
3028 2677 3122 2750 qui
3159 2676 3554 2750 interpretatur
3589 2687 3703 2730 cou-

2132 2774 2331 2833 versio.
2371 2773 2472 2830 Dat
2519 2772 2653 2828 milii
2691 2787 2819 2844 ergo
2865 2771 3035 2826 ﬁliam
3073 2784 3250 2840 suam,
3291 2767 3573 2832 scientiam
3599 2765 3704 2820 sive

2134 2865 2544 2940 intelligentiam
2583 2865 2715 2920 mihi
2745 2865 2947 2937 juniori
2974 2862 3135 2928 fratri
3157 2862 3251 2944 dat
3275 2860 3392 2928 lea.
3419 2857 3700 2923 secundum

2133 2958 2276 3029 quod
2304 2958 2563 3027 scriptum
2592 2964 2714 3016 est:
2744 2975 2764 3012 ι
2792 2955 3086 3016 Auferetur
3107 2970 3141 3014 a
3166 2955 3322 3014 vobis
3347 2969 3574 3024 regnant
3595 2951 3704 3017 Dei.

2134 3058 2190 3104 et
2221 3049 2435 3106 dabitur
2455 3047 2602 3119 genti
2631 3047 2851 3109 facienti
2887 3047 3126 3108 fructum
3150 3045 3272 3117 ejus
3301 3044 3516 3118 (Rath.
3541 3043 3700 3110 una

2137 3143 2428 3208 Sciendum
2481 3152 2664 3200 tamen
2704 3151 2788 3198 est
2832 3141 2979 3201 aliud
3028 3157 3150 3198 esse
3181 3140 3390 3210 legem.
3439 3140 3528 3196 cui
3571 3151 3702 3196 nunc

2133 3250 2425 3314 personam
2449 3233 2695 3292 dedimus
2723 3232 2907 3300 Caleb,
2936 3232 3082 3293 aliud
3112 3232 3350 3292 litteram
3377 3230 3576 3290 Veteris
3606 3227 3700 3284 Te-

2132 3329 2406 3394 stamenti,
2432 3343 2591 3398 quam
2625 3325 2900 3383 civitatem
2937 3323 3240 3398 ﬁguraliter
3281 3323 3509 3381 diximus
3553 3321 3698 3380 litte-

2131 3438 2336 3480 rarum.
2383 3403 2619 3491 Accepta
2656 3434 2789 3492 ergo
2829 3418 3007 3478 littera
3055 3417 3168 3478 tilia
3218 3415 3354 3485 eius,
3397 3431 3496 3485 ego
3535 3411 3703 3474 inter

2131 3515 2248 3588 ejus
2290 3512 2476 3584 iunior
2504 3509 2712 3568 abduco
2739 3523 2864 3568 eam
2906 3508 2975 3568 de
3025 3507 3188 3564 domo
3227 3507 3396 3584 patris
3423 3505 3508 3566 sui
3540 3523 3554 3558 :
3590 3519 3708 3574 quae

2132 3619 2253 3662 cum
2301 3602 2511 3658 veniret
2555 3615 2764 3659 mecum
2815 3599 3009 3656 sedens
3053 3613 3219 3670 super
3257 3597 3468 3656 asinum
3489 3634 3506 3661 ,
3553 3593 3710 3650 illum

2131 3695 2247 3750 sine
2276 3695 2438 3750 dubio
2485 3709 2644 3765 quem
2680 3691 2952 3753 solverant
3000 3690 3240 3762 dimipuli
3267 3687 3582 3750 Salvatoris,
3615 3685 3710 3743 (li-

2130 3787 2204 3844 cit
2229 3785 2294 3840 ad
2325 3795 2536 3856 patrem
2560 3801 2721 3843 suum
2745 3803 2758 3840 :
2792 3785 2872 3842 Da
2895 3784 3029 3846 mibi
3047 3779 3488 3844 benedictionemu
3509 3786 3706 3848 φωτὶ

2130 3887 2185 3952 et
2215 3879 2422 3951 accepit
2468 3877 2790 3936 Gonetblam
2823 3875 3140 3935 inferiorem
3168 3881 3224 3932 et
3257 3869 3582 3934 Gonetblam
3627 3885 3715 3926 su-

2129 3971 2444 4042 periorem:
2490 3971 2634 4044 quod
2669 3969 2974 4030 evidentius
3008 3967 3128 4042 jam
3185 3965 3480 4039 Apostolus
3539 3963 3706 4023 dicit:

2138 4083 2164 4136 ε
2187 4064 2636 4126 Pollicitationem
2681 4064 2887 4124 habens
2931 4063 3055 4128 vita)
3085 4077 3212 4132 qua
3249 4074 3395 4120 utine
3419 4065 3506 4116 est
3539 4065 3592 4110 et
3627 4052 3707 4108 fu-

2133 4163 2266 4226 tura:
2314 4153 2365 4223 (I
2401 4153 2538 4208 Tim.
2576 4153 2672 4228 tv).
2696 4172 2716 4206 ι
2747 4153 2815 4208 Et
2855 4151 3104 4212 Salvator
3139 4149 3409 4222 promittit
3439 4155 3495 4201 ut
3532 4145 3582 4204 hi
3613 4141 3705 4211 qui

2133 4246 2282 4302 verbi
2318 4245 2400 4300 sui
2444 4243 2834 4318 perfectionem
2864 4250 3185 4314 sequuntur,
3217 4239 3488 4310 accipiant
3527 4243 3706 4290 centu-

2129 4339 2276 4408 plum
2325 4338 2377 4393 in
2407 4338 2510 4396 hoc
2554 4336 2774 4402 saeculo,
2815 4343 2870 4392 et
2913 4323 3076 4393 vitam
3109 4342 3376 4392 aeternam
3419 4331 3474 4384 in
3515 4326 3706 4382 futuro.

2131 4427 2244 4484 lloc
2284 4436 2367 4484 cst
2411 4443 2538 4502 ergo
2581 4427 2856 4496 accepisse
2901 4426 2956 4480 in
2995 4422 3374 4482 benedictione
3403 4415 3704 4474 Gonethlam

2130 4519 2439 4576 inferiorem
2479 4528 2534 4574 et
2580 4517 2901 4576 Gonethlam
2933 4515 3269 4586 superiorem
3307 4531 3320 4568 :
3353 4525 3518 4586 quam
3547 4509 3708 4562 berle-

2131 4609 2416 4664 dictioncm
2440 4623 2657 4664 oremus
2682 4616 2812 4662 utet
2844 4621 2943 4661 nos
2967 4604 3226 4678 consequi
3251 4615 3578 4658 mereamur.
3607 4595 3706 4668 (Ex

2133 4697 2425 4775 Gregorio.)
2469 4698 2634 4757 Juxta
2669 4699 3024 4772 tropologiam
3065 4714 3219 4762 vero,
3261 4697 3380 4750 Axa
3417 4709 3577 4768 super
3609 4689 3710 4745 asi-

2132 4807 2258 4846 num
2305 4791 2488 4856 sedet,
2539 4807 2660 4846 cum
2711 4789 3171 4845 irrationabilibus
3225 4789 3410 4843 carnis
3453 4801 3561 4840 sua:
3597 4797 3710 4836 mo-

2133 4881 2274 4938 tibus
2301 4881 2479 4936 anima
2505 4881 2777 4957 przesidet,
2806 4895 2925 4952 qu:e
2968 4879 3247 4948 suspirans
3271 4893 3306 4934 a
3329 4886 3486 4948 patre
3515 4885 3708 4928 terram

2131 4972 2390 5046 irriguum
2432 4972 2588 5044 petit,
2619 4972 2744 5042 quia
2781 4986 2812 5025 a
2847 4979 3094 5026 creatore
3138 4978 3326 5024 nostro
3367 4982 3490 5024 cum
3520 4975 3703 5030 magno

2131 5065 2330 5135 gemitu
2360 5063 2649 5134 quaerenda
2674 5071 2757 5116 est
2781 5062 3142 5134 lacrymarum
3171 5060 3369 5134 gratia.
3405 5058 3533 5113 Sunt
3555 5066 3710 5108 nam-

2130 5170 2233 5236 que
2269 5153 2509 5209 nonnulli
2567 5154 2658 5228 qui
2701 5151 2812 5227 jam
2861 5153 2915 5212 in
2952 5153 3094 5209 dono
3140 5160 3503 5231 perceperunt
3547 5147 3714 5200 libere

2130 5259 2225 5313 pro
2245 5243 2454 5314 justitia
2488 5243 2654 5318 loqui,
2691 5259 2982 5318 oppressos
3010 5244 3170 5309 tueri,
3205 5242 3574 5316 indigentibus
3600 5253 3718 5309 pos-

2127 5349 2275 5388 sessa
2325 5335 2582 5403 tribuere,
2635 5335 2887 5390 ardorem
2930 5334 3055 5390 fidei
3105 5333 3310 5388 habere
3349 5351 3362 5386 :
3396 5330 3493 5386 sed
3541 5330 3721 5384 adhuc

2128 5429 2356 5499 gratiam
2389 5428 2752 5502 lacrymarum
2781 5444 2889 5482 non
2939 5425 3161 5495 habent.
3195 5423 3260 5482 lli
3311 5423 3569 5483 nimirum
3611 5429 3725 5474 ter-

2129 5535 2245 5573 ram
2277 5518 2567 5574 australem
2596 5527 2651 5574 et
2687 5525 2931 5573 arentem
2967 5517 3192 5583 habent,
3226 5516 3320 5570 sed
3348 5523 3404 5570 et
3433 5514 3617 5570 adhuc
3651 5513 3725 5566 ir-

2129 5605 2281 5678 rigua
2306 5608 2551 5678 indigent
2577 5623 2590 5662 :
2617 5608 2743 5679 quia
2772 5607 2825 5662 in
2851 5607 3010 5662 bonis
3032 5603 3288 5678 operibus
3307 5603 3492 5678 positi,
3520 5603 3726 5674 quibus

2129 5698 2308 5771 magni
2339 5709 2500 5770 atque
2529 5699 2796 5756 ferventes
2821 5707 2970 5766 sunt,
2997 5707 3213 5773 oportet
3239 5681 3496 5752 nimirum
3539 5704 3603 5748 ut
3630 5701 3724 5748 aut

2126 5792 2320 5848 timore
2371 5791 2648 5873 supplicii,
2691 5799 2786 5848 aut
2831 5807 3018 5850 amore
3067 5791 3216 5868 regni
3260 5787 3526 5862 celestis,
3572 5785 3722 5846 mala
