3986 6348
497 371 500 374 .
525 313 664 370 1079

1161 313 1220 367 Β.
1262 311 1519 367 RABA-Nl
1555 312 1778 370 MAUR]
1817 311 2142 368 ARCHIEP.
2183 308 2496 367 MOGUNT.
2539 308 2830 366 OPERUII
2868 307 3049 364 PARS
3082 307 3124 361 Ι.

3645 310 3803 370 ἀνω

509 442 788 499 nunquam
807 427 954 482 enim
990 429 1238 492 tentatio,
1261 442 1541 498 nunquam
1569 436 1748 484 motus
1783 427 2087 482 cessantab
2111 430 2166 490 Α
2187 427 2334 495 quod
2383 425 2696 495 praphetice
2744 425 3036 486 diceretur,
3077 435 3199 476 cum
3245 428 3528 490 praeterita
3562 436 3799 477 narran-

506 535 592 576 eo.
651 518 760 573 Sed
789 525 847 572 tu
875 518 924 572 si
950 532 1079 574 vere
1104 517 1404 573 fructiﬁcas
1434 519 1488 573 in
1509 518 1639 582 Deo,
1661 527 1720 574 et
1745 519 1897 574 vides
1924 517 2083 571 talem
2191 527 2301 582 tur,
2331 525 2721 586 taceanturque
2742 515 2925 572 futura
2967 511 3177 582 majora
3225 519 3280 565 et
3309 511 3559 565 maxime
3602 527 3797 568 neces-

508 609 742 679 aliquem
787 607 1108 677 inquietum,
1142 609 1439 674 turbidum,
1477 609 1754 673 mobilem,
1793 609 1930 665 scito
1958 609 2084 678 quia

506 699 842 756 Chananaaus
880 707 995 762 est;
1035 707 1094 753 et
1119 713 1226 753 non
1249 707 1404 768 potes
1436 699 1635 768 ejicere
1661 714 1784 753 eum
1815 700 1879 755 de
1900 699 2086 754 Eccle-

505 792 605 856 sia,
645 792 774 862 quia
825 805 931 845 non
982 799 1271 861 potuerunt
1319 792 1415 846 lilii
1470 792 1728 860 Ephraim
1776 792 2085 861 disperdere

506 881 888 938 Chananaenm.
953 881 1092 936 'lllud
1145 883 1374 938 observa
1397 883 1539 951 quod
1582 883 1872 953 Apostolus
1903 893 2087 938 monet

503 972 732 1028 dicens:
776 992 794 1022 ι
832 972 1144 1026 Subtrahite
1170 987 1262 1026 vos
1309 971 1378 1025 ab
1423 973 1568 1026 omni
1621 972 1788 1026 fratre
1843 973 2083 1042 inquiete

502 1062 813 1120 ambulante
852 1060 936 1132 (11
973 1061 1148 1115 Thess.
1176 1062 1280 1131 ιιι).
1320 1081 1338 1113 ι
1391 1061 1497 1117 Sed
1531 1063 1788 1131 quoniam
1829 1061 2084 1119 Salomon

503 1153 686 1226 (Prov.
711 1142 862 1224 xxn)‘
898 1155 1086 1208 suadet
1135 1155 1250 1208 hare
1295 1169 1416 1223 qua:
1461 1154 1709 1224 legimus,
1737 1157 1972 1212 describi
2028 1158 2082 1214 in

489 1252 663 1316 corde
704 1250 1008 1322 tripliciter,
1059 1250 1225 1304 etiam
1253 1251 1420 1315 aliud,
1451 1262 1647 1321 praeter
1679 1253 1763 1307 illa
1793 1270 1912 1324 qua:
1945 1255 2082 1309 dixi-

491 1359 639 1408 .mus,
691 1343 836 1412 quod
865 1343 1015 1397 cordi
1055 1358 1177 1398 meo
1229 1345 1550 1409 occurrerit,
1589 1345 1657 1398 ad
1689 1361 1851 1401 aures
1871 1357 2083 1403 vestras

485 1432 767 1503 proferam
799 1449 812 1484 :
856 1432 922 1486 Et
949 1447 1044 1486 vos
1089 1431 1250 1487 facite
1276 1435 1418 1503 quod
1459 1435 1718 1504 scriptum
1748 1445 1849 1501 est,
1876 1447 1935 1491 ut
1976 1453 2083 1492 uno

495 1525 731 1589 dicente,
751 1523 936 1578 caeteri
967 1525 1278 1578 examinem
1304 1524 1356 1594 (1
1383 1524 1505 1578 Cor.
1539 1526 1671 1595 xiv).
1725 1525 1807 1580 Me
1843 1543 1976 1596 ergo
2003 1527 2084 1581 di-

493 1625 650 1672 cente
669 1616 815 1685 quod
847 1615 1042 1680 sentio,
1073 1630 1169 1670 vos
1192 1616 1482 1670 discernite
1505 1626 1562 1670 et
1581 1618 1886 1672 examinate
1927 1619 1972 1673 si
1999 1634 2083 1671 re-

492 1718 641 1766 ctum
676 1716 783 1774 est,
815 1716 909 1762 aut
936 1707 1116 1762 minus
1137 1715 1364 1762 rectum.
1397 1707 1472 1760 De
1507 1705 1806 1763 Jerusalem
1833 1707 2084 1777 frequen-

2189 610 2383 666 saria?
2439 608 2672 664 Proinde
2727 606 2910 677 potius
2951 601 3374 660 existimandum
3421 609 3515 656 est
3565 601 3794 672 Septua-

2183 703 2334 774 ginta
2361 703 2713 772 Interpretes,
2749 700 2841 769 qui
2879 697 3200 753 auctoritate
3228 695 3550 765 prophetica
3576 710 3654 748 ex
3681 695 3791 765 ipsa

2187 797 2420 852 mirabili
2448 795 2804 852 consensione
2850 788 3191 860 interpretati
3244 801 3367 849 esse
3401 787 3788 856 perhibentur,

2189 888 2627 952 haecaddidisse;
2666 901 2774 941 non
2804 892 3065 952 tanquam
3109 881 3291 935 futura
3341 879 3784 948 pronuntiantes,

2187 978 2280 1032 sed
2325 979 2448 1048 quia
2481 989 2722 1048 tempore
2745 976 2836 1031 illo
2869 975 2967 1042 ipsi
3000 981 3178 1036 erant,
3207 987 3314 1040 quo
3358 971 3499 1024 facta
3525 986 3656 1026 esse
3679 988 3786 1026 me-

2187 1071 2475 1135 minerant,
2537 1079 2592 1125 et
2628 1071 2683 1125 in
2729 1069 2864 1123 libro
2910 1065 3220 1136 Regnorum
3275 1063 3543 1134 legerant,
3601 1079 3779 1131 regum

2185 1162 2518 1230 temporibus
2569 1161 2675 1214 hoc
2712 1158 2916 1212 factum
2965 1170 3088 1211 esse
3137 1153 3259 1225 (ΙΙΙ
3311 1153 3444 1226 Reg.
3481 1154 3583 1225 rx).
3633 1153 3780 1220 Quod

2185 1253 2307 1308 ideo
2355 1251 2666 1306 credibilius
2719 1251 2879 1305 nobis
2943 1249 3119 1302 visum
3183 1255 3269 1300 est
3301 1286 3317 1312 ,
3375 1247 3624 1314 quoniam
3692 1247 3779 1300 in-

2186 1345 2460 1414 speximus
2494 1342 2996 1411 interpretationem
3041 1353 3160 1408 qua:
3203 1346 3292 1393 est
3314 1352 3381 1392 ex
3423 1336 3671 1398 Hebr-eo,
3723 1344 3779 1391 et

2187 1436 2290 1490 hoc
2327 1434 2400 1488 ibi
2451 1449 2560 1488 non
2612 1433 2958 1488 invenimus:
3017 1431 3158 1484 sicut
3209 1445 3310 1485 nec
3359 1430 3484 1483 illud
3513 1429 3667 1498 quod
3693 1429 3774 1482 di-

2187 1538 2335 1582 ctum
2363 1535 2448 1580 est
2490 1527 2555 1581 de
2593 1524 2812 1580 Jericho
2855 1524 2997 1594 quod
3043 1524 3136 1594 qui
3161 1539 3282 1578 eam
3330 1531 3655 1592 reparasset,
3699 1524 3777 1576 in-

2186 1626 2434 1673 curreret
2486 1617 2836 1673 maledictum
2864 1615 3008 1685 quod
3043 1614 3256 1670 dixerat
3288 1614 3469 1669 Jesus.
3524 1614 3614 1668 Sic
3633 1615 3773 1667 enim

2187 1710 2451 1778 scriptum
2493 1718 2577 1763 est
2628 1727 2641 1764 :
2709 1727 2728 1759 ε
2767 1708 2836 1762 Ει
2875 1705 3148 1774 adjuravit
3194 1705 3351 1761 Jesus
3409 1708 3463 1761 in
3521 1706 3609 1761 die
3651 1707 3770 1759 illa:

477 1811 575 1870 “ter
598 1802 834 1856 diximus
859 1802 986 1871 quia
1038 1802 1174 1856 visio
1203 1801 1351 1870 pacis
1391 1801 1797 1871 interpretatur.
1850 1801 1908 1857 Si
1944 1816 2074 1872 ergo
2102 1790 2151 1852 Β
2179 1800 2495 1856 Maledictus
2540 1801 2702 1856 homo
2733 1799 2823 1867 qui
2851 1797 3202 1853 resuscitabit
3232 1806 3289 1851 et
3324 1796 3621 1851 :edificabit
3658 1797 3775 1850 civi-

479 1895 546 1952 .in
578 1895 742 1950 corde
762 1901 953 1948 nostro
977 1892 1276 1948 Jerusalem
1307 1892 1572 1948 aedificata
1600 1903 1706 1957 est,
1740 1894 1843 1947 hoc
1867 1901 1972 1956 est,
1997 1893 2076 1946 vi-

489 1988 571 2044 sio
593 1988 743 2058 pacis
765 1987 820 2042 in
846 1987 1008 2044 corde
1030 1995 1216 2042 nostro
1245 1984 1470 2041 fundata
1495 1994 1598 2049 est,
1618 1994 1674 2040 et
1687 1985 1959 2053 spiritum,
1982 1984 2075 2052 qui

491 2089 574 2138 est
603 2095 708 2150 pax
739 2089 948 2146 nostra,
991 2093 1203 2149 semper
1257 2079 1563 2132 intueamur
1607 2086 1663 2132 et
1711 2092 1991 2131 servemus
2019 2077 2075 2129 in

489 2171 680 2238 corde;
734 2172 781 2228 si
813 2170 1032 2241 quidem
1073 2170 1148 2224 ita
1184 2168 1281 2224 fixi
1325 2176 1380 2222 et
1405 2167 1630 2222 stabiles
1653 2182 1840 2224 sumus
1883 2167 1939 2220 in
1973 2166 2076 2220 hac

491 2265 700 2320 visione
745 2265 921 2334 pacis,
959 2271 1020 2316 ut
1071 2277 1344 2331 nunquam
1394 2275 1620 2328 prorsus
1651 2258 1761 2314 ulla
1817 2255 2076 2325 cogitatio

490 2357 634 2412 mala
657 2365 716 2414 et
739 2355 972 2422 alicujus
991 2355 1205 2424 peccati
1232 2353 1520 2410 consilium
1551 2351 1810 2408 ascendat
1829 2351 1883 2404 in
1911 2350 2077 2405 corde

491 2455 702 2502 nostro.
760 2446 818 2500 Si
851 2447 954 2499 hoc
993 2445 1070 2498 ita
1106 2443 1222 2498 ﬁeri
1261 2451 1464 2512 posset,
1514 2450 1827 2510 poteramus
1895 2441 2077 2495 dicere

489 2542 620 2612 quia
643 2540 697 2596 in
722 2537 1022 2596 Jerusalem
1046 2553 1254 2602 smnus,
1276 2546 1332 2592 et
1353 2537 1533 2591 nullus
1555 2536 1694 2592 alius
1743 2537 1954 2592 habitat
1977 2551 2074 2589 no—

475 2632 700 2692 .biscum
724 2630 827 2684 nisi
871 2630 949 2683 illi
996 2630 1091 2698 qui
1145 2629 1318 2683 sancti
1355 2640 1501 2683 sunt.
1558 2626 1711 2681 Nunc
1746 2642 1877 2682 vero
1929 2628 1973 2680 si
2007 2627 2074 2682 ad

477 2725 748 2795 grandem
797 2730 1113 2794 provectum
1149 2723 1452 2786 veniamus,
1481 2730 1536 2776 et
1565 2720 1791 2776 summis
1829 2729 2072 2774 nosmet-

483 2818 636 2889 ipsos
669 2817 865 2872 studiis
913 2815 1243 2878 excolamus,
1279 2823 1459 2869 tamen
1511 2829 1621 2867 non
1646 2820 1776 2882 puto
1814 2811 2072 2879 cuiquam

488 2916 698 2964 tantum
722 2908 782 2962 in
801 2907 968 2963 corde
999 2905 1254 2977 puritatis
1292 2904 1533 2967 evenire,
1565 2911 1626 2956 ut
1651 2917 1929 2971 nunquam
1977 2899 2071 2954 ad-

471 3017 655 3058 morsae
699 3001 1048 3072 cogitationis
1087 2998 1411 3068 mntagione
1447 2995 1768 3050 macdletur.
1845 2992 2072 3046 Certum

479 3099 567 3147 est
592 3089 839 3147 habitare
879 3089 1155 3145 Jebusaaos
1181 3104 1304 3144 cum
1329 3087 1456 3144 ﬁliis
1481 3086 1618 3140 Juda
1654 3086 1708 3139 in
1727 3083 2066 3139 Jerusalem:

2180 1900 2343 1947 tatem
2367 1891 2534 1946 illam.
2579 1891 2638 1945 ln
2657 1889 3019 1960 primogenita
3050 1904 3148 1943 suo
3193 1886 3447 1942 fundabit
3483 1903 3632 1952 eam,
3655 1888 3773 1941 etin

2175 1983 2473 2038 novissimo
2502 1997 2601 2038 suo
2631 1982 2870 2051 imponet
2899 1990 3086 2050 portas
3121 1979 3259 2049 ejus.
3293 1999 3314 2031 ι
3369 1978 3670 2049 [lucusque
3695 1981 3770 2034 in-

2176 2075 2394 2130 venitur
2423 2076 2478 2130 in
2533 2073 2984 2143 interpretatione
3012 2087 3082 2126 ex
3108 2070 3356 2125 Hebraeo.
3427 2069 3573 2123 Illud
3603 2079 3769 2124 autem

2177 2169 2322 2237 quod
2352 2168 2634 2237 sequitur:
2685 2185 2704 2218 ‹
2741 2166 2808 2220 Et
2835 2167 2909 2220 ita
2939 2165 3068 2219 fecit
3094 2163 3230 2228 Oza,
3262 2163 3354 2231 qui
3396 2177 3468 2216 ex
3501 2161 3688 2216 Bcthel
3723 2163 3769 2216 in

2175 2259 2383 2312 Ahimn
2423 2258 2782 2328 primogenita
2821 2272 2918 2312 suo
2957 2255 3198 2311 fundavit
3254 2269 3406 2318 eam,
3433 2262 3494 2307 et
3517 2253 3577 2306 in
3609 2252 3767 2323 Segub

2178 2353 2474 2409 novissimo
2537 2350 2793 2419 imposuit
2836 2358 3022 2419 portas
3074 2347 3192 2416 ejus
3237 2347 3358 2418 (III
3401 2347 3530 2416 Reg.
3569 2346 3713 2415 xvi);
3745 2367 3762 2397 ι

2183 2446 2286 2500 hoc
2316 2445 2426 2500 illic
2451 2459 2559 2500 non
2586 2443 2802 2514 legitur.
2834 2441 2987 2496 Unde
3009 2450 3234 2510 apparet
3256 2455 3290 2493 a
3307 2438 3670 2509 Septuaginta
3692 2438 3766 2491 in-

2180 2539 2524 2608 terpositum,
2559 2537 2652 2606 qui
2681 2534 2887 2590 factum
2909 2549 3032 2588 esse
3057 2540 3345 2588 noverant.
3371 2530 3487 2600 (Ex
3511 2532 3765 2583 Adamn-

2175 2629 2299 2702 tio.)
2321 2630 2612 2685 Chanansi
2642 2629 2806 2684 tertio
2828 2629 2958 2683 dicti
2981 2636 3110 2682 sunt
3131 2642 3254 2682 esse
3281 2627 3338 2680 in
3353 2624 3486 2680 ﬁliis
3501 2624 3763 2694 Ephraim.

2175 2721 2239 2776 Si
2284 2722 2432 2776 enim
2461 2720 2774 2791 diligentius
2803 2721 3157 2774 observemus
3197 2719 3475 2788 quomodo
3505 2719 3666 2772 tertio
3689 2717 3763 2770 di—

2177 2823 2372 2870 cantur
2395 2829 2518 2870 esse
2534 2813 2824 2870 Chanamei
2852 2827 2974 2867 cum
3009 2811 3133 2866 ﬁliis
3161 2811 3452 2881 Ephraim,
3469 2820 3524 2865 et
3545 2810 3766 2865 Domino

2174 2917 2468 2978 praestante
2497 2908 2796 2978 poterimus
2822 2907 3150 2977 investigare
3176 2906 3430 2960 ordinem
3478 2905 3766 2959 dictionum

2175 3002 2306 3072 quid
2333 3017 2401 3055 ex
2431 3002 2536 3055 hoc
2560 3000 2617 3054 in
2643 3000 2840 3069 primo,
2872 2999 3003 3068 quid
3033 2999 3088 3052 in
3117 2998 3384 3062 secundo,
3415 2998 3552 3067 quid
3583 2998 3638 3051 in
3671 3006 3765 3050 ter-

2173 3093 2253 3146 tio
2277 3092 2480 3146 factum
2507 3089 2758 3146 refertur.
2833 3089 2971 3144 Puto
3009 3090 3153 3159 quod
3206 3104 3315 3142 non
3357 3090 3569 3143 erimus
3600 3091 3764 3142 inere-

469 3201 592 3241 non
617 3193 800 3240 tamen
853 3185 1088 3238 diximus
1139 3185 1255 3238 haec
1301 3193 1361 3237 ut
1402 3182 1758 3253 negligamus,
1805 3189 2069 3250 quantum
2097 3160 2144 3224 (ἶ
2175 3181 2307 3244 duli,
2340 3182 2468 3252 quia
2513 3196 2644 3236 vere
2678 3181 2818 3245 huic,
2851 3195 2958 3234 non
2990 3187 3052 3235 ut
3089 3179 3204 3234 sola
3255 3179 3414 3233 nobis
3468 3194 3649 3232 rerum
3675 3193 3761 3247 ge-

481 3275 606 3330 ﬂeri
633 3283 832 3342 potest,
853 3273 1050 3341 ejicere
1081 3288 1209 3338 eos,
1233 3275 1328 3328 sed
1367 3274 1502 3328 satis
1547 3273 1810 3342 agendum
1841 3272 1999 3326 nobis
2019 3279 2075 3326 et
2177 3284 2384 3330 starum
2413 3273 2654 3327 narratio
2690 3272 3017 3338 traderetur,
3049 3271 3258 3340 scripta
3289 3281 3426 3332 sunt,
3456 3269 3554 3323 sed
3579 3281 3767 3322 sacru—

473 3365 805 3420 .tentandum
840 3366 1078 3435 quotidie
1113 3363 1308 3432 ejicere
1341 3380 1433 3419 eos
1481 3364 1547 3419 de
1588 3363 1908 3419 Jerusalem.
1943 3364 2070 3431 Sed,

475 3458 625 3522 sicut
653 3459 914 3528 scriptum
945 3468 1049 3522 est,
1073 3474 1182 3512 non
1207 3473 1496 3527 possumus
1547 3458 1709 3513 simul
1739 3471 1932 3514 omnes
1978 3460 2073 3529 eji-

479 3561 628 3607 cere.
675 3548 790 3603 Hoc
823 3549 964 3604 idem
995 3559 1179 3604 autem
1225 3550 1282 3603 in
1319 3550 1404 3604 his
1443 3550 1533 3618 qui
1583 3549 1916 3604 frnctilicant
1943 3565 2072 3606 sen-

469 3639 723 3696 .timdum
759 3649 865 3704 est,
913 3641 1037 3709 quia
1066 3641 1325 3710 Ephraim
1349 3641 1443 3695 lilii
1467 3641 1728 3696 nominati
1782 3650 1932 3707 sunt,
1977 3643 2068 3712 qui

469 3738 538 3788 .et
584 3730 690 3801 ipsi
739 3729 1094 3794 Chananaeos,
1150 3745 1315 3801 vagas
1345 3740 1400 3786 et
1427 3731 1665 3788 lubricas
1686 3732 2064 3802 cogitationes,

477 3835 694 3894 semper
718 3821 916 3878 debent
937 3822 1136 3892 ejicere
1158 3821 1225 3878 de
1253 3823 1536 3878 animalms
1571 3823 1716 3878 suis..
1771 3822 1954 3880 Potest
1981 3839 2073 3878 au-

475 3922 586 3970 tem
638 3911 779 3968 Deus
819 3909 1095 3969 Jebusteos
1122 3921 1177 3967 et
1224 3911 1564 3968 Chananaios
1598 3927 1628 3966 a
1658 3912 1786 3967 ﬁliis
1815 3913 2071 3983 Ephraim

468 4002 766 4076 .prejicere.
819 4005 994 4075 Ipsum
1021 4019 1150 4077 ergo
1171 4003 1460 4062 Dominum
1485 4005 1864 4074 deprecemur,
1882 4014 1944 4059 ut
1968 4005 2072 4074 eji-

479 4095 632 4152 ciens
666 4094 887 4150 anobis
931 4094 1102 4150 malas
1150 4095 1530 4167 cogitationes,
1575 4095 1747 4150 bonas
1783 4096 1987 4152 inserat
2017 4104 2072 4150 et

477 4187 674 4256 dignas
700 4187 752 4238 in
797 4183 1097 4240 Jerusalem
1139 4186 1350 4241 civitati
1371 4186 1614 4248 caeleste,
1642 4187 1698 4242 in
1749 4187 1946 4255 quibus
1989 4188 2072 4242 ni-

478 4275 555 4332 hil
605 4274 868 4345 pollutum
902 4276 1209 4332 inveniatur
1236 4287 1330 4332 aut
1371 4279 1648 4334 sordidum
1692 4280 1835 4347 quod
1885 4295 1984 4357 nos
2012 4281 2068 4334 in

469 4371 565 4427 die
598 4369 790 4440 judicii
817 4384 886 4425 ex
914 4369 1266 4424 conscientia:
1291 4369 1707 4440 cogitationibus
1734 4380 1944 4441 arguat,
1975 4373 2067 4427 sed

471 4463 783 4520 inveniatur
808 4462 863 4516 in
891 4460 1048 4518 nobis
1067 4461 1280 4530 puritas
1305 4460 1505 4516 cordis.

547 4559 727 4630 (ιιω.)
785 4577 802 4608 ι
842 4558 1226 4628 Habitavitque
1264 4555 1606 4612 Chananeus
1633 4555 1689 4611 in
1709 4553 1892 4610 medio
1919 4553 2066 4624 Eph-

479 4671 499 4702 ι
545 4651 684 4703 rai
716 4665 886 4719 usque
913 4651 970 4704 in
989 4651 1136 4706 diem
1170 4651 1309 4705 hanc
1331 4649 1674 4713 tributarius,
1706 4669 1726 4701 ι
1761 4656 1818 4704 et
1841 4655 2060 4702 caetera.

475 4739 790 4795 Secundum
820 4740 980 4794 aliam
1007 4749 1188 4796 autem
1209 4740 1502 4796 editionem
1535 4741 1606 4794 ita
1632 4740 1832 4810 legitur
1877 4757 1889 4792 :
1943 4756 1962 4788 ε
1998 4738 2066 4792 Ει

473 4849 501 4884 -‹
541 4843 653 4886 non
699 4828 933 4897 perdidit
968 4830 1224 4898 Ephraim
1268 4829 1631 4886 Chananteum
1662 4831 1755 4898 qui
1787 4830 2066 4885 habitabat

480 4941 502 4975 ι
548 4921 603 4978 in
633 4919 849 4976 Gazer:
906 4925 960 4970 et
988 4918 1270 4976 habitabat
1316 4919 1656 4976 Chananazus
1693 4919 1749 4972 in
1799 4919 2061 4988 Ephraim

481 5033 502 5067 ι
545 5027 719 5082 usque
764 5011 822 5066 in
876 5009 1021 5063 diem
1054 5010 1213 5065 istum
1249 5031 1261 5063 :
1329 5011 1502 5068 donec
1547 5009 1792 5064 ascendit
1849 5009 2063 5064 Pharao

382 5099 388 5105 ’
482 5124 502 5158 ς
547 5119 645 5161 rex
669 5101 912 5173 Egypti,
961 5108 1020 5155 et
1062 5101 1205 5168 cepit
1244 5102 1542 5166 civitatem,
1583 5111 1638 5155 et
1673 5101 1911 5155 incendit
1941 5115 2062 5154 eam

481 5217 504 5256 ι
550 5199 606 5256 in
653 5198 777 5268 igne
813 5213 827 5250 :
873 5203 931 5248 et
995 5192 1350 5258 Chananeus,
1399 5205 1452 5251 ct
1490 5195 1832 5260 Pherezaea,
1869 5203 1926 5250 et
1969 5195 2062 5264 qui

483 5308 504 5342 ι
545 5288 863 5344 habitabant
906 5285 965 5339 in
1002 5283 1197 5349 Gazer,
1250 5288 1610 5356 transpunxit,
1664 5295 1720 5342 et
1759 5286 1908 5342 dedit
1939 5300 2061 5340 eam

482 5401 502 5433 ε
547 5379 761 5434 Pharao
804 5378 862 5432 in
905 5379 1087 5434 dotem
1129 5375 1256 5432 ﬁliae
1311 5392 1440 5431 suae.
1479 5399 1496 5430 ι
1563 5379 1670 5446 (Ea:
1718 5381 2056 5450 Augustino.)

479 5471 636 5540 Quod
661 5471 729 5526 de
753 5468 1038 5525 Pharaone
1076 5468 1281 5524 dictum
1325 5475 1429 5531 est,
1463 5469 1632 5524 miror
1670 5470 1716 5525 si
1745 5471 2057 5540 prophetica

479 5563 686 5617 dictum
724 5559 1023 5630 intelligere
1050 5559 1367 5625 debeamus,
1395 5574 1518 5614 cum
1550 5560 1665 5614 haec
1701 5562 1925 5616 historia
1952 5561 2057 5616 illis

480 5653 815 5723 temporibus
852 5654 1154 5724 conscripta
1193 5654 1463 5720 credatur,
1493 5652 1688 5722 quibus
1725 5664 1881 5709 erant
1907 5662 2058 5725 gesta

486 5745 584 5807 illa
628 5745 884 5802 recentia.
971 5745 1112 5814 Quid
1159 5757 1336 5806 autem
1389 5761 1642 5817 magnum
1699 5745 1823 5816 eligi
1884 5749 2058 5818 potuit

2096 4513 2142 4573 D

2175 3366 2372 3419 mentis
2415 3363 2610 3418 divinis
2635 3363 2854 3432 Deoque
2881 3362 3059 3432 dignis
3106 3361 3331 3432 repleta.
3400 3358 3586 3413 Primo
3636 3374 3767 3428 ergo

2174 3457 2378 3510 dictum
2407 3464 2489 3510 est
2517 3456 2644 3524 quia
2691 3471 2797 3509 non
2842 3454 3078 3524 perdidit
3105 3451 3362 3525 Ephraim
3402 3450 3767 3508 Chananteum

2177 3547 2268 3616 qui
2291 3547 2570 3602 habitabat
2598 3546 2651 3599 in
2697 3545 2892 3611 Gazer,
2919 3545 3012 3600 sed
3040 3543 3321 3599 habitabat
3352 3543 3693 3599 Chananmus
3713 3539 3766 3594 in

2175 3637 2432 3707 Ephraim
2453 3651 2622 3704 usque
2647 3636 2699 3689 in
2717 3636 3040 3690 hodiernum
3057 3635 3217 3699 diem,
3244 3644 3298 3686 et
3324 3633 3508 3687 factus
3535 3642 3650 3688 erat
3672 3632 3765 3686 sub

2159 3731 2381 3786 tributo
2408 3743 2617 3783 servus.
2678 3727 2938 3781 Ascendit
2983 3742 3192 3797 quoque
3225 3741 3319 3780 rex
3345 3725 3588 3797 Aigypti
3629 3725 3762 3780 Pha-

2165 3836 2292 3886 rao,
2327 3830 2384 3875 et
2422 3821 2633 3889 accepit
2659 3819 2954 3885 civitatem,
2983 3828 3039 3874 et
3062 3819 3297 3873 incendit
3336 3831 3468 3872 eam
3523 3819 3668 3888 igni,
3718 3825 3767 3870 et

2173 3913 2494 3970 Phereazeos
2531 3915 2622 3983 qui
2662 3916 2978 3970 habitabant
3029 3916 3085 3969 in
3111 3913 3286 3969 Gazer
3339 3913 3658 3976 trucidavit,
3712 3917 3764 3964 et

2173 4007 2322 4063 dedit
2341 4023 2462 4062 eam
2495 4008 2547 4061 in
2578 4007 2756 4062 dotem
2805 4008 2928 4062 ﬁliae
2950 4022 3082 4062 suae.
3143 4005 3400 4061 Secundo
3430 4022 3444 4058 :
3485 4005 3757 4058 Etfacturn

2171 4109 2280 4164 est,
2308 4101 2504 4169 inquit,
2534 4100 2789 4169 quoniam
2833 4099 3176 4154 inveherent
3203 4096 3302 4151 ﬁlii
3336 4095 3519 4155 Israel,
3549 4105 3600 4149 et
3617 4095 3757 4147 fece-

2176 4197 2650 4250 runtChananaaos
2675 4193 2966 4262 subjectos,
2982 4191 3441 4248 exterminatione
3461 4199 3631 4242 autem
3645 4203 3754 4242 non

2169 4288 2673 4342 exterminaverunt
2693 4302 2806 4340 eos.
2845 4286 3052 4349 Tertio,
3081 4283 3302 4353 quando
3326 4282 3757 4337 contradixerunt

2171 4378 2272 4430 viri
2318 4378 2383 4431 de
2422 4377 2563 4432 tribu
2594 4378 2853 4446 Ephraim
2882 4374 3033 4440 Jesu,
3064 4375 3316 4429 volentes
3343 4374 3631 4430 secundum
3661 4386 3754 4423 nu-

2169 4469 2540 4522 merositatem
2567 4483 2741 4532 suam,
2780 4468 2906 4538 quia
2953 4467 3136 4538 plures
3163 4475 3344 4530 eratit,
3374 4475 3428 4521 et
3447 4464 3751 4518 validiorem

2167 4562 2332 4615 etiam
2354 4563 2602 4631 accipere
2629 4571 2832 4616 sortem
2859 4578 2872 4614 ι
2901 4567 2957 4615 et
2975 4559 3242 4629 jubentur
3267 4559 3564 4614 ascendere
3585 4558 3639 4611 in
3657 4557 3756 4610 sal-

2171 4660 2303 4715 tum,
2331 4659 2388 4705 et
2413 4652 2517 4706 sibi
2549 4653 2681 4720 ipsis
2723 4651 3040 4720 ampliorem
3068 4651 3246 4704 locum
3277 4650 3482 4705 facem.
3529 4649 3599 4705 Ut
3641 4663 3756 4718 pos-

2167 4741 2276 4796 sint
2309 4741 2504 4797 latiora
2555 4742 2728 4809 spatia
2773 4754 3058 4809 occupare,
3082 4737 3345 4806 jubentur
3396 4739 3756 4792 exterminare

2166 4831 2556 4888 Chananzeum.
2620 4832 2911 4886 Videamus
2945 4845 3076 4901 ergo
3108 4830 3240 4899 quid
3265 4829 3371 4884 sibi
3414 4829 3668 4884 videatur
3693 4829 3755 4880 de

2165 4923 2486 4979 Chananaeis
2536 4923 2806 4990 tripartita
2859 4921 3122 4976 narratio.
3189 4921 3376 4975 Primo
3421 4918 3755 4976 Chananwns

2167 5015 2446 5071 nobiscum
2469 5015 2685 5084 quidem
2724 5021 2829 5078 est,
2883 5023 2940 5069 et
2994 5015 3094 5068 sub
3121 5012 3330 5067 tributo
3357 5022 3482 5075 est;
3525 5027 3626 5065 non
3664 5021 3755 5063 est

2167 5114 2344 5160 tamen
2372 5105 2627 5160 obedicns
2655 5105 2832 5167 nobis,
2863 5119 3038 5174 neque
3064 5118 3272 5158 servus.
3318 5103 3567 5158 Secundo
3587 5102 3759 5155 etiam

2163 5212 2353 5253 servus
2366 5196 2612 5261 efficitur,
2639 5205 2696 5252 et
2717 5196 3002 5262 obediens.
3025 5195 3392 5251 Chananaum
3424 5196 3510 5249 hic
3536 5209 3760 5250 carnem

2163 5297 2403 5344 nostram
2429 5288 2777 5358 accipiamus,
2817 5286 2902 5342 vel
2945 5303 3008 5342 ea
3053 5302 3172 5356 qua:
3214 5287 3397 5342 carnis
3444 5295 3615 5340 sunt:
3646 5287 3761 5341 hac

2165 5380 2341 5448 primo
2367 5378 2646 5433 nobiscum
2685 5387 2787 5442 est,
2824 5379 2930 5432 hoc
2956 5385 3042 5431 est
3069 5375 3288 5439 animae,
3339 5374 3623 5444 adjuncta,
3665 5376 3760 5428 sed

2166 5480 2377 5524 nonest
2402 5469 2453 5523 ei
2473 5469 2750 5533 obediens,
2773 5468 2879 5523 nisi
2902 5476 3110 5522 tantum
3140 5469 3280 5536 quod
3309 5467 3510 5520 tributa
3537 5467 3759 5536 dispen-

2165 5562 2272 5627 dit;
2320 5571 2373 5616 et
2398 5561 2757 5616 ministerium
2788 5556 3010 5629 quidem
3055 5559 3276 5614 exhibet
3317 5557 3512 5627 agendi
3553 5557 3762 5628 aliquid

2164 5651 2248 5709 vel
2274 5652 2554 5717 movendi;
2608 5650 2942 5720 concupiscit
2975 5658 3158 5704 tamen
3186 5651 3448 5705 adversus
3476 5649 3758 5719 spiritum,

2165 5757 2220 5806 et
2250 5763 2358 5805 non
2383 5754 2466 5802 est
2483 5745 2739 5804 obediens
2769 5744 2988 5806 animat.
3012 5743 3109 5801 sed
3131 5742 3244 5798 suis
3270 5742 3558 5800 desrderiis
3586 5741 3750 5800 cedit.
