3986 6348
232 353 353 413 1081

1136 343 1491 403 COMMENT.
1533 345 1604 400 IN
1643 343 1902 401 LIBRUM
1939 346 2176 406 JOSUE.
2215 381 2285 392 —-
2321 346 2449 404 LIB.
2491 347 2577 404 III.

3349 355 3488 411 1082

230 472 285 527 Si
306 481 428 523 vero
451 465 563 536 jam
589 465 922 535 aliquantum
952 465 1360 535 profecerimus,
1384 462 1617 518 efﬁcitur
1644 465 1800 520 nobis
1828 466 1879 524 Α
1904 469 2132 538 peccati,
2175 476 2231 522 et
2278 482 2510 537 purgate
2564 466 2774 521 fructus
2810 465 3054 534 iustitiae.
3123 468 3231 525 Sed
3276 479 3331 526 et
3383 471 3491 527 Ra-

230 578 350 621 caro
384 573 592 626 servus,
623 568 678 613 et
729 559 988 614 obediens
1030 575 1094 613 ac
1126 572 1321 627 parens
1369 556 1562 611 animae
1599 565 1798 611 nostrae
1899 559 2106 628 phaim,
2155 560 2345 628 inquit,
2381 557 2610 628 expelle,
2638 558 2723 612 vel
2773 560 2955 628 potius
2997 574 3250 633 expugna
3297 564 3363 618 de
3413 574 3484 620 te.

229 654 511 726 profectus,
543 666 665 706 cum
703 651 807 705 sibi
835 665 1054 704 carnem
1077 660 1132 704 et
1160 649 1379 704 obedire
1409 656 1464 703 et
1489 649 1694 704 servire
1724 648 1801 703 fe-

229 749 374 803 cerit.
426 746 640 800 Tertius
665 760 796 800 vero
830 752 914 799 est
939 744 1082 813 quod
1109 742 1407 812 perfectum
1431 750 1548 806 est;
1581 741 1626 795 si
1655 742 1800 795 enim

219 840 327 909 jam
358 837 633 893 veniamus
659 837 725 892 ad
761 834 1076 906 perfectum,
1111 835 1274 888 etiam
1301 834 1743 888 exterminandus
1770 847 1800 886 a

228 931 377 985 nobis
401 930 598 984 dicitur
623 927 976 991 Chananaeus,
1003 933 1058 979 et
1089 926 1248 980 morti
1294 925 1602 979 tradendus.
1660 922 1804 990 Quo-

225 1023 383 1078 modo
412 1029 590 1077 autem
639 1023 692 1075 in
722 1027 906 1075 nostra
938 1034 1104 1073 carne
1149 1017 1467 1086 completur,
1497 1015 1621 1069 audi
1655 1014 1802 1084 Apo-

225 1113 420 1168 stolum
459 1113 722 1167 dicentem
753 1125 766 1164 :
833 1129 853 1161 ‹
896 1110 1214 1165 Mortificate
1240 1117 1418 1162 autem
1449 1107 1692 1161 membra
1713 1122 1806 1161 ve-

225 1215 333 1260 stra
359 1221 477 1274 quae
512 1214 637 1260 sunt
677 1221 837 1276 super
874 1215 1100 1269 terram,
1149 1201 1559 1259 fornicationem
1591 1212 1648 1258 et
1704 1203 1806 1256 im-

226 1297 538 1352 munditiam
563 1295 698 1368 (Cof.
725 1297 830 1369 Ill),
871 1317 887 1349 ι
921 1305 976 1352 et
999 1303 1192 1352 caatera
1220 1309 1338 1364 quae
1364 1303 1681 1364 sequuntur.
1738 1294 1806 1348 Et

226 1389 416 1440 iterum
441 1387 602 1442 dicit:
634 1405 654 1437 ι
681 1386 783 1453 Qui
804 1395 984 1441 autem
1012 1386 1212 1440 Christi
1237 1393 1378 1447 sunt,
1404 1399 1625 1440 carnem
1649 1400 1804 1438 suam

225 1477 607 1532 crucifixerunt
647 1493 768 1532 cum
794 1477 942 1532 vitiis
962 1485 1016 1531 et
1043 1476 1496 1546 concupiscentiis
1521 1476 1633 1529 suis
1661 1472 1804 1546 (Gal.

224 1569 294 1640 ν).
332 1591 350 1622 ι
394 1568 486 1624 Sic
515 1583 645 1639 ergo
675 1569 856 1635 tertio,
890 1570 995 1624 hoc
1017 1577 1120 1634 est,
1158 1583 1281 1622 cum
1308 1567 1376 1621 ad
1419 1567 1806 1636 perfectionem

223 1664 487 1728 venimus,
516 1670 571 1718 et
599 1664 843 1717 membra
868 1671 1053 1717 nostra
1083 1660 1473 1715 mortificamus
1491 1675 1554 1713 ac
1579 1666 1807 1713 mortem

223 1751 421 1807 Christi
448 1754 501 1807 in
518 1768 745 1822 corpore
767 1761 955 1807 nostro
979 1751 1432 1814 circumferimus,
1475 1749 1805 1804 extermina-

1901 649 2165 719 Raphaim
2197 652 2498 707 invenimus
2533 653 2948 720 interpretatum
2971 654 3224 710 resolutae
3267 663 3487 714 matres.

1902 743 1998 798 Est
2027 751 2082 800 et
2100 745 2155 798 in
2180 746 2359 799 anima
2380 752 2565 799 nostra
2593 745 2767 800 virtus
2780 745 3030 815 quaedam
3057 762 3178 817 quae
3208 750 3352 818 parit
3367 765 3491 804 sen-

1905 851 2043 900 sum,
2068 842 2123 890 et
2152 836 2300 890 velut
2329 843 2506 890 mater
2534 843 2618 891 est
2657 851 2846 891 eorum
2893 852 3149 893 sensuum
3175 839 3260 894 vel
3283 839 3491 896 intelle-

1903 934 2088 979 ctuum
2116 926 2208 994 qui
2231 927 2531 995 procedunt
2578 942 2646 981 ex
2674 928 2852 992 nobis,
2905 929 3203 984 secundum
3230 932 3375 1002 quod
3412 931 3493 987 di-

1904 1016 2045 1070 citur
2090 1017 2142 1069 in
2190 1025 2528 1071 sacramento
2574 1019 2640 1072 de
2679 1018 2858 1072 anima
2904 1022 3059 1088 quasi
3113 1020 3178 1075 de
3220 1023 3489 1078 muliere:

1905 1106 2066 1162 Salva
2093 1107 2198 1160 erit
2245 1116 2426 1162 autem
2456 1123 2554 1178 per
2585 1108 2816 1164 filiorum
2854 1112 3275 1181 generationem,
3303 1115 3347 1168 si
3372 1131 3495 1183 pcr-

1903 1197 2167 1250 manserit
2195 1197 2250 1250 in
2272 1197 2378 1251 fide
2405 1206 2459 1251 et
2483 1199 2712 1254 veritate
2743 1199 2796 1270 (Ι
2825 1199 2960 1255 Tim.
2984 1202 3068 1273 ιι).
3096 1204 3203 1258 Ista
3225 1220 3354 1273 ergo
3380 1223 3496 1260 ma-

1907 1295 2011 1352 ter,
2042 1287 2144 1341 hoc
2169 1296 2268 1350 est,
2299 1288 2401 1342 ista
2441 1289 2631 1352 virtus,
2666 1292 2860 1346 animae
2909 1291 2986 1346 illi
3010 1293 3066 1346 in
3097 1308 3202 1362 qua
3233 1295 3390 1350 fortis
3441 1307 3495 1352 et

1907 1378 2084 1432 valida
2110 1393 2175 1433 ac
2201 1379 2422 1434 robusta
2453 1382 2730 1451 generatio
2751 1392 2976 1454 generat
3000 1399 3192 1440 sensus
3215 1387 3419 1444 validos
3440 1398 3496 1444 et

1905 1479 2175 1539 potentes,
2207 1480 2263 1526 et
2307 1473 2400 1541 qui
2430 1475 2677 1542 superari
2704 1491 2734 1528 a
2761 1476 3170 1532 contradicente
3213 1478 3266 1532 in
3299 1487 3351 1532 te
3387 1497 3493 1535 non

1908 1568 2153 1629 possunt.
2229 1560 2289 1614 In
2316 1561 2438 1616 aliis
2490 1571 2670 1618 autem
2698 1566 2872 1620 virtus
2893 1567 2999 1622 ista
3029 1569 3264 1624 resoluta
3312 1580 3395 1625 est
3443 1581 3500 1627 et

1909 1654 2159 1719 remissa,
2213 1670 2334 1725 quae
2363 1656 2638 1712 indicatur
2692 1674 2760 1714 ex
2797 1661 3067 1726 sensibus,
3111 1678 3233 1718 cum
3259 1663 3498 1734 languidi

1912 1744 2130 1828 quidam
2167 1745 2480 1801 referuntur
2501 1755 2557 1803 et
2612 1749 2798 1820 inepti,
2849 1758 2903 1805 et
2929 1751 3064 1806 nihil
3114 1753 3167 1807 in
3197 1769 3257 1808 se
3285 1753 3500 1810 fortitu-

223 1859 341 1898 mus
363 1859 393 1897 a
416 1844 571 1899 nobis
616 1843 972 1899 Chananaeos.
1032 1842 1138 1898 Sed
1193 1851 1249 1896 et
1296 1842 1426 1897 illud
1475 1857 1582 1895 non
1628 1842 1800 1897 otiose
1831 1825 1879 1887 Β
1904 1825 2043 1892 dinis
2070 1837 2428 1893 continentes.
2485 1838 2600 1894 Hoc
2622 1855 2754 1912 ergo
2781 1842 3118 1912 significatur
3147 1846 3248 1899 sub
3279 1846 3500 1901 nomine

220 1937 656 2004 praetereundum
703 1943 786 1990 est
835 1935 976 2004 quod
1005 1936 1206 1991 dicitur
1230 1935 1444 1990 Pharao
1500 1935 1710 1990 misisse
1750 1943 1806 1990 et

222 2026 500 2094 accepisse
527 2024 701 2080 Gazer
722 2026 1016 2091 civitatem,
1069 2026 1123 2080 in
1151 2041 1259 2095 qua
1286 2025 1624 2080 Chananzeus
1653 2025 1806 2079 habi-

220 2121 302 2166 tat
327 2127 450 2167 cum
471 2113 743 2183 Ephraim,
778 2123 834 2168 et
852 2114 1063 2169 dedisse
1089 2129 1210 2169 eam
1234 2116 1290 2170 in
1317 2116 1494 2170 dotem
1523 2114 1643 2168 fili-ee
1671 2129 1801 2168 sine.

219 2203 396 2258 Gazer
422 2214 603 2260 autem
629 2207 1017 2276 interpretatur
1044 2209 1398 2262 constructio.
1433 2207 1489 2260 Si
1513 2221 1643 2276 ergo
1677 2221 1802 2260 cor—

218 2312 321 2368 pus
371 2306 426 2352 et
453 2299 634 2352 anima
663 2314 770 2352 una
798 2307 960 2368 atque
995 2299 1183 2353 eadem
1212 2298 1618 2352 constructione
1651 2297 1808 2351 habi-

219 2397 355 2453 tent,
391 2389 444 2442 id
473 2397 576 2454 est,
617 2390 916 2459 conjunctae
937 2389 1037 2445 sibi
1087 2390 1317 2444 invicem
1344 2399 1399 2444 et
1429 2389 1610 2454 sociat,
1642 2389 1717 2443 ita
1747 2395 1808 2442 ut

221 2484 274 2530 et
298 2477 479 2531 anima
507 2479 799 2532 carnaliter
818 2479 988 2543 vivat,
1042 2487 1097 2533 et
1123 2495 1230 2533 non
1263 2477 1483 2534 festinet
1503 2480 1683 2534 anima
1710 2492 1807 2532 ve-

222 2568 390 2624 locius
417 2570 520 2624 sibi
563 2571 900 2625 obedientem
949 2579 1004 2625 et
1031 2572 1303 2626 subditam
1333 2572 1517 2626 facere
1565 2586 1805 2637 carnem,

219 2662 518 2716 verendum
546 2669 629 2716 est
648 2677 717 2717 ne
747 2662 885 2718 forte
911 2663 1090 2717 veniat
1134 2663 1346 2718 Pharao
1369 2679 1437 2718 ex
1469 2663 1726 2734 Egypto,
1755 2671 1811 2718 et

220 2752 488 2819 captivam
518 2752 681 2806 ducat
708 2752 977 2808 infelicem
1000 2754 1258 2818 animam,
1290 2753 1362 2810 ita
1399 2761 1458 2807 ut
1487 2769 1606 2808 eam
1629 2754 1812 2808 tradat

225 2841 349 2896 ﬁliae
379 2857 495 2896 sua:
522 2842 576 2895 in
603 2842 805 2897 dotem.
868 2841 925 2896 Si
951 2844 1096 2897 enim
1127 2844 1439 2899 consideres
1492 2844 1623 2898 illud
1667 2846 1811 2914 quod

220 2931 354 2985 dixit
383 2931 661 3000 apostolus
685 2931 882 2988 Paulus
904 2932 1080 3004 (Rom.
1096 2934 1324 3006 vu,25),
1341 2950 1636 3005 exsurgere
1648 2935 1811 2990 aliam

220 3023 392 3096 legem
424 3025 480 3077 in
504 3025 765 3080 membris
789 3025 1013 3092 nostris,
1041 3036 1100 3080 et
1122 3027 1366 3096 captivos
1387 3027 1588 3081 ducere
1613 3042 1715 3082 nos
1755 3028 1808 3081 in

220 3115 390 3185 legem
415 3116 645 3184 peccati,
674 3117 917 3171 invenies
943 3117 1212 3186 quomodo
1237 3117 1328 3171 ille
1351 3116 1580 3182 Pharao,
1607 3119 1699 3188 qui
1728 3126 1813 3172 est

1906 1929 2170 1999 Raphaim
2201 1947 2214 1984 :
2243 1941 2298 1986 et
2329 1933 2702 2004 hujuscemodi
2732 1936 2800 1991 de
2827 1937 2984 1991 nobis
3014 1943 3217 1993 matres
3245 1939 3500 1996 remissas

1907 2035 2047 2088 esse,
2076 2036 2195 2091 quae
2227 2039 2418 2078 sensus
2441 2025 2742 2082 ineruditos
2789 2034 2844 2081 et
2872 2027 3089 2082 inutiles
3126 2029 3364 2098 pariunt.
3430 2029 3496 2083 Et

1908 2114 2045 2168 bene
2092 2117 2330 2169 servavit
2377 2117 2637 2186 spiritalis
2677 2117 3043 2188 intelligentiae
3080 2119 3492 2189 pmprietatem,

1908 2218 2009 2258 nec
2029 2211 2113 2258 est
2140 2205 2320 2277 (dixit)
2346 2208 2814 2262 exterminandum
2833 2209 3084 2264 bellicum
3107 2209 3494 2285 Chananaeum.

1911 2293 2018 2351 Sed
2042 2296 2171 2363 quid
2207 2299 2484 2366 respondit
2531 2298 2606 2352 illi
2649 2297 2853 2354 Iesus?
2922 2298 2978 2353 Si
3009 2299 3240 2370 populus
3297 2300 3502 2356 multus

1909 2402 1992 2454 es,
2022 2395 2078 2442 et
2099 2389 2356 2443 virtutem
2405 2390 2596 2456 habes,
2642 2406 2750 2445 non
2795 2392 2902 2446 erit
2931 2393 3030 2447 tibi
3069 2407 3190 2447 sors
3211 2407 3342 2457 una,
3374 2392 3502 2462 quia

1911 2479 2082 2535 saltus
2110 2487 2193 2535 est
2214 2481 2332 2546 tibi,
2361 2488 2415 2536 et
2441 2483 2730 2538 mundabis
2767 2497 2909 2537 eum.
2962 2484 3124 2539 Vides
3157 2484 3284 2553 quia
3312 2485 3379 2538 ad
3407 2498 3504 2540 no-

1911 2581 2082 2626 stram
2104 2572 2404 2642 spiritalem
2418 2573 2832 2646 intelligentiam
2857 2576 3077 2642 dicitur,
3099 2584 3161 2631 ut
3193 2584 3250 2631 et
3278 2577 3504 2631 munde-

1914 2679 2033 2717 mus
2063 2664 2254 2717 silvam
2298 2678 2418 2732 quae
2472 2665 2681 2720 inutilis
2729 2675 2833 2734 est,
2859 2675 2916 2720 et
2938 2668 3248 2722 excidentes
3285 2667 3502 2723 inutiles

1912 2760 2078 2822 atque
2097 2751 2466 2808 infructuosas
2513 2768 2582 2808 ex
2635 2752 2792 2808 nobis
2845 2756 3088 2820 arbores,
3134 2755 3400 2810 faciamus
3429 2756 3504 2811 ibi

1913 2842 2147 2907 novalia,
2201 2857 2322 2912 qua)
2352 2856 2566 2913 semper
2619 2844 2956 2910 innovemus,
2989 2854 3047 2900 et
3071 2859 3138 2900 ex
3162 2846 3360 2915 quibus
3384 2845 3501 2900 fru-

1914 2943 2060 2990 ctum
2094 2935 2374 3004 capiamus
2396 2935 2756 3001 tricesimum,
2796 2943 2852 2989 ct
2877 2937 3271 3008 sexagesimum
3297 2945 3354 2992 et
3379 2952 3505 2992 cen-

1913 3027 2187 3082 tesimum.
2243 3025 2325 3080 An
2376 3041 2484 3081 non
2517 3027 2710 3082 eadem
2739 3028 2896 3083 nobis
2925 3036 2984 3083 et
3002 3028 3281 3099 Evangelii
3321 3043 3506 3084 sermo

1915 3123 2196 3178 denuntiat
2218 3123 2447 3176 dicens:
2496 3140 2514 3173 ‹
2559 3123 2700 3178 Ecce
2735 3124 2942 3178 securis
2970 3124 3039 3178 ad
3087 3124 3300 3178 radices
3344 3125 3505 3179 arbo-

221 3179 494 3260 au'ctor‘et
517 3221 610 3260 rex
633 3179 868 3276 peccati,
891 3179 1127 3262 animam
1139 3222 1258 3276 qua:
1281 3179 1572 3263 carnaliter
1595 3179 1730 3262 vivit
1755 3207 1810 3262 in
1837 3179 1882 3243 C
1913 3227 2034 3267 rum
2077 3212 2318 3283 apposita
2366 3220 2470 3267 est.
2539 3211 2730 3268 Omnis
2747 3227 2878 3284 ergo
2903 3215 3068 3268 arbor
3087 3228 3208 3283 quae
3237 3229 3346 3270 non
3377 3213 3506 3269 facit

223 3298 402 3351 dotem
434 3299 776 3369 conscripsit.

823 3428 1050 3486 CAPUT
1093 3429 1219 3485 VIII.

223 3535 506 3590 Sermones
535 3535 768 3606 ﬁliorum
795 3537 992 3662 loseth
1015 3543 1083 3594 ad
1107 3542 1288 3609 Iosue,
1328 3555 1374 3600 et
1399 3548 1663 3616 responsio
1697 3549 1814 3618 ejus

921 3626 951 3660 a
1012 3628 1118 3662 eos.

921 3626 988 3662 aa
1012 3628 1118 3665 808.

295 3739 452 3812 (CAP.
478 3740 634 3811 xvu.)
681 3761 699 3792 ι
733 3741 1032 3815 Locutique
1059 3755 1182 3802 sunt
1206 3747 1302 3802 ﬁlii
1328 3747 1527 3819 Joseph
1550 3749 1619 3804 ad
1652 3748 1816 3806 Iosue

227 3850 248 3883 ε
295 3841 459 3900 atque
497 3834 748 3889 dixerunt
774 3854 785 3890 :
831 3836 1008 3903 Quare
1034 3839 1228 3895 dedisti
1257 3841 1389 3895 mihi
1418 3842 1815 3911 possessionem

229 3941 250 3974 ι
299 3924 468 3978 sortis
497 3932 550 3977 et
570 3922 794 3980 funiculi
822 3928 1002 3993 unius,
1033 3943 1156 3984 cum
1181 3931 1284 3986 sim
1327 3941 1494 3988 tanta:
1519 3933 1818 3989 multitudi-

229 4033 250 4067 ς
297 4016 407 4079 nis,
437 4024 492 4070 et
518 4017 857 4073 benedixerit
885 4022 1019 4076 mihi
1045 4022 1324 4080 Dominus.
1378 4026 1462 4082 Ad
1493 4043 1628 4097 quos
1654 4028 1818 4084 Iosue

229 4127 248 4158 ς
298 4107 419 4160 ait:
474 4107 533 4162 Si
553 4110 780 4178 populus
813 4112 1014 4168 multus
1037 4130 1114 4178 es,
1169 4118 1400 4174 ascende
1427 4121 1483 4174 in
1509 4121 1722 4190 silvam,
1763 4131 1818 4178 et

231 4217 250 4248 ι
295 4198 517 4253 succide
542 4200 638 4253 tibi
661 4203 833 4269 spatia
862 4204 917 4257 in
958 4213 1104 4261 terra
1128 4207 1398 4266 Pherezaei
1430 4220 1486 4266 et
1531 4213 1815 4282 Raphaim,

232 4308 252 4340 ι
299 4290 430 4358 quia
465 4301 690 4360 angusta
721 4302 806 4348 est
833 4295 924 4350 tibi
954 4300 1228 4366 possessio
1249 4303 1450 4359 montis
1484 4305 1763 4375 Ephraim,
1792 4327 1812 4360 ι

227 4389 283 4435 et
308 4380 539 4449 reliqua.
584 4381 707 4437 Filii
735 4399 865 4440 vero
894 4385 1092 4459 Ioseph
1122 4393 1474 4462 quaestionem
1497 4406 1716 4453 moveut
1747 4399 1816 4455 de

227 4472 549 4528 inmeditate
591 4476 827 4545 majore;
875 4488 1076 4535 sortem
1117 4485 1402 4554 requirunt
1432 4529 1446 4552 ,
1490 4488 1730 4544 dicentes
1751 4495 1816 4545 ad

227 4561 416 4618 Iesum
447 4582 460 4615 :
499 4563 675 4630 Quare
702 4569 858 4622 nobis
879 4570 1071 4625 dedisti
1111 4574 1165 4627 in
1194 4576 1508 4634 lnereditate
1536 4589 1738 4635 sortem
1763 4590 1818 4636 et

228 4653 552 4720 pedaturam
587 4656 801 4710 unam?
848 4657 960 4727 Ego
1001 4670 1180 4716 autem
1217 4667 1442 4734 populus
1494 4671 1712 4734 multus,
1767 4681 1822 4726 et

229 4743 498 4800 Dominus
527 4761 615 4800 me
638 4747 934 4803 benedixit.
979 4751 1037 4806 Si
1065 4770 1195 4824 ergo
1221 4767 1276 4810 et
1310 4775 1409 4814 nos
1433 4763 1662 4831 populus
1677 4766 1817 4818 mul-

229 4849 319 4896 tus
348 4857 560 4905 sumus,
591 4852 646 4896 et
671 4844 948 4900 benedixit
977 4863 1074 4902 nos
1115 4850 1392 4916 Dominus,
1440 4856 1724 4911 audiamus
1751 4859 1820 4913 ab

225 4930 362 4988 Iesu
395 4947 410 4984 :
439 4932 671 5000 Populus
687 4934 905 5001 multus,
935 4941 1163 4994 ascende
1193 4942 1244 4994 in
1268 4943 1498 5008 saltum,
1541 4954 1596 5002 et
1619 4949 1817 5003 munda

230 5025 330 5078 tibi
360 5023 488 5093 ipsi,
527 5030 579 5078 et
604 5039 734 5092 para
759 5027 853 5108 tibi
877 5027 1050 5082 locum
1081 5030 1132 5084 in
1166 5041 1330 5099 terra,
1350 5044 1403 5090 et
1428 5011 1594 5108 purga
1618 5039 1818 5096 Phere-

233 5133 375 5172 τερος
395 5124 452 5172 et
478 5115 766 5186 Raphaim.
794 5105 826 5144 ³
834 5119 1062 5178 Necesse
1103 5135 1186 5180 est
1232 5142 1329 5182 nos
1383 5105 1580 5197 ejicere
1617 5132 1818 5189 Phere-

236 5226 397 5266 zaeos.
492 5210 801 5268 Invenimus
850 5223 1032 5270 autem
1087 5216 1407 5277 Pherezazos
1472 5225 1817 5296 interpretari

237 5301 732 5359 fructificationem.
806 5306 912 5362 Sed
962 5310 1102 5364 sicut
1144 5327 1284 5382 saepe
1317 5314 1430 5383 jam
1477 5316 1712 5374 diximus
1751 5323 1817 5377 de

237 5395 362 5448 aliis
384 5395 657 5463 omnibus,
674 5406 728 5453 et
755 5399 810 5452 in
841 5400 944 5455 hoc
966 5400 1160 5471 duplex
1190 5411 1275 5458 est
1303 5405 1696 5476 interpretatio.
1727 5411 1822 5468 Est

239 5485 386 5539 enim
419 5484 765 5544 fructificatio
792 5491 932 5546 bona
950 5501 1006 5547 et
1041 5493 1386 5551 fructificatio
1414 5499 1576 5566 mala,
1605 5502 1746 5557 sicut
1766 5506 1821 5560 in

241 5576 550 5648 Evangeliis
575 5580 908 5652 designatur,
957 5603 976 5635 ι
1009 5585 1134 5655 quia
1158 5587 1320 5642 arbor
1358 5590 1496 5645 bona
1524 5593 1697 5651 bonos
1709 5595 1822 5652 fru-

244 5677 365 5725 ctus
393 5671 522 5726 facit
550 5671 763 5743 (Matth.
785 5675 902 5747 vn).
938 5695 956 5730 ›
1013 5676 1237 5750 Oportet
1261 5695 1389 5752 ergo
1411 5699 1509 5740 nos
1553 5689 1824 5757 expellere

249 5764 514 5834 quidquid
541 5781 650 5822 non
673 5765 812 5823 bene
848 5766 1160 5841 fructiﬁcat,
1208 5782 1264 5828 et
1312 5775 1594 5835 abscidere
1611 5779 1823 5840 fructus

1914 3305 2150 3360 fructum
2178 3305 2404 3369 bonum,
2445 3305 2724 3360 excidetur
2763 3314 2819 3359 et
2846 3305 2902 3359 in
2949 3306 3128 3377 ignem
3158 3306 3447 3360 mittetur?
3479 3325 3500 3359 ι

1915 3395 2149 3468 (Matth.
2203 3395 2330 3466 ιιι.)
2399 3394 2525 3450 Haec
2567 3395 2840 3466 prioribus
2897 3396 3100 3452 nostris
3163 3395 3312 3452 Nave
3364 3397 3506 3452 ﬁlius

1911 3489 2172 3558 praecepit
2197 3487 2354 3543 Iesus
2378 3489 2443 3543 de
2471 3486 2823 3544 infructuosis
2845 3489 3134 3544 arboribus
3157 3490 3503 3556 excidendis;

1913 3576 2030 3632 haec
2055 3579 2210 3632 nobis
2238 3579 2499 3631 Dominus
2524 3576 2683 3632 Jesus
2704 3577 2761 3630 in
2784 3578 3092 3648 Evangeliis
3121 3577 3388 3646 mandata
3415 3581 3508 3636 do-

1916 3670 2127 3725 soribit.
2172 3670 2241 3724 Et
2290 3671 2559 3738 quomde
2605 3683 2714 3724 non
2761 3683 2953 3724 verum
3005 3677 3088 3724 est
3127 3670 3274 3740 quod
3311 3671 3508 3726 umbra

1914 3763 2212 3832 praecessit,
2234 3770 2292 3816 et
2312 3761 2514 3816 veritas
2542 3762 2784 3831 subjecta
2809 3770 2894 3816 est
2919 3762 2944 3815 ‘I
3003 3761 3117 3817 Hoc
3141 3771 3324 3818 autem
3359 3765 3506 3833 quod

1918 3855 2124 3911 addidit
2149 3854 2374 3910 dicens:
2437 3873 2458 3906 ‹
2492 3853 2589 3909 His
2631 3855 2676 3910 si
2726 3855 3132 3920 emundaveris,
3189 3857 3382 3926 inquit,
3407 3856 3506 3912 sil-

1915 3961 2060 4010 vam,
2091 3953 2148 4002 et
2171 3945 2277 4000 erit
2302 3944 2400 3999 tibi
2427 3959 2552 4000 cum
2597 3945 3048 4001 exterminaveris
3077 3945 3432 4004 Chanauaaos.
3481 3967 3501 4001 ι

1918 4042 2164 4096 Diximus
2208 4038 2322 4108 jam
2379 4039 2626 4109 superius
2653 4039 2924 4108 quomodo
2975 4039 3253 4095 nobiscum
3294 4040 3505 4110 positus

1918 4133 2256 4188 Chananzeus
2293 4131 2472 4201 primo
2525 4130 2725 4185 tributa
2759 4131 3036 4201 dependit,
3079 4131 3322 4185 secundo
3375 4132 3506 4186 obev-

1919 4222 2071 4277 diens
2110 4220 2343 4276 efficitur
2368 4236 2431 4276 ac
2457 4219 2753 4288 subjectus,
2783 4222 2946 4276 tertio
2982 4235 3110 4276 vero
3133 4222 3189 4275 in
3236 4221 3510 4277 membro-

1920 4329 2041 4368 rum
2063 4321 2373 4367 nostrorum
2403 4312 2822 4367 mortiﬁcatione
2843 4311 3010 4367 etiam
3045 4311 3398 4366 exterminari
3425 4313 3509 4367 di-

1920 4404 2081 4459 citur.
2126 4401 2255 4469 Quae
2277 4402 2323 4456 si
2351 4410 2498 4457 recte
2521 4401 2892 4473 intelligimus,
2939 4410 2997 4456 et
3041 4400 3326 4455 donaverit
3349 4401 3507 4456 nobis

1922 4497 2182 4551 Dominus
2211 4510 2307 4564 per
2341 4494 2571 4563 gratiam
2599 4508 2751 4547 suam
2778 4494 2896 4546 haec
2946 4491 3021 4544 ita
3060 4488 3377 4559 intelligere,
3435 4492 3509 4546 sit

1921 4588 2122 4658 aliquid
2153 4601 2330 4654 operae
2355 4587 2513 4654 pretii
2533 4587 2652 4640 haec
2675 4586 2740 4640 de
2757 4584 2986 4639 secretis
3011 4592 3066 4637 et
3089 4583 3421 4639 absconditis
3451 4584 3507 4638 in

1919 4677 2192 4746 publicum
2233 4675 2569 4744 produxisse,
2601 4684 2656 4728 et
2693 4675 2908 4729 venisse
2935 4673 3006 4728 ad
3034 4674 3366 4746 agnitionem
3397 4690 3498 4730 no-

1922 4775 2092 4822 stram
2119 4782 2241 4836 qua:
2273 4767 2593 4821 servabatur
2623 4767 2863 4831 obtecta,
2915 4775 2970 4822 et
2993 4782 3276 4834 conemur,
3307 4783 3504 4824 secuit.

1923 4861 2051 4915 dum
2080 4861 2196 4915 haec
2231 4874 2351 4930 quae
2401 4860 2652 4924 diximus,
2701 4860 3070 4918 Chananazum
3095 4863 3188 4933 qui
3222 4863 3505 4918 nobiscum

1919 4961 2022 5018 est,
2073 4951 2234 5007 citius
2276 4951 2543 5021 subjicere
2585 4954 2743 5009 nobis
2787 4963 2844 5009 et
2886 4955 3228 5012 obedientem
3281 4955 3503 5013 facere:

1923 5046 2051 5114 quia
2071 5045 2117 5101 si
2156 5045 2480 5100 dimittimus
2491 5061 2614 5100 eum
2637 5054 2693 5100 et
2717 5046 3059 5118 negligimus,
3089 5048 3271 5102 veniet
3290 5046 3502 5102 Pharao

1924 5154 2020 5193 rex
2049 5135 2292 5208 Egypti,
2341 5147 2395 5192 et
2445 5137 2666 5207 incipiet
2719 5139 2898 5193 locum
2942 5148 3186 5194 nostrum
3228 5139 3283 5192 in
3321 5139 3503 5194 dotem

1923 5230 2046 5284 filiae
2083 5245 2194 5284 sua:
2211 5230 2359 5287 dare.
2390 5239 2447 5284 et
2483 5232 2724 5299 captivos
2753 5246 2852 5286 nos
2880 5232 3092 5286 tradere
3119 5230 3221 5300 legi
3272 5233 3500 5304 peccati.

1926 5321 2033 5376 Sed
2058 5321 2198 5376 absit
2223 5322 2324 5376 hoc
2353 5321 2422 5375 ab
2436 5321 2728 5378 Israelitica
2745 5323 3044 5387 nobilitate,
3069 5331 3128 5376 ut
3155 5325 3360 5379 serviat
3380 5324 3504 5380 filia

1922 5412 2222 5468 Pharaonis
2247 5412 2488 5468 Israelita
2518 5431 2532 5480 ;
2573 5430 2734 5484 quem
2755 5414 2868 5484 jam
2895 5414 3038 5470 Deus
3063 5415 3249 5470 eduxit
3267 5417 3335 5472 de
3359 5424 3504 5474 terra

1925 5506 2168 5580 Egypti,
2207 5508 2403 5564 iterum
2432 5510 2635 5566 serviat
2660 5510 2758 5575 illi,
2808 5510 2899 5579 qui
2927 5510 2982 5564 in
3006 5512 3144 5565 mari
3171 5512 3356 5569 Rubro
3377 5513 3504 5569 sub—

1921 5613 2135 5655 mersus
2157 5608 2258 5666 est,
2313 5600 2604 5658 Pharaoni.
2657 5601 3016 5658 Observemus
3062 5617 3214 5676 ergo,
3262 5604 3402 5660 sicut
3451 5616 3506 5664 et

1921 5690 2013 5746 hic
2040 5692 2171 5747 dicit
2191 5692 2369 5760 Iesus,
2403 5701 2462 5748 ut
2508 5693 2896 5763 praevaleamus
2945 5709 3045 5750 nos
3073 5705 3261 5752 contra
3299 5695 3508 5754 Chana-

1923 5799 2093 5853 naeos;
2127 5800 2195 5842 ne
2222 5786 2267 5841 si
2290 5787 2432 5845 forte
2460 5801 2622 5856 super
2649 5800 2748 5842 nos
2797 5786 2874 5841 illi
2911 5787 3259 5856 invaluerint,
3287 5797 3342 5844 et
3368 5791 3505 5848 obti-
3551 5815 3558 5821 -
