3986 6348
465 309 607 367 1083

1116 266 1180 355 s.
1217 296 1474 355 nsum
1510 295 1733 355 mum
1767 295 2086 355 ARGlilEP.
2128 294 2444 359 uocum.
2486 293 2785 359 ornavit
2811 292 2992 355 mus
3022 293 3067 352 ι.

3610 294 3756 353 1084

464 425 682 484 nuerint
706 436 825 489 nos.
856 419 927 477 de
950 417 1209 477 lsraelitis
1234 417 1568 477 Chaunum
1595 417 1801 475 faciant
1825 434 1944 483 nos,
1975 418 2055 473 si-
2082 420 2136 480 Α
2161 425 2442 486 supererat
2472 416 2636 473 tribui
2661 415 2928 482 Manasse,
2952 419 3009 470 et
3035 418 3165 485 post
3184 412 3303 468 hrec
3325 414 3755 485 congregavit'm

465 526 558 577 cut
578 526 634 573 et
662 515 752 570 ille
777 511 1003 569 allectus
1024 519 1109 569 est
1134 526 1298 583 quem
1337 519 1697 582 superaverat
1729 511 1910 566 carnis
1935 509 2053 565 illo-

463 612 649 676 cebra,
670 607 759 667 cui
779 604 981 664 dicitur
1014 621 1045 661 a
1069 605 1336 679 propheta
1368 605 1598 661 Daniel:
1636 625 1655 656 ι
1688 604 1885 661 Semen
1913 604 2054 661 Cha-

465 720 607 767 naan
632 711 816 761 etnon
842 700 1001 767 luds,
1055 700 1267 772 species
1302 700 1517 759 setluxit
1543 708 1595 755 te
1646 699 1808 771 (Dan.
1853 699 1987 770 xvi).
2027 718 2047 753 ι

464 796 584 859 Non
603 812 735 869 ergo
773 794 993 851 eveniat
1016 793 1173 851 nobis
1200 792 1408 859 audire,
1443 811 1463 843 ι
1498 807 1687 849 semen
1717 792 1993 857 Chanaan,
2025 812 2047 845 ι

464 890 594 961 quia
620 887 943 947 maledictus
975 886 1235 947 Chanaan
1276 901 1412 958 puer
1442 900 1634 941 servus
1667 891 1751 941 est
1788 882 2054 941 fratribus

466 982 602 1039 suis.

1074 1068 1303 1127 CAPUT
1357 1068 1453 1124 IX.

466 1164 546 1221 De
562 1181 639 1235 (eo
666 1162 805 1235 quod
828 1160 993 1235 Iosue
1008 1162 1146 1235 misit
1164 1162 1386 1235 nuntios
1422 1160 1492 1235 ad
1518 1159 1838 1217 metiendum
1857 1167 2055 1235 (errant

538 1231 793 1291 Chanaan
808 1244 852 1288 et
868 1232 1261 1311 describendum
1278 1250 1390 1285 cunt
1404 1232 1561 1311 uxtu
1575 1248 1852 1311 numerum
1872 1231 2052 1285 unius-

537 1307 789 1376 cujusque
814 1300 1196 1376 multitudinis:
1219 1319 1375 1376 quam
1401 1300 1509 1376 ipse
1553 1300 1724 1353 divisit
1746 1301 1827 1376 _iu
1863 1309 2053 1376 septem

536 1372 729 1447 partes,
754 1383 801 1427 et
822 1375 1043 1447 tradidit
1079 1373 1204 1442 [illis
1242 1373 1411 1425 Israel
1452 1374 1507 1426 in
1534 1372 1912 1442 possessionem
1941 1373 2052 1425 sin-

533 1445 673 1517 gulis
701 1445 989 1501 secundum
1017 1454 1183 1499 sortes
1220 1460 1367 1499 suas.

536 1538 688 1609 (CAP.
724 1540 906 1608 xvm.)
952 1555 971 1587 ‹
1013 1536 1448 1606 Congressuque
1488 1542 1614 1591 sunt
1631 1550 1823 1590 omnes
1864 1534 1959 1590 ﬁlii
1986 1534 2057 1589 ls-

470 1645 488 1683 t
534 1629 648 1684 rael
678 1630 732 1685 in
770 1628 905 1692 Silo,
938 1628 1127 1697 ibique
1166 1628 1404 1685 ﬁxertmt
1442 1626 1855 1683 tabernaculum
1901 1627 2056 1682 testi~

470 1737 489 1774 r
534 1720 723 1785 "Ionii,
774 1728 830 1775 et
867 1717 970 1775 fuit
1015 1719 1099 1773 eis
1146 1726 1289 1774 terra
1339 1715 1599 1785 subjecta.
1652 1716 2057 1771 Remanserunt

2155 507 2384 565 ecclesia
2417 506 2558 562 ﬁlios
2585 506 2751 562 lsrael
2772 517 2830 561 et
2853 505 2990 562 dixit
3014 522 3028 559 :
3059 503 3269 560 Mittam
3291 513 3520 570 sortem,
3544 516 3601 561 et
3628 523 3757 577 pro-

2154 598 2325 657 feram
2372 600 2429 655 in
2456 605 2746 669 couSpectn
2776 597 3011 663 Domini,
3064 597 3111 651 si
3165 595 3321 667 prius
3378 596 3759 655 describentes

2158 702 2379 760 terram,
2411 700 2468 748 et
2493 691 2724 747 tuleritis
2766 690 2900 745 mihi
2932 687 3351 758 descriptionem
3380 687 3526 759 ejus.
3568 690 3637 744 Et
3678 691 3753 746 ita

2153 797 2277 859 post
2299 788 2416 843 haec
2442 787 2679 844 sortibus
2724 784 2905 843 missis
2951 783 3238 839 haereditas
3284 782 3486 854 populo
3521 782 3621 838 Dei
3653 785 3756 840 dis-

2157 879 2443 945 tribuitur;
2486 885 2543 933 et
2584 877 2820 947 agitatur
2842 889 2962 931 sors
2994 873 3117 939 ista,
3140 888 3251 928 non
3280 871 3535 937 fortuitu,
3555 874 3650 928 sed
3672 889 3754 929 se-

2156 970 2391 1027 eundum
2422 971 2525 1026 hoc
2544 969 2688 1041 quod
2708 966 3155 1039 praedestinatum
3185 972 3315 1020 esta
3344 964 3479 1019 Dm.
3513 965 3753 1037 Denique

2156 1064 2332 1119 tribus
2350 1062 2636 1134 Benjamin
2683 1062 2913 1133 primam
2939 1059 3013 1114 ibi
3038 1058 3249 1125 accepit
3275 1068 3485 1113 sortem
3516 1059 3607 1114 ubi
3640 1070 3748 1116 erat

2155 1154 2473 1219 Jerusalem,
2519 1166 2643 1224 post
2693 1162 2810 1210 haec
2863 1152 3037 1206 tribus
3082 1150 3305 1206 Simeon
3337 1153 3599 1219 secunda,
3631 1161 3750 1223 post

2157 1249 2274 1304 haec
2317 1247 2584 1311 lssaehar,
2620 1245 2815 1301 deinde
2862 1243 3122 1305 Zabulon,
3174 1242 3373 1297 deinde
3414 1242 3565 1308 Aser,
3625 1256 3747 1314 post

2158 1340 2274 1395 hzec
2292 1339 2459 1394 etiam
2482 1336 2846 1408 Nephthalim,
2873 1335 3065 1391 deinde
3090 1335 3237 1402 Dan;
3273 1335 3331 1389 in
3350 1335 3545 1406 quibus
3566 1341 3749 1392 novis-

2159 1434 2296 1489 sime
2320 1432 2547 1488 veniunt
2588 1439 2698 1485 tres
2729 1429 2833 1484 illa:
2860 1428 3032 1484 tribus
3071 1444 3195 1498 qua:
3224 1444 3293 1482 ex
3319 1428 3634 1481 concubinis
3662 1429 3749 1482 de—

2159 1530 2483 1585 scenderant
2519 1522 2709 1580 JaCob.
2745 1522 2876 1589 Qum
2905 1536 3036 1593 ergo
3058 1520 3200 1574 ratio
3227 1519 3455 1574 sortium
3477 1520 3617 1589 apud
3636 1535 3751 1573 me-

2160 1620 2447 1690 metipsum
2473 1616 2836 1687 requirebam,
2868 1624 2928 1669 ut
2956 1628 3025 1669 ex
3054 1613 3240 1668 multis
3263 1613 3593 1667 testimoniis
3606 1611 3752 1666 Scri-

2160 1722 2443 1783 pturarum
2468 1712 2614 1780 quod
2638 1711 2841 1766 latebat
2861 1723 3237 1780 agnoscerem.
3256 1705 3611 1762 inveniebam
3630 1721 3749 1760 sane

471 1829 492 1864 ι
532 1818 714 1867 autem
746 1810 981 1865 ﬁliorum
1009 1809 1176 1867 lsrael
1196 1817 1403 1880 septem
1436 1808 1630 1872 tribus,
1659 1822 1780 1877 quae
1826 1807 2055 1864 necdum
2084 1820 2134 1884 Β
2164 1806 2217 1861 in
2249 1804 2545 1873 Scripturis
2570 1804 2737 1859 etiam
2755 1802 2986 1873 gentiles
3025 1801 3272 1856 homines
3313 1814 3445 1854 usos
3475 1814 3603 1854 esse
3638 1794 3783 1854 δοῖ-⁸

469 1921 492 1959 t
536 1912 858 1973 ameperant
886 1902 1260 1971 possessiones
1278 1916 1436 1965 suas;
1488 1901 1557 1955 ad
1587 1914 1726 1969 quos
1750 1898 1912 1955 Josue
1938 1899 2054 1954 ait:

471 2010 490 2049 ι
539 1993 833 2063 Usquequo
863 1994 1118 2049 marcetis
1140 1993 1195 2048 in
1220 1993 1456 2062 ignavia.
1508 2000 1565 2048 et
1604 2006 1710 2047 non
1747 1991 1962 2047 intratis
1988 1990 2058 2046 ad

471 2099 491 2134 ι
537 2083 915 2153 possidendam
943 2093 1145 2140 terram
1170 2098 1335 2153 quam
1360 2084 1622 2141 Dominus
1655 2083 1800 2138 Deus
1842 2094 2057 2153 patrum

469 2191 490 2229 ς
534 2185 838 2234 vestrorum
868 2176 1014 2232 dedit
1041 2178 1195 2233 vobis
1220 2178 1242 2232 ?
1295 2177 1491 2247 Eligite
1535 2177 1611 2232 de
1633 2176 1857 2246 singulis
1885 2175 2061 2232 tribua-

469 2288 490 2324 ι
532 2272 634 2329 bus
660 2281 842 2327 trames
866 2272 1032 2334 viros,
1046 2279 1109 2323 ut
1141 2271 1353 2326 mittam
1381 2286 1497 2334 eos,
1534 2280 1588 2325 et
1619 2278 1868 2339 pergant,
1893 2277 2058 2337 atque

470 2379 490 2417 ι
529 2363 865 2419 circumeant
887 2372 1113 2428 terram,
1146 2372 1201 2419 ct
1228 2364 1539 2419 describam»
1554 2378 1675 2417 eam
1694 2362 1843 2430 insta
1870 2378 2059 2418 omne-

469 2474 491 2508 ι
533 2470 655 2513 mm
680 2455 1102 2524 uniuscujusque
1121 2455 1864 2524 tnultitudinis,rel‘erantque
1879 2454 1947 2511 ad
1968 2466 2059 2511 me

471 2564 491 2597 ι
530 2548 677 2616 quod
705 2548 1115 2617 descripserint.
1176 2547 1408 2603 Dividite
1451 2548 1606 2602 vobis
1634 2555 1839 2603 terram
1886 2548 1940 2602 in
1965 2562 2057 2602 sec

470 2658 491 2693 ι
533 2649 683 2709 ptem
706 2647 910 2710 partes.
966 2638 1103 2696 Juda
1132 2641 1203 2697 sit
1231 2642 1287 2695 in
1314 2642 1560 2696 terminis
1586 2641 1700 2695 suis
1742 2642 1810 2696 ab
1830 2640 2056 2696 australi

471 2750 491 2786 I
532 2732 716 2802 plaga,
745 2740 803 2789 et
828 2733 1023 2788 domus
1046 2731 1246 2804 Ioseph
1276 2733 1346 2788 ab
1374 2734 1641 2803 Aquilone
1668 2752 1681 2787 :
1718 2734 1952 2788 mediam
1974 2736 2057 2789 ἰη-

470 2840 490 2874 t
536 2825 1047 2879 tereosterramin
1086 2833 1293 2895 septem
1340 2834 1525 2894 partes
1574 2824 1886 2881 describite.
1940 2824 2057 2881 Hoc

469 2929 489 2963 ι
533 2915 766 2970 venietis
804 2915 876 2970 ad
906 2931 1013 2981 me,
1039 2925 1099 2971 ut
1120 2932 1309 2972 coram
1332 2919 1557 2973 Domino
1583 2919 1695 2974 Deo
1726 2929 1911 2974 vestro
1930 2920 2057 2974 mito

467 3022 489 3057 ι
534 3013 646 3061 tam
671 3006 826 3063 vobis
857 3006 946 3062 hic
990 3018 1214 3075 sortem,
1247 3010 1374 3080 quin
1395 3025 1502 3065 non
1522 3021 1605 3067 est
1644 3012 1786 3066 inter
1804 3025 1905 3066 vos
1926 3024 2055 3082 pars

470 3113 491 3148 ι
533 3096 847 3155 [invitamur
869 3115 886 3155 t
918 3102 1392 3158 sedsaoerdotium
1414 3104 1725 3160 Dominiest
1741 3107 2055 3160 eorumbe-

2162 1897 2327 1952 tibus.
2382 1896 2522 1951 llinc
2568 1911 2693 1951 cum
2717 1895 3000 1965 navigaret
3019 1892 3206 1959 Jonas,
3238 1902 3295 1947 et
3344 1902 3645 1964 tempestas
3667 1908 3750 1946 ur-

2159 1996 2340 2058 geret;
2370 1988 2526 2043 aiunt
2547 2001 2781 2057 namque
2809 1987 2885 2042 illi
2914 1986 3008 2056 qui
3033 1986 3393 2057 navigabant:
3432 2004 3451 2037 ι
3481 1984 3749 2042 Mittamus

2160 2088 2383 2147 sortem,
2430 2087 2487 2135 et
2512 2080 2749 2136 sciamus
2777 2078 2932 2146 cujus
2973 2091 3140 2133 causa
3190 2079 3307 2134 haec
3346 2086 3505 2132 tanta
3556 2078 3747 2133 malitia

2160 2171 2333 2242 (Jour:
2354 2178 2418 2243 ι),
2452 2191 2472 2224 ι
2508 2172 2665 2240 quasi
2687 2186 2807 2226 sors
2832 2178 3043 2225 tantum
3070 2168 3277 2224 valeret
3301 2179 3357 2223 ut
3384 2169 3619 2239 prodere
3635 2182 3745 2238 pos-

2160 2271 2244 2318 set
2267 2262 2421 2330 cujus
2446 2277 2609 2318 causa
2658 2261 2962 2332 periculum
2999 2259 3384 2329 navigantibus
3426 2259 3740 2314 inunineret.

2159 2354 2419 2421 Quamvis
2456 2352 2688 2425 gentiles
2716 2362 2902 2408 essent
2932 2359 2987 2407 et
3019 2351 3182 2406 alieni
3208 2369 3241 2405 a
3279 2352 3593 2423 cognitione
3636 2352 3742 2419 Dei,

2159 2463 2267 2505 non
2295 2457 2476 2503 tamen
2512 2448 2616 2502 hac
2647 2446 2901 2516 opinione
2924 2445 3205 2513 falluntur,
3256 2448 3349 2502 sed
3374 2448 3527 2517 quod
3572 2462 3742 2501 verum

2159 2548 2279 2597 erat
2302 2538 2539 2609 prodidit
2566 2538 2645 2593 eis
2671 2553 2790 2595 sors
2813 2553 2978 2608 super
2998 2536 3214 2592 Jonam.
3261 2538 3527 2606 Quaereris
3538 2555 3658 2609 ergo
3680 2539 3742 2595 de

2158 2630 2246 2686 his
2272 2628 2491 2687 invenio
2545 2637 2601 2684 et
2631 2628 2981 2685 Salontonem
3018 2630 3072 2685 in
3100 2629 3414 2687 Proverbiis
3441 2632 3702 2689 dicentem
3722 2650 3737 2662 °

2164 2740 2185 2775 α
2211 2721 2685 2778 Contradietiones
2728 2722 2947 2778 cohibet
2976 2738 3114 2787 sors,
3141 2730 3199 2779 et
3220 2724 3363 2779 inter
3384 2736 3633 2794 potentes
3656 2728 3744 2781 de-

2158 2812 2277 2869 ﬁnit
2306 2811 2491 2885 (Prov.
2506 2814 2694 2885 ,xvrn),
2717 2833 2737 2866 ι
2768 2814 2934 2869 veluti
2960 2829 3175 2871 cessare
3213 2817 3508 2891 ostendens
3527 2828 3739 2873 contn-

2158 2905 2422 2963 dietiones
2455 2904 2546 2961 ubi
2572 2906 2808 2963 mittitur
2834 2920 2976 2962 sors.
3047 2906 3155 2963 Sed
3196 2920 3321 2962 cum
3354 2909 3468 2963 haec
3488 2909 3543 2964 in
3565 2910 3744 2965 Veteri

2158 2998 2508 3057 Testamento
2526 3015 2634 3056 non
2659 3012 2832 3070 pauca
2859 3000 3054 3057 referri
3072 3001 3142 3056 de
3164 3002 3407 3057 sortibus
3425 3003 3741 3071 invenirem,

2156 3094 2402 3149 converti
2430 3108 2519 3149 me
2538 3093 2704 3149 etiam
2726 3094 2797 3150 ad
2836 3092 3046 3151 Novum
3071 3094 3492 3159 Testamentum,
3509 3107 3571 3151 ut
3592 3099 3742 3153 vide<

470 3205 491 3245 ι
535 3194 753 3249 mea».
808 3193 925 3250 Gud
965 3205 1170 3263 autem,
1203 3208 1257 3253 et
1292 3200 1505 3265 Ruben,
1547 3208 1603 3254 et
1631 3202 1853 3258 dimidia
1882 3201 2056 3257 tribus
2081 3195 2127 3259 C
2158 3188 2343 3246 remst
2370 3190 2512 3247 forte
2541 3190 2629 3246 vel
2667 3191 2744 3246 ibi
2784 3199 3208 3249 contemnuntur
3235 3201 3426 3257 sortes.
3481 3200 3577 3248 aut
3600 3208 3736 3247 num

469 3300 492 3337 ι
536 3284 906 3356 Manassejam
938 3301 1268 3357 aceepemnt
1312 3293 1685 3361 mssossiones
1738 3302 1864 3348 suas
1901 3300 2055 3349 trans

468 3392 493 3429 ι
533 3372 828 3431 Iordanem
867 3377 933 3432 ad
981 3381 1303 3435 orientalem
1342 3383 1578 3453 plagam,
1609 3396 1748 3453 quas
1782 3385 1933 3440 dedit
1971 3386 2054 3443 eis

469 3485 492 3523 ι
537 3466 1003 3538 loyaeslamuius
1026 3472 1261 3538 Domini,
1296 3490 1318 3526 ι
1347 3481 1404 3529 et
1430 3472 1660 3547 reliqua.
1736 3476 1793 3531 in
1825 3490 2054 3534 consue-

466 3558 877 3627 tudinequidem
902 3562 1341 3629 beminum,eum
1367 3562 1573 3637 aliquid
1594 3572 1741 3624 sorte
1770 3570 2049 3638 dividitur,

463 3647 691 3706 Mitti
717 3652 934 3707 videtur
954 3668 1085 3709 sors
1105 3656 1197 3710 illa
1242 3660 1309 3713 ad
1353 3659 1525 3725 illum,
1551 3661 1635 3714 vel
1660 3662 1767 3716 alia
1790 3663 1861 3716 ad
1883 3663 2051 3718 alium

463 3743 677 3799 eodem
726 3745 1091 3818 lnScriptura
1120 3757 1303 3806 autem
1328 3767 1485 3808 sacra
1511 3766 1619 3809 non
1673 3756 1746 3810 ita
1795 3761 1880 3810 est
1924 3770 1943 3809 :
1993 3762 2053 3812 ct

462 3837 751 3907 aliquoties
773 3843 1083 3910 quemnam
1105 3846 1246 3914 apud
1277 3848 1652 3916 memctipsum
1678 3849 1723 3903 si
1745 3850 1883 3904 dere
1900 3854 2049 3904 tanta

462 3944 528 3983 ac
556 3928 847 4000 tuliputm
872 3935 1044 3988 sancti
1069 3938 1306 3991 artibus
1328 3938 1591 4008 judicium
1621 3942 2042 4004 cominisissent.

462 4020 617 4086 Quod
655 4022 1033 4094 sicssetapud
1054 4039 1273 4083 sanctos
1301 4030 1375 4085 ita
1403 4037 1636 4100 gestum,
1666 4033 1777 4104 iam
1819 4034 1888 4089 de
1927 4034 2049 4090 aliis

460 4111 775 4168 hominibus
800 4116 887 4169 vel
911 4119 1160 4185 gentibus
1186 4123 1321 4176 nihil
1360 4126 1555 4179 mirum
1583 4126 1821 4193 videres,
1844 4128 1889 4182 si
1914 4122 2049 4183 nihil

460 4199 754 4293 haberem:
798 4205 1059 4260 eximium
1106 4210 1161 4262 in
1206 4212 1441 4293 hisqu
1491 4230 1519 4268 ο
1549 4216 1753 4272 sanctis
1795 4218 2050 4276 dicuntur

460 4301 611 4382 sorte
658 4292 848 4348 divisa.
907 4296 1015 4350 Sed
1072 4292 1413 4358 videamussi
1460 4306 1598 4361 forte
1638 4310 1694 4363 in
1746 4309 2045 4382 Scripturis

459 4381 663 4454 aliquid
682 4384 1025 4442 inveniamus
1048 4400 1175 4445 esse
1196 4392 1430 4461 positum
1453 4398 1599 4466 quod
1611 4398 1764 4457 nobis
1788 4381 1917 4472 qua
1944 4406 2046 4461 vir-

460 4476 603 4531 tutis.
633 4475 981 4534 contineatur
1042 4481 1099 4535 in
1136 4485 1375 4540 sortibus
1416 4488 1744 4546 manifestat.
1818 4493 2045 4565 incipia-

456 4581 582 4621 mus
620 4581 751 4637 ergo
777 4584 810 4622 a
859 4568 1122 4639 Levitico,
1153 4575 1244 4629 ubi
1278 4577 1541 4649 scriptum
1564 4590 1648 4636 est
1676 4600 1689 4636 ε
1738 4600 1756 4634 r
1792 4584 1857 4638 Et
1906 4552 2046 4641 acci-
2068 4552 2123 4615 Β

456 4659 628 4729 piant,
651 4659 845 4728 inquit.
869 4664 1004 4720 duas
1035 4674 1231 4733 sortes,
1273 4680 1392 4725 sors
1419 4682 1526 4727 una
1556 4673 1802 4740 Domino,
1846 4686 1900 4732 et
1924 4690 2047 4735 sors

454 4762 569 4803 una
591 4764 957 4821 apopompao,
988 4775 1011 4807 ι
1035 4757 1137 4814 hoe
1168 4767 1269 4825 est,
1298 4764 1663 4820 transmissori
1696 4784 1710 4821 :
1751 4786 1770 4818 ι
1804 4776 1859 4822 et
1881 4782 2047 4839 super

456 4852 836 4910 Men-quo
856 4847 1208 4905 venor-itm
1235 4855 1588 4924 apopompmi,
1616 4858 1884 4927 accipient
1931 4860 2043 4915 bir-

458 4943 585 4989 eum
619 4930 793 4997 illum,
817 4933 1084 4993 abducunt
1131 4941 1187 4994 to
1236 4942 1410 4998 locum
1438 4947 1607 5001 eremi
1645 4950 1850 5013 vivum,
1879 4960 1933 5006 et
1956 4950 2042 5007 dl-

456 5021 674 5079 mittent
701 5023 850 5080 illum
876 5026 1309 5088 indim'mlonem
1330 5048 1484 5091 suam
1517 5054 1531 5091 :
1567 5039 1733 5093 alium
1759 5052 1891 5095 vero
1927 5043 2041 5096 hir-

458 5129 584 5173 eum
610 5115 968 5173 immolatum
1007 5119 1237 5176 Domino
1277 5124 1465 5195 (Levii.
1494 5129 1629 5204 xvn),
1673 5152 1693 5184 ›
1749 5140 1807 5188 et
1834 5133 2039 5203 reliqua

456 5218 577 5279 qua
613 5210 691 5265 ibi
719 5218 863 5276 sunt,
909 5215 1236 5282 quinique
1256 5220 1436 5275 sciunt
1456 5224 1548 5292 qui
1586 5224 1786 5296 legunt.
1842 5226 1907 5281 Et
1934 5227 2038 5282 ite-

456 5310 579 5357 rum
602 5299 679 5357 Hii
700 5300 909 5374 Moyses
930 5305 1112 5360 divisit
1152 5315 1301 5361 sorte
1348 5314 1509 5368 tribui
1541 5315 1752 5383 Ruben,
1789 5326 1845 5373 et
1872 5319 2039 5374 tribui

446 5392 591 5467 god,
615 5401 673 5448 et
708 5396 949 5453 dimidim
994 5396 1157 5454 tribui
1211 5400 1457 5459 Manasse
1505 5418 1627 5475 qum
1678 5420 2039 5480 poposcerunt

456 5490 608 5541 trans
647 5484 959 5555 Jordancm,
988 5492 1243 5563 accipere
1264 5499 1469 5548 ten-mn
1510 5496 1657 5552 illam
1689 5512 1851 5569 quam
1870 5510 2041 5573 popo-

456 5583 675 5631 scerunt
698 5576 791 5635 ﬁlii
823 5579 1009 5636 lsrael.
1070 5582 1228 5639 Dedit
1261 5592 1443 5640 autem
1479 5586 1596 5656 ipse
1636 5585 1812 5658 lenus,
1842 5602 2040 5649 secun-

457 5664 583 5721 dum
618 5680 951 5739 ιιιωοερωω
972 5673 1207 5740 minus,
1251 5675 1419 5733 Caieta
1441 5676 1555 5735 lilio
1574 5676 1797 5747 temne,
1823 5661 1896 5739 "et
1933 5683 2039 5739 m-

457 5751 958 5822 builutlassmm.
996 5765 1381 5827 Dedltautsm
1423 5769 2041 5858 Ephrainotilliqm

2155 3283 2233 3340 ibi
2271 3283 2489 3354 quidem
2509 3299 2699 3340 earum
2722 3300 2853 3340 usus
2881 3285 3009 3339 alibi
3036 3285 3267 3352 dicitur;
3293 3294 3344 3343 et
3357 3286 3563 3339 invenio
3582 3286 3737 3355 quod

2155 3374 2447 3445 aliquando
2497 3392 2621 3432 cum
2652 3377 2869 3434 deesset
2915 3393 3144 3433 nurnero
3170 3377 3530 3448 apostolorum
3568 3395 3738 3445 unus,

2155 3475 2209 3522 et
2229 3478 2375 3524 esset
2398 3470 2767 3525 necessarium
2792 3471 2846 3525 in
2870 3469 3045 3526 locum
3067 3470 3221 3527 Judae
3246 3473 3408 3526 alium
3434 3472 3739 3545 subrogari,

2153 3561 2537 3620 convenientes
2566 3563 2795 3635 apostoli
2822 3561 2936 3637 (qui
2967 3566 3153 3636 utique
3189 3562 3355 3623 multo
3384 3569 3743 3638 sapientiores

2152 3665 2495 3725 erantquam
2523 3657 2579 3711 hi
2617 3656 2708 3726 qui
2735 3673 2877 3712 nunc
2899 3658 3205 3728 episcopos,
3236 3659 3318 3713 vel
3366 3660 3738 3732 presbyteros,

2153 3747 2526 3803 insidiantium
2556 3748 2835 3823 ordinant)
2859 3757 2914 3805 et
2959 3748 3231 3822 elegerunt
3254 3748 3415 3814 duos,
3455 3759 3515 3806 et
3547 3761 3744 3809 statue-

2151 3844 2279 3896 runt
2308 3841 2362 3895 in
2382 3839 2582 3907 medio,
2628 3854 2731 3898 nec
2780 3850 2961 3898 tamen
2991 3840 3057 3899 de
3083 3842 3168 3899 his
3219 3841 3579 3917 sibimetipsis
3605 3846 3742 3918 judi-

2150 3933 2294 3989 cium
2322 3933 2711 4002 permiserunt,
2749 3944 2809 3989 nt
2836 3934 2986 3990 illum
3015 3935 3262 3993 facerent
3315 3950 3478 4007 quem
3518 3938 3623 4009 ipsi
3656 3956 3743 3996 vo-

2148 4024 2374 4081 luissent
2405 4040 2420 4089 ;
2456 4043 2476 4077 ι
2512 4026 2606 4081 sed
2630 4035 2870 4093 orantes,
2923 4028 3116 4098 inquit,
3157 4029 3429 4086 miserunt
3456 4041 3681 4096 sortem,
3711 4053 3731 4085 ι

2148 4124 2209 4171 ut
2233 4132 2301 4172 ex
2332 4116 2436 4173 illis
2459 4117 2671 4174 duobus
2693 4131 2830 4188 quos
2860 4125 3169 4176 statuerant
3219 4121 3273 4176 in
3303 4134 3587 4194 conSpectn
3621 4125 3736 4189 Dei,

2149 4208 2201 4262 id
2226 4214 2332 4275 est,
2361 4207 2562 4279 Joseph
2594 4211 2688 4281 qui
2713 4213 3014 4267 vocabatur
3042 4212 3453 4285 Bamabns,qui
3475 4217 3741 4287 cognomi-

2149 4311 2306 4358 natus
2351 4310 2437 4359 est
2481 4302 2688 4369 Justus,
2740 4312 2797 4360 et
2848 4303 3128 4361 Mathiam.
3192 4322 3212 4359 ι
3253 4308 3484 4376 Cecidit,
3540 4309 3738 4379 inquit,

2147 4407 2267 4449 sors
2295 4402 2458 4465 super
2478 4395 2754 4463 Matinium,
2781 4392 2836 4453 et
2864 4408 3255 4456 annumeratus
3278 4410 3365 4457 est
3395 4418 3511 4457 cum
3538 4400 3738 4457 Christi

2149 4488 2408 4560 apostolis
2447 4489 2585 4563 (Act.
2630 4488 2692 4563 ι).
2735 4511 2754 4544 ι
2824 4483 3174 4549 Praecedente
3221 4504 3458 4565 namque
3502 4496 3739 4559 ratione,

2148 4596 2253 4636 non
2275 4582 2386 4653 jam
2415 4599 2543 4640 casu
2575 4583 2669 4640 sed
2714 4587 2999 4657 prudentia
3054 4600 3173 4644 sors
3206 4584 3451 4644 divinum
3480 4586 3744 4659 judicium

2142 4672 2438 4733 deferebat.
2467 4678 2573 4733 Sed
2595 4679 2772 4735 adhuc
2786 4683 3097 4750 qumrebam
3126 4683 3181 4737 in
3210 4682 3360 4738 Novo
3390 4683 3745 4738 Testamento

2142 4771 2187 4824 si
2214 4787 2333 4827 sors
2363 4770 2417 4827 in
2447 4768 2662 4829 Christo
2689 4776 2770 4829 vel
2802 4775 2854 4830 in
2890 4776 3130 4832 Ecclesia
3161 4779 3503 4843 nominatur,
3552 4778 3640 4834 vel
3686 4778 3739 4832 in

2140 4863 2303 4917 rebus
2325 4865 2567 4935 mysticis
2591 4882 2711 4936 quae
2753 4868 2820 4921 ad
2849 4866 3086 4922 animam
3114 4871 3395 4941 pertinere
3430 4872 3742 4927 videantur.

2138 4953 2361 5009 Invenio
2404 4952 2627 5011 Paulum
2654 4958 2720 5013 ad
2746 4956 3008 5031 Ephesios
3054 4962 3414 5029 scribentem,
3444 4963 3628 5019 dicere
3673 4962 3741 5017 de

2142 5045 2358 5101 Christo
2390 5062 2405 5101 :
2442 5064 2461 5099 ‹
2494 5044 2549 5102 in
2572 5064 2696 5119 qua,
2752 5051 2947 5122 inquit,
2976 5060 3121 5109 sorte
3154 5056 3334 5110 vocati
3361 5070 3573 5121 sumus,
3600 5069 3744 5124 prte-

2144 5138 2395 5193 destinati
2420 5143 2715 5221 secundum
2749 5142 3084 5214 propositum
3114 5144 3234 5219 ejus
3267 5146 3365 5217 qui
3408 5144 3595 5204 omnia
3621 5163 3750 5219 ope-

2141 5232 2292 5283 ratur
2313 5232 2606 5286 secundum
2631 5226 2916 5289 consilium
2963 5234 3254 5292 voluntatis
3282 5234 3429 5308 ejus.
3462 5249 3529 5295 ut
3582 5240 3753 5295 simus

2142 5318 2197 5371 in
2229 5317 2441 5373 laudem
2470 5320 2655 5391 glerim
2677 5322 2795 5393 ejus
2840 5318 2930 5393 qui
2968 5336 3092 5380 ante
3123 5329 3473 5397 speravimus
3508 5330 3567 5385 in
3592 5329 3755 5387 Chri-

2140 5413 2229 5462 sto
2257 5408 2417 5480 (Eph.
2447 5412 2523 5483 1);
2560 5431 2578 5465 ι
2630 5412 2727 5468 sed
2761 5408 2831 5468 ad
2842 5413 3193 5475 Coiossenses
3219 5420 3337 5475 huic
3365 5420 3755 5479 scribentem:

2145 5512 2164 5551 α
2192 5499 2411 5557 Gratias
2431 5509 2653 5573 agentes
2674 5502 2786 5561 Deo
2813 5500 2984 5573 Patri,
3010 5510 3103 5579 qui
3133 5508 3355 5567 idoneos
3380 5528 3495 5569 nos
3535 5510 3679 5571 Iccit
3708 5516 3761 5570 in

2136 5596 2351 5659 partem
2397 5594 2560 5650 sortis
2582 5604 2892 5653 sanctorum
2931 5590 2988 5653 in
3017 5598 3222 5656 lumine
3254 5599 3491 5677 (ϐοῶ).
3532 5610 3556 5658 i
3621 5606 3760 5662 Tam

2137 5686 2322 5741 multis
2343 5702 2409 5743 ex
2435 5688 2731 5763 Scripturis
2754 5690 2962 5751 sanctis
2988 5690 3055 5751 de
3068 5710 3443 5754 commemora
3453 5702 3627 5759 tione
3648 5719 3759 5759 sor-

2136 5778 2273 5839 item
2303 5780 2631 5844 testimoniis
2648 5786 3011 5863 congregatis,
3052 5800 3162 5864 quo
3179 5802 3249 5849 ex
3267 5791 3603 5855 multorum
3624 5798 3765 5856 ioco-
