  <div class='ocr_page' id='page_1' title='image "/cluster/home/n/w/nwhite01/storage/ocr_20150623/108/hvd.32044015466840/551.png"; bbox 0 0 3986 6348; ppageno 0'>
   <div class='ocr_carea' id='block_1_1' title="bbox 499 331 637 388">
    <p class='ocr_par' dir='ltr' id='par_1_1' title="bbox 499 331 637 388">
     <span class='ocr_line' id='line_1_1' title="bbox 499 331 637 388; baseline -0.014 0"><span class='ocrx_word' id='word_1_1' title='bbox 499 335 522 388; x_wconf 72' lang='lat'><strong>1</strong></span> <span class='ocrx_word' id='word_1_2' title='bbox 531 331 637 388; x_wconf 79' lang='lat'><strong>087</strong></span> 
     </span>
    </p>
   </div>
   <div class='ocr_carea' id='block_1_2' title="bbox 1159 315 3093 390">
    <p class='ocr_par' dir='ltr' id='par_1_2' title="bbox 1159 315 3093 390">
     <span class='ocr_line' id='line_1_2' title="bbox 1159 315 3093 390; baseline 0 -13"><span class='ocrx_word' id='word_1_3' title='bbox 1159 323 1218 377; x_wconf 80' lang='grc' dir='ltr'><strong>Β.</strong></span> <span class='ocrx_word' id='word_1_4' title='bbox 1262 320 1516 377; x_wconf 78' lang='lat' dir='ltr'><strong>RABANI</strong></span> <span class='ocrx_word' id='word_1_5' title='bbox 1553 319 1772 378; x_wconf 78' lang='lat' dir='ltr'><strong>MAURI</strong></span> <span class='ocrx_word' id='word_1_6' title='bbox 1809 317 2132 376; x_wconf 76' lang='lat' dir='ltr'><strong>ARCIIIEP.</strong></span> <span class='ocrx_word' id='word_1_7' title='bbox 2172 315 2477 390; x_wconf 70' lang='lat' dir='ltr'><strong>MOGUNT.</strong></span> <span class='ocrx_word' id='word_1_8' title='bbox 2517 317 2805 377; x_wconf 71' lang='lat' dir='ltr'><strong>OPERUM</strong></span> <span class='ocrx_word' id='word_1_9' title='bbox 2838 318 3020 377; x_wconf 80' lang='lat' dir='ltr'><strong>PARS</strong></span> <span class='ocrx_word' id='word_1_10' title='bbox 3049 319 3093 377; x_wconf 82' lang='grc' dir='ltr'><strong>Ι.</strong></span> 
     </span>
    </p>
   </div>
   <div class='ocr_carea' id='block_1_3' title="bbox 3639 327 3781 383">
    <p class='ocr_par' dir='ltr' id='par_1_3' title="bbox 3639 327 3781 383">
     <span class='ocr_line' id='line_1_3' title="bbox 3639 327 3781 383; baseline 0.021 -3"><span class='ocrx_word' id='word_1_11' title='bbox 3639 327 3781 383; x_wconf 67' lang='lat' dir='ltr'><strong>i088</strong></span> 
     </span>
    </p>
   </div>
   <div class='ocr_carea' id='block_1_4' title="bbox 497 434 3774 517">
    <p class='ocr_par' dir='ltr' id='par_1_4' title="bbox 497 434 3774 517">
     <span class='ocr_line' id='line_1_4' title="bbox 497 434 3774 517; baseline -0.001 -14"><span class='ocrx_word' id='word_1_12' title='bbox 497 448 682 503; x_wconf 89' lang='lat' dir='ltr'><strong>Iesum</strong></span> <span class='ocrx_word' id='word_1_13' title='bbox 707 443 850 498; x_wconf 81' lang='lat' dir='ltr'><strong>Nave</strong></span> <span class='ocrx_word' id='word_1_14' title='bbox 874 439 1044 493; x_wconf 77' lang='lat' dir='ltr'><strong>filium</strong></span> <span class='ocrx_word' id='word_1_15' title='bbox 1068 437 1438 509; x_wconf 73' lang='lat' dir='ltr'><strong>designantur.</strong></span> <span class='ocrx_word' id='word_1_16' title='bbox 1468 438 1544 494; x_wconf 84' lang='lat' dir='ltr'><strong>De</strong></span> <span class='ocrx_word' id='word_1_17' title='bbox 1581 438 1712 507; x_wconf 84' lang='lat' dir='ltr'><strong>ipsis</strong></span> <span class='ocrx_word' id='word_1_18' title='bbox 1739 447 1868 508; x_wconf 78' lang='lat' dir='ltr'><strong>puto</strong></span> <span class='ocrx_word' id='word_1_19' title='bbox 1891 437 2080 490; x_wconf 86' lang='lat' dir='ltr'><strong>civita-</strong></span> <span class='ocrx_word' id='word_1_20' title='bbox 2107 434 2160 498; x_wconf 75' lang='grc' dir='ltr'>Α</span> <span class='ocrx_word' id='word_1_21' title='bbox 2186 445 2320 501; x_wconf 89' lang='lat' dir='ltr'><strong>tum,</strong></span> <span class='ocrx_word' id='word_1_22' title='bbox 2353 445 2414 492; x_wconf 86' lang='lat' dir='ltr'><strong>et</strong></span> <span class='ocrx_word' id='word_1_23' title='bbox 2433 436 2764 492; x_wconf 73' lang='lat' dir='ltr'><strong>voluntatem</strong></span> <span class='ocrx_word' id='word_1_24' title='bbox 2792 451 2978 492; x_wconf 81' lang='lat' dir='ltr'><strong>comm</strong></span> <span class='ocrx_word' id='word_1_25' title='bbox 2997 437 3400 507; x_wconf 83' lang='lat' dir='ltr'><strong>quodammodo</strong></span> <span class='ocrx_word' id='word_1_26' title='bbox 3423 442 3662 499; x_wconf 81' lang='lat' dir='ltr'><strong>exhibet</strong></span> <span class='ocrx_word' id='word_1_27' title='bbox 3690 451 3774 517; x_wconf 87' lang='lat' dir='ltr'><strong>qui</strong></span> 
     </span>
    </p>
   </div>
   <div class='ocr_carea' id='block_1_5' title="bbox 499 527 2086 594">
    <p class='ocr_par' dir='ltr' id='par_1_5' title="bbox 499 527 2086 594">
     <span class='ocr_line' id='line_1_5' title="bbox 499 527 2086 594; baseline -0.007 1"><span class='ocrx_word' id='word_1_28' title='bbox 499 540 642 594; x_wconf 91' lang='lat' dir='ltr'><strong>tibus</strong></span> <span class='ocrx_word' id='word_1_29' title='bbox 691 535 976 589; x_wconf 72' lang='lat' dir='ltr'><strong>dictumzc</strong></span> <span class='ocrx_word' id='word_1_30' title='bbox 1011 529 1446 584; x_wconf 54' lang='lat' dir='ltr'><strong>[Ediﬁcabuntur</strong></span> <span class='ocrx_word' id='word_1_31' title='bbox 1500 529 1748 584; x_wconf 75' lang='lat' dir='ltr'><strong>civitates</strong></span> <span class='ocrx_word' id='word_1_32' title='bbox 1791 527 1970 594; x_wconf 74' lang='lat' dir='ltr'><strong>Iudae,</strong></span> <span class='ocrx_word' id='word_1_33' title='bbox 2029 539 2086 584; x_wconf 91' lang='lat' dir='ltr'><strong>et</strong></span> 
     </span>
    </p>
   </div>
   <div class='ocr_carea' id='block_1_6' title="bbox 498 617 2077 694">
    <p class='ocr_par' dir='ltr' id='par_1_6' title="bbox 498 617 2077 694">
     <span class='ocr_line' id='line_1_6' title="bbox 498 617 2077 694; baseline -0.007 -7"><span class='ocrx_word' id='word_1_34' title='bbox 498 617 818 687; x_wconf 87' lang='lat' dir='ltr'><strong>habitabuut</strong></span> <span class='ocrx_word' id='word_1_35' title='bbox 843 625 937 692; x_wconf 90' lang='lat' dir='ltr'><strong>ibi,</strong></span> <span class='ocrx_word' id='word_1_36' title='bbox 962 633 1016 680; x_wconf 90' lang='lat' dir='ltr'><strong>et</strong></span> <span class='ocrx_word' id='word_1_37' title='bbox 1036 624 1428 680; x_wconf 63' lang='lat' dir='ltr'><strong>haereditabunt</strong></span> <span class='ocrx_word' id='word_1_38' title='bbox 1451 638 1570 678; x_wconf 86' lang='lat' dir='ltr'><strong>eam</strong></span> <span class='ocrx_word' id='word_1_39' title='bbox 1591 623 1609 694; x_wconf 84' lang='lat'>(</span> <span class='ocrx_word' id='word_1_40' title='bbox 1636 621 1784 677; x_wconf 82' lang='lat' dir='ltr'><strong>Psal.</strong></span> <span class='ocrx_word' id='word_1_41' title='bbox 1814 623 2026 692; x_wconf 80' lang='lat' dir='ltr'><strong>vam).</strong></span> <span class='ocrx_word' id='word_1_42' title='bbox 2057 642 2077 676; x_wconf 70' lang='grc' dir='ltr'><strong><em>ι</em></strong></span> 
     </span>
    </p>
   </div>
   <div class='ocr_carea' id='block_1_7' title="bbox 499 697 2080 790">
    <p class='ocr_par' dir='ltr' id='par_1_7' title="bbox 499 697 2080 790">
     <span class='ocr_line' id='line_1_7' title="bbox 499 697 2080 790; baseline -0.005 -14"><span class='ocrx_word' id='word_1_43' title='bbox 499 697 574 776; x_wconf 90' lang='lat' dir='ltr'><strong>De</strong></span> <span class='ocrx_word' id='word_1_44' title='bbox 618 720 750 790; x_wconf 88' lang='lat' dir='ltr'><strong>ipsis</strong></span> <span class='ocrx_word' id='word_1_45' title='bbox 791 718 954 773; x_wconf 90' lang='lat' dir='ltr'><strong>etiam</strong></span> <span class='ocrx_word' id='word_1_46' title='bbox 998 716 1259 769; x_wconf 89' lang='lat' dir='ltr'><strong>Dominus</strong></span> <span class='ocrx_word' id='word_1_47' title='bbox 1295 724 1350 767; x_wconf 91' lang='lat' dir='ltr'><strong>et</strong></span> <span class='ocrx_word' id='word_1_48' title='bbox 1393 713 1645 768; x_wconf 77' lang='lat' dir='ltr'><strong>Salvator</strong></span> <span class='ocrx_word' id='word_1_49' title='bbox 1689 714 1840 778; x_wconf 86' lang='lat' dir='ltr'><strong>dicit,</strong></span> <span class='ocrx_word' id='word_1_50' title='bbox 1890 732 1910 766; x_wconf 71' lang='grc' dir='ltr'><strong>ε</strong></span> <span class='ocrx_word' id='word_1_51' title='bbox 1953 715 2080 784; x_wconf 86' lang='lat' dir='ltr'><strong>quia</strong></span> 
     </span>
    </p>
   </div>
   <div class='ocr_carea' id='block_1_8' title="bbox 498 806 2077 879">
    <p class='ocr_par' dir='ltr' id='par_1_8' title="bbox 498 806 2077 879">
     <span class='ocr_line' id='line_1_8' title="bbox 498 806 2077 879; baseline -0.002 -12"><span class='ocrx_word' id='word_1_52' title='bbox 498 813 679 870; x_wconf 73' lang='lat' dir='ltr'><strong>multa:</strong></span> <span class='ocrx_word' id='word_1_53' title='bbox 707 809 1018 866; x_wconf 88' lang='lat' dir='ltr'><strong>mansiones</strong></span> <span class='ocrx_word' id='word_1_54' title='bbox 1055 816 1183 864; x_wconf 87' lang='lat' dir='ltr'><strong>sunt</strong></span> <span class='ocrx_word' id='word_1_55' title='bbox 1219 808 1361 877; x_wconf 89' lang='lat' dir='ltr'><strong>apud</strong></span> <span class='ocrx_word' id='word_1_56' title='bbox 1399 806 1617 862; x_wconf 79' lang='lat' dir='ltr'><strong>Patrem</strong></span> <span class='ocrx_word' id='word_1_57' title='bbox 1660 823 1838 863; x_wconf 90' lang='lat' dir='ltr'><strong>meum</strong></span> <span class='ocrx_word' id='word_1_58' title='bbox 1885 807 2077 879; x_wconf 75' lang='lat' dir='ltr'><strong>(Ioan.</strong></span> 
     </span>
    </p>
   </div>
   <div class='ocr_carea' id='block_1_9' title="bbox 497 898 2082 975">
    <p class='ocr_par' dir='ltr' id='par_1_9' title="bbox 497 898 2082 975">
     <span class='ocr_line' id='line_1_9' title="bbox 497 898 2082 975; baseline -0.001 -17"><span class='ocrx_word' id='word_1_59' title='bbox 497 903 656 975; x_wconf 78' lang='lat' dir='ltr'><strong>xiv);</strong></span> <span class='ocrx_word' id='word_1_60' title='bbox 689 923 709 956; x_wconf 70' lang='grc' dir='ltr'><strong><em>ι</em></strong></span> <span class='ocrx_word' id='word_1_61' title='bbox 741 909 795 958; x_wconf 90' lang='lat' dir='ltr'><strong>et</strong></span> <span class='ocrx_word' id='word_1_62' title='bbox 833 900 900 955; x_wconf 89' lang='lat' dir='ltr'><strong>de</strong></span> <span class='ocrx_word' id='word_1_63' title='bbox 922 899 1053 969; x_wconf 86' lang='lat' dir='ltr'><strong>ipsis</strong></span> <span class='ocrx_word' id='word_1_64' title='bbox 1085 898 1415 955; x_wconf 88' lang='lat' dir='ltr'><strong>credendum</strong></span> <span class='ocrx_word' id='word_1_65' title='bbox 1444 908 1528 954; x_wconf 85' lang='lat' dir='ltr'><strong>est</strong></span> <span class='ocrx_word' id='word_1_66' title='bbox 1563 899 1874 954; x_wconf 74' lang='lat' dir='ltr'><strong>civitatibus</strong></span> <span class='ocrx_word' id='word_1_67' title='bbox 1919 914 2082 956; x_wconf 84' lang='lat' dir='ltr'><strong>servo</strong></span> 
     </span>
    </p>
   </div>
   <div class='ocr_carea' id='block_1_10' title="bbox 499 991 2076 1064">
    <p class='ocr_par' dir='ltr' id='par_1_10' title="bbox 499 991 2076 1064">
     <span class='ocr_line' id='line_1_10' title="bbox 499 991 2076 1064; baseline -0.003 -15"><span class='ocrx_word' id='word_1_68' title='bbox 499 995 576 1050; x_wconf 91' lang='lat' dir='ltr'><strong>illi</strong></span> <span class='ocrx_word' id='word_1_69' title='bbox 622 995 716 1064; x_wconf 89' lang='lat' dir='ltr'><strong>qui</strong></span> <span class='ocrx_word' id='word_1_70' title='bbox 755 994 893 1052; x_wconf 84' lang='lat' dir='ltr'><strong>bene</strong></span> <span class='ocrx_word' id='word_1_71' title='bbox 944 991 1249 1062; x_wconf 75' lang='lat' dir='ltr'><strong>negotiatus</strong></span> <span class='ocrx_word' id='word_1_72' title='bbox 1290 991 1453 1047; x_wconf 88' lang='lat' dir='ltr'><strong>fuerit</strong></span> <span class='ocrx_word' id='word_1_73' title='bbox 1512 991 1798 1046; x_wconf 87' lang='lat' dir='ltr'><strong>Dominum</strong></span> <span class='ocrx_word' id='word_1_74' title='bbox 1851 991 2076 1048; x_wconf 77' lang='lat' dir='ltr'><strong>dicere:</strong></span> 
     </span>
    </p>
   </div>
   <div class='ocr_carea' id='block_1_11' title="bbox 505 1083 2078 1156">
    <p class='ocr_par' dir='ltr' id='par_1_11' title="bbox 505 1083 2078 1156">
     <span class='ocr_line' id='line_1_11' title="bbox 505 1083 2078 1156; baseline 0.003 -20"><span class='ocrx_word' id='word_1_75' title='bbox 505 1103 524 1136; x_wconf 74' lang='grc' dir='ltr'>ι</span> <span class='ocrx_word' id='word_1_76' title='bbox 561 1084 707 1139; x_wconf 87' lang='lat' dir='ltr'><strong>Ilabe</strong></span> <span class='ocrx_word' id='word_1_77' title='bbox 770 1090 1092 1154; x_wconf 85' lang='lat' dir='ltr'><strong>potestatem</strong></span> <span class='ocrx_word' id='word_1_78' title='bbox 1139 1097 1300 1152; x_wconf 82' lang='lat' dir='ltr'><strong>supra</strong></span> <span class='ocrx_word' id='word_1_79' title='bbox 1361 1083 1547 1138; x_wconf 91' lang='lat' dir='ltr'><strong>decem</strong></span> <span class='ocrx_word' id='word_1_80' title='bbox 1596 1085 1846 1139; x_wconf 81' lang='lat' dir='ltr'><strong>civitates</strong></span> <span class='ocrx_word' id='word_1_81' title='bbox 1905 1084 2078 1156; x_wconf 84' lang='lat' dir='ltr'><strong>(Luc.</strong></span> 
     </span>
    </p>
   </div>
   <div class='ocr_carea' id='block_1_12' title="bbox 498 1172 2081 1244">
    <p class='ocr_par' dir='ltr' id='par_1_12' title="bbox 498 1172 2081 1244">
     <span class='ocr_line' id='line_1_12' title="bbox 498 1172 2081 1244; baseline 0.001 -16"><span class='ocrx_word' id='word_1_82' title='bbox 498 1191 591 1228; x_wconf 80' lang='lat' dir='ltr'><strong>xix</strong></span> <span class='ocrx_word' id='word_1_83' title='bbox 615 1173 655 1244; x_wconf 52' lang='grc'><strong>),,</strong></span> <span class='ocrx_word' id='word_1_84' title='bbox 687 1194 704 1224; x_wconf 74' lang='grc' dir='ltr'><strong><em>ι</em></strong></span> <span class='ocrx_word' id='word_1_85' title='bbox 733 1180 786 1228; x_wconf 93' lang='lat' dir='ltr'><strong>et</strong></span> <span class='ocrx_word' id='word_1_86' title='bbox 811 1172 901 1226; x_wconf 88' lang='lat' dir='ltr'><strong>alii</strong></span> <span class='ocrx_word' id='word_1_87' title='bbox 926 1186 1087 1242; x_wconf 83' lang='lat' dir='ltr'><strong>supra</strong></span> <span class='ocrx_word' id='word_1_88' title='bbox 1114 1173 1372 1240; x_wconf 89' lang='lat' dir='ltr'><strong>quinque.</strong></span> <span class='ocrx_word' id='word_1_89' title='bbox 1416 1172 1542 1228; x_wconf 67' lang='lat' dir='ltr'><strong>Haec</strong></span> <span class='ocrx_word' id='word_1_90' title='bbox 1567 1174 1636 1230; x_wconf 90' lang='lat' dir='ltr'><strong>de</strong></span> <span class='ocrx_word' id='word_1_91' title='bbox 1670 1175 1933 1230; x_wconf 81' lang='lat' dir='ltr'><strong>divisione</strong></span> <span class='ocrx_word' id='word_1_92' title='bbox 1959 1191 2081 1231; x_wconf 84' lang='lat' dir='ltr'><strong>sor-</strong></span> 
     </span>
    </p>
   </div>
   <div class='ocr_carea' id='block_1_13' title="bbox 501 1262 2082 1336">
    <p class='ocr_par' dir='ltr' id='par_1_13' title="bbox 501 1262 2082 1336">
     <span class='ocr_line' id='line_1_13' title="bbox 501 1262 2082 1336; baseline 0.002 -16"><span class='ocrx_word' id='word_1_93' title='bbox 501 1267 635 1320; x_wconf 90' lang='lat' dir='ltr'><strong>tium</strong></span> <span class='ocrx_word' id='word_1_94' title='bbox 677 1273 834 1318; x_wconf 65' lang='lat' dir='ltr'><strong>terrae</strong></span> <span class='ocrx_word' id='word_1_95' title='bbox 872 1262 1022 1319; x_wconf 66' lang='lat' dir='ltr'><strong>Indae</strong></span> <span class='ocrx_word' id='word_1_96' title='bbox 1060 1262 1300 1334; x_wconf 89' lang='lat' dir='ltr'><strong>proferre</strong></span> <span class='ocrx_word' id='word_1_97' title='bbox 1343 1264 1411 1320; x_wconf 92' lang='lat' dir='ltr'><strong>ad</strong></span> <span class='ocrx_word' id='word_1_98' title='bbox 1444 1281 1558 1331; x_wconf 89' lang='lat' dir='ltr'><strong>vos,</strong></span> <span class='ocrx_word' id='word_1_99' title='bbox 1601 1269 1657 1322; x_wconf 90' lang='lat' dir='ltr'><strong>in</strong></span> <span class='ocrx_word' id='word_1_100' title='bbox 1698 1276 1958 1336; x_wconf 89' lang='lat' dir='ltr'><strong>quantum</strong></span> <span class='ocrx_word' id='word_1_101' title='bbox 2000 1269 2082 1324; x_wconf 86' lang='lat' dir='ltr'><strong>fas</strong></span> 
     </span>
    </p>
   </div>
   <div class='ocr_carea' id='block_1_14' title="bbox 498 1350 2082 1426">
    <p class='ocr_par' dir='ltr' id='par_1_14' title="bbox 498 1350 2082 1426">
     <span class='ocr_line' id='line_1_14' title="bbox 498 1350 2082 1426; baseline 0.004 -18"><span class='ocrx_word' id='word_1_102' title='bbox 498 1354 618 1418; x_wconf 87' lang='lat' dir='ltr'><strong>fuit,</strong></span> <span class='ocrx_word' id='word_1_103' title='bbox 652 1353 769 1408; x_wconf 88' lang='lat' dir='ltr'><strong>ausi</strong></span> <span class='ocrx_word' id='word_1_104' title='bbox 795 1367 980 1410; x_wconf 89' lang='lat' dir='ltr'><strong>sumus</strong></span> <span class='ocrx_word' id='word_1_105' title='bbox 1008 1350 1284 1422; x_wconf 84' lang='lat' dir='ltr'><strong>Scriptura</strong></span> <span class='ocrx_word' id='word_1_106' title='bbox 1324 1365 1673 1423; x_wconf 79' lang='lat' dir='ltr'><strong>provocante,</strong></span> <span class='ocrx_word' id='word_1_107' title='bbox 1717 1373 1838 1426; x_wconf 76' lang='lat' dir='ltr'><strong>quae</strong></span> <span class='ocrx_word' id='word_1_108' title='bbox 1863 1357 2082 1414; x_wconf 86' lang='lat' dir='ltr'><strong>Jerusa—</strong></span> 
     </span>
    </p>
   </div>
   <div class='ocr_carea' id='block_1_15' title="bbox 498 1446 2082 1514">
    <p class='ocr_par' dir='ltr' id='par_1_15' title="bbox 498 1446 2082 1514">
     <span class='ocr_line' id='line_1_15' title="bbox 498 1446 2082 1514; baseline 0.004 -13"><span class='ocrx_word' id='word_1_109' title='bbox 498 1449 602 1504; x_wconf 92' lang='lat' dir='ltr'><strong>lem</strong></span> <span class='ocrx_word' id='word_1_110' title='bbox 647 1449 779 1502; x_wconf 87' lang='lat' dir='ltr'><strong>dicit</strong></span> <span class='ocrx_word' id='word_1_111' title='bbox 822 1446 1124 1511; x_wconf 72' lang='lat' dir='ltr'><strong>ctelestem,</strong></span> <span class='ocrx_word' id='word_1_112' title='bbox 1168 1454 1223 1500; x_wconf 90' lang='lat' dir='ltr'><strong>et</strong></span> <span class='ocrx_word' id='word_1_113' title='bbox 1260 1456 1500 1504; x_wconf 84' lang='lat' dir='ltr'><strong>montem</strong></span> <span class='ocrx_word' id='word_1_114' title='bbox 1545 1447 1710 1514; x_wconf 89' lang='lat' dir='ltr'><strong>Sion,</strong></span> <span class='ocrx_word' id='word_1_115' title='bbox 1753 1461 1808 1506; x_wconf 90' lang='lat' dir='ltr'><strong>et</strong></span> <span class='ocrx_word' id='word_1_116' title='bbox 1831 1452 2082 1507; x_wconf 83' lang='lat' dir='ltr'><strong>similiter</strong></span> 
     </span>
    </p>
   </div>
   <div class='ocr_carea' id='block_1_16' title="bbox 495 1539 2082 1609">
    <p class='ocr_par' dir='ltr' id='par_1_16' title="bbox 495 1539 2082 1609">
     <span class='ocr_line' id='line_1_16' title="bbox 495 1539 2082 1609; baseline 0.004 -18"><span class='ocrx_word' id='word_1_117' title='bbox 495 1547 691 1593; x_wconf 51' lang='lat' dir='ltr'><strong>caetera</strong></span> <span class='ocrx_word' id='word_1_118' title='bbox 737 1554 858 1608; x_wconf 81' lang='lat' dir='ltr'><strong>quae</strong></span> <span class='ocrx_word' id='word_1_119' title='bbox 897 1539 1099 1608; x_wconf 90' lang='lat' dir='ltr'><strong>scripta</strong></span> <span class='ocrx_word' id='word_1_120' title='bbox 1137 1546 1264 1594; x_wconf 89' lang='lat' dir='ltr'><strong>sunt</strong></span> <span class='ocrx_word' id='word_1_121' title='bbox 1303 1553 1425 1594; x_wconf 86' lang='lat' dir='ltr'><strong>esse</strong></span> <span class='ocrx_word' id='word_1_122' title='bbox 1473 1540 1528 1593; x_wconf 90' lang='lat' dir='ltr'><strong>in</strong></span> <span class='ocrx_word' id='word_1_123' title='bbox 1568 1540 1742 1604; x_wconf 66' lang='lat' dir='ltr'><strong>caelis,</strong></span> <span class='ocrx_word' id='word_1_124' title='bbox 1777 1556 1898 1609; x_wconf 66' lang='lat' dir='ltr'><strong>quae</strong></span> <span class='ocrx_word' id='word_1_125' title='bbox 1925 1542 2082 1597; x_wconf 86' lang='lat' dir='ltr'><strong>nobis</strong></span> 
     </span>
    </p>
   </div>
   <div class='ocr_carea' id='block_1_17' title="bbox 493 1631 2081 1708">
    <p class='ocr_par' dir='ltr' id='par_1_17' title="bbox 493 1631 2081 1708">
     <span class='ocr_line' id='line_1_17' title="bbox 493 1631 2081 1708; baseline 0.003 -24"><span class='ocrx_word' id='word_1_126' title='bbox 493 1631 836 1686; x_wconf 87' lang='lat' dir='ltr'><strong>occasionem</strong></span> <span class='ocrx_word' id='word_1_127' title='bbox 891 1632 1154 1708; x_wconf 82' lang='lat' dir='ltr'><strong>dederunt</strong></span> <span class='ocrx_word' id='word_1_128' title='bbox 1195 1631 1401 1686; x_wconf 86' lang='lat' dir='ltr'><strong>sentire</strong></span> <span class='ocrx_word' id='word_1_129' title='bbox 1444 1631 1512 1684; x_wconf 87' lang='lat' dir='ltr'><strong>de</strong></span> <span class='ocrx_word' id='word_1_130' title='bbox 1547 1631 1636 1687; x_wconf 92' lang='lat' dir='ltr'><strong>his</strong></span> <span class='ocrx_word' id='word_1_131' title='bbox 1672 1634 1922 1688; x_wconf 90' lang='lat' dir='ltr'><strong>omnibus</strong></span> <span class='ocrx_word' id='word_1_132' title='bbox 1960 1648 2081 1703; x_wconf 68' lang='lat' dir='ltr'><strong>quae</strong></span> 
     </span>
    </p>
   </div>
   <div class='ocr_carea' id='block_1_18' title="bbox 497 1723 1646 1793">
    <p class='ocr_par' dir='ltr' id='par_1_18' title="bbox 497 1723 1646 1793">
     <span class='ocr_line' id='line_1_18' title="bbox 497 1723 1646 1793; baseline 0 -16"><span class='ocrx_word' id='word_1_133' title='bbox 497 1725 754 1793; x_wconf 85' lang='lat' dir='ltr'><strong>mysteria</strong></span> <span class='ocrx_word' id='word_1_134' title='bbox 780 1723 834 1778; x_wconf 91' lang='lat' dir='ltr'><strong>in</strong></span> <span class='ocrx_word' id='word_1_135' title='bbox 859 1724 946 1780; x_wconf 86' lang='lat' dir='ltr'><strong>his</strong></span> <span class='ocrx_word' id='word_1_136' title='bbox 968 1723 1208 1778; x_wconf 59' lang='lat' dir='ltr'><strong>caelestia</strong></span> <span class='ocrx_word' id='word_1_137' title='bbox 1248 1724 1646 1782; x_wconf 88' lang='lat' dir='ltr'><strong>describuntur.</strong></span> 
     </span>
    </p>
   </div>
   <div class='ocr_carea' id='block_1_19' title="bbox 575 1814 2084 1887">
    <p class='ocr_par' dir='ltr' id='par_1_19' title="bbox 575 1814 2084 1887">
     <span class='ocr_line' id='line_1_19' title="bbox 575 1814 2084 1887; baseline 0.003 -18"><span class='ocrx_word' id='word_1_138' title='bbox 575 1815 754 1887; x_wconf 71' lang='lat'><strong>(1311).)</strong></span> <span class='ocrx_word' id='word_1_139' title='bbox 786 1834 804 1867; x_wconf 78' lang='grc' dir='ltr'>ι</span> <span class='ocrx_word' id='word_1_140' title='bbox 835 1815 906 1871; x_wconf 84' lang='grc' dir='ltr'><strong>Ει</strong></span> <span class='ocrx_word' id='word_1_141' title='bbox 929 1814 1282 1872; x_wconf 81' lang='lat' dir='ltr'><strong>Amorrhaeus</strong></span> <span class='ocrx_word' id='word_1_142' title='bbox 1311 1817 1609 1886; x_wconf 87' lang='lat' dir='ltr'><strong>permansit</strong></span> <span class='ocrx_word' id='word_1_143' title='bbox 1648 1826 1707 1871; x_wconf 89' lang='lat' dir='ltr'><strong>ut</strong></span> <span class='ocrx_word' id='word_1_144' title='bbox 1733 1818 2004 1873; x_wconf 85' lang='lat' dir='ltr'><strong>habitaret</strong></span> <span class='ocrx_word' id='word_1_145' title='bbox 2027 1819 2084 1873; x_wconf 90' lang='lat' dir='ltr'><strong>in</strong></span> 
     </span>
    </p>
   </div>
   <div class='ocr_carea' id='block_1_20' title="bbox 502 1905 2083 1977">
    <p class='ocr_par' dir='ltr' id='par_1_20' title="bbox 502 1905 2083 1977">
     <span class='ocr_line' id='line_1_20' title="bbox 502 1905 2083 1977; baseline 0.004 -21"><span class='ocrx_word' id='word_1_146' title='bbox 502 1925 519 1956; x_wconf 75' lang='grc' dir='ltr'>ι</span> <span class='ocrx_word' id='word_1_147' title='bbox 550 1905 703 1970; x_wconf 85' lang='lat' dir='ltr'><strong>Elou,</strong></span> <span class='ocrx_word' id='word_1_148' title='bbox 729 1914 783 1960; x_wconf 93' lang='lat' dir='ltr'><strong>et</strong></span> <span class='ocrx_word' id='word_1_149' title='bbox 809 1905 860 1959; x_wconf 91' lang='lat' dir='ltr'><strong>in</strong></span> <span class='ocrx_word' id='word_1_150' title='bbox 887 1905 1132 1960; x_wconf 88' lang='lat' dir='ltr'><strong>Salumin</strong></span> <span class='ocrx_word' id='word_1_151' title='bbox 1158 1922 1171 1958; x_wconf 90' lang='lat'><strong>:</strong></span> <span class='ocrx_word' id='word_1_152' title='bbox 1196 1916 1250 1960; x_wconf 91' lang='lat' dir='ltr'><strong>et</strong></span> <span class='ocrx_word' id='word_1_153' title='bbox 1267 1914 1488 1976; x_wconf 87' lang='lat' dir='ltr'><strong>gravata</strong></span> <span class='ocrx_word' id='word_1_154' title='bbox 1509 1914 1592 1961; x_wconf 89' lang='lat' dir='ltr'><strong>est</strong></span> <span class='ocrx_word' id='word_1_155' title='bbox 1612 1922 1806 1962; x_wconf 88' lang='lat' dir='ltr'><strong>manus</strong></span> <span class='ocrx_word' id='word_1_156' title='bbox 1828 1907 2083 1977; x_wconf 87' lang='lat' dir='ltr'><strong>Ephraim</strong></span> 
     </span>
    </p>
   </div>
   <div class='ocr_carea' id='block_1_21' title="bbox 501 1997 2082 2070">
    <p class='ocr_par' dir='ltr' id='par_1_21' title="bbox 501 1997 2082 2070">
     <span class='ocr_line' id='line_1_21' title="bbox 501 1997 2082 2070; baseline 0.003 -20"><span class='ocrx_word' id='word_1_157' title='bbox 501 2017 520 2049; x_wconf 85' lang='grc'><strong><em>‹</em></strong></span> <span class='ocrx_word' id='word_1_158' title='bbox 553 2014 714 2068; x_wconf 86' lang='lat' dir='ltr'><strong>super</strong></span> <span class='ocrx_word' id='word_1_159' title='bbox 742 2013 836 2052; x_wconf 90' lang='lat' dir='ltr'><strong>eos</strong></span> <span class='ocrx_word' id='word_1_160' title='bbox 865 2016 878 2052; x_wconf 92' lang='lat'>:</span> <span class='ocrx_word' id='word_1_161' title='bbox 903 2006 959 2053; x_wconf 91' lang='lat' dir='ltr'><strong>et</strong></span> <span class='ocrx_word' id='word_1_162' title='bbox 997 1998 1124 2053; x_wconf 89' lang='lat' dir='ltr'><strong>facti</strong></span> <span class='ocrx_word' id='word_1_163' title='bbox 1161 2006 1287 2053; x_wconf 86' lang='lat' dir='ltr'><strong>sunt</strong></span> <span class='ocrx_word' id='word_1_164' title='bbox 1313 1997 1420 2053; x_wconf 90' lang='lat' dir='ltr'><strong>illis</strong></span> <span class='ocrx_word' id='word_1_165' title='bbox 1447 1999 1740 2054; x_wconf 79' lang='lat' dir='ltr'><strong>tributarii.</strong></span> <span class='ocrx_word' id='word_1_166' title='bbox 1780 2019 1798 2052; x_wconf 72' lang='grc' dir='ltr'><strong>ι</strong></span> <span class='ocrx_word' id='word_1_167' title='bbox 1835 1997 1943 2070; x_wconf 77' lang='lat' dir='ltr'><strong>(Ea:</strong></span> <span class='ocrx_word' id='word_1_168' title='bbox 1970 2002 2082 2055; x_wconf 74' lang='lat' dir='ltr'><strong>Au-</strong></span> 
     </span>
    </p>
   </div>
   <div class='ocr_carea' id='block_1_22' title="bbox 496 2088 2083 2160">
    <p class='ocr_par' dir='ltr' id='par_1_22' title="bbox 496 2088 2083 2160">
     <span class='ocr_line' id='line_1_22' title="bbox 496 2088 2083 2160; baseline 0.003 -18"><span class='ocrx_word' id='word_1_169' title='bbox 496 2088 762 2159; x_wconf 81' lang='lat' dir='ltr'><strong>guslino.)</strong></span> <span class='ocrx_word' id='word_1_170' title='bbox 803 2088 916 2143; x_wconf 85' lang='lat' dir='ltr'><strong>Hoc</strong></span> <span class='ocrx_word' id='word_1_171' title='bbox 957 2089 1070 2158; x_wconf 88' lang='lat' dir='ltr'><strong>jam</strong></span> <span class='ocrx_word' id='word_1_172' title='bbox 1123 2097 1314 2144; x_wconf 87' lang='lat' dir='ltr'><strong>contra</strong></span> <span class='ocrx_word' id='word_1_173' title='bbox 1361 2089 1575 2146; x_wconf 87' lang='lat' dir='ltr'><strong>Domini</strong></span> <span class='ocrx_word' id='word_1_174' title='bbox 1615 2098 1942 2160; x_wconf 68' lang='lat' dir='ltr'><strong>praeceptum</strong></span> <span class='ocrx_word' id='word_1_175' title='bbox 1984 2091 2083 2147; x_wconf 74' lang='lat' dir='ltr'><strong>fie-</strong></span> 
     </span>
    </p>
   </div>
   <div class='ocr_carea' id='block_1_23' title="bbox 493 2178 2086 2245">
    <p class='ocr_par' dir='ltr' id='par_1_23' title="bbox 493 2178 2086 2245">
     <span class='ocr_line' id='line_1_23' title="bbox 493 2178 2086 2245; baseline 0.003 -10"><span class='ocrx_word' id='word_1_176' title='bbox 493 2181 606 2240; x_wconf 86' lang='lat' dir='ltr'><strong>bat,</strong></span> <span class='ocrx_word' id='word_1_177' title='bbox 647 2187 701 2234; x_wconf 91' lang='lat' dir='ltr'><strong>et</strong></span> <span class='ocrx_word' id='word_1_178' title='bbox 739 2179 916 2235; x_wconf 89' lang='lat' dir='ltr'><strong>adhuc</strong></span> <span class='ocrx_word' id='word_1_179' title='bbox 956 2181 1171 2236; x_wconf 88' lang='lat' dir='ltr'><strong>vivebat</strong></span> <span class='ocrx_word' id='word_1_180' title='bbox 1195 2178 1380 2245; x_wconf 87' lang='lat' dir='ltr'><strong>Iesus,</strong></span> <span class='ocrx_word' id='word_1_181' title='bbox 1419 2180 1515 2235; x_wconf 86' lang='lat' dir='ltr'><strong>sed</strong></span> <span class='ocrx_word' id='word_1_182' title='bbox 1546 2180 1653 2234; x_wconf 86' lang='lat' dir='ltr'><strong>dux</strong></span> <span class='ocrx_word' id='word_1_183' title='bbox 1676 2195 1866 2234; x_wconf 88' lang='lat' dir='ltr'><strong>eorum</strong></span> <span class='ocrx_word' id='word_1_184' title='bbox 1891 2185 1946 2236; x_wconf 91' lang='lat' dir='ltr'><strong>in</strong></span> <span class='ocrx_word' id='word_1_185' title='bbox 1977 2183 2086 2239; x_wconf 82' lang='lat' dir='ltr'><strong>illis</strong></span> 
     </span>
    </p>
   </div>
   <div class='ocr_carea' id='block_1_24' title="bbox 493 2273 2084 2343">
    <p class='ocr_par' dir='ltr' id='par_1_24' title="bbox 493 2273 2084 2343">
     <span class='ocr_line' id='line_1_24' title="bbox 493 2273 2084 2343; baseline 0.003 -16"><span class='ocrx_word' id='word_1_186' title='bbox 493 2273 693 2342; x_wconf 72' lang='lat' dir='ltr'><strong>pmliis</strong></span> <span class='ocrx_word' id='word_1_187' title='bbox 706 2273 820 2341; x_wconf 90' lang='lat' dir='ltr'><strong>jam</strong></span> <span class='ocrx_word' id='word_1_188' title='bbox 843 2287 942 2343; x_wconf 91' lang='lat' dir='ltr'><strong>pro</strong></span> <span class='ocrx_word' id='word_1_189' title='bbox 964 2282 1245 2328; x_wconf 85' lang='lat' dir='ltr'><strong>senectute</strong></span> <span class='ocrx_word' id='word_1_190' title='bbox 1289 2289 1396 2328; x_wconf 90' lang='lat' dir='ltr'><strong>non</strong></span> <span class='ocrx_word' id='word_1_191' title='bbox 1433 2284 1571 2328; x_wconf 88' lang='lat' dir='ltr'><strong>erat.</strong></span> <span class='ocrx_word' id='word_1_192' title='bbox 1617 2274 1842 2342; x_wconf 85' lang='lat' dir='ltr'><strong>Propter</strong></span> <span class='ocrx_word' id='word_1_193' title='bbox 1863 2277 1969 2331; x_wconf 86' lang='lat' dir='ltr'><strong>hoc</strong></span> <span class='ocrx_word' id='word_1_194' title='bbox 2000 2276 2084 2330; x_wconf 85' lang='lat' dir='ltr'><strong>di-</strong></span> 
     </span>
    </p>
   </div>
   <div class='ocr_carea' id='block_1_25' title="bbox 493 2367 2086 2432">
    <p class='ocr_par' dir='ltr' id='par_1_25' title="bbox 493 2367 2086 2432">
     <span class='ocr_line' id='line_1_25' title="bbox 493 2367 2086 2432; baseline 0.003 -10"><span class='ocrx_word' id='word_1_195' title='bbox 493 2377 641 2422; x_wconf 87' lang='lat' dir='ltr'><strong>ctum</strong></span> <span class='ocrx_word' id='word_1_196' title='bbox 679 2375 784 2432; x_wconf 87' lang='lat' dir='ltr'><strong>est,</strong></span> <span class='ocrx_word' id='word_1_197' title='bbox 816 2383 846 2422; x_wconf 88' lang='lat' dir='ltr'><strong>a</strong></span> <span class='ocrx_word' id='word_1_198' title='bbox 872 2367 1099 2422; x_wconf 90' lang='lat' dir='ltr'><strong>Domino</strong></span> <span class='ocrx_word' id='word_1_199' title='bbox 1124 2367 1331 2422; x_wconf 90' lang='lat' dir='ltr'><strong>factum</strong></span> <span class='ocrx_word' id='word_1_200' title='bbox 1362 2378 1447 2422; x_wconf 88' lang='lat' dir='ltr'><strong>est</strong></span> <span class='ocrx_word' id='word_1_201' title='bbox 1468 2379 1526 2424; x_wconf 89' lang='lat' dir='ltr'><strong>ut</strong></span> <span class='ocrx_word' id='word_1_202' title='bbox 1568 2369 1967 2426; x_wconf 79' lang='lat' dir='ltr'><strong>confortaretur</strong></span> <span class='ocrx_word' id='word_1_203' title='bbox 1989 2388 2086 2428; x_wconf 88' lang='lat' dir='ltr'><strong>cor</strong></span> 
     </span>
    </p>
   </div>
   <div class='ocr_carea' id='block_1_26' title="bbox 495 2457 2086 2527">
    <p class='ocr_par' dir='ltr' id='par_1_26' title="bbox 495 2457 2086 2527">
     <span class='ocr_line' id='line_1_26' title="bbox 495 2457 2086 2527; baseline 0.007 -17"><span class='ocrx_word' id='word_1_204' title='bbox 495 2457 731 2521; x_wconf 89' lang='lat' dir='ltr'><strong>illorum,</strong></span> <span class='ocrx_word' id='word_1_205' title='bbox 762 2458 853 2525; x_wconf 90' lang='lat' dir='ltr'><strong>qui</strong></span> <span class='ocrx_word' id='word_1_206' title='bbox 875 2458 1036 2511; x_wconf 88' lang='lat' dir='ltr'><strong>simul</strong></span> <span class='ocrx_word' id='word_1_207' title='bbox 1060 2459 1512 2527; x_wconf 90' lang='lat' dir='ltr'><strong>conspiraverunt</strong></span> <span class='ocrx_word' id='word_1_208' title='bbox 1555 2461 1633 2515; x_wconf 88' lang='lat' dir='ltr'><strong>ire</strong></span> <span class='ocrx_word' id='word_1_209' title='bbox 1657 2461 1715 2515; x_wconf 89' lang='lat' dir='ltr'><strong>in</strong></span> <span class='ocrx_word' id='word_1_210' title='bbox 1737 2463 1936 2517; x_wconf 89' lang='lat' dir='ltr'><strong>bellum</strong></span> <span class='ocrx_word' id='word_1_211' title='bbox 1959 2480 2086 2520; x_wconf 86' lang='lat' dir='ltr'><strong>oon-</strong></span> 
     </span>
    </p>
   </div>
   <div class='ocr_carea' id='block_1_27' title="bbox 495 2545 2078 2624">
    <p class='ocr_par' dir='ltr' id='par_1_27' title="bbox 495 2545 2078 2624">
     <span class='ocr_line' id='line_1_27' title="bbox 495 2545 2078 2624; baseline 0.007 -24"><span class='ocrx_word' id='word_1_212' title='bbox 495 2555 578 2602; x_wconf 91' lang='lat' dir='ltr'><strong>tra</strong></span> <span class='ocrx_word' id='word_1_213' title='bbox 620 2545 840 2623; x_wconf 44' lang='lat' dir='ltr'><strong>Iesu‘m,</strong></span> <span class='ocrx_word' id='word_1_214' title='bbox 884 2564 952 2603; x_wconf 87' lang='lat' dir='ltr'><strong>ne</strong></span> <span class='ocrx_word' id='word_1_215' title='bbox 993 2549 1097 2604; x_wconf 89' lang='lat' dir='ltr'><strong>ista</strong></span> <span class='ocrx_word' id='word_1_216' title='bbox 1139 2550 1246 2605; x_wconf 91' lang='lat' dir='ltr'><strong>illis</strong></span> <span class='ocrx_word' id='word_1_217' title='bbox 1292 2552 1666 2608; x_wconf 85' lang='lat' dir='ltr'><strong>misericordia</strong></span> <span class='ocrx_word' id='word_1_218' title='bbox 1715 2556 2078 2624; x_wconf 69' lang='lat' dir='ltr'><strong>prmberetnr,</strong></span> 
     </span>
    </p>
   </div>
   <div class='ocr_carea' id='block_1_28' title="bbox 495 2640 2081 2712">
    <p class='ocr_par' dir='ltr' id='par_1_28' title="bbox 495 2640 2081 2712">
     <span class='ocr_line' id='line_1_28' title="bbox 495 2640 2081 2712; baseline 0.007 -20"><span class='ocrx_word' id='word_1_219' title='bbox 495 2640 658 2698; x_wconf 87' lang='lat' dir='ltr'><strong>etiam</strong></span> <span class='ocrx_word' id='word_1_220' title='bbox 700 2648 890 2694; x_wconf 90' lang='lat' dir='ltr'><strong>contra</strong></span> <span class='ocrx_word' id='word_1_221' title='bbox 927 2641 1020 2697; x_wconf 88' lang='lat' dir='ltr'><strong>Dei</strong></span> <span class='ocrx_word' id='word_1_222' title='bbox 1053 2651 1408 2712; x_wconf 62' lang='lat' dir='ltr'><strong>praeceptum,</strong></span> <span class='ocrx_word' id='word_1_223' title='bbox 1445 2644 1490 2699; x_wconf 88' lang='lat' dir='ltr'><strong>si</strong></span> <span class='ocrx_word' id='word_1_224' title='bbox 1535 2647 1926 2702; x_wconf 80' lang='lat' dir='ltr'><strong>remansissent</strong></span> <span class='ocrx_word' id='word_1_225' title='bbox 1972 2664 2081 2703; x_wconf 89' lang='lat' dir='ltr'><strong>non</strong></span> 
     </span>
    </p>
   </div>
   <div class='ocr_carea' id='block_1_29' title="bbox 495 2730 2084 2801">
    <p class='ocr_par' dir='ltr' id='par_1_29' title="bbox 495 2730 2084 2801">
     <span class='ocr_line' id='line_1_29' title="bbox 495 2730 2084 2801; baseline 0.007 -20"><span class='ocrx_word' id='word_1_226' title='bbox 495 2730 804 2799; x_wconf 78' lang='lat' dir='ltr'><strong>expugnati,</strong></span> <span class='ocrx_word' id='word_1_227' title='bbox 834 2739 890 2786; x_wconf 88' lang='lat' dir='ltr'><strong>et</strong></span> <span class='ocrx_word' id='word_1_228' title='bbox 925 2741 1242 2787; x_wconf 87' lang='lat' dir='ltr'><strong>senescente</strong></span> <span class='ocrx_word' id='word_1_229' title='bbox 1277 2731 1424 2796; x_wconf 87' lang='lat' dir='ltr'><strong>Iesu,</strong></span> <span class='ocrx_word' id='word_1_230' title='bbox 1453 2734 1567 2789; x_wconf 90' lang='lat' dir='ltr'><strong>sive</strong></span> <span class='ocrx_word' id='word_1_231' title='bbox 1605 2734 1881 2801; x_wconf 89' lang='lat' dir='ltr'><strong>defuncto,</strong></span> <span class='ocrx_word' id='word_1_232' title='bbox 1918 2737 2084 2793; x_wconf 81' lang='lat' dir='ltr'><strong>relin-</strong></span> 
     </span>
    </p>
   </div>
   <div class='ocr_carea' id='block_1_30' title="bbox 492 2825 2085 2903">
    <p class='ocr_par' dir='ltr' id='par_1_30' title="bbox 492 2825 2085 2903">
     <span class='ocr_line' id='line_1_30' title="bbox 492 2825 2085 2903; baseline 0.007 -28"><span class='ocrx_word' id='word_1_233' title='bbox 492 2831 790 2890; x_wconf 87' lang='lat' dir='ltr'><strong>querentur</strong></span> <span class='ocrx_word' id='word_1_234' title='bbox 829 2825 1172 2896; x_wconf 75' lang='lat' dir='ltr'><strong>expugnandi</strong></span> <span class='ocrx_word' id='word_1_235' title='bbox 1203 2825 1295 2880; x_wconf 86' lang='lat' dir='ltr'><strong>iilii</strong></span> <span class='ocrx_word' id='word_1_236' title='bbox 1324 2827 1490 2883; x_wconf 88' lang='lat' dir='ltr'><strong>Israel</strong></span> <span class='ocrx_word' id='word_1_237' title='bbox 1516 2830 1608 2898; x_wconf 87' lang='lat' dir='ltr'><strong>qui</strong></span> <span class='ocrx_word' id='word_1_238' title='bbox 1629 2830 1712 2886; x_wconf 83' lang='lat' dir='ltr'><strong>eis</strong></span> <span class='ocrx_word' id='word_1_239' title='bbox 1733 2840 1925 2885; x_wconf 83' lang='lat' dir='ltr'><strong>contra</strong></span> <span class='ocrx_word' id='word_1_240' title='bbox 1944 2847 2085 2903; x_wconf 74' lang='lat' dir='ltr'><strong>prae-</strong></span> 
     </span>
    </p>
   </div>
   <div class='ocr_carea' id='block_1_31' title="bbox 489 2913 2086 2988">
    <p class='ocr_par' dir='ltr' id='par_1_31' title="bbox 489 2913 2086 2988">
     <span class='ocr_line' id='line_1_31' title="bbox 489 2913 2086 2988; baseline 0.006 -20"><span class='ocrx_word' id='word_1_241' title='bbox 489 2923 708 2984; x_wconf 86' lang='lat' dir='ltr'><strong>ceptum</strong></span> <span class='ocrx_word' id='word_1_242' title='bbox 743 2913 955 2970; x_wconf 87' lang='lat' dir='ltr'><strong>Domini</strong></span> <span class='ocrx_word' id='word_1_243' title='bbox 991 2925 1214 2985; x_wconf 90' lang='lat' dir='ltr'><strong>possent</strong></span> <span class='ocrx_word' id='word_1_244' title='bbox 1241 2933 1488 2987; x_wconf 87' lang='lat' dir='ltr'><strong>parcere,</strong></span> <span class='ocrx_word' id='word_1_245' title='bbox 1512 2921 1656 2988; x_wconf 89' lang='lat' dir='ltr'><strong>quod</strong></span> <span class='ocrx_word' id='word_1_246' title='bbox 1684 2921 1771 2976; x_wconf 89' lang='lat' dir='ltr'><strong>ille</strong></span> <span class='ocrx_word' id='word_1_247' title='bbox 1793 2937 1901 2976; x_wconf 85' lang='lat' dir='ltr'><strong>non</strong></span> <span class='ocrx_word' id='word_1_248' title='bbox 1943 2921 2086 2978; x_wconf 88' lang='lat' dir='ltr'><strong>face-</strong></span> 
     </span>
    </p>
   </div>
   <div class='ocr_carea' id='block_1_32' title="bbox 494 3003 2085 3082">
    <p class='ocr_par' dir='ltr' id='par_1_32' title="bbox 494 3003 2085 3082">
     <span class='ocr_line' id='line_1_32' title="bbox 494 3003 2085 3082; baseline 0.008 -26"><span class='ocrx_word' id='word_1_249' title='bbox 494 3011 595 3057; x_wconf 91' lang='lat' dir='ltr'><strong>ret.</strong></span> <span class='ocrx_word' id='word_1_250' title='bbox 641 3003 662 3075; x_wconf 95' lang='lat'>(</span> <span class='ocrx_word' id='word_1_251' title='bbox 707 3003 794 3058; x_wconf 77' lang='lat' dir='ltr'><strong>Ea:</strong></span> <span class='ocrx_word' id='word_1_252' title='bbox 846 3004 1185 3062; x_wconf 84' lang='lat' dir='ltr'><strong>Adamantio.</strong></span> <span class='ocrx_word' id='word_1_253' title='bbox 1227 3007 1246 3077; x_wconf 96' lang='lat'>)</span> <span class='ocrx_word' id='word_1_254' title='bbox 1291 3009 1641 3066; x_wconf 78' lang='lat' dir='ltr'><strong>Amorrbants</strong></span> <span class='ocrx_word' id='word_1_255' title='bbox 1694 3011 2085 3082; x_wconf 85' lang='lat' dir='ltr'><strong>interpretatur</strong></span> 
     </span>
    </p>
   </div>
   <div class='ocr_carea' id='block_1_33' title="bbox 493 3098 2079 3173">
    <p class='ocr_par' dir='ltr' id='par_1_33' title="bbox 493 3098 2079 3173">
     <span class='ocr_line' id='line_1_33' title="bbox 493 3098 2079 3173; baseline 0.005 -23"><span class='ocrx_word' id='word_1_256' title='bbox 493 3113 709 3154; x_wconf 89' lang='lat' dir='ltr'><strong>amarus</strong></span> <span class='ocrx_word' id='word_1_257' title='bbox 729 3098 814 3152; x_wconf 88' lang='lat' dir='ltr'><strong>vel</strong></span> <span class='ocrx_word' id='word_1_258' title='bbox 843 3099 1166 3154; x_wconf 89' lang='lat' dir='ltr'><strong>amaritudo.</strong></span> <span class='ocrx_word' id='word_1_259' title='bbox 1195 3099 1514 3157; x_wconf 81' lang='lat' dir='ltr'><strong>Habitautes</strong></span> <span class='ocrx_word' id='word_1_260' title='bbox 1537 3117 1669 3172; x_wconf 88' lang='lat' dir='ltr'><strong>ergo</strong></span> <span class='ocrx_word' id='word_1_261' title='bbox 1689 3103 1745 3156; x_wconf 90' lang='lat' dir='ltr'><strong>in</strong></span> <span class='ocrx_word' id='word_1_262' title='bbox 1771 3104 1928 3168; x_wconf 85' lang='lat' dir='ltr'><strong>Elon,</strong></span> <span class='ocrx_word' id='word_1_263' title='bbox 1959 3119 2079 3173; x_wconf 74' lang='lat' dir='ltr'><strong>quze</strong></span> 
     </span>
    </p>
   </div>
   <div class='ocr_carea' id='block_1_34' title="bbox 2184 527 3775 600">
    <p class='ocr_par' dir='ltr' id='par_1_34' title="bbox 2184 527 3775 600">
     <span class='ocr_line' id='line_1_34' title="bbox 2184 527 3775 600; baseline 0.008 -20"><span class='ocrx_word' id='word_1_264' title='bbox 2184 527 2325 582; x_wconf 86' lang='lat' dir='ltr'><strong>intra</strong></span> <span class='ocrx_word' id='word_1_265' title='bbox 2363 528 2744 583; x_wconf 80' lang='lat' dir='ltr'><strong>bebetudinem</strong></span> <span class='ocrx_word' id='word_1_266' title='bbox 2769 535 2826 583; x_wconf 88' lang='lat' dir='ltr'><strong>et</strong></span> <span class='ocrx_word' id='word_1_267' title='bbox 2854 527 3070 600; x_wconf 81' lang='lat' dir='ltr'><strong>flagitiis</strong></span> <span class='ocrx_word' id='word_1_268' title='bbox 3089 529 3244 584; x_wconf 84' lang='lat' dir='ltr'><strong>vivit.</strong></span> <span class='ocrx_word' id='word_1_269' title='bbox 3279 529 3385 595; x_wconf 79' lang='lat' dir='ltr'><strong>Qui</strong></span> <span class='ocrx_word' id='word_1_270' title='bbox 3412 548 3542 589; x_wconf 83' lang='lat' dir='ltr'><strong>vero</strong></span> <span class='ocrx_word' id='word_1_271' title='bbox 3583 536 3644 590; x_wconf 85' lang='lat' dir='ltr'><strong>in</strong></span> <span class='ocrx_word' id='word_1_272' title='bbox 3679 538 3775 593; x_wconf 90' lang='lat' dir='ltr'><strong>bo-</strong></span> 
     </span>
    </p>
   </div>
   <div class='ocr_carea' id='block_1_35' title="bbox 2181 619 3773 699">
    <p class='ocr_par' dir='ltr' id='par_1_35' title="bbox 2181 619 3773 699">
     <span class='ocr_line' id='line_1_35' title="bbox 2181 619 3773 699; baseline 0.009 -26"><span class='ocrx_word' id='word_1_273' title='bbox 2181 619 2268 674; x_wconf 85' lang='lat' dir='ltr'><strong>nis</strong></span> <span class='ocrx_word' id='word_1_274' title='bbox 2294 619 2508 675; x_wconf 86' lang='lat' dir='ltr'><strong>actibus</strong></span> <span class='ocrx_word' id='word_1_275' title='bbox 2535 635 2791 675; x_wconf 86' lang='lat' dir='ltr'><strong>manuum</strong></span> <span class='ocrx_word' id='word_1_276' title='bbox 2831 635 3052 677; x_wconf 79' lang='lat' dir='ltr'><strong>suarum</strong></span> <span class='ocrx_word' id='word_1_277' title='bbox 3097 625 3406 693; x_wconf 82' lang='lat' dir='ltr'><strong>gravaverit</strong></span> <span class='ocrx_word' id='word_1_278' title='bbox 3446 641 3620 697; x_wconf 85' lang='lat' dir='ltr'><strong>super</strong></span> <span class='ocrx_word' id='word_1_279' title='bbox 3660 645 3773 699; x_wconf 85' lang='lat' dir='ltr'><strong>eos,</strong></span> 
     </span>
    </p>
   </div>
   <div class='ocr_carea' id='block_1_36' title="bbox 2180 710 3776 785">
    <p class='ocr_par' dir='ltr' id='par_1_36' title="bbox 2180 710 3776 785">
     <span class='ocr_line' id='line_1_36' title="bbox 2180 710 3776 785; baseline 0.01 -23"><span class='ocrx_word' id='word_1_280' title='bbox 2180 710 2393 766; x_wconf 83' lang='lat' dir='ltr'><strong>etiamsi</strong></span> <span class='ocrx_word' id='word_1_281' title='bbox 2415 711 2633 780; x_wconf 82' lang='lat' dir='ltr'><strong>penitus</strong></span> <span class='ocrx_word' id='word_1_282' title='bbox 2649 727 2742 767; x_wconf 86' lang='lat' dir='ltr'><strong>eos</strong></span> <span class='ocrx_word' id='word_1_283' title='bbox 2762 712 3034 782; x_wconf 82' lang='lat' dir='ltr'><strong>expellere</strong></span> <span class='ocrx_word' id='word_1_284' title='bbox 3059 727 3169 770; x_wconf 88' lang='lat' dir='ltr'><strong>non</strong></span> <span class='ocrx_word' id='word_1_285' title='bbox 3194 716 3453 785; x_wconf 85' lang='lat' dir='ltr'><strong>potuerit,</strong></span> <span class='ocrx_word' id='word_1_286' title='bbox 3496 729 3656 776; x_wconf 85' lang='lat' dir='ltr'><strong>certe</strong></span> <span class='ocrx_word' id='word_1_287' title='bbox 3681 723 3776 778; x_wconf 88' lang='lat' dir='ltr'><strong>tri-</strong></span> 
     </span>
    </p>
   </div>
   <div class='ocr_carea' id='block_1_37' title="bbox 2180 805 3099 876">
    <p class='ocr_par' dir='ltr' id='par_1_37' title="bbox 2180 805 3099 876">
     <span class='ocr_line' id='line_1_37' title="bbox 2180 805 3099 876; baseline 0.002 -15"><span class='ocrx_word' id='word_1_288' title='bbox 2180 807 2424 862; x_wconf 86' lang='lat' dir='ltr'><strong>butarios</strong></span> <span class='ocrx_word' id='word_1_289' title='bbox 2455 821 2548 862; x_wconf 87' lang='lat' dir='ltr'><strong>eos</strong></span> <span class='ocrx_word' id='word_1_290' title='bbox 2571 805 2702 862; x_wconf 81' lang='lat' dir='ltr'><strong>facit</strong></span> <span class='ocrx_word' id='word_1_291' title='bbox 2724 815 2778 862; x_wconf 89' lang='lat' dir='ltr'><strong>et</strong></span> <span class='ocrx_word' id='word_1_292' title='bbox 2807 807 3099 876; x_wconf 86' lang='lat' dir='ltr'><strong>subjectos.</strong></span> 
     </span>
    </p>
   </div>
   <div class='ocr_carea' id='block_1_38' title="bbox 2804 893 3134 977">
    <p class='ocr_par' dir='ltr' id='par_1_38' title="bbox 2804 893 3134 977">
     <span class='ocr_line' id='line_1_38' title="bbox 2804 893 3134 977; baseline 0.003 -2"><span class='ocrx_word' id='word_1_293' title='bbox 2804 893 3030 977; x_wconf 81' lang='lat' dir='ltr'><strong>CAPUT</strong></span> <span class='ocrx_word' id='word_1_294' title='bbox 3065 921 3134 976; x_wconf 82' lang='lat' dir='ltr'><strong>x.</strong></span> 
     </span>
    </p>
   </div>
   <div class='ocr_carea' id='block_1_39' title="bbox 2179 1009 3766 1083">
    <p class='ocr_par' dir='ltr' id='par_1_39' title="bbox 2179 1009 3766 1083">
     <span class='ocr_line' id='line_1_39' title="bbox 2179 1009 3766 1083; baseline 0.006 -20"><span class='ocrx_word' id='word_1_295' title='bbox 2179 1009 2344 1083; x_wconf 12' lang='lat' dir='ltr'><strong>Deiera</strong></span> <span class='ocrx_word' id='word_1_296' title='bbox 2361 1012 2501 1083; x_wconf 70' lang='lat' dir='ltr'><strong>quod</strong></span> <span class='ocrx_word' id='word_1_297' title='bbox 2529 1011 2786 1083; x_wconf 81' lang='lat' dir='ltr'><strong>dederunt</strong></span> <span class='ocrx_word' id='word_1_298' title='bbox 2836 1010 2936 1079; x_wconf 84' lang='lat' dir='ltr'><strong>ﬁlii</strong></span> <span class='ocrx_word' id='word_1_299' title='bbox 2958 1011 3145 1083; x_wconf 78' lang='lat' dir='ltr'><strong>Israel</strong></span> <span class='ocrx_word' id='word_1_300' title='bbox 3185 1015 3578 1083; x_wconf 73' lang='lat' dir='ltr'><strong>possessionem</strong></span> <span class='ocrx_word' id='word_1_301' title='bbox 3610 1017 3766 1074; x_wconf 73' lang='lat' dir='ltr'><strong>Iosue</strong></span> 
     </span>
    </p>
   </div>
   <div class='ocr_carea' id='block_1_40' title="bbox 2249 1081 3698 1153">
    <p class='ocr_par' dir='ltr' id='par_1_40' title="bbox 2249 1081 3698 1153">
     <span class='ocr_line' id='line_1_40' title="bbox 2249 1081 3698 1153; baseline 0.005 -19"><span class='ocrx_word' id='word_1_302' title='bbox 2249 1082 2358 1150; x_wconf 78' lang='lat' dir='ltr'><strong>ﬁlio</strong></span> <span class='ocrx_word' id='word_1_303' title='bbox 2381 1081 2510 1138; x_wconf 78' lang='lat' dir='ltr'><strong>Nutt</strong></span> <span class='ocrx_word' id='word_1_304' title='bbox 2531 1084 2590 1136; x_wconf 82' lang='lat' dir='ltr'><strong>in</strong></span> <span class='ocrx_word' id='word_1_305' title='bbox 2613 1081 2789 1136; x_wconf 84' lang='lat' dir='ltr'><strong>medio</strong></span> <span class='ocrx_word' id='word_1_306' title='bbox 2809 1083 2916 1146; x_wconf 80' lang='lat' dir='ltr'><strong>sui,</strong></span> <span class='ocrx_word' id='word_1_307' title='bbox 2937 1082 3096 1153; x_wconf 66' lang='lat' dir='ltr'><strong>juxta</strong></span> <span class='ocrx_word' id='word_1_308' title='bbox 3112 1081 3434 1153; x_wconf 65' lang='lat' dir='ltr'><strong>prieceptunt</strong></span> <span class='ocrx_word' id='word_1_309' title='bbox 3462 1086 3698 1142; x_wconf 78' lang='lat' dir='ltr'><strong>Domini.</strong></span> 
     </span>
    </p>
   </div>
   <div class='ocr_carea' id='block_1_41' title="bbox 2250 1172 3765 1244">
    <p class='ocr_par' dir='ltr' id='par_1_41' title="bbox 2250 1172 3765 1244">
     <span class='ocr_line' id='line_1_41' title="bbox 2250 1172 3765 1244; baseline 0.005 -18"><span class='ocrx_word' id='word_1_310' title='bbox 2250 1172 2410 1244; x_wconf 63' lang='lat' dir='ltr'><strong>(Car.</strong></span> <span class='ocrx_word' id='word_1_311' title='bbox 2444 1172 2590 1242; x_wconf 68' lang='lat' dir='ltr'><strong>xxx.)</strong></span> <span class='ocrx_word' id='word_1_312' title='bbox 2620 1191 2640 1224; x_wconf 75' lang='grc' dir='ltr'>ι</span> <span class='ocrx_word' id='word_1_313' title='bbox 2669 1172 2945 1227; x_wconf 88' lang='lat' dir='ltr'><strong>Dederunt</strong></span> <span class='ocrx_word' id='word_1_314' title='bbox 2989 1172 3085 1228; x_wconf 79' lang='lat' dir='ltr'><strong>filii</strong></span> <span class='ocrx_word' id='word_1_315' title='bbox 3141 1174 3310 1229; x_wconf 87' lang='lat' dir='ltr'><strong>Israel</strong></span> <span class='ocrx_word' id='word_1_316' title='bbox 3366 1179 3765 1244; x_wconf 75' lang='lat' dir='ltr'><strong>possessionem</strong></span> 
     </span>
    </p>
   </div>
   <div class='ocr_carea' id='block_1_42' title="bbox 2185 1261 3770 1337">
    <p class='ocr_par' dir='ltr' id='par_1_42' title="bbox 2185 1261 3770 1337">
     <span class='ocr_line' id='line_1_42' title="bbox 2185 1261 3770 1337; baseline 0.007 -24"><span class='ocrx_word' id='word_1_317' title='bbox 2185 1281 2203 1312; x_wconf 74' lang='grc' dir='ltr'>ι</span> <span class='ocrx_word' id='word_1_318' title='bbox 2229 1261 2396 1317; x_wconf 82' lang='lat' dir='ltr'><strong>Iosue</strong></span> <span class='ocrx_word' id='word_1_319' title='bbox 2423 1262 2532 1318; x_wconf 81' lang='lat' dir='ltr'><strong>ﬁlio</strong></span> <span class='ocrx_word' id='word_1_320' title='bbox 2555 1263 2674 1318; x_wconf 87' lang='lat' dir='ltr'><strong>Nun</strong></span> <span class='ocrx_word' id='word_1_321' title='bbox 2700 1265 2754 1318; x_wconf 91' lang='lat' dir='ltr'><strong>in</strong></span> <span class='ocrx_word' id='word_1_322' title='bbox 2781 1264 2960 1317; x_wconf 89' lang='lat' dir='ltr'><strong>medio</strong></span> <span class='ocrx_word' id='word_1_323' title='bbox 2991 1265 3094 1329; x_wconf 89' lang='lat' dir='ltr'><strong>sui,</strong></span> <span class='ocrx_word' id='word_1_324' title='bbox 3123 1264 3279 1333; x_wconf 87' lang='lat' dir='ltr'><strong>juxta</strong></span> <span class='ocrx_word' id='word_1_325' title='bbox 3307 1275 3635 1337; x_wconf 74' lang='lat' dir='ltr'><strong>przeceptum</strong></span> <span class='ocrx_word' id='word_1_326' title='bbox 3661 1270 3770 1324; x_wconf 90' lang='lat' dir='ltr'><strong>Do-</strong></span> 
     </span>
    </p>
   </div>
   <div class='ocr_carea' id='block_1_43' title="bbox 2187 1356 3767 1427">
    <p class='ocr_par' dir='ltr' id='par_1_43' title="bbox 2187 1356 3767 1427">
     <span class='ocr_line' id='line_1_43' title="bbox 2187 1356 3767 1427; baseline 0.005 -18"><span class='ocrx_word' id='word_1_327' title='bbox 2187 1373 2206 1405; x_wconf 74' lang='lat' dir='ltr'><strong>t</strong></span> <span class='ocrx_word' id='word_1_328' title='bbox 2235 1356 2392 1421; x_wconf 86' lang='lat' dir='ltr'><strong>mini,</strong></span> <span class='ocrx_word' id='word_1_329' title='bbox 2438 1356 2627 1410; x_wconf 88' lang='lat' dir='ltr'><strong>urbem</strong></span> <span class='ocrx_word' id='word_1_330' title='bbox 2665 1371 2826 1426; x_wconf 88' lang='lat' dir='ltr'><strong>quam</strong></span> <span class='ocrx_word' id='word_1_331' title='bbox 2848 1358 3139 1427; x_wconf 86' lang='lat' dir='ltr'><strong>postulavit</strong></span> <span class='ocrx_word' id='word_1_332' title='bbox 3164 1357 3471 1414; x_wconf 82' lang='lat' dir='ltr'><strong>Thamnath</strong></span> <span class='ocrx_word' id='word_1_333' title='bbox 3499 1361 3673 1416; x_wconf 86' lang='lat' dir='ltr'><strong>Saraa</strong></span> <span class='ocrx_word' id='word_1_334' title='bbox 3717 1365 3767 1418; x_wconf 89' lang='lat' dir='ltr'><strong>in</strong></span> 
     </span>
    </p>
   </div>
   <div class='ocr_carea' id='block_1_44' title="bbox 2186 1446 3770 1516">
    <p class='ocr_par' dir='ltr' id='par_1_44' title="bbox 2186 1446 3770 1516">
     <span class='ocr_line' id='line_1_44' title="bbox 2186 1446 3770 1516; baseline 0.008 -20"><span class='ocrx_word' id='word_1_335' title='bbox 2186 1464 2205 1496; x_wconf 87' lang='grc'><strong><em>‹</em></strong></span> <span class='ocrx_word' id='word_1_336' title='bbox 2242 1455 2425 1501; x_wconf 90' lang='lat' dir='ltr'><strong>monte</strong></span> <span class='ocrx_word' id='word_1_337' title='bbox 2455 1446 2732 1516; x_wconf 86' lang='lat' dir='ltr'><strong>Ephraim,</strong></span> <span class='ocrx_word' id='word_1_338' title='bbox 2759 1455 2814 1501; x_wconf 89' lang='lat' dir='ltr'><strong>et</strong></span> <span class='ocrx_word' id='word_1_339' title='bbox 2833 1447 3125 1502; x_wconf 73' lang='lat' dir='ltr'><strong>:ediﬂcavit</strong></span> <span class='ocrx_word' id='word_1_340' title='bbox 3144 1449 3438 1513; x_wconf 85' lang='lat' dir='ltr'><strong>civitatem,</strong></span> <span class='ocrx_word' id='word_1_341' title='bbox 3467 1453 3770 1508; x_wconf 83' lang='lat' dir='ltr'><strong>habitavit-</strong></span> 
     </span>
    </p>
   </div>
   <div class='ocr_carea' id='block_1_45' title="bbox 2188 1537 3768 1610">
    <p class='ocr_par' dir='ltr' id='par_1_45' title="bbox 2188 1537 3768 1610">
     <span class='ocr_line' id='line_1_45' title="bbox 2188 1537 3768 1610; baseline 0.007 -22"><span class='ocrx_word' id='word_1_342' title='bbox 2188 1555 2206 1588; x_wconf 71' lang='grc' dir='ltr'><em>α</em></span> <span class='ocrx_word' id='word_1_343' title='bbox 2243 1553 2348 1608; x_wconf 90' lang='lat' dir='ltr'><strong>que</strong></span> <span class='ocrx_word' id='word_1_344' title='bbox 2373 1538 2428 1592; x_wconf 89' lang='lat' dir='ltr'><strong>in</strong></span> <span class='ocrx_word' id='word_1_345' title='bbox 2449 1553 2534 1603; x_wconf 90' lang='lat' dir='ltr'><strong>ea,</strong></span> <span class='ocrx_word' id='word_1_346' title='bbox 2565 1558 2585 1591; x_wconf 72' lang='grc' dir='ltr'>ι</span> <span class='ocrx_word' id='word_1_347' title='bbox 2609 1548 2665 1593; x_wconf 88' lang='lat' dir='ltr'><strong>et</strong></span> <span class='ocrx_word' id='word_1_348' title='bbox 2688 1539 2914 1608; x_wconf 85' lang='lat' dir='ltr'><strong>reliqua.</strong></span> <span class='ocrx_word' id='word_1_349' title='bbox 2945 1539 3064 1610; x_wconf 79' lang='lat' dir='ltr'><strong>(Ea:</strong></span> <span class='ocrx_word' id='word_1_350' title='bbox 3085 1537 3450 1610; x_wconf 75' lang='lat' dir='ltr'><strong>Adamantio.)</strong></span> <span class='ocrx_word' id='word_1_351' title='bbox 3494 1543 3768 1608; x_wconf 83' lang='lat' dir='ltr'><strong>Quantam</strong></span> 
     </span>
    </p>
   </div>
   <div class='ocr_carea' id='block_1_46' title="bbox 2181 1631 3771 1703">
    <p class='ocr_par' dir='ltr' id='par_1_46' title="bbox 2181 1631 3771 1703">
     <span class='ocr_line' id='line_1_46' title="bbox 2181 1631 3771 1703; baseline 0.003 -17"><span class='ocrx_word' id='word_1_352' title='bbox 2181 1632 2648 1686; x_wconf 83' lang='lat' dir='ltr'><strong>mansuetudinem</strong></span> <span class='ocrx_word' id='word_1_353' title='bbox 2679 1641 2734 1686; x_wconf 90' lang='lat' dir='ltr'><strong>et</strong></span> <span class='ocrx_word' id='word_1_354' title='bbox 2774 1631 3133 1688; x_wconf 84' lang='lat' dir='ltr'><strong>humilitatem</strong></span> <span class='ocrx_word' id='word_1_355' title='bbox 3174 1633 3318 1688; x_wconf 89' lang='lat' dir='ltr'><strong>beati</strong></span> <span class='ocrx_word' id='word_1_356' title='bbox 3354 1633 3506 1697; x_wconf 86' lang='lat' dir='ltr'><strong>Iesu,</strong></span> <span class='ocrx_word' id='word_1_357' title='bbox 3557 1637 3653 1703; x_wconf 88' lang='lat' dir='ltr'><strong>qui</strong></span> <span class='ocrx_word' id='word_1_358' title='bbox 3694 1639 3771 1690; x_wconf 90' lang='lat' dir='ltr'><strong>di-</strong></span> 
     </span>
    </p>
   </div>
   <div class='ocr_carea' id='block_1_47' title="bbox 2182 1720 3769 1791">
    <p class='ocr_par' dir='ltr' id='par_1_47' title="bbox 2182 1720 3769 1791">
     <span class='ocr_line' id='line_1_47' title="bbox 2182 1720 3769 1791; baseline 0.004 -17"><span class='ocrx_word' id='word_1_359' title='bbox 2182 1737 2317 1791; x_wconf 86' lang='lat' dir='ltr'><strong>gnus</strong></span> <span class='ocrx_word' id='word_1_360' title='bbox 2359 1731 2480 1777; x_wconf 89' lang='lat' dir='ltr'><strong>erat</strong></span> <span class='ocrx_word' id='word_1_361' title='bbox 2523 1720 2669 1776; x_wconf 86' lang='lat' dir='ltr'><strong>ferre</strong></span> <span class='ocrx_word' id='word_1_362' title='bbox 2708 1737 2905 1776; x_wconf 87' lang='lat' dir='ltr'><strong>nomen</strong></span> <span class='ocrx_word' id='word_1_363' title='bbox 2945 1721 3071 1777; x_wconf 89' lang='lat' dir='ltr'><strong>Iesu</strong></span> <span class='ocrx_word' id='word_1_364' title='bbox 3109 1722 3322 1778; x_wconf 86' lang='lat' dir='ltr'><strong>Domini</strong></span> <span class='ocrx_word' id='word_1_365' title='bbox 3368 1734 3423 1779; x_wconf 88' lang='lat' dir='ltr'><strong>et</strong></span> <span class='ocrx_word' id='word_1_366' title='bbox 3476 1724 3769 1780; x_wconf 84' lang='lat' dir='ltr'><strong>Salvatoris</strong></span> 
     </span>
    </p>
   </div>
   <div class='ocr_carea' id='block_1_48' title="bbox 2109 1801 3764 1886">
    <p class='ocr_par' dir='ltr' id='par_1_48' title="bbox 2109 1801 3764 1886">
     <span class='ocr_line' id='line_1_48' title="bbox 2109 1801 3764 1886; baseline 0.006 -26"><span class='ocrx_word' id='word_1_367' title='bbox 2109 1801 2162 1860; x_wconf 88' lang='lat' dir='ltr'><strong>B</strong></span> <span class='ocrx_word' id='word_1_368' title='bbox 2183 1813 2378 1877; x_wconf 87' lang='lat' dir='ltr'><strong>nostri,</strong></span> <span class='ocrx_word' id='word_1_369' title='bbox 2411 1812 2689 1877; x_wconf 76' lang='lat' dir='ltr'><strong>declarat;</strong></span> <span class='ocrx_word' id='word_1_370' title='bbox 2728 1813 2804 1866; x_wconf 85' lang='lat' dir='ltr'><strong>ait</strong></span> <span class='ocrx_word' id='word_1_371' title='bbox 2836 1813 2982 1866; x_wconf 91' lang='lat' dir='ltr'><strong>enim</strong></span> <span class='ocrx_word' id='word_1_372' title='bbox 3007 1828 3023 1866; x_wconf 92' lang='lat'><strong>:</strong></span> <span class='ocrx_word' id='word_1_373' title='bbox 3051 1813 3327 1869; x_wconf 74' lang='lat' dir='ltr'><strong>Dederunt</strong></span> <span class='ocrx_word' id='word_1_374' title='bbox 3367 1817 3541 1880; x_wconf 87' lang='lat' dir='ltr'><strong>enim,</strong></span> <span class='ocrx_word' id='word_1_375' title='bbox 3582 1818 3764 1886; x_wconf 83' lang='lat' dir='ltr'><strong>inquit,</strong></span> 
     </span>
    </p>
   </div>
   <div class='ocr_carea' id='block_1_49' title="bbox 2188 1901 3766 1978">
    <p class='ocr_par' dir='ltr' id='par_1_49' title="bbox 2188 1901 3766 1978">
     <span class='ocr_line' id='line_1_49' title="bbox 2188 1901 3766 1978; baseline 0.003 -19"><span class='ocrx_word' id='word_1_376' title='bbox 2188 1904 2281 1959; x_wconf 81' lang='lat' dir='ltr'><strong>lilii</strong></span> <span class='ocrx_word' id='word_1_377' title='bbox 2323 1903 2490 1960; x_wconf 88' lang='lat' dir='ltr'><strong>Israel</strong></span> <span class='ocrx_word' id='word_1_378' title='bbox 2518 1913 2718 1959; x_wconf 89' lang='lat' dir='ltr'><strong>sortem</strong></span> <span class='ocrx_word' id='word_1_379' title='bbox 2740 1903 2869 1958; x_wconf 87' lang='lat' dir='ltr'><strong>Iesu</strong></span> <span class='ocrx_word' id='word_1_380' title='bbox 2900 1903 3009 1958; x_wconf 87' lang='lat' dir='ltr'><strong>filio</strong></span> <span class='ocrx_word' id='word_1_381' title='bbox 3048 1901 3196 1960; x_wconf 79' lang='lat' dir='ltr'><strong>Nave</strong></span> <span class='ocrx_word' id='word_1_382' title='bbox 3221 1906 3276 1960; x_wconf 92' lang='lat' dir='ltr'><strong>in</strong></span> <span class='ocrx_word' id='word_1_383' title='bbox 3302 1907 3614 1978; x_wconf 85' lang='lat' dir='ltr'><strong>semetipsis</strong></span> <span class='ocrx_word' id='word_1_384' title='bbox 3640 1924 3766 1978; x_wconf 65' lang='lat' dir='ltr'><strong>pm</strong></span> 
     </span>
    </p>
   </div>
   <div class='ocr_carea' id='block_1_50' title="bbox 2187 1995 3766 2068">
    <p class='ocr_par' dir='ltr' id='par_1_50' title="bbox 2187 1995 3766 2068">
     <span class='ocr_line' id='line_1_50' title="bbox 2187 1995 3766 2068; baseline 0.004 -20"><span class='ocrx_word' id='word_1_385' title='bbox 2187 2002 2341 2064; x_wconf 88' lang='lat' dir='ltr'><strong>cepto</strong></span> <span class='ocrx_word' id='word_1_386' title='bbox 2411 1995 2623 2050; x_wconf 89' lang='lat' dir='ltr'><strong>Domini</strong></span> <span class='ocrx_word' id='word_1_387' title='bbox 2657 2012 2671 2048; x_wconf 93' lang='lat'><strong>:</strong></span> <span class='ocrx_word' id='word_1_388' title='bbox 2705 1995 2970 2050; x_wconf 88' lang='lat' dir='ltr'><strong>dederunt</strong></span> <span class='ocrx_word' id='word_1_389' title='bbox 3027 1996 3305 2051; x_wconf 87' lang='lat' dir='ltr'><strong>civitatem</strong></span> <span class='ocrx_word' id='word_1_390' title='bbox 3368 2014 3537 2067; x_wconf 89' lang='lat' dir='ltr'><strong>quam</strong></span> <span class='ocrx_word' id='word_1_391' title='bbox 3589 1999 3766 2068; x_wconf 72' lang='lat' dir='ltr'><strong>perint</strong></span> 
     </span>
    </p>
   </div>
   <div class='ocr_carea' id='block_1_51' title="bbox 2187 2086 3766 2161">
    <p class='ocr_par' dir='ltr' id='par_1_51' title="bbox 2187 2086 3766 2161">
     <span class='ocr_line' id='line_1_51' title="bbox 2187 2086 3766 2161; baseline 0.006 -21"><span class='ocrx_word' id='word_1_392' title='bbox 2187 2086 2496 2142; x_wconf 85' lang='lat' dir='ltr'><strong>Thamnath</strong></span> <span class='ocrx_word' id='word_1_393' title='bbox 2535 2087 2724 2150; x_wconf 89' lang='lat' dir='ltr'><strong>Saraa,</strong></span> <span class='ocrx_word' id='word_1_394' title='bbox 2771 2103 2894 2158; x_wconf 70' lang='lat' dir='ltr'><strong>quae</strong></span> <span class='ocrx_word' id='word_1_395' title='bbox 2936 2097 3024 2144; x_wconf 90' lang='lat' dir='ltr'><strong>est</strong></span> <span class='ocrx_word' id='word_1_396' title='bbox 3050 2090 3104 2143; x_wconf 90' lang='lat' dir='ltr'><strong>in</strong></span> <span class='ocrx_word' id='word_1_397' title='bbox 3149 2099 3331 2146; x_wconf 82' lang='lat' dir='ltr'><strong>monte</strong></span> <span class='ocrx_word' id='word_1_398' title='bbox 3377 2090 3670 2161; x_wconf 84' lang='lat' dir='ltr'><strong>Ephraim;</strong></span> <span class='ocrx_word' id='word_1_399' title='bbox 3719 2103 3766 2149; x_wconf 84' lang='lat' dir='ltr'><strong>et</strong></span> 
     </span>
    </p>
   </div>
   <div class='ocr_carea' id='block_1_52' title="bbox 2185 2179 3761 2258">
    <p class='ocr_par' dir='ltr' id='par_1_52' title="bbox 2185 2179 3761 2258">
     <span class='ocr_line' id='line_1_52' title="bbox 2185 2179 3761 2258; baseline 0.005 -24"><span class='ocrx_word' id='word_1_400' title='bbox 2185 2179 2472 2234; x_wconf 79' lang='lat' dir='ltr'><strong>aediﬁcavit</strong></span> <span class='ocrx_word' id='word_1_401' title='bbox 2499 2180 2794 2245; x_wconf 84' lang='lat' dir='ltr'><strong>civitatem,</strong></span> <span class='ocrx_word' id='word_1_402' title='bbox 2823 2190 2878 2235; x_wconf 85' lang='lat' dir='ltr'><strong>et</strong></span> <span class='ocrx_word' id='word_1_403' title='bbox 2903 2182 3166 2237; x_wconf 84' lang='lat' dir='ltr'><strong>habitavit</strong></span> <span class='ocrx_word' id='word_1_404' title='bbox 3205 2185 3262 2238; x_wconf 90' lang='lat' dir='ltr'><strong>in</strong></span> <span class='ocrx_word' id='word_1_405' title='bbox 3289 2198 3374 2239; x_wconf 85' lang='lat' dir='ltr'><strong>ea.</strong></span> <span class='ocrx_word' id='word_1_406' title='bbox 3420 2184 3546 2255; x_wconf 85' lang='lat' dir='ltr'><strong>Ipse</strong></span> <span class='ocrx_word' id='word_1_407' title='bbox 3572 2198 3651 2243; x_wconf 85' lang='lat' dir='ltr'><strong>cst</strong></span> <span class='ocrx_word' id='word_1_408' title='bbox 3682 2190 3761 2258; x_wconf 84' lang='lat' dir='ltr'><strong>qui</strong></span> 
     </span>
    </p>
   </div>
   <div class='ocr_carea' id='block_1_53' title="bbox 2187 2270 3763 2346">
    <p class='ocr_par' dir='ltr' id='par_1_53' title="bbox 2187 2270 3763 2346">
     <span class='ocr_line' id='line_1_53' title="bbox 2187 2270 3763 2346; baseline 0.005 -22"><span class='ocrx_word' id='word_1_409' title='bbox 2187 2270 2334 2325; x_wconf 86' lang='lat' dir='ltr'><strong>dedit</strong></span> <span class='ocrx_word' id='word_1_410' title='bbox 2376 2270 2749 2325; x_wconf 64' lang='lat' dir='ltr'><strong>hereditatem</strong></span> <span class='ocrx_word' id='word_1_411' title='bbox 2797 2272 3048 2327; x_wconf 89' lang='lat' dir='ltr'><strong>omnibus</strong></span> <span class='ocrx_word' id='word_1_412' title='bbox 3095 2273 3220 2328; x_wconf 83' lang='lat' dir='ltr'><strong>ﬁliis</strong></span> <span class='ocrx_word' id='word_1_413' title='bbox 3261 2273 3402 2329; x_wconf 89' lang='lat' dir='ltr'><strong>Iuda</strong></span> <span class='ocrx_word' id='word_1_414' title='bbox 3427 2317 3442 2340; x_wconf 91' lang='lat'><strong>,</strong></span> <span class='ocrx_word' id='word_1_415' title='bbox 3486 2279 3582 2346; x_wconf 92' lang='lat' dir='ltr'><strong>qui</strong></span> <span class='ocrx_word' id='word_1_416' title='bbox 3631 2278 3763 2332; x_wconf 86' lang='lat' dir='ltr'><strong>dedit</strong></span> 
     </span>
    </p>
   </div>
   <div class='ocr_carea' id='block_1_54' title="bbox 2187 2359 3761 2436">
    <p class='ocr_par' dir='ltr' id='par_1_54' title="bbox 2187 2359 3761 2436">
     <span class='ocr_line' id='line_1_54' title="bbox 2187 2359 3761 2436; baseline 0.006 -24"><span class='ocrx_word' id='word_1_417' title='bbox 2187 2359 2442 2428; x_wconf 87' lang='lat' dir='ltr'><strong>prraim</strong></span> <span class='ocrx_word' id='word_1_418' title='bbox 2469 2369 2524 2414; x_wconf 93' lang='lat' dir='ltr'><strong>et</strong></span> <span class='ocrx_word' id='word_1_419' title='bbox 2549 2361 2785 2415; x_wconf 67' lang='lat' dir='ltr'><strong>dimidiae</strong></span> <span class='ocrx_word' id='word_1_420' title='bbox 2809 2363 2974 2416; x_wconf 86' lang='lat' dir='ltr'><strong>tribui</strong></span> <span class='ocrx_word' id='word_1_421' title='bbox 3016 2363 3296 2429; x_wconf 78' lang='lat' dir='ltr'><strong>Manasse;</strong></span> <span class='ocrx_word' id='word_1_422' title='bbox 3328 2366 3446 2436; x_wconf 84' lang='lat' dir='ltr'><strong>ipse</strong></span> <span class='ocrx_word' id='word_1_423' title='bbox 3475 2367 3624 2422; x_wconf 84' lang='lat' dir='ltr'><strong>dedit</strong></span> <span class='ocrx_word' id='word_1_424' title='bbox 3657 2385 3761 2422; x_wconf 83' lang='lat' dir='ltr'><strong>ma-</strong></span> 
     </span>
    </p>
   </div>
   <div class='ocr_carea' id='block_1_55' title="bbox 2184 2450 3762 2528">
    <p class='ocr_par' dir='ltr' id='par_1_55' title="bbox 2184 2450 3762 2528">
     <span class='ocr_line' id='line_1_55' title="bbox 2184 2450 3762 2528; baseline 0.006 -25"><span class='ocrx_word' id='word_1_425' title='bbox 2184 2451 2378 2520; x_wconf 76' lang='lat' dir='ltr'><strong>gnifico</strong></span> <span class='ocrx_word' id='word_1_426' title='bbox 2421 2450 2496 2507; x_wconf 91' lang='lat' dir='ltr'><strong>illi</strong></span> <span class='ocrx_word' id='word_1_427' title='bbox 2533 2450 2736 2521; x_wconf 89' lang='lat' dir='ltr'><strong>Caleph</strong></span> <span class='ocrx_word' id='word_1_428' title='bbox 2776 2452 2889 2508; x_wconf 85' lang='lat' dir='ltr'><strong>ﬁlio</strong></span> <span class='ocrx_word' id='word_1_429' title='bbox 2925 2451 3169 2524; x_wconf 85' lang='lat' dir='ltr'><strong>Iephone</strong></span> <span class='ocrx_word' id='word_1_430' title='bbox 3205 2457 3612 2524; x_wconf 65' lang='lat' dir='ltr'><strong>baereditatem;</strong></span> <span class='ocrx_word' id='word_1_431' title='bbox 3658 2460 3762 2528; x_wconf 90' lang='lat' dir='ltr'><strong>ipse</strong></span> 
     </span>
    </p>
   </div>
   <div class='ocr_carea' id='block_1_56' title="bbox 2186 2545 3762 2621">
    <p class='ocr_par' dir='ltr' id='par_1_56' title="bbox 2186 2545 3762 2621">
     <span class='ocr_line' id='line_1_56' title="bbox 2186 2545 3762 2621; baseline 0.005 -22"><span class='ocrx_word' id='word_1_432' title='bbox 2186 2545 2333 2600; x_wconf 87' lang='lat' dir='ltr'><strong>misit</strong></span> <span class='ocrx_word' id='word_1_433' title='bbox 2360 2555 2544 2602; x_wconf 90' lang='lat' dir='ltr'><strong>ternos</strong></span> <span class='ocrx_word' id='word_1_434' title='bbox 2572 2563 2670 2618; x_wconf 89' lang='lat' dir='ltr'><strong>per</strong></span> <span class='ocrx_word' id='word_1_435' title='bbox 2691 2549 2933 2618; x_wconf 79' lang='lat' dir='ltr'><strong>singulas</strong></span> <span class='ocrx_word' id='word_1_436' title='bbox 2973 2550 3169 2615; x_wconf 90' lang='lat' dir='ltr'><strong>tribus,</strong></span> <span class='ocrx_word' id='word_1_437' title='bbox 3202 2551 3296 2621; x_wconf 87' lang='lat' dir='ltr'><strong>qui</strong></span> <span class='ocrx_word' id='word_1_438' title='bbox 3322 2553 3634 2608; x_wconf 82' lang='lat' dir='ltr'><strong>universam</strong></span> <span class='ocrx_word' id='word_1_439' title='bbox 3663 2563 3762 2607; x_wconf 85' lang='lat' dir='ltr'><strong>ter—</strong></span> 
     </span>
    </p>
   </div>
   <div class='ocr_carea' id='block_1_57' title="bbox 2186 2641 3760 2710">
    <p class='ocr_par' dir='ltr' id='par_1_57' title="bbox 2186 2641 3760 2710">
     <span class='ocr_line' id='line_1_57' title="bbox 2186 2641 3760 2710; baseline 0.004 -18"><span class='ocrx_word' id='word_1_440' title='bbox 2186 2654 2301 2692; x_wconf 86' lang='lat' dir='ltr'><strong>ram</strong></span> <span class='ocrx_word' id='word_1_441' title='bbox 2325 2648 2677 2710; x_wconf 86' lang='lat' dir='ltr'><strong>peragrarent</strong></span> <span class='ocrx_word' id='word_1_442' title='bbox 2708 2650 2870 2710; x_wconf 89' lang='lat' dir='ltr'><strong>atque</strong></span> <span class='ocrx_word' id='word_1_443' title='bbox 2895 2641 3289 2709; x_wconf 83' lang='lat' dir='ltr'><strong>describerent,</strong></span> <span class='ocrx_word' id='word_1_444' title='bbox 3330 2652 3388 2698; x_wconf 89' lang='lat' dir='ltr'><strong>et</strong></span> <span class='ocrx_word' id='word_1_445' title='bbox 3421 2647 3760 2701; x_wconf 80' lang='lat' dir='ltr'><strong>ostenderent</strong></span> 
     </span>
    </p>
   </div>
   <div class='ocr_carea' id='block_1_58' title="bbox 2186 2732 3764 2801">
    <p class='ocr_par' dir='ltr' id='par_1_58' title="bbox 2186 2732 3764 2801">
     <span class='ocr_line' id='line_1_58' title="bbox 2186 2732 3764 2801; baseline 0.003 -15"><span class='ocrx_word' id='word_1_446' title='bbox 2186 2732 2318 2796; x_wconf 87' lang='lat' dir='ltr'><strong>sibi;</strong></span> <span class='ocrx_word' id='word_1_447' title='bbox 2350 2732 2467 2801; x_wconf 86' lang='lat' dir='ltr'><strong>ipse</strong></span> <span class='ocrx_word' id='word_1_448' title='bbox 2485 2733 2636 2786; x_wconf 88' lang='lat' dir='ltr'><strong>misit</strong></span> <span class='ocrx_word' id='word_1_449' title='bbox 2657 2733 2908 2788; x_wconf 88' lang='lat' dir='ltr'><strong>omnibus</strong></span> <span class='ocrx_word' id='word_1_450' title='bbox 2934 2742 3141 2798; x_wconf 85' lang='lat' dir='ltr'><strong>sortes,</strong></span> <span class='ocrx_word' id='word_1_451' title='bbox 3191 2745 3247 2789; x_wconf 90' lang='lat' dir='ltr'><strong>et</strong></span> <span class='ocrx_word' id='word_1_452' title='bbox 3277 2751 3338 2790; x_wconf 90' lang='lat' dir='ltr'><strong>se</strong></span> <span class='ocrx_word' id='word_1_453' title='bbox 3362 2736 3416 2790; x_wconf 90' lang='lat' dir='ltr'><strong>in</strong></span> <span class='ocrx_word' id='word_1_454' title='bbox 3461 2737 3764 2792; x_wconf 85' lang='lat' dir='ltr'><strong>novissimis</strong></span> 
     </span>
    </p>
   </div>
   <div class='ocr_carea' id='block_1_59' title="bbox 2186 2822 3764 2893">
    <p class='ocr_par' dir='ltr' id='par_1_59' title="bbox 2186 2822 3764 2893">
     <span class='ocr_line' id='line_1_59' title="bbox 2186 2822 3764 2893; baseline 0.002 -16"><span class='ocrx_word' id='word_1_455' title='bbox 2186 2823 2506 2878; x_wconf 86' lang='lat' dir='ltr'><strong>reservavit.</strong></span> <span class='ocrx_word' id='word_1_456' title='bbox 2541 2822 2722 2889; x_wconf 85' lang='lat' dir='ltr'><strong>Quare</strong></span> <span class='ocrx_word' id='word_1_457' title='bbox 2743 2832 2902 2893; x_wconf 90' lang='lat' dir='ltr'><strong>putas</strong></span> <span class='ocrx_word' id='word_1_458' title='bbox 2925 2823 3097 2878; x_wconf 87' lang='lat' dir='ltr'><strong>voluit</strong></span> <span class='ocrx_word' id='word_1_459' title='bbox 3123 2826 3370 2880; x_wconf 90' lang='lat' dir='ltr'><strong>omnium</strong></span> <span class='ocrx_word' id='word_1_460' title='bbox 3395 2841 3511 2880; x_wconf 87' lang='lat' dir='ltr'><strong>esse</strong></span> <span class='ocrx_word' id='word_1_461' title='bbox 3540 2827 3764 2880; x_wconf 82' lang='lat' dir='ltr'><strong>novissi-</strong></span> 
     </span>
    </p>
   </div>
   <div class='ocr_carea' id='block_1_60' title="bbox 2185 2915 3766 2987">
    <p class='ocr_par' dir='ltr' id='par_1_60' title="bbox 2185 2915 3766 2987">
     <span class='ocr_line' id='line_1_60' title="bbox 2185 2915 3766 2987; baseline 0.003 -18"><span class='ocrx_word' id='word_1_462' title='bbox 2185 2915 2340 2970; x_wconf 83' lang='lat' dir='ltr'><strong>mus?</strong></span> <span class='ocrx_word' id='word_1_463' title='bbox 2383 2915 2511 2970; x_wconf 88' lang='lat' dir='ltr'><strong>Sine</strong></span> <span class='ocrx_word' id='word_1_464' title='bbox 2560 2916 2722 2970; x_wconf 87' lang='lat' dir='ltr'><strong>dubio</strong></span> <span class='ocrx_word' id='word_1_465' title='bbox 2749 2923 2807 2970; x_wconf 90' lang='lat' dir='ltr'><strong>ut</strong></span> <span class='ocrx_word' id='word_1_466' title='bbox 2831 2926 2976 2971; x_wconf 85' lang='lat' dir='ltr'><strong>esset</strong></span> <span class='ocrx_word' id='word_1_467' title='bbox 3012 2918 3255 2971; x_wconf 89' lang='lat' dir='ltr'><strong>omnium</strong></span> <span class='ocrx_word' id='word_1_468' title='bbox 3296 2918 3518 2987; x_wconf 89' lang='lat' dir='ltr'><strong>primus.</strong></span> <span class='ocrx_word' id='word_1_469' title='bbox 3565 2917 3633 2972; x_wconf 79' lang='lat' dir='ltr'><strong>Et</strong></span> <span class='ocrx_word' id='word_1_470' title='bbox 3671 2932 3766 2973; x_wconf 87' lang='lat' dir='ltr'><strong>nec</strong></span> 
     </span>
    </p>
   </div>
   <div class='ocr_carea' id='block_1_61' title="bbox 2186 3007 3763 3081">
    <p class='ocr_par' dir='ltr' id='par_1_61' title="bbox 2186 3007 3763 3081">
     <span class='ocr_line' id='line_1_61' title="bbox 2186 3007 3763 3081; baseline 0.003 -20"><span class='ocrx_word' id='word_1_471' title='bbox 2186 3009 2301 3075; x_wconf 88' lang='lat' dir='ltr'><strong>ipse</strong></span> <span class='ocrx_word' id='word_1_472' title='bbox 2328 3007 2430 3062; x_wconf 89' lang='lat' dir='ltr'><strong>sibi</strong></span> <span class='ocrx_word' id='word_1_473' title='bbox 2468 3007 2802 3062; x_wconf 66' lang='lat' dir='ltr'><strong>haereditatis</strong></span> <span class='ocrx_word' id='word_1_474' title='bbox 2847 3017 3048 3064; x_wconf 89' lang='lat' dir='ltr'><strong>sortem</strong></span> <span class='ocrx_word' id='word_1_475' title='bbox 3087 3012 3452 3080; x_wconf 62' lang='lat' dir='ltr'><strong>praesumpsit,</strong></span> <span class='ocrx_word' id='word_1_476' title='bbox 3497 3012 3590 3065; x_wconf 86' lang='lat' dir='ltr'><strong>sed</strong></span> <span class='ocrx_word' id='word_1_477' title='bbox 3616 3028 3647 3064; x_wconf 90' lang='lat' dir='ltr'><strong>a</strong></span> <span class='ocrx_word' id='word_1_478' title='bbox 3672 3027 3763 3081; x_wconf 91' lang='lat' dir='ltr'><strong>po-</strong></span> 
     </span>
    </p>
   </div>
   <div class='ocr_carea' id='block_1_62' title="bbox 2186 3097 3766 3172">
    <p class='ocr_par' dir='ltr' id='par_1_62' title="bbox 2186 3097 3766 3172">
     <span class='ocr_line' id='line_1_62' title="bbox 2186 3097 3766 3172; baseline 0.004 -23"><span class='ocrx_word' id='word_1_479' title='bbox 2186 3097 2312 3168; x_wconf 89' lang='lat' dir='ltr'><strong>pulo</strong></span> <span class='ocrx_word' id='word_1_480' title='bbox 2340 3099 2580 3168; x_wconf 85' lang='lat' dir='ltr'><strong>accepit;</strong></span> <span class='ocrx_word' id='word_1_481' title='bbox 2624 3108 2679 3152; x_wconf 90' lang='lat' dir='ltr'><strong>ct</strong></span> <span class='ocrx_word' id='word_1_482' title='bbox 2703 3099 2782 3152; x_wconf 89' lang='lat' dir='ltr'><strong>illi</strong></span> <span class='ocrx_word' id='word_1_483' title='bbox 2810 3101 2902 3154; x_wconf 89' lang='lat' dir='ltr'><strong>dat</strong></span> <span class='ocrx_word' id='word_1_484' title='bbox 2928 3101 3154 3170; x_wconf 73' lang='lat' dir='ltr'><strong>populus</strong></span> <span class='ocrx_word' id='word_1_485' title='bbox 3186 3101 3571 3165; x_wconf 62' lang='lat' dir='ltr'><strong>hereditatem,</strong></span> <span class='ocrx_word' id='word_1_486' title='bbox 3602 3118 3632 3157; x_wconf 89' lang='lat' dir='ltr'><strong>a</strong></span> <span class='ocrx_word' id='word_1_487' title='bbox 3661 3118 3766 3172; x_wconf 86' lang='lat' dir='ltr'><strong>quo</strong></span> 
     </span>
    </p>
   </div>
   <div class='ocr_carea' id='block_1_63' title="bbox 493 3176 3764 3262">
    <p class='ocr_par' dir='ltr' id='par_1_63' title="bbox 493 3176 3764 3262">
     <span class='ocr_line' id='line_1_63' title="bbox 493 3176 3764 3262; baseline 0.001 -19"><span class='ocrx_word' id='word_1_488' title='bbox 493 3189 878 3259; x_wconf 88' lang='lat' dir='ltr'><strong>interpretatur</strong></span> <span class='ocrx_word' id='word_1_489' title='bbox 921 3206 1046 3260; x_wconf 83' lang='lat' dir='ltr'><strong>pax,</strong></span> <span class='ocrx_word' id='word_1_490' title='bbox 1091 3191 1304 3260; x_wconf 83' lang='lat' dir='ltr'><strong>paciﬁci</strong></span> <span class='ocrx_word' id='word_1_491' title='bbox 1345 3201 1684 3262; x_wconf 86' lang='lat' dir='ltr'><strong>permanent,</strong></span> <span class='ocrx_word' id='word_1_492' title='bbox 1729 3202 1785 3248; x_wconf 85' lang='lat' dir='ltr'><strong>et</strong></span> <span class='ocrx_word' id='word_1_493' title='bbox 1835 3194 2080 3249; x_wconf 78' lang='lat' dir='ltr'><strong>habitant</strong></span> <span class='ocrx_word' id='word_1_494' title='bbox 2105 3176 2152 3239; x_wconf 85' lang='lat' dir='ltr'><strong><em>C</em></strong></span> <span class='ocrx_word' id='word_1_495' title='bbox 2186 3187 2299 3255; x_wconf 88' lang='lat' dir='ltr'><strong>ipse</strong></span> <span class='ocrx_word' id='word_1_496' title='bbox 2319 3196 2637 3258; x_wconf 84' lang='lat' dir='ltr'><strong>acceperat;</strong></span> <span class='ocrx_word' id='word_1_497' title='bbox 2683 3190 2760 3243; x_wconf 88' lang='lat' dir='ltr'><strong>sic</strong></span> <span class='ocrx_word' id='word_1_498' title='bbox 2787 3191 2933 3244; x_wconf 89' lang='lat' dir='ltr'><strong>enim</strong></span> <span class='ocrx_word' id='word_1_499' title='bbox 2975 3191 3237 3260; x_wconf 88' lang='lat' dir='ltr'><strong>scriptum</strong></span> <span class='ocrx_word' id='word_1_500' title='bbox 3264 3193 3468 3246; x_wconf 69' lang='lat' dir='ltr'><strong>estzﬁt</strong></span> <span class='ocrx_word' id='word_1_501' title='bbox 3493 3194 3764 3246; x_wconf 74' lang='lat' dir='ltr'><strong>dederunt</strong></span> 
     </span>
    </p>
   </div>
   <div class='ocr_carea' id='block_1_64' title="bbox 494 3281 2080 3354">
    <p class='ocr_par' dir='ltr' id='par_1_64' title="bbox 494 3281 2080 3354">
     <span class='ocr_line' id='line_1_64' title="bbox 494 3281 2080 3354; baseline 0.008 -22"><span class='ocrx_word' id='word_1_502' title='bbox 494 3281 885 3336; x_wconf 87' lang='lat' dir='ltr'><strong>amaritudines</strong></span> <span class='ocrx_word' id='word_1_503' title='bbox 924 3283 981 3336; x_wconf 89' lang='lat' dir='ltr'><strong>in</strong></span> <span class='ocrx_word' id='word_1_504' title='bbox 1009 3284 1366 3340; x_wconf 85' lang='lat' dir='ltr'><strong>arietantibus</strong></span> <span class='ocrx_word' id='word_1_505' title='bbox 1385 3293 1441 3340; x_wconf 90' lang='lat' dir='ltr'><strong>et</strong></span> <span class='ocrx_word' id='word_1_506' title='bbox 1465 3286 1726 3354; x_wconf 84' lang='lat' dir='ltr'><strong>paciﬁcis.</strong></span> <span class='ocrx_word' id='word_1_507' title='bbox 1770 3289 2080 3345; x_wconf 79' lang='lat' dir='ltr'><strong>Arietantes</strong></span> 
     </span>
    </p>
   </div>
   <div class='ocr_carea' id='block_1_65' title="bbox 419 3368 2082 3445">
    <p class='ocr_par' dir='ltr' id='par_1_65' title="bbox 419 3368 2082 3445">
     <span class='ocr_line' id='line_1_65' title="bbox 419 3368 2082 3445; baseline 0.008 -26"><span class='ocrx_word' id='word_1_508' title='bbox 419 3436 428 3445; x_wconf 25' lang='grc' dir='ltr'><strong>Ἰ</strong></span> <span class='ocrx_word' id='word_1_509' title='bbox 493 3377 619 3421; x_wconf 91' lang='lat' dir='ltr'><strong>sunt</strong></span> <span class='ocrx_word' id='word_1_510' title='bbox 659 3369 712 3422; x_wconf 92' lang='lat' dir='ltr'><strong>hi</strong></span> <span class='ocrx_word' id='word_1_511' title='bbox 752 3368 864 3436; x_wconf 87' lang='lat' dir='ltr'><strong>qui,</strong></span> <span class='ocrx_word' id='word_1_512' title='bbox 901 3370 958 3424; x_wconf 92' lang='lat' dir='ltr'><strong>in</strong></span> <span class='ocrx_word' id='word_1_513' title='bbox 982 3383 1152 3440; x_wconf 86' lang='lat' dir='ltr'><strong>agone</strong></span> <span class='ocrx_word' id='word_1_514' title='bbox 1189 3372 1372 3440; x_wconf 87' lang='lat' dir='ltr'><strong>positi,</strong></span> <span class='ocrx_word' id='word_1_515' title='bbox 1418 3389 1735 3444; x_wconf 80' lang='lat' dir='ltr'><strong>expugnare</strong></span> <span class='ocrx_word' id='word_1_516' title='bbox 1784 3376 2082 3434; x_wconf 72' lang='lat' dir='ltr'><strong>diabolicae</strong></span> 
     </span>
    </p>
   </div>
   <div class='ocr_carea' id='block_1_66' title="bbox 494 3459 2080 3538">
    <p class='ocr_par' dir='ltr' id='par_1_66' title="bbox 494 3459 2080 3538">
     <span class='ocr_line' id='line_1_66' title="bbox 494 3459 2080 3538; baseline 0.006 -25"><span class='ocrx_word' id='word_1_517' title='bbox 494 3459 636 3514; x_wconf 73' lang='lat' dir='ltr'><strong>mdes</strong></span> <span class='ocrx_word' id='word_1_518' title='bbox 677 3468 732 3514; x_wconf 89' lang='lat' dir='ltr'><strong>et</strong></span> <span class='ocrx_word' id='word_1_519' title='bbox 769 3459 1048 3516; x_wconf 83' lang='lat' dir='ltr'><strong>destruere</strong></span> <span class='ocrx_word' id='word_1_520' title='bbox 1091 3471 1390 3528; x_wconf 88' lang='lat' dir='ltr'><strong>conantur;</strong></span> <span class='ocrx_word' id='word_1_521' title='bbox 1431 3465 1643 3534; x_wconf 77' lang='lat' dir='ltr'><strong>paciﬁci</strong></span> <span class='ocrx_word' id='word_1_522' title='bbox 1683 3481 1832 3531; x_wconf 85' lang='lat' dir='ltr'><strong>vero,</strong></span> <span class='ocrx_word' id='word_1_523' title='bbox 1887 3469 1979 3538; x_wconf 91' lang='lat' dir='ltr'><strong>qui</strong></span> <span class='ocrx_word' id='word_1_524' title='bbox 2021 3469 2080 3523; x_wconf 92' lang='lat' dir='ltr'><strong>in</strong></span> 
     </span>
    </p>
   </div>
   <div class='ocr_carea' id='block_1_67' title="bbox 496 3549 2080 3627">
    <p class='ocr_par' dir='ltr' id='par_1_67' title="bbox 496 3549 2080 3627">
     <span class='ocr_line' id='line_1_67' title="bbox 496 3549 2080 3627; baseline 0.008 -25"><span class='ocrx_word' id='word_1_525' title='bbox 496 3549 804 3606; x_wconf 86' lang='lat' dir='ltr'><strong>carnalibus</strong></span> <span class='ocrx_word' id='word_1_526' title='bbox 851 3551 1304 3620; x_wconf 84' lang='lat' dir='ltr'><strong>concupiscentiis</strong></span> <span class='ocrx_word' id='word_1_527' title='bbox 1331 3557 1591 3624; x_wconf 86' lang='lat' dir='ltr'><strong>_superati</strong></span> <span class='ocrx_word' id='word_1_528' title='bbox 1639 3572 1827 3627; x_wconf 87' lang='lat' dir='ltr'><strong>pacem</strong></span> <span class='ocrx_word' id='word_1_529' title='bbox 1883 3560 2080 3616; x_wconf 68' lang='lat' dir='ltr'><strong>animat</strong></span> 
     </span>
    </p>
   </div>
   <div class='ocr_carea' id='block_1_68' title="bbox 492 3647 2079 3721">
    <p class='ocr_par' dir='ltr' id='par_1_68' title="bbox 492 3647 2079 3721">
     <span class='ocr_line' id='line_1_68' title="bbox 492 3647 2079 3721; baseline 0.008 -22"><span class='ocrx_word' id='word_1_530' title='bbox 492 3647 700 3716; x_wconf 87' lang='lat' dir='ltr'><strong>egerint</strong></span> <span class='ocrx_word' id='word_1_531' title='bbox 736 3667 748 3700; x_wconf 85' lang='lat'><strong>:</strong></span> <span class='ocrx_word' id='word_1_532' title='bbox 792 3647 844 3702; x_wconf 93' lang='lat' dir='ltr'><strong>iu</strong></span> <span class='ocrx_word' id='word_1_533' title='bbox 888 3648 1134 3719; x_wconf 88' lang='lat' dir='ltr'><strong>utrisque</strong></span> <span class='ocrx_word' id='word_1_534' title='bbox 1183 3658 1364 3706; x_wconf 87' lang='lat' dir='ltr'><strong>tamen</strong></span> <span class='ocrx_word' id='word_1_535' title='bbox 1409 3665 1759 3721; x_wconf 84' lang='lat' dir='ltr'><strong>perseverare</strong></span> <span class='ocrx_word' id='word_1_536' title='bbox 1799 3657 2079 3712; x_wconf 82' lang='lat' dir='ltr'><strong>contendit</strong></span> 
     </span>
    </p>
   </div>
   <div class='ocr_carea' id='block_1_69' title="bbox 493 3739 2079 3818">
    <p class='ocr_par' dir='ltr' id='par_1_69' title="bbox 493 3739 2079 3818">
     <span class='ocr_line' id='line_1_69' title="bbox 493 3739 2079 3818; baseline 0.007 -26"><span class='ocrx_word' id='word_1_537' title='bbox 493 3739 768 3793; x_wconf 87' lang='lat' dir='ltr'><strong>contraria</strong></span> <span class='ocrx_word' id='word_1_538' title='bbox 801 3740 976 3796; x_wconf 90' lang='lat' dir='ltr'><strong>virtus</strong></span> <span class='ocrx_word' id='word_1_539' title='bbox 1011 3742 1388 3798; x_wconf 86' lang='lat' dir='ltr'><strong>amaritudinis</strong></span> <span class='ocrx_word' id='word_1_540' title='bbox 1411 3752 1466 3798; x_wconf 86' lang='lat' dir='ltr'><strong>et</strong></span> <span class='ocrx_word' id='word_1_541' title='bbox 1501 3745 1835 3813; x_wconf 85' lang='lat' dir='ltr'><strong>persistere;</strong></span> <span class='ocrx_word' id='word_1_542' title='bbox 1876 3748 1930 3801; x_wconf 91' lang='lat' dir='ltr'><strong>in</strong></span> <span class='ocrx_word' id='word_1_543' title='bbox 1969 3764 2079 3818; x_wconf 91' lang='lat' dir='ltr'><strong>quo</strong></span> 
     </span>
    </p>
   </div>
   <div class='ocr_carea' id='block_1_70' title="bbox 493 3827 2079 3907">
    <p class='ocr_par' dir='ltr' id='par_1_70' title="bbox 493 3827 2079 3907">
     <span class='ocr_line' id='line_1_70' title="bbox 493 3827 2079 3907; baseline 0.008 -26"><span class='ocrx_word' id='word_1_544' title='bbox 493 3827 600 3882; x_wconf 90' lang='lat' dir='ltr'><strong>tale</strong></span> <span class='ocrx_word' id='word_1_545' title='bbox 627 3828 810 3899; x_wconf 87' lang='lat' dir='ltr'><strong>aliquo</strong></span> <span class='ocrx_word' id='word_1_546' title='bbox 834 3830 1134 3902; x_wconf 87' lang='lat' dir='ltr'><strong>intelligere</strong></span> <span class='ocrx_word' id='word_1_547' title='bbox 1165 3834 1458 3901; x_wconf 84' lang='lat' dir='ltr'><strong>possimus,</strong></span> <span class='ocrx_word' id='word_1_548' title='bbox 1492 3836 1618 3903; x_wconf 87' lang='lat' dir='ltr'><strong>quia</strong></span> <span class='ocrx_word' id='word_1_549' title='bbox 1643 3836 1794 3900; x_wconf 90' lang='lat' dir='ltr'><strong>dicit,</strong></span> <span class='ocrx_word' id='word_1_550' title='bbox 1825 3853 2079 3907; x_wconf 87' lang='lat' dir='ltr'><strong>perman-</strong></span> 
     </span>
    </p>
   </div>
   <div class='ocr_carea' id='block_1_71' title="bbox 494 3921 2078 3997">
    <p class='ocr_par' dir='ltr' id='par_1_71' title="bbox 494 3921 2078 3997">
     <span class='ocr_line' id='line_1_71' title="bbox 494 3921 2078 3997; baseline 0.008 -24"><span class='ocrx_word' id='word_1_551' title='bbox 494 3921 566 3974; x_wconf 90' lang='lat' dir='ltr'><strong>sit</strong></span> <span class='ocrx_word' id='word_1_552' title='bbox 587 3921 937 3978; x_wconf 84' lang='lat' dir='ltr'><strong>Amorrhaeus</strong></span> <span class='ocrx_word' id='word_1_553' title='bbox 957 3924 1014 3978; x_wconf 85' lang='lat' dir='ltr'><strong>in</strong></span> <span class='ocrx_word' id='word_1_554' title='bbox 1038 3923 1192 3994; x_wconf 89' lang='lat' dir='ltr'><strong>ipsis.</strong></span> <span class='ocrx_word' id='word_1_555' title='bbox 1217 3923 1380 3981; x_wconf 77' lang='lat' dir='ltr'><strong>Verbi</strong></span> <span class='ocrx_word' id='word_1_556' title='bbox 1410 3927 1606 3997; x_wconf 87' lang='lat' dir='ltr'><strong>gratia,</strong></span> <span class='ocrx_word' id='word_1_557' title='bbox 1654 3928 1700 3982; x_wconf 90' lang='lat' dir='ltr'><strong>si</strong></span> <span class='ocrx_word' id='word_1_558' title='bbox 1726 3928 1941 3984; x_wconf 87' lang='lat' dir='ltr'><strong>inimica</strong></span> <span class='ocrx_word' id='word_1_559' title='bbox 1969 3931 2078 3984; x_wconf 87' lang='lat' dir='ltr'><strong>vir-</strong></span> 
     </span>
    </p>
   </div>
   <div class='ocr_carea' id='block_1_72' title="bbox 495 4014 2080 4077">
    <p class='ocr_par' dir='ltr' id='par_1_72' title="bbox 495 4014 2080 4077">
     <span class='ocr_line' id='line_1_72' title="bbox 495 4014 2080 4077; baseline 0.006 -10"><span class='ocrx_word' id='word_1_560' title='bbox 495 4014 626 4070; x_wconf 88' lang='lat' dir='ltr'><strong>tutis</strong></span> <span class='ocrx_word' id='word_1_561' title='bbox 660 4015 920 4071; x_wconf 62' lang='lat' dir='ltr'><strong>dmmonis</strong></span> <span class='ocrx_word' id='word_1_562' title='bbox 948 4031 1014 4070; x_wconf 88' lang='lat' dir='ltr'><strong>ex</strong></span> <span class='ocrx_word' id='word_1_563' title='bbox 1055 4017 1418 4072; x_wconf 88' lang='lat' dir='ltr'><strong>amaritudine</strong></span> <span class='ocrx_word' id='word_1_564' title='bbox 1463 4027 1641 4073; x_wconf 88' lang='lat' dir='ltr'><strong>turma</strong></span> <span class='ocrx_word' id='word_1_565' title='bbox 1671 4021 1898 4077; x_wconf 87' lang='lat' dir='ltr'><strong>veniens</strong></span> <span class='ocrx_word' id='word_1_566' title='bbox 1932 4023 2080 4077; x_wconf 88' lang='lat' dir='ltr'><strong>obsi-</strong></span> 
     </span>
    </p>
   </div>
   <div class='ocr_carea' id='block_1_73' title="bbox 494 4105 2074 4181">
    <p class='ocr_par' dir='ltr' id='par_1_73' title="bbox 494 4105 2074 4181">
     <span class='ocr_line' id='line_1_73' title="bbox 494 4105 2074 4181; baseline 0.007 -23"><span class='ocrx_word' id='word_1_567' title='bbox 494 4105 620 4158; x_wconf 89' lang='lat' dir='ltr'><strong>deat</strong></span> <span class='ocrx_word' id='word_1_568' title='bbox 654 4105 880 4174; x_wconf 87' lang='lat' dir='ltr'><strong>alicujus</strong></span> <span class='ocrx_word' id='word_1_569' title='bbox 904 4122 1101 4175; x_wconf 84' lang='lat' dir='ltr'><strong>corpus</strong></span> <span class='ocrx_word' id='word_1_570' title='bbox 1121 4147 1135 4172; x_wconf 91' lang='lat'><strong>,</strong></span> <span class='ocrx_word' id='word_1_571' title='bbox 1175 4110 1460 4178; x_wconf 86' lang='lat' dir='ltr'><strong>perturbat</strong></span> <span class='ocrx_word' id='word_1_572' title='bbox 1483 4117 1540 4164; x_wconf 88' lang='lat' dir='ltr'><strong>et</strong></span> <span class='ocrx_word' id='word_1_573' title='bbox 1564 4111 1783 4167; x_wconf 85' lang='lat' dir='ltr'><strong>hebetat</strong></span> <span class='ocrx_word' id='word_1_574' title='bbox 1831 4123 2074 4181; x_wconf 88' lang='lat' dir='ltr'><strong>ruentes,</strong></span> 
     </span>
    </p>
   </div>
   <div class='ocr_carea' id='block_1_74' title="bbox 497 4193 2079 4274">
    <p class='ocr_par' dir='ltr' id='par_1_74' title="bbox 497 4193 2079 4274">
     <span class='ocr_line' id='line_1_74' title="bbox 497 4193 2079 4274; baseline 0.009 -30"><span class='ocrx_word' id='word_1_575' title='bbox 497 4193 854 4248; x_wconf 84' lang='lat' dir='ltr'><strong>adhibeantur</strong></span> <span class='ocrx_word' id='word_1_576' title='bbox 879 4203 1062 4248; x_wconf 87' lang='lat' dir='ltr'><strong>autem</strong></span> <span class='ocrx_word' id='word_1_577' title='bbox 1095 4196 1276 4251; x_wconf 67' lang='lat' dir='ltr'><strong>multae</strong></span> <span class='ocrx_word' id='word_1_578' title='bbox 1313 4201 1595 4255; x_wconf 82' lang='lat' dir='ltr'><strong>orationes</strong></span> <span class='ocrx_word' id='word_1_579' title='bbox 1632 4211 1726 4255; x_wconf 85' lang='lat' dir='ltr'><strong>aut</strong></span> <span class='ocrx_word' id='word_1_580' title='bbox 1749 4205 1916 4259; x_wconf 87' lang='lat' dir='ltr'><strong>multa</strong></span> <span class='ocrx_word' id='word_1_581' title='bbox 1937 4203 2079 4274; x_wconf 83' lang='lat' dir='ltr'><strong>jeju-</strong></span> 
     </span>
    </p>
   </div>
   <div class='ocr_carea' id='block_1_75' title="bbox 496 4281 2073 4361">
    <p class='ocr_par' dir='ltr' id='par_1_75' title="bbox 496 4281 2073 4361">
     <span class='ocr_line' id='line_1_75' title="bbox 496 4281 2073 4361; baseline 0.009 -26"><span class='ocrx_word' id='word_1_582' title='bbox 496 4281 610 4347; x_wconf 90' lang='lat' dir='ltr'><strong>nia,</strong></span> <span class='ocrx_word' id='word_1_583' title='bbox 645 4281 827 4337; x_wconf 68' lang='lat' dir='ltr'><strong>multat</strong></span> <span class='ocrx_word' id='word_1_584' title='bbox 851 4283 1244 4338; x_wconf 78' lang='lat' dir='ltr'><strong>exorcistarum</strong></span> <span class='ocrx_word' id='word_1_585' title='bbox 1267 4287 1420 4341; x_wconf 67' lang='lat' dir='ltr'><strong>bonae</strong></span> <span class='ocrx_word' id='word_1_586' title='bbox 1448 4303 1640 4343; x_wconf 87' lang='lat' dir='ltr'><strong>manus</strong></span> <span class='ocrx_word' id='word_1_587' title='bbox 1683 4292 2073 4361; x_wconf 83' lang='lat' dir='ltr'><strong>impositiones.</strong></span> 
     </span>
    </p>
   </div>
   <div class='ocr_carea' id='block_1_76' title="bbox 496 4373 2080 4440">
    <p class='ocr_par' dir='ltr' id='par_1_76' title="bbox 496 4373 2080 4440">
     <span class='ocr_line' id='line_1_76' title="bbox 496 4373 2080 4440; baseline 0.008 -12"><span class='ocrx_word' id='word_1_588' title='bbox 496 4373 602 4429; x_wconf 88' lang='lat' dir='ltr'><strong>Sed</strong></span> <span class='ocrx_word' id='word_1_589' title='bbox 640 4373 882 4430; x_wconf 88' lang='lat' dir='ltr'><strong>adhibita</strong></span> <span class='ocrx_word' id='word_1_590' title='bbox 919 4375 1022 4430; x_wconf 85' lang='lat' dir='ltr'><strong>sibi</strong></span> <span class='ocrx_word' id='word_1_591' title='bbox 1066 4390 1135 4431; x_wconf 85' lang='lat' dir='ltr'><strong>ex</strong></span> <span class='ocrx_word' id='word_1_592' title='bbox 1174 4375 1272 4432; x_wconf 91' lang='lat' dir='ltr'><strong>Dei</strong></span> <span class='ocrx_word' id='word_1_593' title='bbox 1305 4378 1542 4433; x_wconf 83' lang='lat' dir='ltr'><strong>nominis</strong></span> <span class='ocrx_word' id='word_1_594' title='bbox 1583 4380 1925 4439; x_wconf 88' lang='lat' dir='ltr'><strong>invocatione</strong></span> <span class='ocrx_word' id='word_1_595' title='bbox 1965 4395 2080 4440; x_wconf 89' lang='lat' dir='ltr'><strong>tor-</strong></span> 
     </span>
    </p>
   </div>
   <div class='ocr_carea' id='block_1_77' title="bbox 466 4469 2071 4546">
    <p class='ocr_par' dir='ltr' id='par_1_77' title="bbox 466 4469 2071 4546">
     <span class='ocr_line' id='line_1_77' title="bbox 466 4469 2071 4546; baseline 0.006 -24"><span class='ocrx_word' id='word_1_596' title='bbox 466 4507 468 4509; x_wconf 90' lang='grc'><strong><em>-</em></strong></span> <span class='ocrx_word' id='word_1_597' title='bbox 493 4477 673 4526; x_wconf 81' lang='lat' dir='ltr'><strong>menta</strong></span> <span class='ocrx_word' id='word_1_598' title='bbox 704 4469 911 4524; x_wconf 88' lang='lat' dir='ltr'><strong>mavult</strong></span> <span class='ocrx_word' id='word_1_599' title='bbox 931 4469 1043 4540; x_wconf 84' lang='lat' dir='ltr'><strong>pati</strong></span> <span class='ocrx_word' id='word_1_600' title='bbox 1075 4469 1547 4538; x_wconf 88' lang='lat' dir='ltr'><strong>quam-discedere</strong></span> <span class='ocrx_word' id='word_1_601' title='bbox 1578 4472 1646 4527; x_wconf 90' lang='lat' dir='ltr'><strong>ab</strong></span> <span class='ocrx_word' id='word_1_602' title='bbox 1675 4473 1891 4530; x_wconf 88' lang='lat' dir='ltr'><strong>homine</strong></span> <span class='ocrx_word' id='word_1_603' title='bbox 1912 4492 2071 4546; x_wconf 85' lang='lat' dir='ltr'><strong>quem</strong></span> 
     </span>
    </p>
   </div>
   <div class='ocr_carea' id='block_1_78' title="bbox 495 4533 2153 4636">
    <p class='ocr_par' dir='ltr' id='par_1_78' title="bbox 495 4533 2153 4636">
     <span class='ocr_line' id='line_1_78' title="bbox 495 4533 2153 4636; baseline 0.005 -20"><span class='ocrx_word' id='word_1_604' title='bbox 495 4563 837 4632; x_wconf 86' lang='lat' dir='ltr'><strong>impudenter</strong></span> <span class='ocrx_word' id='word_1_605' title='bbox 863 4533 1071 4619; x_wconf 74' lang='lat' dir='ltr'><strong>obsidet</strong></span> <span class='ocrx_word' id='word_1_606' title='bbox 1183 4567 1436 4636; x_wconf 86' lang='lat' dir='ltr'><strong>nequiter</strong></span> <span class='ocrx_word' id='word_1_607' title='bbox 1465 4585 1478 4620; x_wconf 91' lang='lat'>:</span> <span class='ocrx_word' id='word_1_608' title='bbox 1513 4568 1585 4621; x_wconf 89' lang='lat' dir='ltr'><strong>ita</strong></span> <span class='ocrx_word' id='word_1_609' title='bbox 1609 4570 1775 4624; x_wconf 88' lang='lat' dir='ltr'><strong>etiam</strong></span> <span class='ocrx_word' id='word_1_610' title='bbox 1803 4571 1892 4626; x_wconf 90' lang='lat' dir='ltr'><strong>hic</strong></span> <span class='ocrx_word' id='word_1_611' title='bbox 1917 4533 2153 4626; x_wconf 74' lang='lat' dir='ltr'><strong>intel-‘D</strong></span> 
     </span>
    </p>
   </div>
   <div class='ocr_carea' id='block_1_79' title="bbox 494 4654 2070 4735">
    <p class='ocr_par' dir='ltr' id='par_1_79' title="bbox 494 4654 2070 4735">
     <span class='ocr_line' id='line_1_79' title="bbox 494 4654 2070 4735; baseline 0.01 -31"><span class='ocrx_word' id='word_1_612' title='bbox 494 4654 766 4722; x_wconf 84' lang='lat' dir='ltr'><strong>ligendum</strong></span> <span class='ocrx_word' id='word_1_613' title='bbox 811 4658 979 4710; x_wconf 87' lang='lat' dir='ltr'><strong>estin</strong></span> <span class='ocrx_word' id='word_1_614' title='bbox 1017 4658 1134 4712; x_wconf 87' lang='lat' dir='ltr'><strong>istis</strong></span> <span class='ocrx_word' id='word_1_615' title='bbox 1177 4659 1269 4728; x_wconf 89' lang='lat' dir='ltr'><strong>qui</strong></span> <span class='ocrx_word' id='word_1_616' title='bbox 1315 4660 1572 4714; x_wconf 87' lang='lat' dir='ltr'><strong>dicuntur</strong></span> <span class='ocrx_word' id='word_1_617' title='bbox 1607 4661 1922 4727; x_wconf 72' lang='lat' dir='ltr'><strong>Amorrhrei,</strong></span> <span class='ocrx_word' id='word_1_618' title='bbox 1979 4666 2070 4735; x_wconf 89' lang='lat' dir='ltr'><strong>qui</strong></span> 
     </span>
    </p>
   </div>
   <div class='ocr_carea' id='block_1_80' title="bbox 495 4742 2073 4816">
    <p class='ocr_par' dir='ltr' id='par_1_80' title="bbox 495 4742 2073 4816">
     <span class='ocr_line' id='line_1_80' title="bbox 495 4742 2073 4816; baseline 0.012 -23"><span class='ocrx_word' id='word_1_619' title='bbox 495 4753 812 4811; x_wconf 74' lang='lat' dir='ltr'><strong>permanent.</strong></span> <span class='ocrx_word' id='word_1_620' title='bbox 833 4755 888 4800; x_wconf 91' lang='lat' dir='ltr'><strong>et</strong></span> <span class='ocrx_word' id='word_1_621' title='bbox 924 4749 1219 4816; x_wconf 85' lang='lat' dir='ltr'><strong>persistunt</strong></span> <span class='ocrx_word' id='word_1_622' title='bbox 1251 4742 1572 4805; x_wconf 46' lang='lat' dir='ltr'><strong>habitare&#39;in</strong></span> <span class='ocrx_word' id='word_1_623' title='bbox 1597 4752 1729 4807; x_wconf 88' lang='lat' dir='ltr'><strong>Elon</strong></span> <span class='ocrx_word' id='word_1_624' title='bbox 1753 4764 1806 4808; x_wconf 88' lang='lat' dir='ltr'><strong>et</strong></span> <span class='ocrx_word' id='word_1_625' title='bbox 1829 4756 1881 4809; x_wconf 93' lang='lat' dir='ltr'><strong>in</strong></span> <span class='ocrx_word' id='word_1_626' title='bbox 1915 4755 2073 4812; x_wconf 88' lang='lat' dir='ltr'><strong>Salu-</strong></span> 
     </span>
    </p>
   </div>
   <div class='ocr_carea' id='block_1_81' title="bbox 495 4833 2073 4914">
    <p class='ocr_par' dir='ltr' id='par_1_81' title="bbox 495 4833 2073 4914">
     <span class='ocr_line' id='line_1_81' title="bbox 495 4833 2073 4914; baseline 0.01 -28"><span class='ocrx_word' id='word_1_627' title='bbox 495 4834 628 4890; x_wconf 83' lang='lat' dir='ltr'><strong>min.</strong></span> <span class='ocrx_word' id='word_1_628' title='bbox 675 4833 746 4888; x_wconf 86' lang='lat' dir='ltr'><strong>Et</strong></span> <span class='ocrx_word' id='word_1_629' title='bbox 770 4841 829 4888; x_wconf 87' lang='lat' dir='ltr'><strong>ut</strong></span> <span class='ocrx_word' id='word_1_630' title='bbox 852 4851 979 4891; x_wconf 88' lang='lat' dir='ltr'><strong>vere</strong></span> <span class='ocrx_word' id='word_1_631' title='bbox 999 4839 1310 4896; x_wconf 85' lang='lat' dir='ltr'><strong>ostenderet</strong></span> <span class='ocrx_word' id='word_1_632' title='bbox 1331 4840 1611 4912; x_wconf 71' lang='lat' dir='ltr'><strong>Scriptora</strong></span> <span class='ocrx_word' id='word_1_633' title='bbox 1637 4845 1764 4914; x_wconf 87' lang='lat' dir='ltr'><strong>quia</strong></span> <span class='ocrx_word' id='word_1_634' title='bbox 1794 4847 2073 4914; x_wconf 83' lang='lat' dir='ltr'><strong>perferen-</strong></span> 
     </span>
    </p>
   </div>
   <div class='ocr_carea' id='block_1_82' title="bbox 496 4927 2073 5008">
    <p class='ocr_par' dir='ltr' id='par_1_82' title="bbox 496 4927 2073 5008">
     <span class='ocr_line' id='line_1_82' title="bbox 496 4927 2073 5008; baseline 0.011 -31"><span class='ocrx_word' id='word_1_635' title='bbox 496 4933 575 4979; x_wconf 84' lang='lat' dir='ltr'><strong>tes</strong></span> <span class='ocrx_word' id='word_1_636' title='bbox 621 4939 808 4994; x_wconf 62' lang='lat' dir='ltr'><strong>pinnas</strong></span> <span class='ocrx_word' id='word_1_637' title='bbox 846 4934 903 4980; x_wconf 88' lang='lat' dir='ltr'><strong>et</strong></span> <span class='ocrx_word' id='word_1_638' title='bbox 952 4927 1157 4997; x_wconf 78' lang='lat' dir='ltr'><strong>ﬂagella</strong></span> <span class='ocrx_word' id='word_1_639' title='bbox 1199 4934 1518 5000; x_wconf 83' lang='lat' dir='ltr'><strong>persistunt,</strong></span> <span class='ocrx_word' id='word_1_640' title='bbox 1571 4934 1700 4989; x_wconf 88' lang='lat' dir='ltr'><strong>dicit</strong></span> <span class='ocrx_word' id='word_1_641' title='bbox 1733 4952 1746 4989; x_wconf 90' lang='lat'>:</span> <span class='ocrx_word' id='word_1_642' title='bbox 1774 4936 1841 4990; x_wconf 85' lang='lat' dir='ltr'><strong>Et</strong></span> <span class='ocrx_word' id='word_1_643' title='bbox 1892 4939 2073 5008; x_wconf 82' lang='lat' dir='ltr'><strong>gravis</strong></span> 
     </span>
    </p>
   </div>
   <div class='ocr_carea' id='block_1_83' title="bbox 492 5015 2075 5094">
    <p class='ocr_par' dir='ltr' id='par_1_83' title="bbox 492 5015 2075 5094">
     <span class='ocr_line' id='line_1_83' title="bbox 492 5015 2075 5094; baseline 0.011 -27"><span class='ocrx_word' id='word_1_644' title='bbox 492 5015 634 5071; x_wconf 86' lang='lat' dir='ltr'><strong>facta</strong></span> <span class='ocrx_word' id='word_1_645' title='bbox 655 5026 738 5074; x_wconf 88' lang='lat' dir='ltr'><strong>est</strong></span> <span class='ocrx_word' id='word_1_646' title='bbox 763 5032 956 5071; x_wconf 84' lang='lat' dir='ltr'><strong>manus</strong></span> <span class='ocrx_word' id='word_1_647' title='bbox 978 5017 1234 5086; x_wconf 79' lang='lat' dir='ltr'><strong>Epitraim</strong></span> <span class='ocrx_word' id='word_1_648' title='bbox 1261 5036 1422 5091; x_wconf 90' lang='lat' dir='ltr'><strong>super</strong></span> <span class='ocrx_word' id='word_1_649' title='bbox 1459 5025 1824 5081; x_wconf 61' lang='lat' dir='ltr'><strong>Amorrhaaos.</strong></span> <span class='ocrx_word' id='word_1_650' title='bbox 1865 5027 2075 5094; x_wconf 86' lang='lat' dir='ltr'><strong>Quibus</strong></span> 
     </span>
    </p>
   </div>
   <div class='ocr_carea' id='block_1_84' title="bbox 495 5107 2075 5188">
    <p class='ocr_par' dir='ltr' id='par_1_84' title="bbox 495 5107 2075 5188">
     <span class='ocr_line' id='line_1_84' title="bbox 495 5107 2075 5188; baseline 0.009 -28"><span class='ocrx_word' id='word_1_651' title='bbox 495 5116 676 5163; x_wconf 87' lang='lat' dir='ltr'><strong>autem</strong></span> <span class='ocrx_word' id='word_1_652' title='bbox 704 5109 886 5179; x_wconf 88' lang='lat' dir='ltr'><strong>gravis</strong></span> <span class='ocrx_word' id='word_1_653' title='bbox 909 5107 1139 5163; x_wconf 69' lang='lat' dir='ltr'><strong>edicitur</strong></span> <span class='ocrx_word' id='word_1_654' title='bbox 1163 5126 1354 5168; x_wconf 82' lang='lat' dir='ltr'><strong>manus</strong></span> <span class='ocrx_word' id='word_1_655' title='bbox 1383 5114 1638 5184; x_wconf 87' lang='lat' dir='ltr'><strong>Eph-raim</strong></span> <span class='ocrx_word' id='word_1_656' title='bbox 1681 5133 1844 5188; x_wconf 89' lang='lat' dir='ltr'><strong>super</strong></span> <span class='ocrx_word' id='word_1_657' title='bbox 1882 5119 2075 5175; x_wconf 87' lang='lat' dir='ltr'><strong>Amor-</strong></span> 
     </span>
    </p>
   </div>
   <div class='ocr_carea' id='block_1_85' title="bbox 495 5199 2071 5280">
    <p class='ocr_par' dir='ltr' id='par_1_85' title="bbox 495 5199 2071 5280">
     <span class='ocr_line' id='line_1_85' title="bbox 495 5199 2071 5280; baseline 0.01 -29"><span class='ocrx_word' id='word_1_658' title='bbox 495 5199 690 5265; x_wconf 63' lang='lat' dir='ltr'><strong>rhaaos,</strong></span> <span class='ocrx_word' id='word_1_659' title='bbox 719 5200 801 5255; x_wconf 88' lang='lat' dir='ltr'><strong>vel</strong></span> <span class='ocrx_word' id='word_1_660' title='bbox 827 5201 1225 5256; x_wconf 76' lang='lat' dir='ltr'><strong>exoroistarum</strong></span> <span class='ocrx_word' id='word_1_661' title='bbox 1262 5212 1322 5256; x_wconf 90' lang='lat' dir='ltr'><strong>ut</strong></span> <span class='ocrx_word' id='word_1_662' title='bbox 1348 5205 1599 5271; x_wconf 78' lang='lat' dir='ltr'><strong>diximus,</strong></span> <span class='ocrx_word' id='word_1_663' title='bbox 1635 5223 1829 5264; x_wconf 89' lang='lat' dir='ltr'><strong>manus</strong></span> <span class='ocrx_word' id='word_1_664' title='bbox 1849 5211 2071 5280; x_wconf 91' lang='lat' dir='ltr'><strong>imposi-</strong></span> 
     </span>
    </p>
   </div>
   <div class='ocr_carea' id='block_1_86' title="bbox 496 5291 2071 5374">
    <p class='ocr_par' dir='ltr' id='par_1_86' title="bbox 496 5291 2071 5374">
     <span class='ocr_line' id='line_1_86' title="bbox 496 5291 2071 5374; baseline 0.009 -31"><span class='ocrx_word' id='word_1_665' title='bbox 496 5291 639 5345; x_wconf 81' lang='lat' dir='ltr'><strong>tione</strong></span> <span class='ocrx_word' id='word_1_666' title='bbox 666 5293 933 5361; x_wconf 82' lang='lat' dir='ltr'><strong>imposita,</strong></span> <span class='ocrx_word' id='word_1_667' title='bbox 959 5292 1176 5363; x_wconf 81' lang='lat' dir='ltr'><strong>gravari</strong></span> <span class='ocrx_word' id='word_1_668' title='bbox 1209 5292 1409 5347; x_wconf 84' lang='lat' dir='ltr'><strong>dicitur</strong></span> <span class='ocrx_word' id='word_1_669' title='bbox 1429 5311 1592 5366; x_wconf 84' lang='lat' dir='ltr'><strong>super</strong></span> <span class='ocrx_word' id='word_1_670' title='bbox 1611 5299 1918 5356; x_wconf 91' lang='lat' dir='ltr'><strong>immundos</strong></span> <span class='ocrx_word' id='word_1_671' title='bbox 1959 5303 2071 5374; x_wconf 87' lang='lat' dir='ltr'><strong>spi-</strong></span> 
     </span>
    </p>
   </div>
   <div class='ocr_carea' id='block_1_87' title="bbox 463 5382 2069 5462">
    <p class='ocr_par' dir='ltr' id='par_1_87' title="bbox 463 5382 2069 5462">
     <span class='ocr_line' id='line_1_87' title="bbox 463 5382 2069 5462; baseline 0.007 -27"><span class='ocrx_word' id='word_1_672' title='bbox 463 5382 626 5438; x_wconf 76' lang='lat' dir='ltr'><strong>‘ritus</strong></span> <span class='ocrx_word' id='word_1_673' title='bbox 648 5397 838 5437; x_wconf 87' lang='lat' dir='ltr'><strong>manus</strong></span> <span class='ocrx_word' id='word_1_674' title='bbox 860 5383 1116 5453; x_wconf 84' lang='lat' dir='ltr'><strong>prraim</strong></span> <span class='ocrx_word' id='word_1_675' title='bbox 1135 5382 1222 5438; x_wconf 90' lang='lat' dir='ltr'><strong>vel</strong></span> <span class='ocrx_word' id='word_1_676' title='bbox 1253 5383 1381 5437; x_wconf 88' lang='lat' dir='ltr'><strong>boni</strong></span> <span class='ocrx_word' id='word_1_677' title='bbox 1403 5394 1575 5452; x_wconf 84' lang='lat' dir='ltr'><strong>actus,</strong></span> <span class='ocrx_word' id='word_1_678' title='bbox 1615 5389 1698 5444; x_wconf 85' lang='lat' dir='ltr'><strong>vel</strong></span> <span class='ocrx_word' id='word_1_679' title='bbox 1725 5391 1864 5445; x_wconf 89' lang='lat' dir='ltr'><strong>bona</strong></span> <span class='ocrx_word' id='word_1_680' title='bbox 1903 5405 2069 5462; x_wconf 88' lang='lat' dir='ltr'><strong>opera</strong></span> 
     </span>
    </p>
   </div>
   <div class='ocr_carea' id='block_1_88' title="bbox 490 5475 2069 5553">
    <p class='ocr_par' dir='ltr' id='par_1_88' title="bbox 490 5475 2069 5553">
     <span class='ocr_line' id='line_1_88' title="bbox 490 5475 2069 5553; baseline 0.008 -27"><span class='ocrx_word' id='word_1_681' title='bbox 490 5476 773 5544; x_wconf 84' lang='lat' dir='ltr'><strong>gravantia</strong></span> <span class='ocrx_word' id='word_1_682' title='bbox 814 5475 1054 5547; x_wconf 82' lang='lat' dir='ltr'><strong>aﬁlignnt</strong></span> <span class='ocrx_word' id='word_1_683' title='bbox 1084 5478 1390 5532; x_wconf 70' lang='lat' dir='ltr'><strong>daemonum</strong></span> <span class='ocrx_word' id='word_1_684' title='bbox 1423 5492 1616 5548; x_wconf 89' lang='lat' dir='ltr'><strong>genus,</strong></span> <span class='ocrx_word' id='word_1_685' title='bbox 1660 5484 2069 5553; x_wconf 86' lang='lat' dir='ltr'><strong>contrariasque</strong></span> 
     </span>
    </p>
   </div>
   <div class='ocr_carea' id='block_1_89' title="bbox 491 5564 2067 5644">
    <p class='ocr_par' dir='ltr' id='par_1_89' title="bbox 491 5564 2067 5644">
     <span class='ocr_line' id='line_1_89' title="bbox 491 5564 2067 5644; baseline 0.008 -27"><span class='ocrx_word' id='word_1_686' title='bbox 491 5564 738 5620; x_wconf 87' lang='lat' dir='ltr'><strong>virtutes.</strong></span> <span class='ocrx_word' id='word_1_687' title='bbox 761 5564 974 5632; x_wconf 72' lang='lat' dir='ltr'><strong>anto</strong></span> <span class='ocrx_word' id='word_1_688' title='bbox 991 5569 1136 5623; x_wconf 85' lang='lat' dir='ltr'><strong>enim</strong></span> <span class='ocrx_word' id='word_1_689' title='bbox 1159 5584 1261 5624; x_wconf 89' lang='lat' dir='ltr'><strong>nos</strong></span> <span class='ocrx_word' id='word_1_690' title='bbox 1281 5569 1506 5624; x_wconf 84' lang='lat' dir='ltr'><strong>meliora</strong></span> <span class='ocrx_word' id='word_1_691' title='bbox 1530 5572 1787 5641; x_wconf 86' lang='lat' dir='ltr'><strong>gerimus,</strong></span> <span class='ocrx_word' id='word_1_692' title='bbox 1814 5584 1868 5628; x_wconf 89' lang='lat' dir='ltr'><strong>et</strong></span> <span class='ocrx_word' id='word_1_693' title='bbox 1893 5591 2067 5644; x_wconf 87' lang='lat' dir='ltr'><strong>quan-</strong></span> 
     </span>
    </p>
   </div>
   <div class='ocr_carea' id='block_1_90' title="bbox 491 5658 2068 5727">
    <p class='ocr_par' dir='ltr' id='par_1_90' title="bbox 491 5658 2068 5727">
     <span class='ocr_line' id='line_1_90' title="bbox 491 5658 2068 5727; baseline 0.01 -19"><span class='ocrx_word' id='word_1_694' title='bbox 491 5663 604 5709; x_wconf 88' lang='lat' dir='ltr'><strong>tum</strong></span> <span class='ocrx_word' id='word_1_695' title='bbox 627 5658 683 5713; x_wconf 83' lang='lat' dir='ltr'><strong>in</strong></span> <span class='ocrx_word' id='word_1_696' title='bbox 704 5659 922 5727; x_wconf 81' lang='lat' dir='ltr'><strong>optimis</strong></span> <span class='ocrx_word' id='word_1_697' title='bbox 961 5675 1365 5727; x_wconf 85' lang='lat' dir='ltr'><strong>conversamur,</strong></span> <span class='ocrx_word' id='word_1_698' title='bbox 1389 5670 1541 5718; x_wconf 85' lang='lat' dir='ltr'><strong>tanto</strong></span> <span class='ocrx_word' id='word_1_699' title='bbox 1565 5663 1670 5719; x_wconf 81' lang='lat' dir='ltr'><strong>illis</strong></span> <span class='ocrx_word' id='word_1_700' title='bbox 1693 5665 1807 5721; x_wconf 77' lang='lat' dir='ltr'><strong>haec</strong></span> <span class='ocrx_word' id='word_1_701' title='bbox 1840 5669 2068 5724; x_wconf 86' lang='lat' dir='ltr'><strong>molesta</strong></span> 
     </span>
    </p>
   </div>
   <div class='ocr_carea' id='block_1_91' title="bbox 490 5747 2067 5823">
    <p class='ocr_par' dir='ltr' id='par_1_91' title="bbox 490 5747 2067 5823">
     <span class='ocr_line' id='line_1_91' title="bbox 490 5747 2067 5823; baseline 0.01 -19"><span class='ocrx_word' id='word_1_702' title='bbox 490 5747 792 5808; x_wconf 75' lang='lat' dir='ltr'><strong>eﬂiciuntur</strong></span> <span class='ocrx_word' id='word_1_703' title='bbox 814 5762 870 5808; x_wconf 87' lang='lat' dir='ltr'><strong>et</strong></span> <span class='ocrx_word' id='word_1_704' title='bbox 895 5755 1100 5823; x_wconf 76' lang='lat' dir='ltr'><strong>gravia.</strong></span> <span class='ocrx_word' id='word_1_705' title='bbox 1121 5755 1352 5818; x_wconf 79' lang='lat' dir='ltr'><strong>Gratum</strong></span> <span class='ocrx_word' id='word_1_706' title='bbox 1373 5758 1522 5812; x_wconf 83' lang='lat' dir='ltr'><strong>&#39;vero</strong></span> <span class='ocrx_word' id='word_1_707' title='bbox 1552 5756 1659 5814; x_wconf 87' lang='lat' dir='ltr'><strong>illis</strong></span> <span class='ocrx_word' id='word_1_708' title='bbox 1688 5766 1773 5814; x_wconf 88' lang='lat' dir='ltr'><strong>est</strong></span> <span class='ocrx_word' id='word_1_709' title='bbox 1792 5767 1847 5815; x_wconf 91' lang='lat' dir='ltr'><strong>et</strong></span> <span class='ocrx_word' id='word_1_710' title='bbox 1875 5773 2067 5820; x_wconf 86' lang='lat' dir='ltr'><strong>accen-</strong></span> 
     </span>
    </p>
   </div>
   <div class='ocr_carea' id='block_1_92' title="bbox 2185 3278 3766 3351">
    <p class='ocr_par' dir='ltr' id='par_1_92' title="bbox 2185 3278 3766 3351">
     <span class='ocr_line' id='line_1_92' title="bbox 2185 3278 3766 3351; baseline 0.004 -19"><span class='ocrx_word' id='word_1_711' title='bbox 2185 3278 2281 3332; x_wconf 88' lang='lat' dir='ltr'><strong>ﬁlii</strong></span> <span class='ocrx_word' id='word_1_712' title='bbox 2325 3278 2490 3334; x_wconf 88' lang='lat' dir='ltr'><strong>Israel</strong></span> <span class='ocrx_word' id='word_1_713' title='bbox 2541 3289 2744 3335; x_wconf 89' lang='lat' dir='ltr'><strong>sortem</strong></span> <span class='ocrx_word' id='word_1_714' title='bbox 2789 3279 2917 3335; x_wconf 77' lang='lat' dir='ltr'><strong>Iesu</strong></span> <span class='ocrx_word' id='word_1_715' title='bbox 2946 3281 3056 3336; x_wconf 84' lang='lat' dir='ltr'><strong>ﬁlio</strong></span> <span class='ocrx_word' id='word_1_716' title='bbox 3103 3282 3268 3337; x_wconf 82' lang='lat' dir='ltr'><strong>Nave.</strong></span> <span class='ocrx_word' id='word_1_717' title='bbox 3317 3283 3415 3337; x_wconf 88' lang='lat' dir='ltr'><strong>Sed</strong></span> <span class='ocrx_word' id='word_1_718' title='bbox 3456 3283 3766 3351; x_wconf 82' lang='lat' dir='ltr'><strong>ﬁguraliter</strong></span> 
     </span>
    </p>
   </div>
   <div class='ocr_carea' id='block_1_93' title="bbox 2184 3370 3766 3445">
    <p class='ocr_par' dir='ltr' id='par_1_93' title="bbox 2184 3370 3766 3445">
     <span class='ocr_line' id='line_1_93' title="bbox 2184 3370 3766 3445; baseline 0.006 -23"><span class='ocrx_word' id='word_1_719' title='bbox 2184 3370 2568 3439; x_wconf 82' lang='lat' dir='ltr'><strong>contingebant</strong></span> <span class='ocrx_word' id='word_1_720' title='bbox 2614 3371 2721 3426; x_wconf 88' lang='lat' dir='ltr'><strong>illis</strong></span> <span class='ocrx_word' id='word_1_721' title='bbox 2768 3387 2890 3442; x_wconf 83' lang='lat' dir='ltr'><strong>quae</strong></span> <span class='ocrx_word' id='word_1_722' title='bbox 2931 3373 3086 3429; x_wconf 89' lang='lat' dir='ltr'><strong>nobis</strong></span> <span class='ocrx_word' id='word_1_723' title='bbox 3131 3384 3494 3445; x_wconf 87' lang='lat' dir='ltr'><strong>proponuntur</strong></span> <span class='ocrx_word' id='word_1_724' title='bbox 3539 3375 3609 3429; x_wconf 86' lang='lat' dir='ltr'><strong>ad</strong></span> <span class='ocrx_word' id='word_1_725' title='bbox 3654 3375 3766 3431; x_wconf 81' lang='lat' dir='ltr'><strong>for-</strong></span> 
     </span>
    </p>
   </div>
   <div class='ocr_carea' id='block_1_94' title="bbox 2183 3465 3768 3538">
    <p class='ocr_par' dir='ltr' id='par_1_94' title="bbox 2183 3465 3768 3538">
     <span class='ocr_line' id='line_1_94' title="bbox 2183 3465 3768 3538; baseline 0.004 -22"><span class='ocrx_word' id='word_1_726' title='bbox 2183 3477 2348 3529; x_wconf 87' lang='lat' dir='ltr'><strong>mam,</strong></span> <span class='ocrx_word' id='word_1_727' title='bbox 2390 3472 2452 3518; x_wconf 88' lang='lat' dir='ltr'><strong>ut</strong></span> <span class='ocrx_word' id='word_1_728' title='bbox 2483 3471 2540 3518; x_wconf 91' lang='lat' dir='ltr'><strong>et</strong></span> <span class='ocrx_word' id='word_1_729' title='bbox 2585 3479 2685 3520; x_wconf 90' lang='lat' dir='ltr'><strong>nos</strong></span> <span class='ocrx_word' id='word_1_730' title='bbox 2717 3479 2998 3520; x_wconf 86' lang='lat' dir='ltr'><strong>servemus</strong></span> <span class='ocrx_word' id='word_1_731' title='bbox 3029 3476 3361 3538; x_wconf 72' lang='lat' dir='ltr'><strong>praeceptum</strong></span> <span class='ocrx_word' id='word_1_732' title='bbox 3393 3465 3517 3520; x_wconf 88' lang='lat' dir='ltr'><strong>illud</strong></span> <span class='ocrx_word' id='word_1_733' title='bbox 3548 3469 3690 3536; x_wconf 89' lang='lat' dir='ltr'><strong>quod</strong></span> <span class='ocrx_word' id='word_1_734' title='bbox 3715 3475 3768 3523; x_wconf 89' lang='lat' dir='ltr'><strong>et</strong></span> 
     </span>
    </p>
   </div>
   <div class='ocr_carea' id='block_1_95' title="bbox 2183 3555 3764 3628">
    <p class='ocr_par' dir='ltr' id='par_1_95' title="bbox 2183 3555 3764 3628">
     <span class='ocr_line' id='line_1_95' title="bbox 2183 3555 3764 3628; baseline 0.003 -20"><span class='ocrx_word' id='word_1_735' title='bbox 2183 3555 2288 3608; x_wconf 87' lang='lat' dir='ltr'><strong>iste</strong></span> <span class='ocrx_word' id='word_1_736' title='bbox 2307 3568 2475 3622; x_wconf 86' lang='lat' dir='ltr'><strong>opere</strong></span> <span class='ocrx_word' id='word_1_737' title='bbox 2498 3555 2758 3624; x_wconf 86' lang='lat' dir='ltr'><strong>implevit,</strong></span> <span class='ocrx_word' id='word_1_738' title='bbox 2807 3557 2952 3626; x_wconf 88' lang='lat' dir='ltr'><strong>quod</strong></span> <span class='ocrx_word' id='word_1_739' title='bbox 2974 3555 3174 3612; x_wconf 90' lang='lat' dir='ltr'><strong>dicitur</strong></span> <span class='ocrx_word' id='word_1_740' title='bbox 3202 3575 3217 3612; x_wconf 93' lang='lat'>:</span> <span class='ocrx_word' id='word_1_741' title='bbox 3245 3575 3265 3609; x_wconf 76' lang='grc' dir='ltr'><strong><em>ι</em></strong></span> <span class='ocrx_word' id='word_1_742' title='bbox 3307 3557 3520 3624; x_wconf 88' lang='lat' dir='ltr'><strong>Quanto</strong></span> <span class='ocrx_word' id='word_1_743' title='bbox 3547 3575 3764 3628; x_wconf 82' lang='lat' dir='ltr'><strong>magnus</strong></span> 
     </span>
    </p>
   </div>
   <div class='ocr_carea' id='block_1_96' title="bbox 2180 3645 3767 3719">
    <p class='ocr_par' dir='ltr' id='par_1_96' title="bbox 2180 3645 3767 3719">
     <span class='ocr_line' id='line_1_96' title="bbox 2180 3645 3767 3719; baseline 0.003 -21"><span class='ocrx_word' id='word_1_744' title='bbox 2180 3660 2271 3708; x_wconf 89' lang='lat' dir='ltr'><strong>es,</strong></span> <span class='ocrx_word' id='word_1_745' title='bbox 2318 3653 2470 3699; x_wconf 87' lang='lat' dir='ltr'><strong>tanto</strong></span> <span class='ocrx_word' id='word_1_746' title='bbox 2508 3645 2730 3700; x_wconf 88' lang='lat' dir='ltr'><strong>humilia</strong></span> <span class='ocrx_word' id='word_1_747' title='bbox 2778 3655 2832 3702; x_wconf 92' lang='lat' dir='ltr'><strong>te</strong></span> <span class='ocrx_word' id='word_1_748' title='bbox 2877 3648 3050 3719; x_wconf 89' lang='lat' dir='ltr'><strong>magis</strong></span> <span class='ocrx_word' id='word_1_749' title='bbox 3076 3648 3215 3718; x_wconf 90' lang='lat' dir='ltr'><strong>apud</strong></span> <span class='ocrx_word' id='word_1_750' title='bbox 3246 3649 3562 3714; x_wconf 88' lang='lat' dir='ltr'><strong>Dominum,</strong></span> <span class='ocrx_word' id='word_1_751' title='bbox 3601 3659 3653 3703; x_wconf 87' lang='lat' dir='ltr'><strong>et</strong></span> <span class='ocrx_word' id='word_1_752' title='bbox 3690 3651 3767 3703; x_wconf 89' lang='lat' dir='ltr'><strong>in-</strong></span> 
     </span>
    </p>
   </div>
   <div class='ocr_carea' id='block_1_97' title="bbox 2178 3737 3764 3810">
    <p class='ocr_par' dir='ltr' id='par_1_97' title="bbox 2178 3737 3764 3810">
     <span class='ocr_line' id='line_1_97' title="bbox 2178 3737 3764 3810; baseline 0.003 -20"><span class='ocrx_word' id='word_1_753' title='bbox 2178 3737 2365 3790; x_wconf 86' lang='lat' dir='ltr'><strong>venies</strong></span> <span class='ocrx_word' id='word_1_754' title='bbox 2413 3737 2642 3807; x_wconf 86' lang='lat' dir='ltr'><strong>gratiam</strong></span> <span class='ocrx_word' id='word_1_755' title='bbox 2689 3737 2888 3808; x_wconf 79' lang='lat' dir='ltr'><strong>(Eccli.</strong></span> <span class='ocrx_word' id='word_1_756' title='bbox 2933 3739 3056 3810; x_wconf 85' lang='lat' dir='ltr'><strong>ut).</strong></span> <span class='ocrx_word' id='word_1_757' title='bbox 3106 3761 3124 3792; x_wconf 70' lang='grc' dir='ltr'><strong><em>ι</em></strong></span> <span class='ocrx_word' id='word_1_758' title='bbox 3153 3739 3218 3794; x_wconf 86' lang='lat' dir='ltr'><strong>Et</strong></span> <span class='ocrx_word' id='word_1_759' title='bbox 3254 3739 3456 3794; x_wconf 84' lang='lat' dir='ltr'><strong>iterum</strong></span> <span class='ocrx_word' id='word_1_760' title='bbox 3514 3742 3764 3810; x_wconf 83' lang='lat' dir='ltr'><strong>scriptum</strong></span> 
     </span>
    </p>
   </div>
   <div class='ocr_carea' id='block_1_98' title="bbox 2178 3826 3766 3897">
    <p class='ocr_par' dir='ltr' id='par_1_98' title="bbox 2178 3826 3766 3897">
     <span class='ocr_line' id='line_1_98' title="bbox 2178 3826 3766 3897; baseline 0.004 -17"><span class='ocrx_word' id='word_1_761' title='bbox 2178 3834 2300 3880; x_wconf 90' lang='lat' dir='ltr'><strong>est:</strong></span> <span class='ocrx_word' id='word_1_762' title='bbox 2340 3845 2360 3878; x_wconf 74' lang='grc' dir='ltr'><strong>ε</strong></span> <span class='ocrx_word' id='word_1_763' title='bbox 2396 3826 2453 3881; x_wconf 91' lang='lat' dir='ltr'><strong>Si</strong></span> <span class='ocrx_word' id='word_1_764' title='bbox 2483 3835 2538 3882; x_wconf 84' lang='lat' dir='ltr'><strong>te</strong></span> <span class='ocrx_word' id='word_1_765' title='bbox 2584 3829 2776 3883; x_wconf 88' lang='lat' dir='ltr'><strong>ducem</strong></span> <span class='ocrx_word' id='word_1_766' title='bbox 2803 3830 3205 3897; x_wconf 88' lang='lat' dir='ltr'><strong>ordinaverint,</strong></span> <span class='ocrx_word' id='word_1_767' title='bbox 3235 3846 3303 3885; x_wconf 90' lang='lat' dir='ltr'><strong>ne</strong></span> <span class='ocrx_word' id='word_1_768' title='bbox 3345 3831 3644 3896; x_wconf 84' lang='lat' dir='ltr'><strong>extollaris,</strong></span> <span class='ocrx_word' id='word_1_769' title='bbox 3680 3830 3766 3886; x_wconf 86' lang='lat' dir='ltr'><strong>sed</strong></span> 
     </span>
    </p>
   </div>
   <div class='ocr_carea' id='block_1_99' title="bbox 2177 3917 3757 3994">
    <p class='ocr_par' dir='ltr' id='par_1_99' title="bbox 2177 3917 3757 3994">
     <span class='ocr_line' id='line_1_99' title="bbox 2177 3917 3757 3994; baseline 0.004 -25"><span class='ocrx_word' id='word_1_770' title='bbox 2177 3926 2296 3971; x_wconf 87' lang='lat' dir='ltr'><strong>esto</strong></span> <span class='ocrx_word' id='word_1_771' title='bbox 2335 3917 2480 3972; x_wconf 91' lang='lat' dir='ltr'><strong>inter</strong></span> <span class='ocrx_word' id='word_1_772' title='bbox 2515 3932 2611 3973; x_wconf 89' lang='lat' dir='ltr'><strong>eos</strong></span> <span class='ocrx_word' id='word_1_773' title='bbox 2650 3920 2804 3989; x_wconf 86' lang='lat' dir='ltr'><strong>quasi</strong></span> <span class='ocrx_word' id='word_1_774' title='bbox 2832 3935 2972 3976; x_wconf 90' lang='lat' dir='ltr'><strong>unus</strong></span> <span class='ocrx_word' id='word_1_775' title='bbox 3009 3936 3076 3976; x_wconf 83' lang='lat' dir='ltr'><strong>ex</strong></span> <span class='ocrx_word' id='word_1_776' title='bbox 3123 3922 3255 3992; x_wconf 89' lang='lat' dir='ltr'><strong>ipsis</strong></span> <span class='ocrx_word' id='word_1_777' title='bbox 3286 3921 3487 3994; x_wconf 80' lang='lat' dir='ltr'><strong>(Eccli.</strong></span> <span class='ocrx_word' id='word_1_778' title='bbox 3515 3925 3711 3993; x_wconf 77' lang='lat' dir='ltr'><strong>xxxii).</strong></span> <span class='ocrx_word' id='word_1_779' title='bbox 3739 3943 3757 3976; x_wconf 80' lang='grc'><strong>›</strong></span> 
     </span>
    </p>
   </div>
   <div class='ocr_carea' id='block_1_100' title="bbox 2180 4009 3761 4086">
    <p class='ocr_par' dir='ltr' id='par_1_100' title="bbox 2180 4009 3761 4086">
     <span class='ocr_line' id='line_1_100' title="bbox 2180 4009 3761 4086; baseline 0.004 -22"><span class='ocrx_word' id='word_1_780' title='bbox 2180 4009 2315 4065; x_wconf 85' lang='lat' dir='ltr'><strong>Vide</strong></span> <span class='ocrx_word' id='word_1_781' title='bbox 2341 4023 2473 4080; x_wconf 87' lang='lat' dir='ltr'><strong>ergo</strong></span> <span class='ocrx_word' id='word_1_782' title='bbox 2501 4013 2770 4081; x_wconf 81' lang='lat' dir='ltr'><strong>quomodo</strong></span> <span class='ocrx_word' id='word_1_783' title='bbox 2796 4013 3028 4069; x_wconf 75' lang='lat' dir='ltr'><strong>duxerat</strong></span> <span class='ocrx_word' id='word_1_784' title='bbox 3072 4016 3354 4084; x_wconf 90' lang='lat' dir='ltr'><strong>populum,</strong></span> <span class='ocrx_word' id='word_1_785' title='bbox 3403 4017 3518 4083; x_wconf 84' lang='lat' dir='ltr'><strong>ipse</strong></span> <span class='ocrx_word' id='word_1_786' title='bbox 3549 4017 3635 4086; x_wconf 88' lang='lat' dir='ltr'><strong>qui</strong></span> <span class='ocrx_word' id='word_1_787' title='bbox 3672 4031 3761 4070; x_wconf 85' lang='lat' dir='ltr'><strong>eos</strong></span> 
     </span>
    </p>
   </div>
   <div class='ocr_carea' id='block_1_101' title="bbox 2179 4101 3759 4171">
    <p class='ocr_par' dir='ltr' id='par_1_101' title="bbox 2179 4101 3759 4171">
     <span class='ocr_line' id='line_1_101' title="bbox 2179 4101 3759 4171; baseline 0.005 -18"><span class='ocrx_word' id='word_1_788' title='bbox 2179 4101 2553 4156; x_wconf 85' lang='lat' dir='ltr'><strong>introduxerat</strong></span> <span class='ocrx_word' id='word_1_789' title='bbox 2601 4104 2656 4157; x_wconf 87' lang='lat' dir='ltr'><strong>in</strong></span> <span class='ocrx_word' id='word_1_790' title='bbox 2709 4113 2910 4159; x_wconf 90' lang='lat' dir='ltr'><strong>terram</strong></span> <span class='ocrx_word' id='word_1_791' title='bbox 2970 4115 3254 4171; x_wconf 88' lang='lat' dir='ltr'><strong>sanctam,</strong></span> <span class='ocrx_word' id='word_1_792' title='bbox 3317 4108 3373 4162; x_wconf 91' lang='lat' dir='ltr'><strong>in</strong></span> <span class='ocrx_word' id='word_1_793' title='bbox 3427 4119 3611 4162; x_wconf 77' lang='lat' dir='ltr'><strong>terram</strong></span> <span class='ocrx_word' id='word_1_794' title='bbox 3674 4123 3759 4161; x_wconf 86' lang='lat' dir='ltr'><strong>re-</strong></span> 
     </span>
    </p>
   </div>
   <div class='ocr_carea' id='block_1_102' title="bbox 2178 4193 3757 4271">
    <p class='ocr_par' dir='ltr' id='par_1_102' title="bbox 2178 4193 3757 4271">
     <span class='ocr_line' id='line_1_102' title="bbox 2178 4193 3757 4271; baseline 0.005 -25"><span class='ocrx_word' id='word_1_795' title='bbox 2178 4193 2600 4262; x_wconf 87' lang='lat' dir='ltr'><strong>promissionis:</strong></span> <span class='ocrx_word' id='word_1_796' title='bbox 2643 4196 2756 4266; x_wconf 90' lang='lat' dir='ltr'><strong>ipse</strong></span> <span class='ocrx_word' id='word_1_797' title='bbox 2798 4205 2916 4252; x_wconf 90' lang='lat' dir='ltr'><strong>erat</strong></span> <span class='ocrx_word' id='word_1_798' title='bbox 2967 4213 3252 4253; x_wconf 87' lang='lat' dir='ltr'><strong>successor</strong></span> <span class='ocrx_word' id='word_1_799' title='bbox 3305 4199 3494 4271; x_wconf 74' lang='lat' dir='ltr'><strong>Moysn,</strong></span> <span class='ocrx_word' id='word_1_800' title='bbox 3545 4206 3596 4252; x_wconf 82' lang='lat' dir='ltr'><strong>ct</strong></span> <span class='ocrx_word' id='word_1_801' title='bbox 3653 4217 3757 4254; x_wconf 84' lang='lat' dir='ltr'><strong>non</strong></span> 
     </span>
    </p>
   </div>
   <div class='ocr_carea' id='block_1_103' title="bbox 2180 4282 3759 4360">
    <p class='ocr_par' dir='ltr' id='par_1_103' title="bbox 2180 4282 3759 4360">
     <span class='ocr_line' id='line_1_103' title="bbox 2180 4282 3759 4360; baseline 0.004 -24"><span class='ocrx_word' id='word_1_802' title='bbox 2180 4282 2298 4354; x_wconf 90' lang='lat' dir='ltr'><strong>ipse</strong></span> <span class='ocrx_word' id='word_1_803' title='bbox 2345 4299 2559 4339; x_wconf 87' lang='lat' dir='ltr'><strong>sumere</strong></span> <span class='ocrx_word' id='word_1_804' title='bbox 2609 4288 2857 4355; x_wconf 88' lang='lat' dir='ltr'><strong>permisit</strong></span> <span class='ocrx_word' id='word_1_805' title='bbox 2918 4299 3121 4345; x_wconf 89' lang='lat' dir='ltr'><strong>sortem</strong></span> <span class='ocrx_word' id='word_1_806' title='bbox 3170 4299 3372 4356; x_wconf 68' lang='lat' dir='ltr'><strong>terrm,</strong></span> <span class='ocrx_word' id='word_1_807' title='bbox 3435 4292 3526 4346; x_wconf 86' lang='lat' dir='ltr'><strong>sed</strong></span> <span class='ocrx_word' id='word_1_808' title='bbox 3573 4306 3759 4360; x_wconf 76' lang='lat' dir='ltr'><strong>exspe-</strong></span> 
     </span>
    </p>
   </div>
   <div class='ocr_carea' id='block_1_104' title="bbox 2177 4379 3763 4455">
    <p class='ocr_par' dir='ltr' id='par_1_104' title="bbox 2177 4379 3763 4455">
     <span class='ocr_line' id='line_1_104' title="bbox 2177 4379 3763 4455; baseline 0.004 -23"><span class='ocrx_word' id='word_1_809' title='bbox 2177 4383 2290 4432; x_wconf 90' lang='lat' dir='ltr'><strong>ctat</strong></span> <span class='ocrx_word' id='word_1_810' title='bbox 2335 4385 2398 4432; x_wconf 91' lang='lat' dir='ltr'><strong>ut</strong></span> <span class='ocrx_word' id='word_1_811' title='bbox 2447 4379 2679 4448; x_wconf 87' lang='lat' dir='ltr'><strong>accipiat</strong></span> <span class='ocrx_word' id='word_1_812' title='bbox 2731 4381 3150 4448; x_wconf 88' lang='lat' dir='ltr'><strong>portiunculam.</strong></span> <span class='ocrx_word' id='word_1_813' title='bbox 3207 4383 3414 4455; x_wconf 83' lang='lat' dir='ltr'><strong>Dignus</strong></span> <span class='ocrx_word' id='word_1_814' title='bbox 3460 4382 3606 4437; x_wconf 87' lang='lat' dir='ltr'><strong>Iesus</strong></span> <span class='ocrx_word' id='word_1_815' title='bbox 3659 4385 3763 4438; x_wconf 85' lang='lat' dir='ltr'><strong>hoc</strong></span> 
     </span>
    </p>
   </div>
   <div class='ocr_carea' id='block_1_105' title="bbox 2179 4470 3750 4546">
    <p class='ocr_par' dir='ltr' id='par_1_105' title="bbox 2179 4470 3750 4546">
     <span class='ocr_line' id='line_1_105' title="bbox 2179 4470 3750 4546; baseline -0.001 -18"><span class='ocrx_word' id='word_1_816' title='bbox 2179 4470 2398 4528; x_wconf 82' lang='lat' dir='ltr'><strong>nomine</strong></span> <span class='ocrx_word' id='word_1_817' title='bbox 2455 4471 2688 4528; x_wconf 62' lang='lat' dir='ltr'><strong>aedificat</strong></span> <span class='ocrx_word' id='word_1_818' title='bbox 2739 4473 2916 4529; x_wconf 86' lang='lat' dir='ltr'><strong>locum</strong></span> <span class='ocrx_word' id='word_1_819' title='bbox 2965 4476 3142 4545; x_wconf 91' lang='lat' dir='ltr'><strong>ipsum</strong></span> <span class='ocrx_word' id='word_1_820' title='bbox 3195 4492 3358 4546; x_wconf 90' lang='lat' dir='ltr'><strong>quem</strong></span> <span class='ocrx_word' id='word_1_821' title='bbox 3413 4476 3642 4546; x_wconf 80' lang='lat' dir='ltr'><strong>accepit.</strong></span> <span class='ocrx_word' id='word_1_822' title='bbox 3699 4486 3750 4528; x_wconf 79' lang='lat' dir='ltr'><strong>et</strong></span> 
     </span>
    </p>
   </div>
   <div class='ocr_carea' id='block_1_106' title="bbox 2180 4564 3762 4637">
    <p class='ocr_par' dir='ltr' id='par_1_106' title="bbox 2180 4564 3762 4637">
     <span class='ocr_line' id='line_1_106' title="bbox 2180 4564 3762 4637; baseline 0.003 -20"><span class='ocrx_word' id='word_1_823' title='bbox 2180 4564 2446 4618; x_wconf 89' lang='lat' dir='ltr'><strong>construit</strong></span> <span class='ocrx_word' id='word_1_824' title='bbox 2468 4579 2612 4628; x_wconf 89' lang='lat' dir='ltr'><strong>eum,</strong></span> <span class='ocrx_word' id='word_1_825' title='bbox 2647 4573 2706 4618; x_wconf 90' lang='lat' dir='ltr'><strong>ut</strong></span> <span class='ocrx_word' id='word_1_826' title='bbox 2735 4581 2859 4621; x_wconf 87' lang='lat' dir='ltr'><strong>vere</strong></span> <span class='ocrx_word' id='word_1_827' title='bbox 2886 4565 3104 4637; x_wconf 90' lang='lat' dir='ltr'><strong>dignum</strong></span> <span class='ocrx_word' id='word_1_828' title='bbox 3132 4566 3303 4623; x_wconf 82' lang='lat' dir='ltr'><strong>faciat</strong></span> <span class='ocrx_word' id='word_1_829' title='bbox 3335 4585 3557 4624; x_wconf 89' lang='lat' dir='ltr'><strong>munere</strong></span> <span class='ocrx_word' id='word_1_830' title='bbox 3589 4569 3683 4622; x_wconf 74' lang='lat' dir='ltr'><strong>Dei</strong></span> <span class='ocrx_word' id='word_1_831' title='bbox 3713 4576 3762 4624; x_wconf 86' lang='lat' dir='ltr'><strong>et</strong></span> 
     </span>
    </p>
   </div>
   <div class='ocr_carea' id='block_1_107' title="bbox 2180 4655 3763 4728">
    <p class='ocr_par' dir='ltr' id='par_1_107' title="bbox 2180 4655 3763 4728">
     <span class='ocr_line' id='line_1_107' title="bbox 2180 4655 3763 4728; baseline 0.003 -20"><span class='ocrx_word' id='word_1_832' title='bbox 2180 4655 2495 4710; x_wconf 57' lang='lat' dir='ltr'><strong>haereditate</strong></span> <span class='ocrx_word' id='word_1_833' title='bbox 2544 4656 2743 4710; x_wconf 85' lang='lat' dir='ltr'><strong>divina.</strong></span> <span class='ocrx_word' id='word_1_834' title='bbox 2802 4656 2910 4714; x_wconf 90' lang='lat' dir='ltr'><strong>Sed</strong></span> <span class='ocrx_word' id='word_1_835' title='bbox 2957 4660 3214 4728; x_wconf 89' lang='lat' dir='ltr'><strong>quoniam</strong></span> <span class='ocrx_word' id='word_1_836' title='bbox 3266 4661 3335 4715; x_wconf 85' lang='lat' dir='ltr'><strong>ad</strong></span> <span class='ocrx_word' id='word_1_837' title='bbox 3379 4661 3667 4716; x_wconf 86' lang='lat' dir='ltr'><strong>Dominum</strong></span> <span class='ocrx_word' id='word_1_838' title='bbox 3714 4668 3763 4714; x_wconf 85' lang='lat' dir='ltr'><strong>et</strong></span> 
     </span>
    </p>
   </div>
   <div class='ocr_carea' id='block_1_108' title="bbox 2182 4744 3762 4820">
    <p class='ocr_par' dir='ltr' id='par_1_108' title="bbox 2182 4744 3762 4820">
     <span class='ocr_line' id='line_1_108' title="bbox 2182 4744 3762 4820; baseline 0.003 -20"><span class='ocrx_word' id='word_1_839' title='bbox 2182 4744 2518 4801; x_wconf 70' lang='lat' dir='ltr'><strong>Salvator-em</strong></span> <span class='ocrx_word' id='word_1_840' title='bbox 2551 4758 2796 4802; x_wconf 88' lang='lat' dir='ltr'><strong>nostrum</strong></span> <span class='ocrx_word' id='word_1_841' title='bbox 2825 4764 2889 4804; x_wconf 85' lang='lat' dir='ltr'><strong>ea</strong></span> <span class='ocrx_word' id='word_1_842' title='bbox 2923 4767 3043 4820; x_wconf 65' lang='lat' dir='ltr'><strong>qua:</strong></span> <span class='ocrx_word' id='word_1_843' title='bbox 3065 4751 3130 4806; x_wconf 87' lang='lat' dir='ltr'><strong>de</strong></span> <span class='ocrx_word' id='word_1_844' title='bbox 3170 4751 3302 4807; x_wconf 85' lang='lat' dir='ltr'><strong>Iesu</strong></span> <span class='ocrx_word' id='word_1_845' title='bbox 3334 4755 3647 4808; x_wconf 84' lang='lat' dir='ltr'><strong>scribuntur</strong></span> <span class='ocrx_word' id='word_1_846' title='bbox 3686 4767 3762 4804; x_wconf 87' lang='lat' dir='ltr'><strong>re-</strong></span> 
     </span>
    </p>
   </div>
   <div class='ocr_carea' id='block_1_109' title="bbox 2181 4839 3763 4907">
    <p class='ocr_par' dir='ltr' id='par_1_109' title="bbox 2181 4839 3763 4907">
     <span class='ocr_line' id='line_1_109' title="bbox 2181 4839 3763 4907; baseline 0.002 -15"><span class='ocrx_word' id='word_1_847' title='bbox 2181 4839 2324 4896; x_wconf 85' lang='lat' dir='ltr'><strong>ferre</strong></span> <span class='ocrx_word' id='word_1_848' title='bbox 2354 4843 2750 4907; x_wconf 86' lang='lat' dir='ltr'><strong>consuevimus,</strong></span> <span class='ocrx_word' id='word_1_849' title='bbox 2804 4843 3052 4899; x_wconf 82' lang='lat' dir='ltr'><strong>fortassis</strong></span> <span class='ocrx_word' id='word_1_850' title='bbox 3079 4845 3246 4899; x_wconf 88' lang='lat' dir='ltr'><strong>etiam</strong></span> <span class='ocrx_word' id='word_1_851' title='bbox 3272 4854 3463 4901; x_wconf 88' lang='lat' dir='ltr'><strong>noster</strong></span> <span class='ocrx_word' id='word_1_852' title='bbox 3491 4845 3661 4900; x_wconf 75' lang='lat' dir='ltr'><strong>omnis</strong></span> <span class='ocrx_word' id='word_1_853' title='bbox 3680 4843 3763 4896; x_wconf 86' lang='lat' dir='ltr'><strong>hic</strong></span> 
     </span>
    </p>
   </div>
   <div class='ocr_carea' id='block_1_110' title="bbox 2179 4933 3758 5006">
    <p class='ocr_par' dir='ltr' id='par_1_110' title="bbox 2179 4933 3758 5006">
     <span class='ocr_line' id='line_1_110' title="bbox 2179 4933 3758 5006; baseline 0 -18"><span class='ocrx_word' id='word_1_854' title='bbox 2179 4933 2406 5002; x_wconf 88' lang='lat' dir='ltr'><strong>populus</strong></span> <span class='ocrx_word' id='word_1_855' title='bbox 2445 4934 2537 4988; x_wconf 89' lang='lat' dir='ltr'><strong>dat</strong></span> <span class='ocrx_word' id='word_1_856' title='bbox 2582 4934 2816 5005; x_wconf 89' lang='lat' dir='ltr'><strong>aliquam</strong></span> <span class='ocrx_word' id='word_1_857' title='bbox 2861 4938 3164 5006; x_wconf 85' lang='lat' dir='ltr'><strong>portionem</strong></span> <span class='ocrx_word' id='word_1_858' title='bbox 3195 4954 3317 4992; x_wconf 87' lang='lat' dir='ltr'><strong>meo</strong></span> <span class='ocrx_word' id='word_1_859' title='bbox 3361 4937 3592 4992; x_wconf 89' lang='lat' dir='ltr'><strong>Domino</strong></span> <span class='ocrx_word' id='word_1_860' title='bbox 3613 4933 3758 5002; x_wconf 70' lang='lat' dir='ltr'><strong>Iesu.</strong></span> 
     </span>
    </p>
   </div>
   <div class='ocr_carea' id='block_1_111' title="bbox 2185 5017 3760 5100">
    <p class='ocr_par' dir='ltr' id='par_1_111' title="bbox 2185 5017 3760 5100">
     <span class='ocr_line' id='line_1_111' title="bbox 2185 5017 3760 5100; baseline 0 -20"><span class='ocrx_word' id='word_1_861' title='bbox 2185 5033 2239 5080; x_wconf 92' lang='lat' dir='ltr'><strong>et</strong></span> <span class='ocrx_word' id='word_1_862' title='bbox 2275 5025 2422 5079; x_wconf 88' lang='lat' dir='ltr'><strong>velut</strong></span> <span class='ocrx_word' id='word_1_863' title='bbox 2460 5024 2636 5080; x_wconf 88' lang='lat' dir='ltr'><strong>locum</strong></span> <span class='ocrx_word' id='word_1_864' title='bbox 2679 5017 3334 5097; x_wconf 52' lang='lat' dir='ltr'><strong>quemdam&#39;habitationt</strong></span> <span class='ocrx_word' id='word_1_865' title='bbox 3391 5031 3502 5100; x_wconf 85' lang='lat' dir='ltr'><strong>ejus</strong></span> <span class='ocrx_word' id='word_1_866' title='bbox 3545 5027 3760 5081; x_wconf 88' lang='lat' dir='ltr'><strong>tribuit.</strong></span> 
     </span>
    </p>
   </div>
   <div class='ocr_carea' id='block_1_112' title="bbox 2185 5113 3770 5192">
    <p class='ocr_par' dir='ltr' id='par_1_112' title="bbox 2185 5113 3770 5192">
     <span class='ocr_line' id='line_1_112' title="bbox 2185 5113 3770 5192; baseline 0.003 -23"><span class='ocrx_word' id='word_1_867' title='bbox 2185 5113 2292 5170; x_wconf 90' lang='lat' dir='ltr'><strong>Sed</strong></span> <span class='ocrx_word' id='word_1_868' title='bbox 2334 5131 2402 5170; x_wconf 90' lang='lat' dir='ltr'><strong>ne</strong></span> <span class='ocrx_word' id='word_1_869' title='bbox 2436 5116 2755 5186; x_wconf 90' lang='lat' dir='ltr'><strong>injuriosum</strong></span> <span class='ocrx_word' id='word_1_870' title='bbox 2801 5121 3050 5177; x_wconf 88' lang='lat' dir='ltr'><strong>videatur</strong></span> <span class='ocrx_word' id='word_1_871' title='bbox 3077 5138 3197 5177; x_wconf 87' lang='lat' dir='ltr'><strong>esse</strong></span> <span class='ocrx_word' id='word_1_872' title='bbox 3244 5126 3390 5192; x_wconf 90' lang='lat' dir='ltr'><strong>quod</strong></span> <span class='ocrx_word' id='word_1_873' title='bbox 3423 5125 3635 5185; x_wconf 88' lang='lat' dir='ltr'><strong>dicitur,</strong></span> <span class='ocrx_word' id='word_1_874' title='bbox 3683 5137 3770 5174; x_wconf 81' lang='lat' dir='ltr'><strong>re-</strong></span> 
     </span>
    </p>
   </div>
   <div class='ocr_carea' id='block_1_113' title="bbox 2181 5209 3772 5279">
    <p class='ocr_par' dir='ltr' id='par_1_113' title="bbox 2181 5209 3772 5279">
     <span class='ocr_line' id='line_1_113' title="bbox 2181 5209 3772 5279; baseline 0.002 -18"><span class='ocrx_word' id='word_1_875' title='bbox 2181 5209 2460 5277; x_wconf 89' lang='lat' dir='ltr'><strong>quiramus</strong></span> <span class='ocrx_word' id='word_1_876' title='bbox 2489 5213 2759 5279; x_wconf 89' lang='lat' dir='ltr'><strong>quomodo</strong></span> <span class='ocrx_word' id='word_1_877' title='bbox 2783 5211 2833 5266; x_wconf 90' lang='lat' dir='ltr'><strong>ei</strong></span> <span class='ocrx_word' id='word_1_878' title='bbox 2860 5214 3051 5268; x_wconf 91' lang='lat' dir='ltr'><strong>damus</strong></span> <span class='ocrx_word' id='word_1_879' title='bbox 3091 5230 3189 5268; x_wconf 88' lang='lat' dir='ltr'><strong>nos</strong></span> <span class='ocrx_word' id='word_1_880' title='bbox 3229 5215 3373 5268; x_wconf 81' lang='lat' dir='ltr'><strong>servi</strong></span> <span class='ocrx_word' id='word_1_881' title='bbox 3421 5213 3772 5268; x_wconf 85' lang='lat' dir='ltr'><strong>habitationis</strong></span> 
     </span>
    </p>
   </div>
   <div class='ocr_carea' id='block_1_114' title="bbox 2181 5300 3773 5372">
    <p class='ocr_par' dir='ltr' id='par_1_114' title="bbox 2181 5300 3773 5372">
     <span class='ocr_line' id='line_1_114' title="bbox 2181 5300 3773 5372; baseline 0.003 -19"><span class='ocrx_word' id='word_1_882' title='bbox 2181 5300 2377 5354; x_wconf 91' lang='lat' dir='ltr'><strong>locum.</strong></span> <span class='ocrx_word' id='word_1_883' title='bbox 2407 5300 2517 5372; x_wconf 87' lang='lat' dir='ltr'><strong>Ego</strong></span> <span class='ocrx_word' id='word_1_884' title='bbox 2549 5302 2592 5356; x_wconf 91' lang='lat' dir='ltr'><strong>si</strong></span> <span class='ocrx_word' id='word_1_885' title='bbox 2623 5317 2842 5372; x_wconf 91' lang='lat' dir='ltr'><strong>possum</strong></span> <span class='ocrx_word' id='word_1_886' title='bbox 2871 5303 3044 5359; x_wconf 92' lang='lat' dir='ltr'><strong>bonus</strong></span> <span class='ocrx_word' id='word_1_887' title='bbox 3071 5303 3189 5358; x_wconf 83' lang='lat' dir='ltr'><strong>ﬁeri</strong></span> <span class='ocrx_word' id='word_1_888' title='bbox 3209 5347 3223 5370; x_wconf 92' lang='lat'><strong>,</strong></span> <span class='ocrx_word' id='word_1_889' title='bbox 3254 5305 3396 5361; x_wconf 86' lang='lat' dir='ltr'><strong>dabo</strong></span> <span class='ocrx_word' id='word_1_890' title='bbox 3426 5305 3611 5360; x_wconf 88' lang='lat' dir='ltr'><strong>locum</strong></span> <span class='ocrx_word' id='word_1_891' title='bbox 3639 5305 3773 5359; x_wconf 81' lang='lat' dir='ltr'><strong>Filio</strong></span> 
     </span>
    </p>
   </div>
   <div class='ocr_carea' id='block_1_115' title="bbox 2180 5390 3777 5464">
    <p class='ocr_par' dir='ltr' id='par_1_115' title="bbox 2180 5390 3777 5464">
     <span class='ocr_line' id='line_1_115' title="bbox 2180 5390 3777 5464; baseline 0.003 -20"><span class='ocrx_word' id='word_1_892' title='bbox 2180 5390 2275 5445; x_wconf 90' lang='lat' dir='ltr'><strong>Dei</strong></span> <span class='ocrx_word' id='word_1_893' title='bbox 2312 5392 2364 5446; x_wconf 90' lang='lat' dir='ltr'><strong>in</strong></span> <span class='ocrx_word' id='word_1_894' title='bbox 2391 5407 2509 5458; x_wconf 90' lang='lat' dir='ltr'><strong>me;</strong></span> <span class='ocrx_word' id='word_1_895' title='bbox 2547 5402 2601 5448; x_wconf 91' lang='lat' dir='ltr'><strong>et</strong></span> <span class='ocrx_word' id='word_1_896' title='bbox 2642 5403 2927 5464; x_wconf 89' lang='lat' dir='ltr'><strong>acceptum</strong></span> <span class='ocrx_word' id='word_1_897' title='bbox 2958 5412 2988 5450; x_wconf 91' lang='lat' dir='ltr'><strong>a</strong></span> <span class='ocrx_word' id='word_1_898' title='bbox 3017 5412 3102 5451; x_wconf 91' lang='lat' dir='ltr'><strong>me</strong></span> <span class='ocrx_word' id='word_1_899' title='bbox 3127 5396 3305 5452; x_wconf 89' lang='lat' dir='ltr'><strong>locum</strong></span> <span class='ocrx_word' id='word_1_900' title='bbox 3335 5397 3391 5451; x_wconf 92' lang='lat' dir='ltr'><strong>in</strong></span> <span class='ocrx_word' id='word_1_901' title='bbox 3419 5397 3607 5451; x_wconf 87' lang='lat' dir='ltr'><strong>anima</strong></span> <span class='ocrx_word' id='word_1_902' title='bbox 3657 5411 3777 5450; x_wconf 80' lang='lat' dir='ltr'><strong>mea</strong></span> 
     </span>
    </p>
   </div>
   <div class='ocr_carea' id='block_1_116' title="bbox 2175 5483 3778 5552">
    <p class='ocr_par' dir='ltr' id='par_1_116' title="bbox 2175 5483 3778 5552">
     <span class='ocr_line' id='line_1_116' title="bbox 2175 5483 3778 5552; baseline 0.001 -13"><span class='ocrx_word' id='word_1_903' title='bbox 2175 5485 2432 5541; x_wconf 89' lang='lat' dir='ltr'><strong>Dominus</strong></span> <span class='ocrx_word' id='word_1_904' title='bbox 2465 5483 2620 5541; x_wconf 81' lang='lat' dir='ltr'><strong>Iesus</strong></span> <span class='ocrx_word' id='word_1_905' title='bbox 2651 5486 2911 5552; x_wconf 82' lang='lat' dir='ltr'><strong>aediﬁcat,</strong></span> <span class='ocrx_word' id='word_1_906' title='bbox 2953 5495 3009 5543; x_wconf 90' lang='lat' dir='ltr'><strong>et</strong></span> <span class='ocrx_word' id='word_1_907' title='bbox 3048 5487 3178 5542; x_wconf 84' lang='lat' dir='ltr'><strong>facit</strong></span> <span class='ocrx_word' id='word_1_908' title='bbox 3204 5489 3257 5543; x_wconf 90' lang='lat' dir='ltr'><strong>in</strong></span> <span class='ocrx_word' id='word_1_909' title='bbox 3298 5504 3363 5543; x_wconf 91' lang='lat' dir='ltr'><strong>eo</strong></span> <span class='ocrx_word' id='word_1_910' title='bbox 3393 5504 3587 5543; x_wconf 85' lang='lat' dir='ltr'><strong>muros</strong></span> <span class='ocrx_word' id='word_1_911' title='bbox 3631 5490 3778 5544; x_wconf 83' lang='lat' dir='ltr'><strong>inex-</strong></span> 
     </span>
    </p>
   </div>
   <div class='ocr_carea' id='block_1_117' title="bbox 2172 5577 3782 5647">
    <p class='ocr_par' dir='ltr' id='par_1_117' title="bbox 2172 5577 3782 5647">
     <span class='ocr_line' id='line_1_117' title="bbox 2172 5577 3782 5647; baseline 0.002 -17"><span class='ocrx_word' id='word_1_912' title='bbox 2172 5577 2488 5647; x_wconf 88' lang='lat' dir='ltr'><strong>pugnabiles</strong></span> <span class='ocrx_word' id='word_1_913' title='bbox 2539 5585 2593 5632; x_wconf 92' lang='lat' dir='ltr'><strong>et</strong></span> <span class='ocrx_word' id='word_1_914' title='bbox 2639 5587 2816 5632; x_wconf 91' lang='lat' dir='ltr'><strong>turres</strong></span> <span class='ocrx_word' id='word_1_915' title='bbox 2865 5580 3130 5645; x_wconf 80' lang='lat' dir='ltr'><strong>excelsas,</strong></span> <span class='ocrx_word' id='word_1_916' title='bbox 3184 5587 3246 5633; x_wconf 89' lang='lat' dir='ltr'><strong>ut</strong></span> <span class='ocrx_word' id='word_1_917' title='bbox 3292 5579 3530 5634; x_wconf 65' lang='lat' dir='ltr'><strong>aediﬁcet</strong></span> <span class='ocrx_word' id='word_1_918' title='bbox 3582 5581 3642 5635; x_wconf 90' lang='lat' dir='ltr'><strong>in</strong></span> <span class='ocrx_word' id='word_1_919' title='bbox 3700 5594 3782 5634; x_wconf 83' lang='lat' dir='ltr'><strong>me</strong></span> 
     </span>
    </p>
   </div>
   <div class='ocr_carea' id='block_1_118' title="bbox 2173 5669 3776 5742">
    <p class='ocr_par' dir='ltr' id='par_1_118' title="bbox 2173 5669 3776 5742">
     <span class='ocr_line' id='line_1_118' title="bbox 2173 5669 3776 5742; baseline 0.001 -20"><span class='ocrx_word' id='word_1_920' title='bbox 2173 5669 2533 5734; x_wconf 86' lang='lat' dir='ltr'><strong>mansionem,</strong></span> <span class='ocrx_word' id='word_1_921' title='bbox 2563 5669 2609 5724; x_wconf 91' lang='lat' dir='ltr'><strong>si</strong></span> <span class='ocrx_word' id='word_1_922' title='bbox 2635 5685 2896 5737; x_wconf 90' lang='lat' dir='ltr'><strong>mererer,</strong></span> <span class='ocrx_word' id='word_1_923' title='bbox 2945 5671 3163 5742; x_wconf 90' lang='lat' dir='ltr'><strong>dignam</strong></span> <span class='ocrx_word' id='word_1_924' title='bbox 3193 5688 3254 5728; x_wconf 90' lang='lat' dir='ltr'><strong>se</strong></span> <span class='ocrx_word' id='word_1_925' title='bbox 3280 5681 3337 5727; x_wconf 89' lang='lat' dir='ltr'><strong>et</strong></span> <span class='ocrx_word' id='word_1_926' title='bbox 3364 5671 3535 5726; x_wconf 84' lang='lat' dir='ltr'><strong>Patre</strong></span> <span class='ocrx_word' id='word_1_927' title='bbox 3574 5692 3588 5727; x_wconf 91' lang='lat'>:</span> <span class='ocrx_word' id='word_1_928' title='bbox 3617 5683 3679 5727; x_wconf 89' lang='lat' dir='ltr'><strong>et</strong></span> <span class='ocrx_word' id='word_1_929' title='bbox 3707 5673 3776 5726; x_wconf 84' lang='lat' dir='ltr'><strong>ita</strong></span> 
     </span>
    </p>
   </div>
   <div class='ocr_carea' id='block_1_119' title="bbox 2174 5763 3785 5835">
    <p class='ocr_par' dir='ltr' id='par_1_119' title="bbox 2174 5763 3785 5835">
     <span class='ocr_line' id='line_1_119' title="bbox 2174 5763 3785 5835; baseline 0.001 -17"><span class='ocrx_word' id='word_1_930' title='bbox 2174 5763 2402 5819; x_wconf 91' lang='lat' dir='ltr'><strong>adornet</strong></span> <span class='ocrx_word' id='word_1_931' title='bbox 2449 5763 2686 5820; x_wconf 88' lang='lat' dir='ltr'><strong>animam</strong></span> <span class='ocrx_word' id='word_1_932' title='bbox 2736 5779 2936 5832; x_wconf 86' lang='lat' dir='ltr'><strong>meam,</strong></span> <span class='ocrx_word' id='word_1_933' title='bbox 2979 5773 3042 5820; x_wconf 89' lang='lat' dir='ltr'><strong>ut</strong></span> <span class='ocrx_word' id='word_1_934' title='bbox 3072 5781 3327 5835; x_wconf 88' lang='lat' dir='ltr'><strong>capacem</strong></span> <span class='ocrx_word' id='word_1_935' title='bbox 3369 5780 3488 5821; x_wconf 89' lang='lat' dir='ltr'><strong>eam</strong></span> <span class='ocrx_word' id='word_1_936' title='bbox 3524 5783 3654 5823; x_wconf 75' lang='lat' dir='ltr'><strong>sua:</strong></span> <span class='ocrx_word' id='word_1_937' title='bbox 3699 5781 3785 5820; x_wconf 85' lang='lat' dir='ltr'><strong>sa—</strong></span> 
     </span>
    </p>
   </div>
  </div>
