3986 6348
148 380 272 448 tow

145 499 346 574 pientize
386 502 443 552 et
477 493 643 550 totius
669 491 982 548 sanctitatis
1019 490 1218 546 elﬁciat
1255 507 1272 545 :
1310 491 1366 545 in
1402 497 1610 544 tantum
1653 495 1715 542 ut
1738 487 1796 549 Α

145 596 295 652 etiam
321 588 487 646 faciat
529 600 711 643 secum
742 585 965 648 intrare,
996 591 1055 638 et
1095 584 1148 638 in
1170 599 1236 639 ea
1268 582 1449 638 facere
1475 580 1712 636 mansio-

144 700 278 748 nem,
328 689 386 736 et
415 694 634 736 caenare
668 677 834 734 etiam
887 676 1026 746 apud
1069 674 1233 729 talem
1283 675 1519 729 animam
1563 672 1716 728 cibos

146 794 270 847 quos
297 776 398 832 iste
420 772 724 831 donaverit.
753 769 1044 826 Videamus
1076 781 1206 838 ergo
1241 767 1363 837 quis
1389 775 1473 822 est
1503 767 1610 821 iste
1635 765 1714 820 lo-

143 887 230 926 cus
253 870 304 924 in
330 884 436 939 quo
460 868 607 937 cupit
651 866 898 922 habitare
921 863 1083 920 Iesus
1119 863 1221 918 :ln
1269 872 1468 926 monte,
1516 861 1708 932 inquit,

145 961 410 1031 Ephraim,
459 961 563 1016 hoc
607 968 710 1022 est,
763 959 816 1012 in
864 966 1047 1012 monte
1088 955 1385 1012 fructifero.
1428 955 1527 1022 Qui
1556 964 1714 1025 putas

143 1062 255 1107 sunt
284 1053 338 1108 in
365 1053 521 1108 nobis
554 1059 766 1107 montes
793 1048 1060 1104 fructiferi
1087 1049 1142 1103 in
1169 1048 1366 1118 quibus
1391 1047 1599 1103 habitet
1627 1045 1714 1101 Je-

143 1145 254 1198 sus?
296 1143 356 1197 ln
380 1143 485 1198 illis
509 1141 753 1212 profecto
778 1141 834 1195 in
862 1140 1062 1209 quibus
1091 1146 1218 1194 sunt
1243 1137 1451 1192 fructus
1481 1135 1715 1206 Spiritus

143 1232 323 1298 sancti,
358 1250 376 1284 ι
411 1231 687 1302 gaudium,
708 1246 836 1300 pax,
858 1230 1139 1300 patientia,
1166 1229 1408 1283 charitas
1433 1226 1573 1298 (Gal.
1590 1227 1671 1296 v),
1691 1245 1710 1276 »

141 1334 188 1377 et
239 1323 418 1378 επιετί
485 1323 542 1377 in
595 1323 789 1392 quibus
845 1331 971 1377 sunt
1032 1330 1244 1376 montes
1307 1317 1574 1374 fructiferi
1623 1317 1716 1387 qui

143 1415 338 1484 fructus
391 1413 626 1484 Spiritus
665 1412 913 1476 aderunt,
962 1420 1018 1466 et
1046 1419 1228 1466 mente
1272 1424 1336 1464 ac
1373 1423 1470 1479 spe
1517 1407 1716 1462 excelsi

141 1513 274 1558 sunt.
309 1504 376 1558 Et
399 1504 527 1560 licet
568 1503 724 1574 pauci
767 1518 887 1558 esse
916 1502 1050 1557 tales
1076 1501 1304 1570 possint,
1351 1509 1530 1554 tamen
1557 1500 1603 1554 si
1632 1499 1717 1553 vel

142 1595 284 1664 pauci
313 1593 532 1660 fuerint,
579 1594 637 1648 in
660 1594 801 1662 ipsis
834 1593 1087 1648 habitans
1115 1592 1375 1647 Dominus
1403 1589 1579 1656 Iesus,
1619 1590 1717 1671 qui

139 1696 215 1740 est
239 1686 329 1740 lux
357 1701 482 1741 vera
512 1685 774 1750 omnium,
806 1685 1017 1739 emittet
1058 1681 1238 1738 radios
1265 1697 1393 1736 suos
1422 1681 1560 1736 lucis
1581 1697 1718 1746 suae,

139 1777 298 1830 etiam
339 1791 503 1846 super
531 1776 768 1845 reliquos
794 1790 1003 1837 omnes,
1043 1788 1179 1842 quos
1220 1774 1460 1827 nondum
1494 1773 1596 1826 sub
1623 1772 1721 1827 ha-

1052 354 1405 435 cou'MsN'r.
1444 375 1512 432 IN
1552 367 1816 432 manu
1847 371 2082 431 rosus.
2119 369 2349 428 -νιιιι
2387 369 2475 428 ιιι.

3260 369 3402 428 1090

2426 480 2655 539 CAPUT
2689 481 2782 538 XI.

1812 597 1892 656 De
1917 601 2130 656 urbibus
2171 601 2530 672 fugitivorum,
2574 615 2692 671 qum
2717 585 3012 672 constituta:
3044 608 3165 654 sunt
3187 601 3274 672 Aad
3313 597 3404 672 de-

1885 670 2179 742 fensionem
2199 670 2380 726 eorum
2401 673 2490 741 qui
2527 670 2878 740 persuaserint
2916 671 3150 724 animum
3173 670 3403 727 hominis

1884 745 2166 798 nescientes
2193 751 2242 796 et
2266 757 2371 796 non
2391 750 2590 810 sponte.

1883 853 2036 925 (Car.
2057 855 2175 924 xx.)
2207 871 2228 904 ι
2260 854 2338 908 Et
2356 853 2566 908 locutus
2597 861 2682 908 est
2707 854 2968 909 Dominus
3002 855 3071 909 ad
3103 853 3286 922 Iosue,
3315 855 3401 911 di-

1820 964 1840 998 ι
1868 961 1998 1002 cens
2030 965 2042 999 :
2069 945 2312 1016 Loquere
2353 945 2480 1000 ﬁliis
2507 945 2690 1010 Israel,
2721 954 2776 1002 et
2801 947 2948 1003 dices
2975 965 2988 1002 :
3020 947 3280 1019 Separate
3311 966 3407 1004 ur-

1819 1055 1840 1090 ι
1874 1038 1971 1093 bes
1992 1038 2362 1109 fugitivorum,
2385 1037 2452 1092 de
2473 1039 2669 1106 quibus
2697 1038 2910 1096 locutus
2935 1055 3052 1096 sum
3092 1044 3160 1096 ad
3185 1057 3282 1097 vos
3300 1057 3402 1112 per

1821 1147 1840 1181 ι
1863 1143 2088 1184 manum
2124 1129 2312 1200 Moysi,
2341 1136 2401 1183 ut
2427 1128 2702 1202 confugiat
2721 1130 2790 1184 ad
2819 1146 2912 1187 eas
2955 1133 3261 1204 quicunque
3283 1133 3403 1189 ani-

1821 1235 1842 1270 ι
1871 1235 2015 1274 mam
2045 1219 2378 1288 percusserit
2403 1220 2618 1275 nescius
2649 1237 2664 1277 :
2690 1229 2751 1274 ut
2793 1221 2967 1290 possit
3001 1228 3230 1278 evadere
3273 1224 3410 1277 iram

1824 1331 1842 1362 ‹
1877 1313 2109 1383 proximi
2134 1314 2226 1382 qui
2257 1313 2402 1368 ultor
2421 1322 2505 1368 est
2535 1313 2833 1382 sanguinis,
2865 1329 2990 1368 cum
3022 1314 3089 1368 ad
3117 1329 3280 1369 unam
3307 1316 3411 1369 ha-

1823 1419 1843 1453 (
1876 1417 1996 1455 rum
2023 1400 2325 1472 confugerit
2371 1401 2669 1457 civitatem.
2721 1400 3007 1471 Stabitque
3051 1411 3174 1456 ante
3201 1411 3412 1472 portam

1825 1513 1844 1546 ι
1879 1494 2142 1559 civitatis,
2170 1502 2224 1549 et
2247 1495 2497 1563 loquetur
2525 1494 2834 1550 senioribus
2861 1493 3013 1549 urbis
3041 1493 3184 1548 illius
3205 1508 3269 1548 ea
3295 1509 3415 1564 quae

1826 1603 1845 1637 ι
1880 1600 1941 1640 se
2005 1586 2360 1654 comprobent
2423 1585 2801 1650 innocentem;
2871 1586 3057 1655 sicque
3119 1583 3419 1655 suscipiunt

1826 1695 1846 1728 ι
1883 1692 2031 1742 ειιιιι,
2074 1686 2134 1731 et
2151 1677 2357 1732 dabunt
2388 1676 2438 1731 ei
2471 1675 2650 1732 locum
2689 1677 2756 1732 ad
2782 1676 3166 1742 habitandum,
3202 1697 3221 1730 ι
3249 1684 3306 1731 ει
3333 1691 3417 1730 re—

1823 1767 1990 1837 liqua.
2037 1766 2212 1823 Urbes
2258 1766 2448 1838 refugii
2496 1767 2698 1821 nullam
2732 1767 2924 1823 melius
2967 1783 3131 1839 quam
3172 1774 3414 1823 sanctam

140 1869 371 1923 bitaculo
403 1836 774 1938 principaliter
817 1836 1244 1921 induxit.-Nunc
1279 1878 1412 1934 ergo
1442 1864 1720 1918 videamus
1747 1836 2120 1917 BEcclesium
2148 1836 2434 1931 designare
2481 1875 2724 1930 possum,
2757 1860 2848 1915 ubi
2892 1836 3147 1930 peccator
3180 1875 3277 1931 per
3303 1876 3419 1930 pa:-

136 1972 251 2024 qua:
295 1965 424 2012 sunt
456 1957 738 2012 machaera:
764 1955 989 2025 petrina;
1017 1955 1212 2024 quibus
1255 1955 1596 2010 circumcidit
1615 1954 1718 2010 Ie-

136 2063 226 2102 sus
255 2048 396 2102 ﬁlios
417 2047 602 2102 Israel.
637 2045 745 2100 Sed
768 2045 938 2101 oretis
955 2060 1055 2114 pro
1078 2046 1234 2101 nobis
1247 2054 1307 2099 ut
1333 2061 1514 2100 sermo
1539 2054 1726 2100 noster

135 2141 321 2194 vivens
357 2139 428 2193 sit
466 2147 521 2194 et
553 2137 762 2202 eﬂicax,
808 2144 864 2190 et
896 2136 1104 2191 acutior
1142 2150 1304 2205 super
1347 2151 1564 2190 omnem
1606 2151 1722 2189 ma-

135 2231 394 2295 chzeram,
422 2227 702 2298 praestabit
744 2235 801 2279 et
830 2226 986 2280 nobis
1019 2225 1175 2280 Iesus
1213 2226 1473 2280 Dominus
1514 2233 1576 2278 ut
1603 2239 1724 2279 ver-

137 2320 260 2374 bum
293 2318 392 2373 Dei
428 2318 569 2388 quod
594 2316 864 2386 loquimur
892 2315 960 2370 ad
999 2330 1095 2370 vos
1129 2315 1482 2370 circumcidat
1506 2331 1723 2370 omnem

140 2407 551 2472 immunditiam,
584 2414 793 2461 resecet
821 2405 1211 2474 impuritatem,
1241 2405 1456 2460 excidat
1497 2405 1634 2460 vitia
1657 2405 1725 2460 de

142 2500 434 2564 actoribus,
463 2505 518 2554 et
533 2506 774 2567 amputet
800 2512 962 2552 omne
989 2512 1097 2565 quo
1128 2497 1209 2551 vis
1238 2497 1435 2551 mentis
1466 2505 1522 2551 et
1553 2495 1728 2551 efﬁca—

143 2590 220 2643 cia
247 2588 512 2644 naturalis
536 2589 840 2658 obtegitur;
880 2596 934 2642 et
959 2588 1037 2643 sic
1056 2603 1155 2656 per
1185 2588 1405 2642 verbum
1436 2587 1555 2653 Dei,
1583 2588 1728 2658 quod

142 2697 279 2738 nunc
325 2682 596 2736 machaera
637 2679 847 2747 petrina
891 2678 1110 2743 dicitur,
1159 2678 1626 2734 circumcidemini
1659 2678 1729 2733 ab

141 2771 265 2827 Iesu
305 2790 318 2825 :
355 2781 412 2828 et
465 2771 696 2828 audietis
742 2771 868 2840 quia
915 2771 1075 2827 hodie
1126 2770 1326 2826 abstuli
1379 2772 1728 2842 opprobrium

143 2862 361 2935 zEgypti
390 2878 425 2917 a
457 2862 629 2918 vobis.
677 2863 816 2930 Quid
842 2863 1062 2932 prodest
1094 2862 1272 2918 exisse
1300 2864 1367 2919 de
1387 2861 1646 2933 Egypto,
1675 2870 1730 2916 et

143 2954 424 3009 nobiscum
452 2954 742 3023 opprobria
763 2953 982 3024 ngypti
1008 2952 1395 3008 circumferre?
1424 2952 1564 3019 Quid
1583 2953 1730 3006 enim

142 3045 359 3114 prodest
414 3044 690 3100 ambulare
717 3061 814 3114 per
843 3046 1117 3099 crcmum?
1166 3045 1270 3099 hoc
1309 3053 1409 3108 est,
1453 3044 1584 3113 quid
1630 3060 1730 3099 nos

144 3133 360 3203 adjuvat
390 3136 448 3189 in
470 3136 739 3206 baptismo
769 3136 963 3190 sceculo
994 3135 1372 3201 renuntiasse,
1421 3143 1476 3190 et
1515 3151 1727 3191 morum

143 3236 453 3284 nostrorum
498 3226 756 3295 pristinas
793 3225 982 3282 sordes
1029 3242 1094 3282 ac
1138 3227 1392 3284 vitiorum
1429 3227 1732 3282 carnalium

144 3313 516 3374 immunditias
551 3317 829 3373 obtinere?
875 3317 1099 3388 Oportet
1140 3334 1267 3389 ergo
1304 3328 1427 3389 post
1469 3319 1736 3389 egressio-

145 3424 262 3463 nem
291 3409 464 3464 Rubri
489 3412 678 3475 maris,
702 3411 755 3465 id
784 3419 886 3476 est,
911 3421 1036 3480 post
1071 3413 1301 3481 gratiam
1329 3411 1610 3482 baptismi,
1640 3427 1736 3466 au-

147 3495 269 3554 ferri
327 3499 498 3554 etiam
535 3515 567 3552 a
612 3499 766 3554 nobis
813 3501 1050 3554 carnalia
1086 3502 1288 3555 veteris
1329 3501 1736 3556 consuetudinis

147 3588 271 3642 vitia
312 3606 414 3658 per
445 3588 629 3642 Iesum
653 3588 929 3644 Christum
972 3589 1256 3644 Dominum
1286 3601 1551 3654 nostrum,
1585 3590 1738 3644 utita

149 3678 367 3732 demum
390 3677 726 3748 ZEgyptiacis
752 3694 939 3734 carere
963 3680 1232 3748 possimus
1257 3681 1581 3749 cpprobriis.
1629 3681 1734 3736 Po-

147 3779 352 3822 nuntur
406 3783 536 3838 ergo
575 3768 679 3824 illa:
730 3769 858 3838 ipsae
900 3770 1182 3824 machmrae
1217 3779 1272 3825 et
1309 3769 1469 3824 cultri
1518 3769 1734 3838 lapidei,

146 3859 348 3927 quibus
395 3860 632 3914 secundo
677 3860 1113 3916 circumcidimur
1158 3862 1226 3916 ab
1261 3859 1416 3925 Iesu,
1456 3861 1510 3916 in
1547 3861 1736 3917 eodem

147 3950 264 4007 loco
293 3968 462 4022 quem
490 3953 626 4020 petit
647 3951 805 4008 Iesus
843 3961 898 4007 et
921 3954 1150 4023 accipit;
1204 3954 1398 4010 inloco
1423 3970 1584 4023 quem
1613 3968 1739 4023 pos-

149 4041 291 4097 sidet
329 4044 387 4096 in
417 4042 597 4096 anima
618 4041 771 4110 justi,
808 4043 862 4097 in
903 4044 1020 4112 ipso
1051 4045 1298 4100 recondit
1330 4053 1386 4100 et
1417 4045 1734 4100 machaeras.

149 4130 304 4202 Saepe
333 4131 671 4185 ostendimus
716 4133 1042 4188 machinam
1072 4131 1222 4186 verbi
1249 4132 1347 4186 Dei
1377 4133 1604 4196 dictum,
1631 4146 1739 4200 quo

149 4223 316 4276 verbo
349 4220 702 4275 abscidantur
735 4231 790 4277 et
812 4232 1180 4292 expurgentur
1209 4234 1430 4292 peccata
1465 4224 1532 4280 de
1557 4223 1738 4280 anima

151 4315 506 4370 audientium.
538 4314 666 4389 Haec
693 4330 820 4386 ergo
845 4317 1014 4371 virtus
1039 4316 1192 4371 verbi
1217 4316 1385 4372 divini
1430 4316 1739 4372 reconditur

151 4404 201 4458 in
231 4421 296 4460 eo
322 4405 444 4459 loco
473 4405 558 4460 cui
585 4405 744 4460 datur
764 4420 943 4461 sermo
973 4406 1211 4472 scientiae
1241 4415 1296 4461 et
1317 4421 1496 4461 sermo
1522 4406 1737 4476 sapien-

150 4497 255 4563 tiae,
290 4504 354 4590 ut
393 4505 696 4590 opportuno
734 4505 972 4590 tempore
997 4498 1178 4552 anima
1223 4498 1313 4590 illa
1341 4513 1464 4569 qua:
1503 4515 1601 4569 per
1637 4499 1736 4555 do-
1761 4531 1814 4590 Β

150 4601 276 4640 ιιιιιιι
309 4585 550 4658 Spiritus
579 4587 754 4640 sancti
799 4588 1002 4656 repleta
1047 4597 1132 4644 est
1159 4589 1324 4644 verbo
1362 4589 1639 4657 sapientiae
1680 4599 1736 4645 et

150 4676 314 4730 verbo
369 4675 630 4740 scientia,
663 4674 902 4745 proferat
944 4679 1243 4732 machaeras
1273 4679 1330 4732 in
1375 4679 1633 4746 Ecclesia,
1679 4689 1738 4736 et

150 4763 507 4820 circumcidat
555 4766 791 4820 secundo
830 4781 924 4821 eos
953 4768 1046 4836 qui
1083 4770 1319 4826 secunda
1360 4770 1603 4838 indigent
1627 4771 1735 4826 cir-

151 4857 503 4914 cumcisione.
549 4856 703 4924 Quod
739 4867 916 4913 autem
965 4861 1094 4914 dicit
1125 4862 1369 4932 petrinas
1415 4864 1728 4928 machaeras,

153 4947 247 5004 hoc
277 4955 389 5012 est,
426 4947 491 5000 de
520 4962 652 5004 saxo
677 4948 898 5014 cultros,
929 4959 984 5005 et
1015 4951 1282 5008 nonferro
1314 4953 1540 5010 artificis
1568 4968 1732 5024 opere

151 5036 465 5102 falticatos,
501 5037 642 5093 illico
683 5039 917 5094 ostendit
955 5044 1097 5112 quod
1127 5059 1305 5100 sermo
1347 5044 1463 5112 Dei,
1512 5046 1606 5116 qui
1625 5046 1732 5100 cir-

152 5129 459 5184 cumcidere
493 5127 799 5184 auditorum
843 5130 1092 5187 cordibus
1130 5133 1500 5192 immunditias
1529 5144 1730 5207 potest,

154 5232 256 5272 non
289 5227 472 5273 estex
511 5227 630 5273 arte
674 5221 1024 5292 grammatica
1044 5222 1131 5278 vel
1175 5225 1447 5280 rhetorica
1486 5227 1729 5293 veniens,

152 5322 322 5375 neque
345 5309 626 5362 doctorum
649 5308 856 5364 malleis
877 5311 1162 5380 edomitus,
1186 5322 1279 5368 aut
1297 5314 1600 5381 Istudiorum
1622 5317 1738 5370 cul-

155 5393 290 5450 tibus
325 5395 599 5462 elimatus,
622 5397 715 5455 sed
742 5413 810 5453 ex
837 5399 927 5454 illa
972 5409 1124 5472 petra
1161 5403 1490 5458 descendens
1513 5420 1634 5475 qua}
1667 5405 1735 5461 de

153 5495 336 5541 monte
387 5485 504 5542 sine
553 5491 800 5546 manibus
847 5491 1055 5548 abscisa
1092 5502 1194 5560 est,
1238 5504 1294 5550 et
1339 5497 1528 5552 orbem
1575 5505 1734 5552 terra:

153 5580 465 5650 complevit,
494 5586 549 5635 et
568 5581 705 5637 dona
733 5583 994 5654 spiritalia
1021 5585 1366 5644 credentibus
1396 5588 1601 5646 tribuit.

1822 1953 2110 2008 nitentiam
2144 1966 2296 2022 spem
2321 1952 2493 2006 veniae
2521 1951 2782 2022 percipit,
2813 1960 2866 2006 et
2907 1952 2999 2007 ubi
3029 1952 3291 2007 innocens
3333 1967 3420 2006 sa-

1825 2045 1955 2100 lutis
1991 2060 2101 2100 sua:
2139 2043 2354 2098 ﬁrmam
2398 2044 2700 2099 custodiam
2741 2043 2963 2098 invenit.
3011 2042 3118 2099 Sed
3158 2044 3285 2112 quia
3324 2042 3408 2098 lex

1824 2137 2136 2192 distantiam
2175 2135 2307 2191 facit
2348 2137 2490 2191 inter
2525 2151 2648 2191 eum
2671 2136 2763 2206 qui
2794 2135 3100 2192 voluntarie
3133 2135 3410 2192 hominem

1824 2227 2115 2290 interfecit,
2146 2235 2204 2282 et
2231 2241 2356 2282 eum
2380 2228 2473 2297 qui
2513 2243 2625 2282 non
2653 2235 2842 2298 sponte
2884 2226 3235 2282 homicidium
3265 2241 3414 2282 com-

1825 2317 1994 2383 misit,
2027 2318 2254 2388 mystice
2279 2317 2616 2373 demonstrat
2655 2318 2782 2388 quia
2811 2319 2857 2373 si
2883 2319 3006 2388 quis
3027 2331 3126 2388 per
3153 2317 3416 2372 invidiam

1827 2418 1923 2464 aut
1951 2409 2135 2464 odium
2183 2421 2444 2463 mucrone
2462 2408 2682 2462 malitiae
2709 2408 2945 2477 aliquem
2978 2408 3330 2479 percusserit,
3363 2416 3421 2462 et

1827 2499 1882 2555 in
1925 2509 2156 2555 mortem
2183 2499 2378 2560 animae
2395 2499 2694 2564 seduxerit,
2719 2507 2938 2555 aeternae
2975 2500 3137 2555 morti
3184 2499 3302 2570 ipse
3327 2500 3421 2554 ob-

1828 2592 2024 2648 noxius
2046 2591 2170 2645 erit.
2216 2590 2372 2648 Unde
2400 2591 2516 2659 ipsa
2565 2591 2777 2646 Veritas
2802 2591 2919 2645 ait:
2957 2609 2976 2640 ι
3007 2589 3066 2646 Si
3107 2591 3230 2660 quis
3263 2603 3420 2645 scan-

1830 2681 2149 2738 daliuaverit
2177 2695 2346 2734 unum
2373 2681 2440 2736 de
2466 2681 2677 2752 pusillis
2699 2682 2818 2736 istis
2842 2681 2934 2751 qui
2961 2681 3017 2734 in
3044 2695 3130 2736 me
3165 2682 3414 2744 credunt,

1830 2773 2051 2843 expedit
2091 2771 2143 2826 ei
2181 2780 2245 2825 ut
2286 2771 2427 2824 mola
2470 2769 2706 2825 asinaria
2759 2771 2989 2826 addatur
3029 2771 3170 2826 collo
3200 2769 3336 2838 ejus,
3368 2777 3425 2824 et

1832 2865 2184 2934 demergatur
2207 2864 2264 2917 in
2289 2862 2618 2932 profundum
2645 2859 2861 2934 (Matth.
2893 2861 3073 2932 xviii).
3114 2881 3134 2914 ι
3169 2861 3238 2915 Et
3264 2857 3446 2916 Ioan-‘

1832 2971 1930 3012 nes
1953 2956 2030 3010 ait
2063 2973 2077 3009 :
2109 2954 2264 3022 «Qui
2297 2954 2411 3009 odit
2453 2953 2678 3008 fratrem
2713 2967 2895 3018 suum,
2921 2952 3191 3007 homicida
3213 2960 3327 3017 est;
3371 2959 3427 3007 et

1833 3048 1986 3103 scitis
2019 3048 2148 3116 quia
2193 3047 2370 3101 omnis
2403 3043 2672 3100 homicida
2713 3060 2819 3100 non
2863 3043 3027 3098 habet
3058 3045 3226 3098 vitam
3269 3051 3426 3097 acter-

1835 3152 1964 3192 nam
1991 3137 2050 3192 in
2079 3151 2138 3192 se
2166 3143 2473 3190 manentem
2501 3134 2519 3207 (
2543 3134 2572 3188 I
2594 3135 2754 3189 Joan.
2781 3134 2886 3204 ιιι).
2925 3154 2942 3186 ›
2971 3133 3071 3190 ilic
3096 3133 3218 3189 talis
3248 3134 3316 3190 ab
3347 3133 3425 3187 al-

1837 3237 1954 3284 tare
1981 3229 2196 3283 Domini
2223 3227 2381 3285 evelli
2402 3226 2644 3296 iubetur,
2670 3228 2798 3298 quia
2835 3227 3085 3298 indignus
3118 3241 3428 3282 sacramen-

1835 3320 1907 3376 tis
1941 3318 2236 3376 Dominicis
2282 3334 2314 3371 a
2360 3318 2775 3388 participatione
2820 3316 2963 3372 sacri
3006 3317 3194 3370 altaris
3234 3316 3430 3370 merito

1835 3420 2164 3475 removetur,
2213 3425 2316 3464 nec
2349 3409 2595 3464 revocari
2642 3410 2709 3464 ad
2736 3409 2949 3463 veniam
2975 3407 3082 3462 nisi
3108 3421 3208 3476 per
3241 3404 3428 3461 condi-

1835 3519 1996 3574 gnam
2037 3503 2411 3572 paenitentiam
2453 3501 2564 3557 ullo
2601 3502 2761 3556 modo
2799 3507 3058 3554 meretur.
3109 3497 3211 3564 Qui
3249 3507 3427 3552 autem

1835 3608 1946 3646 non
1986 3600 2118 3646 voto
2153 3591 2408 3654 malitiae,
2451 3592 2548 3644 sed
2588 3604 2690 3660 per
2737 3588 3002 3642 incuriam
3050 3595 3146 3640 aut
3177 3586 3430 3656 ignoran-

1836 3685 1973 3738 tiam
1998 3681 2232 3750 aliquem
2258 3680 2480 3744 laeserit,
2510 3679 2674 3734 habet
2697 3677 2893 3747 refugii
2929 3675 3249 3741 Ecclesiam,
3271 3675 3424 3729 vide-

1837 3772 1966 3828 licet
2001 3771 2359 3836 catholicam,
2390 3769 2480 3824 ubi
2518 3784 2578 3824 se
2616 3769 2867 3840 angustia
2899 3767 3237 3837 paenitentia
3267 3777 3426 3820 coar-

1837 3873 2017 3928 ctans,
2047 3878 2146 3934 per
2177 3877 2336 3919 omne
2366 3869 2580 3930 tempus
2596 3860 2880 3930 praesentis
2906 3859 3032 3914 vitae
3059 3859 3217 3914 bonis
3245 3857 3426 3928 operi-

1837 3953 1938 4008 bus
1967 3953 2204 4009 studium
2241 3952 2560 4022 impendens
2587 3959 2822 4006 maneat.
2855 3949 2924 4006 Et
2950 3950 2995 4004 si
3021 3961 3173 4020 spem
3194 3963 3346 4004 suam
3371 3949 3427 4002 in

1789 4057 1794 4064 ·
1839 4051 2015 4098 morte
2061 4042 2334 4110 pontificis
2381 4042 2604 4106 summi,
2648 4040 3008 4110 redemptoris
3057 4038 3307 4094 videlicet
3343 4037 3428 4093 sui

1837 4133 2101 4202 posuerit,
2130 4133 2234 4190 hac
2261 4132 2381 4189 sine
2415 4132 2581 4187 dubio
2608 4131 2664 4186 in
2693 4140 2960 4187 aeternum
2985 4129 3298 4186 salvabitur.

1911 4223 2088 4294 (Ιιιιιι.)
2129 4240 2147 4274 ι
2176 4223 2651 4293 Decreveruntque
2681 4221 2855 4278 Cadcs
2893 4223 2948 4276 in
2983 4221 3201 4278 Galilaea
3229 4223 3431 4278 montis

1845 4333 1863 4366 (
1894 4313 2262 4384 Nephthalim,
2317 4324 2373 4371 et
2423 4314 2644 4371 Sichem
2694 4315 2749 4370 in
2805 4323 2988 4370 monte
3040 4315 3320 4384 Ephraim,
3378 4324 3432 4369 et

1845 4422 1864 4456 ι
1897 4403 2308 4471 Cbariatharbe,
2335 4407 2452 4475 ipsa
2481 4415 2566 4460 est
2595 4405 2810 4460 Hebron
2833 4445 2849 4470 ,
2876 4405 2930 4458 in
2971 4411 3156 4458 monte
3176 4401 3342 4466 Iuda;
3375 4412 3432 4458 ct
3471 4409 3476 4414 '

1847 4514 1866 4546 ‹
1901 4504 2052 4554 trans
2087 4495 2380 4552 Iordanem
2428 4503 2620 4551 contra
2671 4493 2989 4549 orientalem
3033 4491 3247 4560 plagam
3292 4490 3430 4546 Ie'ri-
3487 4519 3490 4524 -

1847 4602 1866 4634 ι
1902 4585 2028 4649 cbo,
2077 4591 2382 4648 statuerunt
2407 4583 2596 4646 Bosor,
2627 4596 2747 4651 quae
2775 4583 2879 4637 sita
2926 4587 3009 4635 est
3053 4579 3110 4634 in
3138 4583 3428 4650 campestri

1847 4689 1866 4722 ‹
1908 4671 2199 4728 solitudine
2227 4672 2294 4728 de
2320 4670 2465 4726 tribu
2506 4670 2730 4734 Ruben,
2769 4677 2827 4726 et
2875 4669 3111 4724 Ramoth
3137 4670 3193 4724 in
3219 4670 3424 4725 Galaad

1846 4783 1864 4815 ι
1899 4766 1966 4820 de
1995 4765 2140 4820 tribu
2175 4765 2311 4830 Gad,
2362 4773 2418 4818 et
2453 4763 2664 4820 Gaulon
2699 4765 2755 4818 in
2799 4764 2976 4820 Busan
3015 4765 3082 4820 de
3127 4765 3270 4820 tribu
3319 4766 3428 4820 Ma-

1846 4875 1865 4908 ‹
1899 4871 2076 4914 nasse.
2129 4856 2224 4912 Hae
2261 4857 2506 4914 civitates
2545 4857 2852 4912 constituta:
2877 4866 3008 4911 sunt
3045 4857 3258 4912 cunctis
3302 4857 3426 4912 ﬁliis

1846 4965 1865 4998 ι
1901 4946 2066 5004 Israel
2089 4955 2144 5002 et
2171 4948 2395 5004 advenis
2419 4948 2513 5016 qui
2553 4948 2874 5004 habitabant
2897 4948 3040 5004 inter
3070 4961 3195 5012 eos,
3233 4954 3291 5000 ιιι
3336 4945 3420 5001 fu-

1845 5055 1863 5089 (
1898 5045 2049 5107 geret
2077 5038 2145 5092 ad
2170 5051 2264 5092 eas
2301 5037 2394 5106 qui
2431 5037 2670 5092 animam
2705 5039 2922 5093 nescius
2956 5037 3333 5108 percussisset,
3364 5043 3421 5092 et

1844 5147 1864 5181 ι
1900 5144 2010 5184 non
2034 5136 2338 5194 moreretur
2369 5128 2428 5182 in
2455 5141 2618 5184 manu
2651 5129 2912 5199 proximi,
2941 5129 3171 5185 effusum
3204 5130 3422 5198 sangui~
3497 5141 3500 5144 ’

1845 5238 1864 5269 ‹
1897 5235 2023 5276 nem
2051 5218 2325 5274 vindicare
2368 5219 2652 5289 cupientis,
2681 5221 2852 5278 donec
2891 5230 3064 5277 staret
3093 5230 3220 5276 ante
3253 5235 3422 5292 popu-

1846 5325 1864 5358 ι
1901 5306 2013 5362 lum
2061 5306 2403 5377 expositurus
2437 5321 2657 5364 causam
2703 5323 2876 5366 suam.
2901 5329 2920 5363 ι
2955 5309 3064 5380 (Ea:
3089 5307 3424 5384 Bachiario.)
3499 5319 3502 5322 ’

1839 5398 1980 5454 Ecce
2007 5397 2175 5454 habes
2204 5414 2301 5456 sex
2337 5399 2530 5470 refugii
2555 5401 2825 5467 civitates,
2849 5415 3004 5470 quas,
3047 5401 3094 5455 si
3114 5401 3309 5471 placet,
3340 5401 3424 5455 in-

1844 5489 2098 5561 gredere;
2137 5504 2201 5544 ac
2243 5490 2292 5546 si
2323 5489 2464 5546 forte
2503 5507 2602 5561 pro
2635 5491 2864 5548 scientia
2909 5500 3256 5560 peccatorum
3299 5490 3421 5547 illas

1843 5595 1963 5650 quae
1984 5588 2110 5638 sunt
2133 5581 2189 5634 in
2211 5589 2355 5637 terra
2371 5585 2824 5653 repromissionis,
2843 5585 2948 5640 hoc
2966 5593 3051 5641 est
3073 5584 3127 5639 in
3154 5585 3418 5650 Ecclesia,

1844 5674 2049 5730 intrare
2070 5691 2176 5732 non
2210 5677 2432 5745 audeas,
2459 5685 2544 5736 est
2567 5679 2732 5734 Bosor
2754 5677 2903 5734 circa
2924 5677 3215 5734 Iordanem
3245 5677 3300 5734 in
3329 5689 3418 5734 so-

1844 5767 2090 5835 litudine,
2117 5783 2235 5838 quae
2265 5769 2651 5841 interpretatur
2680 5773 2964 5844 angustia,
2995 5773 3048 5830 id
3073 5781 3195 5841 est,
3223 5770 3421 5830 cellula
3513 5791 3516 5794 '
