  <div class='ocr_page' id='page_1' title='image "/cluster/home/n/w/nwhite01/storage/ocr_20150623/108/hvd.32044015466840/554.png"; bbox 0 0 3986 6348; ppageno 0'>
   <div class='ocr_carea' id='block_1_1' title="bbox 248 393 383 463">
    <p class='ocr_par' dir='ltr' id='par_1_1' title="bbox 248 393 383 463">
     <span class='ocr_line' id='line_1_1' title="bbox 248 393 383 463; baseline -0.015 0"><span class='ocrx_word' id='word_1_1' title='bbox 248 393 383 463; x_wconf 69' lang='grc'><strong>1093</strong></span> 
     </span>
    </p>
   </div>
   <div class='ocr_carea' id='block_1_2' title="bbox 1151 382 2587 455">
    <p class='ocr_par' dir='ltr' id='par_1_2' title="bbox 1151 382 2587 455">
     <span class='ocr_line' id='line_1_2' title="bbox 1151 382 2587 455; baseline -0.003 0"><span class='ocrx_word' id='word_1_2' title='bbox 1151 384 1510 455; x_wconf 67' lang='grc' dir='ltr'><strong>ϐΟΜΠΕΝτ.</strong></span> <span class='ocrx_word' id='word_1_3' title='bbox 1549 392 1621 453; x_wconf 84' lang='grc' dir='ltr'><strong>ΙΝ</strong></span> <span class='ocrx_word' id='word_1_4' title='bbox 1652 382 1813 453; x_wconf 69' lang='grc' dir='ltr'>ιιιιιι</span> <span class='ocrx_word' id='word_1_5' title='bbox 1822 391 1919 455; x_wconf 68' lang='grc' dir='ltr'><strong>ΒΜ</strong></span> <span class='ocrx_word' id='word_1_6' title='bbox 1950 382 2184 454; x_wconf 61' lang='lat'><strong>308172.</strong></span> <span class='ocrx_word' id='word_1_7' title='bbox 2221 422 2298 442; x_wconf 81' lang='grc' dir='ltr'>-ι</span> <span class='ocrx_word' id='word_1_8' title='bbox 2329 392 2458 453; x_wconf 78' lang='lat' dir='ltr'><strong>LIB.</strong></span> <span class='ocrx_word' id='word_1_9' title='bbox 2497 386 2587 453; x_wconf 78' lang='lat' dir='ltr'><strong>lii.</strong></span> 
     </span>
    </p>
   </div>
   <div class='ocr_carea' id='block_1_3' title="bbox 3376 396 3522 463">
    <p class='ocr_par' dir='ltr' id='par_1_3' title="bbox 3376 396 3522 463">
     <span class='ocr_line' id='line_1_3' title="bbox 3376 396 3522 463; baseline 0.034 -5"><span class='ocrx_word' id='word_1_10' title='bbox 3376 396 3522 463; x_wconf 63' lang='lat' dir='ltr'><strong>40M</strong></span> 
     </span>
    </p>
   </div>
   <div class='ocr_carea' id='block_1_4' title="bbox 246 504 3552 592">
    <p class='ocr_par' dir='ltr' id='par_1_4' title="bbox 246 504 3552 592">
     <span class='ocr_line' id='line_1_4' title="bbox 246 504 3552 592; baseline -0.002 -13"><span class='ocrx_word' id='word_1_11' title='bbox 246 522 435 592; x_wconf 80' lang='lat' dir='ltr'><strong>cuique</strong></span> <span class='ocrx_word' id='word_1_12' title='bbox 476 508 862 576; x_wconf 74' lang='lat' dir='ltr'><strong>decernuntur.</strong></span> <span class='ocrx_word' id='word_1_13' title='bbox 893 511 1161 569; x_wconf 84' lang='lat' dir='ltr'><strong>Dicuntur</strong></span> <span class='ocrx_word' id='word_1_14' title='bbox 1192 521 1371 569; x_wconf 83' lang='lat' dir='ltr'><strong>autem</strong></span> <span class='ocrx_word' id='word_1_15' title='bbox 1410 506 1507 568; x_wconf 82' lang='lat' dir='ltr'><strong>mu</strong></span> <span class='ocrx_word' id='word_1_16' title='bbox 1531 524 1654 568; x_wconf 84' lang='lat' dir='ltr'><strong>esse</strong></span> <span class='ocrx_word' id='word_1_17' title='bbox 1677 505 1829 580; x_wconf 85' lang='lat' dir='ltr'><strong>Levi,</strong></span> <span class='ocrx_word' id='word_1_18' title='bbox 1856 512 1909 576; x_wconf 79' lang='grc' dir='ltr'>Α</span> <span class='ocrx_word' id='word_1_19' title='bbox 1934 504 2205 580; x_wconf 80' lang='lat' dir='ltr'><strong>accipiunt</strong></span> <span class='ocrx_word' id='word_1_20' title='bbox 2231 511 2409 566; x_wconf 70' lang='lat' dir='ltr'><strong>tribus</strong></span> <span class='ocrx_word' id='word_1_21' title='bbox 2432 511 2734 567; x_wconf 75' lang='lat' dir='ltr'><strong>videamus.</strong></span> <span class='ocrx_word' id='word_1_22' title='bbox 2763 507 2847 565; x_wconf 76' lang='lat' dir='ltr'><strong>Ex</strong></span> <span class='ocrx_word' id='word_1_23' title='bbox 2870 507 3048 573; x_wconf 74' lang='lat' dir='ltr'><strong>tribu,</strong></span> <span class='ocrx_word' id='word_1_24' title='bbox 3088 508 3296 582; x_wconf 81' lang='lat' dir='ltr'><strong>inquit,</strong></span> <span class='ocrx_word' id='word_1_25' title='bbox 3324 514 3520 574; x_wconf 76' lang='lat' dir='ltr'><strong>Ruben</strong></span> <span class='ocrx_word' id='word_1_26' title='bbox 3549 542 3552 546; x_wconf 83' lang='lat'><strong><em>~</em></strong></span> 
     </span>
    </p>
   </div>
   <div class='ocr_carea' id='block_1_5' title="bbox 247 604 1831 679">
    <p class='ocr_par' dir='ltr' id='par_1_5' title="bbox 247 604 1831 679">
     <span class='ocr_line' id='line_1_5' title="bbox 247 604 1831 679; baseline -0.008 -9"><span class='ocrx_word' id='word_1_27' title='bbox 247 610 474 679; x_wconf 85' lang='lat' dir='ltr'><strong>Gerson,</strong></span> <span class='ocrx_word' id='word_1_28' title='bbox 503 620 558 667; x_wconf 90' lang='lat' dir='ltr'><strong>et</strong></span> <span class='ocrx_word' id='word_1_29' title='bbox 588 609 782 677; x_wconf 83' lang='lat' dir='ltr'><strong>Caath,</strong></span> <span class='ocrx_word' id='word_1_30' title='bbox 807 614 861 664; x_wconf 90' lang='lat' dir='ltr'><strong>et</strong></span> <span class='ocrx_word' id='word_1_31' title='bbox 892 605 1111 672; x_wconf 78' lang='lat' dir='ltr'><strong>Morari,</strong></span> <span class='ocrx_word' id='word_1_32' title='bbox 1143 613 1198 660; x_wconf 93' lang='lat' dir='ltr'><strong>et</strong></span> <span class='ocrx_word' id='word_1_33' title='bbox 1215 604 1522 661; x_wconf 86' lang='lat' dir='ltr'><strong>ostenditur</strong></span> <span class='ocrx_word' id='word_1_34' title='bbox 1540 605 1831 674; x_wconf 91' lang='lat' dir='ltr'><strong>primatum</strong></span> 
     </span>
    </p>
   </div>
   <div class='ocr_carea' id='block_1_6' title="bbox 248 690 1831 768">
    <p class='ocr_par' dir='ltr' id='par_1_6' title="bbox 248 690 1831 768">
     <span class='ocr_line' id='line_1_6' title="bbox 248 690 1831 768; baseline -0.006 -8"><span class='ocrx_word' id='word_1_35' title='bbox 248 703 478 760; x_wconf 78' lang='lat' dir='ltr'><strong>tenuisse</strong></span> <span class='ocrx_word' id='word_1_36' title='bbox 527 700 579 756; x_wconf 89' lang='lat' dir='ltr'><strong>in</strong></span> <span class='ocrx_word' id='word_1_37' title='bbox 606 703 816 758; x_wconf 83' lang='lat' dir='ltr'><strong>honore</strong></span> <span class='ocrx_word' id='word_1_38' title='bbox 854 698 1049 765; x_wconf 85' lang='lat' dir='ltr'><strong>Caath,</strong></span> <span class='ocrx_word' id='word_1_39' title='bbox 1098 698 1202 753; x_wconf 84' lang='lat' dir='ltr'><strong>hoc</strong></span> <span class='ocrx_word' id='word_1_40' title='bbox 1248 703 1352 763; x_wconf 83' lang='lat' dir='ltr'><strong>est,</strong></span> <span class='ocrx_word' id='word_1_41' title='bbox 1394 697 1485 768; x_wconf 85' lang='lat' dir='ltr'><strong>qui</strong></span> <span class='ocrx_word' id='word_1_42' title='bbox 1521 695 1617 751; x_wconf 86' lang='lat' dir='ltr'><strong>ﬁlii</strong></span> <span class='ocrx_word' id='word_1_43' title='bbox 1657 690 1831 751; x_wconf 82' lang='lat' dir='ltr'><strong>Caath</strong></span> 
     </span>
    </p>
   </div>
   <div class='ocr_carea' id='block_1_7' title="bbox 245 788 1834 862">
    <p class='ocr_par' dir='ltr' id='par_1_7' title="bbox 245 788 1834 862">
     <span class='ocr_line' id='line_1_7' title="bbox 245 788 1834 862; baseline -0.006 -10"><span class='ocrx_word' id='word_1_44' title='bbox 245 795 457 852; x_wconf 75' lang='lat' dir='ltr'><strong>fuerunt</strong></span> <span class='ocrx_word' id='word_1_45' title='bbox 477 812 544 850; x_wconf 82' lang='lat' dir='ltr'><strong>ex</strong></span> <span class='ocrx_word' id='word_1_46' title='bbox 572 795 816 849; x_wconf 86' lang='lat' dir='ltr'><strong>Amram.</strong></span> <span class='ocrx_word' id='word_1_47' title='bbox 845 792 983 847; x_wconf 84' lang='lat' dir='ltr'><strong>Nam</strong></span> <span class='ocrx_word' id='word_1_48' title='bbox 1006 793 1073 847; x_wconf 90' lang='lat' dir='ltr'><strong>de</strong></span> <span class='ocrx_word' id='word_1_49' title='bbox 1100 805 1167 846; x_wconf 89' lang='lat' dir='ltr'><strong>eo</strong></span> <span class='ocrx_word' id='word_1_50' title='bbox 1196 790 1431 862; x_wconf 82' lang='lat' dir='ltr'><strong>Moyses,</strong></span> <span class='ocrx_word' id='word_1_51' title='bbox 1465 798 1519 844; x_wconf 88' lang='lat' dir='ltr'><strong>et</strong></span> <span class='ocrx_word' id='word_1_52' title='bbox 1547 788 1751 859; x_wconf 81' lang='lat' dir='ltr'><strong>Aaron,</strong></span> <span class='ocrx_word' id='word_1_53' title='bbox 1778 796 1834 844; x_wconf 87' lang='lat' dir='ltr'><strong>et</strong></span> 
     </span>
    </p>
   </div>
   <div class='ocr_carea' id='block_1_8' title="bbox 243 880 1833 961">
    <p class='ocr_par' dir='ltr' id='par_1_8' title="bbox 243 880 1833 961">
     <span class='ocr_line' id='line_1_8' title="bbox 243 880 1833 961; baseline -0.008 -15"><span class='ocrx_word' id='word_1_54' title='bbox 243 888 428 946; x_wconf 86' lang='lat' dir='ltr'><strong>Maria.</strong></span> <span class='ocrx_word' id='word_1_55' title='bbox 459 888 628 961; x_wconf 79' lang='lat' dir='ltr'><strong>igitur</strong></span> <span class='ocrx_word' id='word_1_56' title='bbox 656 888 722 944; x_wconf 92' lang='lat' dir='ltr'><strong>de</strong></span> <span class='ocrx_word' id='word_1_57' title='bbox 744 886 910 942; x_wconf 84' lang='lat' dir='ltr'><strong>Caath</strong></span> <span class='ocrx_word' id='word_1_58' title='bbox 946 898 1073 957; x_wconf 85' lang='lat' dir='ltr'><strong>pars</strong></span> <span class='ocrx_word' id='word_1_59' title='bbox 1103 883 1321 955; x_wconf 81' lang='lat' dir='ltr'><strong>quidem</strong></span> <span class='ocrx_word' id='word_1_60' title='bbox 1354 882 1506 953; x_wconf 81' lang='lat' dir='ltr'><strong>plebs</strong></span> <span class='ocrx_word' id='word_1_61' title='bbox 1531 880 1721 938; x_wconf 68' lang='lat' dir='ltr'><strong>eﬂ‘ecta</strong></span> <span class='ocrx_word' id='word_1_62' title='bbox 1749 885 1833 935; x_wconf 88' lang='lat' dir='ltr'><strong>est</strong></span> 
     </span>
    </p>
   </div>
   <div class='ocr_carea' id='block_1_9' title="bbox 245 973 1832 1053">
    <p class='ocr_par' dir='ltr' id='par_1_9' title="bbox 245 973 1832 1053">
     <span class='ocr_line' id='line_1_9' title="bbox 245 973 1832 1053; baseline -0.009 -14"><span class='ocrx_word' id='word_1_63' title='bbox 245 982 616 1053; x_wconf 82' lang='lat' dir='ltr'><strong>sacerdotalis,</strong></span> <span class='ocrx_word' id='word_1_64' title='bbox 645 997 763 1052; x_wconf 74' lang='lat' dir='ltr'><strong>quze</strong></span> <span class='ocrx_word' id='word_1_65' title='bbox 789 986 870 1036; x_wconf 87' lang='lat' dir='ltr'><strong>est</strong></span> <span class='ocrx_word' id='word_1_66' title='bbox 892 978 1071 1033; x_wconf 81' lang='lat' dir='ltr'><strong>Aaron</strong></span> <span class='ocrx_word' id='word_1_67' title='bbox 1103 985 1158 1031; x_wconf 88' lang='lat' dir='ltr'><strong>et</strong></span> <span class='ocrx_word' id='word_1_68' title='bbox 1185 975 1280 1030; x_wconf 82' lang='lat' dir='ltr'><strong>lilii</strong></span> <span class='ocrx_word' id='word_1_69' title='bbox 1315 976 1452 1046; x_wconf 82' lang='lat' dir='ltr'><strong>ejus.</strong></span> <span class='ocrx_word' id='word_1_70' title='bbox 1496 973 1706 1045; x_wconf 78' lang='lat' dir='ltr'><strong>Moyses</strong></span> <span class='ocrx_word' id='word_1_71' title='bbox 1736 988 1832 1026; x_wconf 87' lang='lat' dir='ltr'><strong>au-</strong></span> 
     </span>
    </p>
   </div>
   <div class='ocr_carea' id='block_1_10' title="bbox 244 1062 1833 1146">
    <p class='ocr_par' dir='ltr' id='par_1_10' title="bbox 244 1062 1833 1146">
     <span class='ocr_line' id='line_1_10' title="bbox 244 1062 1833 1146; baseline -0.007 -17"><span class='ocrx_word' id='word_1_72' title='bbox 244 1087 349 1130; x_wconf 89' lang='lat' dir='ltr'><strong>tem</strong></span> <span class='ocrx_word' id='word_1_73' title='bbox 372 1086 467 1129; x_wconf 88' lang='lat' dir='ltr'><strong>aut</strong></span> <span class='ocrx_word' id='word_1_74' title='bbox 488 1072 538 1129; x_wconf 87' lang='lat' dir='ltr'><strong>in</strong></span> <span class='ocrx_word' id='word_1_75' title='bbox 567 1070 886 1128; x_wconf 78' lang='lat' dir='ltr'><strong>sacerdotali</strong></span> <span class='ocrx_word' id='word_1_76' title='bbox 911 1068 1121 1135; x_wconf 81' lang='lat' dir='ltr'><strong>ordine,</strong></span> <span class='ocrx_word' id='word_1_77' title='bbox 1168 1076 1261 1123; x_wconf 77' lang='lat' dir='ltr'><strong>aut</strong></span> <span class='ocrx_word' id='word_1_78' title='bbox 1286 1067 1331 1122; x_wconf 89' lang='lat' dir='ltr'><strong>si</strong></span> <span class='ocrx_word' id='word_1_79' title='bbox 1358 1062 1489 1137; x_wconf 87' lang='lat' dir='ltr'><strong>quid</strong></span> <span class='ocrx_word' id='word_1_80' title='bbox 1521 1066 1689 1146; x_wconf 85' lang='lat' dir='ltr'><strong>etiam</strong></span> <span class='ocrx_word' id='word_1_81' title='bbox 1719 1080 1833 1119; x_wconf 89' lang='lat' dir='ltr'><strong>am-</strong></span> 
     </span>
    </p>
   </div>
   <div class='ocr_carea' id='block_1_11' title="bbox 240 1157 1831 1239">
    <p class='ocr_par' dir='ltr' id='par_1_11' title="bbox 240 1157 1831 1239">
     <span class='ocr_line' id='line_1_11' title="bbox 240 1157 1831 1239; baseline -0.006 -19"><span class='ocrx_word' id='word_1_82' title='bbox 240 1164 379 1239; x_wconf 89' lang='lat' dir='ltr'><strong>plius</strong></span> <span class='ocrx_word' id='word_1_83' title='bbox 407 1181 437 1218; x_wconf 92' lang='lat' dir='ltr'><strong>a</strong></span> <span class='ocrx_word' id='word_1_84' title='bbox 465 1162 787 1220; x_wconf 89' lang='lat' dir='ltr'><strong>sacerdotali</strong></span> <span class='ocrx_word' id='word_1_85' title='bbox 831 1176 953 1217; x_wconf 89' lang='lat' dir='ltr'><strong>esse</strong></span> <span class='ocrx_word' id='word_1_86' title='bbox 999 1167 1198 1231; x_wconf 88' lang='lat' dir='ltr'><strong>potest,</strong></span> <span class='ocrx_word' id='word_1_87' title='bbox 1245 1158 1524 1215; x_wconf 84' lang='lat' dir='ltr'><strong>habendus</strong></span> <span class='ocrx_word' id='word_1_88' title='bbox 1562 1166 1663 1214; x_wconf 87' lang='lat' dir='ltr'><strong>est.</strong></span> <span class='ocrx_word' id='word_1_89' title='bbox 1712 1157 1831 1211; x_wconf 85' lang='lat' dir='ltr'><strong>Alia</strong></span> 
     </span>
    </p>
   </div>
   <div class='ocr_carea' id='block_1_12' title="bbox 241 1248 1833 1326">
    <p class='ocr_par' dir='ltr' id='par_1_12' title="bbox 241 1248 1833 1326">
     <span class='ocr_line' id='line_1_12' title="bbox 241 1248 1833 1326; baseline -0.007 -10"><span class='ocrx_word' id='word_1_90' title='bbox 241 1276 369 1317; x_wconf 91' lang='lat' dir='ltr'><strong>vero</strong></span> <span class='ocrx_word' id='word_1_91' title='bbox 390 1267 478 1314; x_wconf 90' lang='lat' dir='ltr'><strong>est</strong></span> <span class='ocrx_word' id='word_1_92' title='bbox 506 1257 648 1313; x_wconf 81' lang='lat' dir='ltr'><strong>ratio</strong></span> <span class='ocrx_word' id='word_1_93' title='bbox 675 1256 741 1311; x_wconf 93' lang='lat' dir='ltr'><strong>de</strong></span> <span class='ocrx_word' id='word_1_94' title='bbox 766 1252 889 1310; x_wconf 87' lang='lat' dir='ltr'><strong>ﬁliis</strong></span> <span class='ocrx_word' id='word_1_95' title='bbox 920 1252 1053 1326; x_wconf 90' lang='lat' dir='ltr'><strong>ejus.</strong></span> <span class='ocrx_word' id='word_1_96' title='bbox 1094 1252 1361 1309; x_wconf 63' lang='lat' dir='ltr'><strong>Caeterum</strong></span> <span class='ocrx_word' id='word_1_97' title='bbox 1403 1259 1582 1307; x_wconf 86' lang='lat' dir='ltr'><strong>autem</strong></span> <span class='ocrx_word' id='word_1_98' title='bbox 1611 1266 1678 1306; x_wconf 81' lang='lat' dir='ltr'><strong>ex</strong></span> <span class='ocrx_word' id='word_1_99' title='bbox 1708 1248 1833 1305; x_wconf 86' lang='lat' dir='ltr'><strong>ﬁliis</strong></span> 
     </span>
    </p>
   </div>
   <div class='ocr_carea' id='block_1_13' title="bbox 197 1316 1832 1433">
    <p class='ocr_par' dir='ltr' id='par_1_13' title="bbox 197 1316 1832 1433">
     <span class='ocr_line' id='line_1_13' title="bbox 197 1316 1832 1433; baseline -0.006 -24"><span class='ocrx_word' id='word_1_100' title='bbox 197 1316 407 1433; x_wconf 32' lang='lat' dir='ltr'><strong>lCaath</strong></span> <span class='ocrx_word' id='word_1_101' title='bbox 438 1351 732 1407; x_wconf 90' lang='lat' dir='ltr'><strong>secundum</strong></span> <span class='ocrx_word' id='word_1_102' title='bbox 758 1316 1049 1405; x_wconf 74' lang='lat' dir='ltr'><strong>tenuerunt</strong></span> <span class='ocrx_word' id='word_1_103' title='bbox 1075 1347 1128 1401; x_wconf 91' lang='lat' dir='ltr'><strong>in</strong></span> <span class='ocrx_word' id='word_1_104' title='bbox 1159 1344 1303 1402; x_wconf 85' lang='lat' dir='ltr'><strong>tribu</strong></span> <span class='ocrx_word' id='word_1_105' title='bbox 1333 1345 1484 1412; x_wconf 83' lang='lat' dir='ltr'><strong>Levi,</strong></span> <span class='ocrx_word' id='word_1_106' title='bbox 1516 1345 1561 1401; x_wconf 87' lang='lat' dir='ltr'><strong>si</strong></span> <span class='ocrx_word' id='word_1_107' title='bbox 1588 1346 1678 1415; x_wconf 89' lang='lat' dir='ltr'><strong>qui</strong></span> <span class='ocrx_word' id='word_1_108' title='bbox 1707 1352 1832 1400; x_wconf 85' lang='lat' dir='ltr'><strong>sunt</strong></span> 
     </span>
    </p>
   </div>
   <div class='ocr_carea' id='block_1_14' title="bbox 238 1432 1833 1511">
    <p class='ocr_par' dir='ltr' id='par_1_14' title="bbox 238 1432 1833 1511">
     <span class='ocr_line' id='line_1_14' title="bbox 238 1432 1833 1511; baseline -0.008 -9"><span class='ocrx_word' id='word_1_109' title='bbox 238 1458 302 1502; x_wconf 80' lang='lat' dir='ltr'><strong>ex</strong></span> <span class='ocrx_word' id='word_1_110' title='bbox 326 1443 594 1511; x_wconf 89' lang='lat' dir='ltr'><strong>lssachar,</strong></span> <span class='ocrx_word' id='word_1_111' title='bbox 638 1450 693 1499; x_wconf 88' lang='lat' dir='ltr'><strong>et</strong></span> <span class='ocrx_word' id='word_1_112' title='bbox 732 1440 970 1507; x_wconf 81' lang='lat' dir='ltr'><strong>Hebron,</strong></span> <span class='ocrx_word' id='word_1_113' title='bbox 1004 1449 1059 1495; x_wconf 90' lang='lat' dir='ltr'><strong>et</strong></span> <span class='ocrx_word' id='word_1_114' title='bbox 1098 1436 1270 1495; x_wconf 85' lang='lat' dir='ltr'><strong>Odiel.</strong></span> <span class='ocrx_word' id='word_1_115' title='bbox 1320 1436 1455 1493; x_wconf 89' lang='lat' dir='ltr'><strong>Tum</strong></span> <span class='ocrx_word' id='word_1_116' title='bbox 1497 1432 1690 1492; x_wconf 88' lang='lat' dir='ltr'><strong>deinde</strong></span> <span class='ocrx_word' id='word_1_117' title='bbox 1711 1442 1833 1506; x_wconf 89' lang='lat' dir='ltr'><strong>post</strong></span> 
     </span>
    </p>
   </div>
   <div class='ocr_carea' id='block_1_15' title="bbox 238 1524 1830 1606">
    <p class='ocr_par' dir='ltr' id='par_1_15' title="bbox 238 1524 1830 1606">
     <span class='ocr_line' id='line_1_15' title="bbox 238 1524 1830 1606; baseline -0.006 -13"><span class='ocrx_word' id='word_1_118' title='bbox 238 1536 340 1593; x_wconf 89' lang='lat' dir='ltr'><strong>hoc</strong></span> <span class='ocrx_word' id='word_1_119' title='bbox 363 1534 638 1606; x_wconf 88' lang='lat' dir='ltr'><strong>accipiunt</strong></span> <span class='ocrx_word' id='word_1_120' title='bbox 680 1542 894 1606; x_wconf 89' lang='lat' dir='ltr'><strong>partem</strong></span> <span class='ocrx_word' id='word_1_121' title='bbox 935 1539 1148 1604; x_wconf 75' lang='lat' dir='ltr'><strong>propter</strong></span> <span class='ocrx_word' id='word_1_122' title='bbox 1184 1529 1377 1595; x_wconf 86' lang='lat' dir='ltr'><strong>Caath,</strong></span> <span class='ocrx_word' id='word_1_123' title='bbox 1410 1545 1440 1584; x_wconf 93' lang='lat' dir='ltr'><strong>e</strong></span> <span class='ocrx_word' id='word_1_124' title='bbox 1470 1526 1594 1583; x_wconf 86' lang='lat' dir='ltr'><strong>ﬁliis</strong></span> <span class='ocrx_word' id='word_1_125' title='bbox 1623 1524 1830 1583; x_wconf 81' lang='lat' dir='ltr'><strong>Gerson</strong></span> 
     </span>
    </p>
   </div>
   <div class='ocr_carea' id='block_1_16' title="bbox 240 1620 1831 1697">
    <p class='ocr_par' dir='ltr' id='par_1_16' title="bbox 240 1620 1831 1697">
     <span class='ocr_line' id='line_1_16' title="bbox 240 1620 1831 1697; baseline -0.006 -9"><span class='ocrx_word' id='word_1_126' title='bbox 240 1630 400 1688; x_wconf 90' lang='lat' dir='ltr'><strong>tertio</strong></span> <span class='ocrx_word' id='word_1_127' title='bbox 445 1630 585 1697; x_wconf 89' lang='lat' dir='ltr'><strong>loco,</strong></span> <span class='ocrx_word' id='word_1_128' title='bbox 632 1628 961 1685; x_wconf 83' lang='lat' dir='ltr'><strong>novissimus</strong></span> <span class='ocrx_word' id='word_1_129' title='bbox 995 1642 1126 1682; x_wconf 87' lang='lat' dir='ltr'><strong>vero</strong></span> <span class='ocrx_word' id='word_1_130' title='bbox 1157 1623 1396 1681; x_wconf 90' lang='lat' dir='ltr'><strong>omnium</strong></span> <span class='ocrx_word' id='word_1_131' title='bbox 1439 1621 1655 1678; x_wconf 90' lang='lat' dir='ltr'><strong>Merarl.</strong></span> <span class='ocrx_word' id='word_1_132' title='bbox 1705 1620 1831 1678; x_wconf 71' lang='lat' dir='ltr'><strong>&quot;(ec</strong></span> 
     </span>
    </p>
   </div>
   <div class='ocr_carea' id='block_1_17' title="bbox 240 1716 1833 1795">
    <p class='ocr_par' dir='ltr' id='par_1_17' title="bbox 240 1716 1833 1795">
     <span class='ocr_line' id='line_1_17' title="bbox 240 1716 1833 1795; baseline -0.007 -14"><span class='ocrx_word' id='word_1_133' title='bbox 240 1734 325 1782; x_wconf 90' lang='lat' dir='ltr'><strong>est</strong></span> <span class='ocrx_word' id='word_1_134' title='bbox 357 1732 539 1779; x_wconf 90' lang='lat' dir='ltr'><strong>autem</strong></span> <span class='ocrx_word' id='word_1_135' title='bbox 575 1721 880 1778; x_wconf 70' lang='lat' dir='ltr'><strong>dill‘erentia</strong></span> <span class='ocrx_word' id='word_1_136' title='bbox 919 1718 1080 1795; x_wconf 91' lang='lat' dir='ltr'><strong>primi</strong></span> <span class='ocrx_word' id='word_1_137' title='bbox 1112 1718 1338 1783; x_wconf 86' lang='lat' dir='ltr'><strong>ordinis,</strong></span> <span class='ocrx_word' id='word_1_138' title='bbox 1371 1716 1617 1782; x_wconf 89' lang='lat' dir='ltr'><strong>secundi,</strong></span> <span class='ocrx_word' id='word_1_139' title='bbox 1649 1723 1701 1772; x_wconf 90' lang='lat' dir='ltr'><strong>et</strong></span> <span class='ocrx_word' id='word_1_140' title='bbox 1726 1726 1833 1771; x_wconf 86' lang='lat' dir='ltr'><strong>ter-</strong></span> 
     </span>
    </p>
   </div>
   <div class='ocr_carea' id='block_1_18' title="bbox 239 1808 1828 1889">
    <p class='ocr_par' dir='ltr' id='par_1_18' title="bbox 239 1808 1828 1889">
     <span class='ocr_line' id='line_1_18' title="bbox 239 1808 1828 1889; baseline -0.005 -19"><span class='ocrx_word' id='word_1_141' title='bbox 239 1817 322 1883; x_wconf 92' lang='lat' dir='ltr'><strong>tii,</strong></span> <span class='ocrx_word' id='word_1_142' title='bbox 347 1816 434 1871; x_wconf 89' lang='lat' dir='ltr'><strong>vel</strong></span> <span class='ocrx_word' id='word_1_143' title='bbox 460 1816 664 1889; x_wconf 84' lang='lat' dir='ltr'><strong>quarti,</strong></span> <span class='ocrx_word' id='word_1_144' title='bbox 694 1828 855 1885; x_wconf 88' lang='lat' dir='ltr'><strong>quam</strong></span> <span class='ocrx_word' id='word_1_145' title='bbox 880 1812 1057 1884; x_wconf 88' lang='lat' dir='ltr'><strong>primo</strong></span> <span class='ocrx_word' id='word_1_146' title='bbox 1078 1811 1319 1868; x_wconf 90' lang='lat' dir='ltr'><strong>omnium</strong></span> <span class='ocrx_word' id='word_1_147' title='bbox 1346 1808 1753 1865; x_wconf 83' lang='lat' dir='ltr'><strong>observavimus</strong></span> <span class='ocrx_word' id='word_1_148' title='bbox 1775 1808 1828 1863; x_wconf 90' lang='lat' dir='ltr'><strong>in</strong></span> 
     </span>
    </p>
   </div>
   <div class='ocr_carea' id='block_1_19' title="bbox 1933 598 3522 679">
    <p class='ocr_par' dir='ltr' id='par_1_19' title="bbox 1933 598 3522 679">
     <span class='ocr_line' id='line_1_19' title="bbox 1933 598 3522 679; baseline 0.006 -23"><span class='ocrx_word' id='word_1_149' title='bbox 1933 609 2088 656; x_wconf 84' lang='lat' dir='ltr'><strong>trans</strong></span> <span class='ocrx_word' id='word_1_150' title='bbox 2124 601 2451 668; x_wconf 81' lang='lat' dir='ltr'><strong>Jordanem,</strong></span> <span class='ocrx_word' id='word_1_151' title='bbox 2492 611 2550 658; x_wconf 87' lang='lat' dir='ltr'><strong>et</strong></span> <span class='ocrx_word' id='word_1_152' title='bbox 2593 603 2659 661; x_wconf 86' lang='lat' dir='ltr'><strong>de</strong></span> <span class='ocrx_word' id='word_1_153' title='bbox 2701 603 2848 657; x_wconf 83' lang='lat' dir='ltr'><strong>tribu</strong></span> <span class='ocrx_word' id='word_1_154' title='bbox 2877 598 3152 671; x_wconf 72' lang='lat' dir='ltr'><strong>lobulon,</strong></span> <span class='ocrx_word' id='word_1_155' title='bbox 3183 604 3278 676; x_wconf 74' lang='lat' dir='ltr'><strong>qui</strong></span> <span class='ocrx_word' id='word_1_156' title='bbox 3313 614 3369 661; x_wconf 77' lang='lat' dir='ltr'><strong>et</strong></span> <span class='ocrx_word' id='word_1_157' title='bbox 3404 609 3522 679; x_wconf 82' lang='lat' dir='ltr'><strong>ipse</strong></span> 
     </span>
    </p>
   </div>
   <div class='ocr_carea' id='block_1_20' title="bbox 1931 695 3518 767">
    <p class='ocr_par' dir='ltr' id='par_1_20' title="bbox 1931 695 3518 767">
     <span class='ocr_line' id='line_1_20' title="bbox 1931 695 3518 767; baseline 0.003 -17"><span class='ocrx_word' id='word_1_158' title='bbox 1931 695 2156 751; x_wconf 75' lang='lat' dir='ltr'><strong>ultimus</strong></span> <span class='ocrx_word' id='word_1_159' title='bbox 2183 702 2270 750; x_wconf 86' lang='lat' dir='ltr'><strong>est</strong></span> <span class='ocrx_word' id='word_1_160' title='bbox 2301 696 2446 751; x_wconf 82' lang='lat' dir='ltr'><strong>inter</strong></span> <span class='ocrx_word' id='word_1_161' title='bbox 2469 696 2609 751; x_wconf 75' lang='lat' dir='ltr'><strong>ﬁliOs</strong></span> <span class='ocrx_word' id='word_1_162' title='bbox 2632 696 2765 762; x_wconf 70' lang='grc' dir='ltr'>ιιω,</span> <span class='ocrx_word' id='word_1_163' title='bbox 2789 696 3064 767; x_wconf 66' lang='lat' dir='ltr'><strong>accipiunt</strong></span> <span class='ocrx_word' id='word_1_164' title='bbox 3085 704 3291 753; x_wconf 80' lang='lat' dir='ltr'><strong>sortem</strong></span> <span class='ocrx_word' id='word_1_165' title='bbox 3325 699 3518 755; x_wconf 79' lang='lat' dir='ltr'><strong>civita~</strong></span> 
     </span>
    </p>
   </div>
   <div class='ocr_carea' id='block_1_21' title="bbox 1932 786 3521 862">
    <p class='ocr_par' dir='ltr' id='par_1_21' title="bbox 1932 786 3521 862">
     <span class='ocr_line' id='line_1_21' title="bbox 1932 786 3521 862; baseline 0.003 -17"><span class='ocrx_word' id='word_1_166' title='bbox 1932 798 2016 845; x_wconf 86' lang='lat' dir='ltr'><strong>tes</strong></span> <span class='ocrx_word' id='word_1_167' title='bbox 2045 789 2350 846; x_wconf 84' lang='lat' dir='ltr'><strong>duodecim.</strong></span> <span class='ocrx_word' id='word_1_168' title='bbox 2394 786 2505 845; x_wconf 83' lang='lat' dir='ltr'><strong>Sed</strong></span> <span class='ocrx_word' id='word_1_169' title='bbox 2535 792 2661 845; x_wconf 86' lang='lat' dir='ltr'><strong>dum</strong></span> <span class='ocrx_word' id='word_1_170' title='bbox 2705 804 2770 847; x_wconf 81' lang='lat' dir='ltr'><strong>ea</strong></span> <span class='ocrx_word' id='word_1_171' title='bbox 2810 802 2935 862; x_wconf 70' lang='lat' dir='ltr'><strong>quae</strong></span> <span class='ocrx_word' id='word_1_172' title='bbox 2970 791 3144 862; x_wconf 75' lang='lat' dir='ltr'><strong>magis</strong></span> <span class='ocrx_word' id='word_1_173' title='bbox 3184 791 3521 849; x_wconf 75' lang='lat' dir='ltr'><strong>observanda</strong></span> 
     </span>
    </p>
   </div>
   <div class='ocr_carea' id='block_1_22' title="bbox 1934 880 3522 954">
    <p class='ocr_par' dir='ltr' id='par_1_22' title="bbox 1934 880 3522 954">
     <span class='ocr_line' id='line_1_22' title="bbox 1934 880 3522 954; baseline 0.003 -20"><span class='ocrx_word' id='word_1_174' title='bbox 1934 884 2060 934; x_wconf 87' lang='lat' dir='ltr'><strong>sunt</strong></span> <span class='ocrx_word' id='word_1_175' title='bbox 2087 880 2140 935; x_wconf 85' lang='lat' dir='ltr'><strong>in</strong></span> <span class='ocrx_word' id='word_1_176' title='bbox 2167 880 2304 935; x_wconf 88' lang='lat' dir='ltr'><strong>locis</strong></span> <span class='ocrx_word' id='word_1_177' title='bbox 2331 880 2685 951; x_wconf 80' lang='lat' dir='ltr'><strong>contigimus,</strong></span> <span class='ocrx_word' id='word_1_178' title='bbox 2717 881 2785 937; x_wconf 85' lang='lat' dir='ltr'><strong>de</strong></span> <span class='ocrx_word' id='word_1_179' title='bbox 2807 882 3005 952; x_wconf 76' lang='lat' dir='ltr'><strong>quibus</strong></span> <span class='ocrx_word' id='word_1_180' title='bbox 3029 880 3243 939; x_wconf 82' lang='lat' dir='ltr'><strong>etiamsi</strong></span> <span class='ocrx_word' id='word_1_181' title='bbox 3282 884 3522 954; x_wconf 74' lang='lat' dir='ltr'><strong>pandere</strong></span> 
     </span>
    </p>
   </div>
   <div class='ocr_carea' id='block_1_23' title="bbox 1931 972 3523 1046">
    <p class='ocr_par' dir='ltr' id='par_1_23' title="bbox 1931 972 3523 1046">
     <span class='ocr_line' id='line_1_23' title="bbox 1931 972 3523 1046; baseline 0.001 -18"><span class='ocrx_word' id='word_1_182' title='bbox 1931 972 2290 1042; x_wconf 80' lang='lat' dir='ltr'><strong>proﬁmdlora</strong></span> <span class='ocrx_word' id='word_1_183' title='bbox 2335 984 2443 1029; x_wconf 85' lang='lat' dir='ltr'><strong>non</strong></span> <span class='ocrx_word' id='word_1_184' title='bbox 2476 986 2768 1043; x_wconf 85' lang='lat' dir='ltr'><strong>possumus</strong></span> <span class='ocrx_word' id='word_1_185' title='bbox 2787 1015 2801 1039; x_wconf 91' lang='lat'><strong>,</strong></span> <span class='ocrx_word' id='word_1_186' title='bbox 2833 972 3024 1029; x_wconf 80' lang='lat' dir='ltr'><strong>saltem</strong></span> <span class='ocrx_word' id='word_1_187' title='bbox 3054 984 3264 1030; x_wconf 75' lang='lat' dir='ltr'><strong>summa</strong></span> <span class='ocrx_word' id='word_1_188' title='bbox 3290 988 3523 1046; x_wconf 71' lang='lat' dir='ltr'><strong>quaeque</strong></span> 
     </span>
    </p>
   </div>
   <div class='ocr_carea' id='block_1_24' title="bbox 1932 1064 3522 1138">
    <p class='ocr_par' dir='ltr' id='par_1_24' title="bbox 1932 1064 3522 1138">
     <span class='ocr_line' id='line_1_24' title="bbox 1932 1064 3522 1138; baseline 0.001 -16"><span class='ocrx_word' id='word_1_189' title='bbox 1932 1067 2302 1138; x_wconf 85' lang='lat' dir='ltr'><strong>perstringere</strong></span> <span class='ocrx_word' id='word_1_190' title='bbox 2324 1076 2431 1122; x_wconf 88' lang='lat' dir='ltr'><strong>non</strong></span> <span class='ocrx_word' id='word_1_191' title='bbox 2466 1064 2704 1138; x_wconf 78' lang='lat' dir='ltr'><strong>pigebit,</strong></span> <span class='ocrx_word' id='word_1_192' title='bbox 2730 1074 2791 1122; x_wconf 86' lang='lat' dir='ltr'><strong>ut</strong></span> <span class='ocrx_word' id='word_1_193' title='bbox 2814 1078 2882 1121; x_wconf 75' lang='lat' dir='ltr'><strong>ex</strong></span> <span class='ocrx_word' id='word_1_194' title='bbox 2914 1066 2999 1122; x_wconf 76' lang='lat' dir='ltr'><strong>his</strong></span> <span class='ocrx_word' id='word_1_195' title='bbox 3028 1066 3405 1138; x_wconf 77' lang='lat' dir='ltr'><strong>unusquisque</strong></span> <span class='ocrx_word' id='word_1_196' title='bbox 3431 1078 3522 1123; x_wconf 58' lang='lat' dir='ltr'><strong>aus</strong></span> 
     </span>
    </p>
   </div>
   <div class='ocr_carea' id='block_1_25' title="bbox 1935 1158 3522 1233">
    <p class='ocr_par' dir='ltr' id='par_1_25' title="bbox 1935 1158 3522 1233">
     <span class='ocr_line' id='line_1_25' title="bbox 1935 1158 3522 1233; baseline 0 -16"><span class='ocrx_word' id='word_1_197' title='bbox 1935 1162 2077 1217; x_wconf 91' lang='lat' dir='ltr'><strong>ditor</strong></span> <span class='ocrx_word' id='word_1_198' title='bbox 2132 1161 2473 1217; x_wconf 85' lang='lat' dir='ltr'><strong>occasionem</strong></span> <span class='ocrx_word' id='word_1_199' title='bbox 2526 1160 2704 1233; x_wconf 88' lang='lat' dir='ltr'><strong>capiat</strong></span> <span class='ocrx_word' id='word_1_200' title='bbox 2773 1160 3144 1230; x_wconf 66' lang='lat' dir='ltr'><strong>intelligentim</strong></span> <span class='ocrx_word' id='word_1_201' title='bbox 3209 1158 3418 1216; x_wconf 80' lang='lat' dir='ltr'><strong>altioris</strong></span> <span class='ocrx_word' id='word_1_202' title='bbox 3465 1164 3522 1217; x_wconf 81' lang='lat' dir='ltr'><strong>et</strong></span> 
     </span>
    </p>
   </div>
   <div class='ocr_carea' id='block_1_26' title="bbox 1931 1249 3524 1323">
    <p class='ocr_par' dir='ltr' id='par_1_26' title="bbox 1931 1249 3524 1323">
     <span class='ocr_line' id='line_1_26' title="bbox 1931 1249 3524 1323; baseline 0.001 -16"><span class='ocrx_word' id='word_1_203' title='bbox 1931 1252 2176 1323; x_wconf 80' lang='lat' dir='ltr'><strong>mysticae</strong></span> <span class='ocrx_word' id='word_1_204' title='bbox 2201 1253 2599 1323; x_wconf 69' lang='lat' dir='ltr'><strong>perquirendte.</strong></span> <span class='ocrx_word' id='word_1_205' title='bbox 2623 1249 2759 1307; x_wconf 84' lang='lat' dir='ltr'><strong>Cum</strong></span> <span class='ocrx_word' id='word_1_206' title='bbox 2785 1254 3018 1322; x_wconf 87' lang='lat' dir='ltr'><strong>quatuor</strong></span> <span class='ocrx_word' id='word_1_207' title='bbox 3035 1261 3217 1323; x_wconf 84' lang='lat' dir='ltr'><strong>partes</strong></span> <span class='ocrx_word' id='word_1_208' title='bbox 3240 1255 3350 1308; x_wconf 89' lang='lat' dir='ltr'><strong>sint</strong></span> <span class='ocrx_word' id='word_1_209' title='bbox 3373 1255 3524 1309; x_wconf 86' lang='lat' dir='ltr'><strong>orbis</strong></span> 
     </span>
    </p>
   </div>
   <div class='ocr_carea' id='block_1_27' title="bbox 1932 1342 3521 1414">
    <p class='ocr_par' dir='ltr' id='par_1_27' title="bbox 1932 1342 3521 1414">
     <span class='ocr_line' id='line_1_27' title="bbox 1932 1342 3521 1414; baseline 0 -15"><span class='ocrx_word' id='word_1_210' title='bbox 1932 1346 2114 1411; x_wconf 71' lang='lat' dir='ltr'><strong>terras,</strong></span> <span class='ocrx_word' id='word_1_211' title='bbox 2142 1342 2314 1399; x_wconf 80' lang='lat' dir='ltr'><strong>Caatlt</strong></span> <span class='ocrx_word' id='word_1_212' title='bbox 2340 1344 2539 1414; x_wconf 85' lang='lat' dir='ltr'><strong>accipit</strong></span> <span class='ocrx_word' id='word_1_213' title='bbox 2565 1351 2771 1400; x_wconf 79' lang='lat' dir='ltr'><strong>sortem</strong></span> <span class='ocrx_word' id='word_1_214' title='bbox 2806 1344 3017 1413; x_wconf 81' lang='lat' dir='ltr'><strong>primus</strong></span> <span class='ocrx_word' id='word_1_215' title='bbox 3056 1345 3201 1398; x_wconf 78' lang='lat' dir='ltr'><strong>inter</strong></span> <span class='ocrx_word' id='word_1_216' title='bbox 3224 1345 3366 1401; x_wconf 69' lang='lat' dir='ltr'><strong>ﬁlios</strong></span> <span class='ocrx_word' id='word_1_217' title='bbox 3392 1345 3521 1400; x_wconf 82' lang='lat' dir='ltr'><strong>Levi</strong></span> 
     </span>
    </p>
   </div>
   <div class='ocr_carea' id='block_1_28' title="bbox 1935 1432 3523 1511">
    <p class='ocr_par' dir='ltr' id='par_1_28' title="bbox 1935 1432 3523 1511">
     <span class='ocr_line' id='line_1_28' title="bbox 1935 1432 3523 1511; baseline 0.001 -20"><span class='ocrx_word' id='word_1_218' title='bbox 1935 1450 1963 1491; x_wconf 90' lang='lat' dir='ltr'><strong>a</strong></span> <span class='ocrx_word' id='word_1_219' title='bbox 2016 1440 2171 1507; x_wconf 86' lang='lat' dir='ltr'><strong>parte</strong></span> <span class='ocrx_word' id='word_1_220' title='bbox 2212 1434 2527 1503; x_wconf 83' lang='lat' dir='ltr'><strong>orientalis,</strong></span> <span class='ocrx_word' id='word_1_221' title='bbox 2578 1450 2701 1492; x_wconf 89' lang='lat' dir='ltr'><strong>cum</strong></span> <span class='ocrx_word' id='word_1_222' title='bbox 2750 1432 2855 1491; x_wconf 88' lang='lat' dir='ltr'><strong>illis</strong></span> <span class='ocrx_word' id='word_1_223' title='bbox 2890 1432 3140 1492; x_wconf 81' lang='lat' dir='ltr'><strong>tribubus</strong></span> <span class='ocrx_word' id='word_1_224' title='bbox 3174 1450 3294 1507; x_wconf 67' lang='lat' dir='ltr'><strong>quae</strong></span> <span class='ocrx_word' id='word_1_225' title='bbox 3315 1434 3523 1511; x_wconf 75' lang='lat' dir='ltr'><strong>etlpsa:</strong></span> 
     </span>
    </p>
   </div>
   <div class='ocr_carea' id='block_1_29' title="bbox 1933 1526 3525 1605">
    <p class='ocr_par' dir='ltr' id='par_1_29' title="bbox 1933 1526 3525 1605">
     <span class='ocr_line' id='line_1_29' title="bbox 1933 1526 3525 1605; baseline -0.001 -22"><span class='ocrx_word' id='word_1_226' title='bbox 1933 1530 2228 1600; x_wconf 87' lang='lat' dir='ltr'><strong>primatum</strong></span> <span class='ocrx_word' id='word_1_227' title='bbox 2255 1530 2497 1583; x_wconf 91' lang='lat' dir='ltr'><strong>omnium</strong></span> <span class='ocrx_word' id='word_1_228' title='bbox 2533 1536 2741 1583; x_wconf 89' lang='lat' dir='ltr'><strong>tenent.</strong></span> <span class='ocrx_word' id='word_1_229' title='bbox 2770 1529 2907 1585; x_wconf 78' lang='lat' dir='ltr'><strong>Vide</strong></span> <span class='ocrx_word' id='word_1_230' title='bbox 2938 1544 3068 1605; x_wconf 79' lang='lat' dir='ltr'><strong>ergo</strong></span> <span class='ocrx_word' id='word_1_231' title='bbox 3108 1526 3376 1603; x_wconf 89' lang='lat' dir='ltr'><strong>quomodo</strong></span> <span class='ocrx_word' id='word_1_232' title='bbox 3403 1529 3525 1583; x_wconf 88' lang='lat' dir='ltr'><strong>uni-</strong></span> 
     </span>
    </p>
   </div>
   <div class='ocr_carea' id='block_1_30' title="bbox 1932 1615 3523 1691">
    <p class='ocr_par' dir='ltr' id='par_1_30' title="bbox 1932 1615 3523 1691">
     <span class='ocr_line' id='line_1_30' title="bbox 1932 1615 3523 1691; baseline -0.001 -16"><span class='ocrx_word' id='word_1_233' title='bbox 1932 1636 2091 1678; x_wconf 86' lang='lat' dir='ltr'><strong>versa</strong></span> <span class='ocrx_word' id='word_1_234' title='bbox 2122 1621 2467 1677; x_wconf 88' lang='lat' dir='ltr'><strong>conveniunt.</strong></span> <span class='ocrx_word' id='word_1_235' title='bbox 2492 1618 2547 1675; x_wconf 91' lang='lat' dir='ltr'><strong>in</strong></span> <span class='ocrx_word' id='word_1_236' title='bbox 2581 1626 2817 1691; x_wconf 86' lang='lat' dir='ltr'><strong>quatuor</strong></span> <span class='ocrx_word' id='word_1_237' title='bbox 2846 1620 2995 1675; x_wconf 84' lang='lat' dir='ltr'><strong>orbis</strong></span> <span class='ocrx_word' id='word_1_238' title='bbox 3029 1615 3279 1690; x_wconf 85' lang='lat' dir='ltr'><strong>partibus</strong></span> <span class='ocrx_word' id='word_1_239' title='bbox 3317 1624 3523 1674; x_wconf 85' lang='lat' dir='ltr'><strong>certum</strong></span> 
     </span>
    </p>
   </div>
   <div class='ocr_carea' id='block_1_31' title="bbox 1935 1708 3527 1785">
    <p class='ocr_par' dir='ltr' id='par_1_31' title="bbox 1935 1708 3527 1785">
     <span class='ocr_line' id='line_1_31' title="bbox 1935 1708 3527 1785; baseline -0.003 -16"><span class='ocrx_word' id='word_1_240' title='bbox 1935 1723 2020 1769; x_wconf 89' lang='lat' dir='ltr'><strong>est</strong></span> <span class='ocrx_word' id='word_1_241' title='bbox 2052 1710 2376 1770; x_wconf 81' lang='lat' dir='ltr'><strong>orientalem</strong></span> <span class='ocrx_word' id='word_1_242' title='bbox 2426 1713 2639 1785; x_wconf 82' lang='lat' dir='ltr'><strong>plagam</strong></span> <span class='ocrx_word' id='word_1_243' title='bbox 2688 1708 3007 1767; x_wconf 86' lang='lat' dir='ltr'><strong>nobiliorem</strong></span> <span class='ocrx_word' id='word_1_244' title='bbox 3052 1708 3243 1766; x_wconf 85' lang='lat' dir='ltr'><strong>videri.</strong></span> <span class='ocrx_word' id='word_1_245' title='bbox 3287 1708 3355 1765; x_wconf 83' lang='lat' dir='ltr'><strong>Et</strong></span> <span class='ocrx_word' id='word_1_246' title='bbox 3405 1724 3527 1781; x_wconf 71' lang='lat' dir='ltr'><strong>qua:</strong></span> 
     </span>
    </p>
   </div>
   <div class='ocr_carea' id='block_1_32' title="bbox 1938 1796 3526 1872">
    <p class='ocr_par' dir='ltr' id='par_1_32' title="bbox 1938 1796 3526 1872">
     <span class='ocr_line' id='line_1_32' title="bbox 1938 1796 3526 1872; baseline -0.004 -13"><span class='ocrx_word' id='word_1_247' title='bbox 1938 1802 2182 1859; x_wconf 86' lang='lat' dir='ltr'><strong>nobilior</strong></span> <span class='ocrx_word' id='word_1_248' title='bbox 2214 1800 2456 1858; x_wconf 89' lang='lat' dir='ltr'><strong>omnium</strong></span> <span class='ocrx_word' id='word_1_249' title='bbox 2490 1800 2821 1872; x_wconf 87' lang='lat' dir='ltr'><strong>reliquarum</strong></span> <span class='ocrx_word' id='word_1_250' title='bbox 2847 1796 3003 1855; x_wconf 72' lang='lat' dir='ltr'><strong>Judze</strong></span> <span class='ocrx_word' id='word_1_251' title='bbox 3029 1800 3201 1856; x_wconf 84' lang='lat' dir='ltr'><strong>tribus</strong></span> <span class='ocrx_word' id='word_1_252' title='bbox 3237 1799 3526 1866; x_wconf 87' lang='lat' dir='ltr'><strong>habeatur,</strong></span> 
     </span>
    </p>
   </div>
   <div class='ocr_carea' id='block_1_33' title="bbox 234 1890 3526 1980">
    <p class='ocr_par' dir='ltr' id='par_1_33' title="bbox 234 1890 3526 1980">
     <span class='ocr_line' id='line_1_33' title="bbox 234 1890 3526 1980; baseline -0.005 -17"><span class='ocrx_word' id='word_1_253' title='bbox 234 1909 481 1964; x_wconf 85' lang='lat' dir='ltr'><strong>numeris</strong></span> <span class='ocrx_word' id='word_1_254' title='bbox 508 1922 524 1962; x_wconf 92' lang='lat'><strong>:</strong></span> <span class='ocrx_word' id='word_1_255' title='bbox 548 1915 736 1980; x_wconf 89' lang='lat' dir='ltr'><strong>postea</strong></span> <span class='ocrx_word' id='word_1_256' title='bbox 771 1906 916 1961; x_wconf 89' lang='lat' dir='ltr'><strong>enim</strong></span> <span class='ocrx_word' id='word_1_257' title='bbox 951 1920 1113 1979; x_wconf 89' lang='lat' dir='ltr'><strong>quam</strong></span> <span class='ocrx_word' id='word_1_258' title='bbox 1141 1904 1405 1960; x_wconf 72' lang='lat' dir='ltr'><strong>ordinata:</strong></span> <span class='ocrx_word' id='word_1_259' title='bbox 1444 1900 1660 1959; x_wconf 78' lang='lat' dir='ltr'><strong>fuerant</strong></span> <span class='ocrx_word' id='word_1_260' title='bbox 1696 1902 1830 1958; x_wconf 87' lang='lat' dir='ltr'><strong>duo-</strong></span> <span class='ocrx_word' id='word_1_261' title='bbox 1858 1902 1905 1964; x_wconf 90' lang='lat' dir='ltr'><strong>B</strong></span> <span class='ocrx_word' id='word_1_262' title='bbox 1935 1903 1989 1951; x_wconf 86' lang='lat' dir='ltr'><strong>et</strong></span> <span class='ocrx_word' id='word_1_263' title='bbox 2018 1892 2111 1950; x_wconf 87' lang='lat' dir='ltr'><strong>ﬁlii</strong></span> <span class='ocrx_word' id='word_1_264' title='bbox 2138 1894 2322 1951; x_wconf 80' lang='lat' dir='ltr'><strong>Aaron</strong></span> <span class='ocrx_word' id='word_1_265' title='bbox 2351 1894 2667 1951; x_wconf 80' lang='lat' dir='ltr'><strong>sacerdotes</strong></span> <span class='ocrx_word' id='word_1_266' title='bbox 2693 1893 2926 1964; x_wconf 79' lang='lat' dir='ltr'><strong>primum</strong></span> <span class='ocrx_word' id='word_1_267' title='bbox 2960 1892 3149 1949; x_wconf 84' lang='lat' dir='ltr'><strong>dicunt</strong></span> <span class='ocrx_word' id='word_1_268' title='bbox 3175 1892 3233 1948; x_wconf 87' lang='lat' dir='ltr'><strong>in</strong></span> <span class='ocrx_word' id='word_1_269' title='bbox 3270 1890 3466 1963; x_wconf 84' lang='lat' dir='ltr'><strong>primis</strong></span> <span class='ocrx_word' id='word_1_270' title='bbox 3494 1907 3526 1980; x_wconf 87' lang='lat' dir='ltr'><strong>e</strong></span> 
     </span>
    </p>
   </div>
   <div class='ocr_carea' id='block_1_34' title="bbox 233 1994 1830 2067">
    <p class='ocr_par' dir='ltr' id='par_1_34' title="bbox 233 1994 1830 2067">
     <span class='ocr_line' id='line_1_34' title="bbox 233 1994 1830 2067; baseline -0.002 -15"><span class='ocrx_word' id='word_1_271' title='bbox 233 1995 415 2055; x_wconf 85' lang='lat' dir='ltr'><strong>decim</strong></span> <span class='ocrx_word' id='word_1_272' title='bbox 447 1997 620 2051; x_wconf 91' lang='lat' dir='ltr'><strong>tribus</strong></span> <span class='ocrx_word' id='word_1_273' title='bbox 651 2011 747 2066; x_wconf 89' lang='lat' dir='ltr'><strong>per</strong></span> <span class='ocrx_word' id='word_1_274' title='bbox 788 2005 1020 2065; x_wconf 88' lang='lat' dir='ltr'><strong>quatuor</strong></span> <span class='ocrx_word' id='word_1_275' title='bbox 1064 1994 1212 2049; x_wconf 88' lang='lat' dir='ltr'><strong>orbis</strong></span> <span class='ocrx_word' id='word_1_276' title='bbox 1258 2003 1415 2050; x_wconf 71' lang='lat' dir='ltr'><strong>terra:</strong></span> <span class='ocrx_word' id='word_1_277' title='bbox 1459 2005 1642 2067; x_wconf 89' lang='lat' dir='ltr'><strong>partes</strong></span> <span class='ocrx_word' id='word_1_278' title='bbox 1686 1994 1830 2050; x_wconf 88' lang='lat' dir='ltr'><strong>circa</strong></span> 
     </span>
    </p>
   </div>
   <div class='ocr_carea' id='block_1_35' title="bbox 233 2086 1831 2159">
    <p class='ocr_par' dir='ltr' id='par_1_35' title="bbox 233 2086 1831 2159">
     <span class='ocr_line' id='line_1_35' title="bbox 233 2086 1831 2159; baseline -0.001 -16"><span class='ocrx_word' id='word_1_279' title='bbox 233 2106 422 2144; x_wconf 90' lang='lat' dir='ltr'><strong>arcam</strong></span> <span class='ocrx_word' id='word_1_280' title='bbox 457 2088 767 2144; x_wconf 85' lang='lat' dir='ltr'><strong>testamenti</strong></span> <span class='ocrx_word' id='word_1_281' title='bbox 789 2086 1002 2143; x_wconf 85' lang='lat' dir='ltr'><strong>Domini</strong></span> <span class='ocrx_word' id='word_1_282' title='bbox 1030 2087 1289 2143; x_wconf 82' lang='lat' dir='ltr'><strong>excubias</strong></span> <span class='ocrx_word' id='word_1_283' title='bbox 1312 2103 1471 2159; x_wconf 87' lang='lat' dir='ltr'><strong>agere</strong></span> <span class='ocrx_word' id='word_1_284' title='bbox 1502 2107 1514 2140; x_wconf 90' lang='lat'>:</span> <span class='ocrx_word' id='word_1_285' title='bbox 1542 2096 1596 2141; x_wconf 90' lang='lat' dir='ltr'><strong>et</strong></span> <span class='ocrx_word' id='word_1_286' title='bbox 1616 2094 1831 2142; x_wconf 12' lang='lat' dir='ltr'><strong>statutam</strong></span> 
     </span>
    </p>
   </div>
   <div class='ocr_carea' id='block_1_36' title="bbox 231 2177 1830 2251">
    <p class='ocr_par' dir='ltr' id='par_1_36' title="bbox 231 2177 1830 2251">
     <span class='ocr_line' id='line_1_36' title="bbox 231 2177 1830 2251; baseline -0.001 -16"><span class='ocrx_word' id='word_1_287' title='bbox 231 2187 365 2235; x_wconf 91' lang='lat' dir='ltr'><strong>sunt</strong></span> <span class='ocrx_word' id='word_1_288' title='bbox 404 2188 516 2235; x_wconf 91' lang='lat' dir='ltr'><strong>tres</strong></span> <span class='ocrx_word' id='word_1_289' title='bbox 571 2179 790 2250; x_wconf 89' lang='lat' dir='ltr'><strong>quidem</strong></span> <span class='ocrx_word' id='word_1_290' title='bbox 829 2180 1003 2236; x_wconf 88' lang='lat' dir='ltr'><strong>tribus</strong></span> <span class='ocrx_word' id='word_1_291' title='bbox 1047 2179 1114 2233; x_wconf 89' lang='lat' dir='ltr'><strong>ab</strong></span> <span class='ocrx_word' id='word_1_292' title='bbox 1141 2177 1372 2244; x_wconf 88' lang='lat' dir='ltr'><strong>oriente,</strong></span> <span class='ocrx_word' id='word_1_293' title='bbox 1400 2185 1583 2233; x_wconf 85' lang='lat' dir='ltr'><strong>ettres</strong></span> <span class='ocrx_word' id='word_1_294' title='bbox 1612 2178 1830 2251; x_wconf 83' lang='lat' dir='ltr'><strong>quidem</strong></span> 
     </span>
    </p>
   </div>
   <div class='ocr_carea' id='block_1_37' title="bbox 231 2268 1832 2339">
    <p class='ocr_par' dir='ltr' id='par_1_37' title="bbox 231 2268 1832 2339">
     <span class='ocr_line' id='line_1_37' title="bbox 231 2268 1832 2339; baseline -0.001 -16"><span class='ocrx_word' id='word_1_295' title='bbox 231 2268 540 2339; x_wconf 80' lang='lat' dir='ltr'><strong>abAfrico,</strong></span> <span class='ocrx_word' id='word_1_296' title='bbox 584 2277 638 2323; x_wconf 88' lang='lat' dir='ltr'><strong>et</strong></span> <span class='ocrx_word' id='word_1_297' title='bbox 681 2268 1003 2335; x_wconf 86' lang='lat' dir='ltr'><strong>meridiano,</strong></span> <span class='ocrx_word' id='word_1_298' title='bbox 1044 2278 1155 2322; x_wconf 90' lang='lat' dir='ltr'><strong>tres</strong></span> <span class='ocrx_word' id='word_1_299' title='bbox 1191 2276 1370 2322; x_wconf 90' lang='lat' dir='ltr'><strong>autem</strong></span> <span class='ocrx_word' id='word_1_300' title='bbox 1420 2269 1490 2333; x_wconf 87' lang='lat' dir='ltr'><strong>ad</strong></span> <span class='ocrx_word' id='word_1_301' title='bbox 1514 2282 1663 2323; x_wconf 85' lang='lat' dir='ltr'><strong>mare</strong></span> <span class='ocrx_word' id='word_1_302' title='bbox 1688 2268 1832 2338; x_wconf 90' lang='lat' dir='ltr'><strong>quod</strong></span> 
     </span>
    </p>
   </div>
   <div class='ocr_carea' id='block_1_38' title="bbox 228 2353 1833 2433">
    <p class='ocr_par' dir='ltr' id='par_1_38' title="bbox 228 2353 1833 2433">
     <span class='ocr_line' id='line_1_38' title="bbox 228 2353 1833 2433; baseline -0.002 -18"><span class='ocrx_word' id='word_1_303' title='bbox 228 2358 409 2416; x_wconf 87' lang='lat' dir='ltr'><strong>estad</strong></span> <span class='ocrx_word' id='word_1_304' title='bbox 439 2357 801 2423; x_wconf 87' lang='lat' dir='ltr'><strong>occidentem,</strong></span> <span class='ocrx_word' id='word_1_305' title='bbox 847 2364 959 2411; x_wconf 89' lang='lat' dir='ltr'><strong>tres</strong></span> <span class='ocrx_word' id='word_1_306' title='bbox 987 2370 1118 2411; x_wconf 83' lang='lat' dir='ltr'><strong>vero</strong></span> <span class='ocrx_word' id='word_1_307' title='bbox 1148 2354 1217 2411; x_wconf 88' lang='lat' dir='ltr'><strong>ad</strong></span> <span class='ocrx_word' id='word_1_308' title='bbox 1259 2353 1592 2428; x_wconf 88' lang='lat' dir='ltr'><strong>aquilonem,</strong></span> <span class='ocrx_word' id='word_1_309' title='bbox 1626 2357 1717 2433; x_wconf 90' lang='lat' dir='ltr'><strong>qui</strong></span> <span class='ocrx_word' id='word_1_310' title='bbox 1746 2363 1833 2411; x_wconf 89' lang='lat' dir='ltr'><strong>est</strong></span> 
     </span>
    </p>
   </div>
   <div class='ocr_carea' id='block_1_39' title="bbox 231 2444 1831 2521">
    <p class='ocr_par' dir='ltr' id='par_1_39' title="bbox 231 2444 1831 2521">
     <span class='ocr_line' id='line_1_39' title="bbox 231 2444 1831 2521; baseline -0.003 -13"><span class='ocrx_word' id='word_1_311' title='bbox 231 2450 531 2521; x_wconf 83' lang='lat' dir='ltr'><strong>septentrio</strong></span> <span class='ocrx_word' id='word_1_312' title='bbox 559 2467 570 2502; x_wconf 88' lang='lat'>:</span> <span class='ocrx_word' id='word_1_313' title='bbox 597 2449 688 2504; x_wconf 90' lang='lat' dir='ltr'><strong>ubi</strong></span> <span class='ocrx_word' id='word_1_314' title='bbox 742 2448 908 2505; x_wconf 90' lang='lat' dir='ltr'><strong>etiam</strong></span> <span class='ocrx_word' id='word_1_315' title='bbox 951 2444 1042 2505; x_wconf 85' lang='lat' dir='ltr'><strong>isti</strong></span> <span class='ocrx_word' id='word_1_316' title='bbox 1084 2465 1183 2521; x_wconf 90' lang='lat' dir='ltr'><strong>per</strong></span> <span class='ocrx_word' id='word_1_317' title='bbox 1214 2454 1445 2520; x_wconf 85' lang='lat' dir='ltr'><strong>quatuor</strong></span> <span class='ocrx_word' id='word_1_318' title='bbox 1475 2450 1625 2506; x_wconf 91' lang='lat' dir='ltr'><strong>orbis</strong></span> <span class='ocrx_word' id='word_1_319' title='bbox 1670 2458 1831 2504; x_wconf 67' lang='lat' dir='ltr'><strong>terra)</strong></span> 
     </span>
    </p>
   </div>
   <div class='ocr_carea' id='block_1_40' title="bbox 228 2540 1834 2613">
    <p class='ocr_par' dir='ltr' id='par_1_40' title="bbox 228 2540 1834 2613">
     <span class='ocr_line' id='line_1_40' title="bbox 228 2540 1834 2613; baseline -0.001 -17"><span class='ocrx_word' id='word_1_320' title='bbox 228 2550 422 2613; x_wconf 90' lang='lat' dir='ltr'><strong>partes</strong></span> <span class='ocrx_word' id='word_1_321' title='bbox 451 2541 641 2597; x_wconf 89' lang='lat' dir='ltr'><strong>eodem</strong></span> <span class='ocrx_word' id='word_1_322' title='bbox 671 2541 860 2596; x_wconf 83' lang='lat' dir='ltr'><strong>ordine</strong></span> <span class='ocrx_word' id='word_1_323' title='bbox 897 2541 1246 2613; x_wconf 85' lang='lat' dir='ltr'><strong>deputantur,</strong></span> <span class='ocrx_word' id='word_1_324' title='bbox 1290 2549 1345 2596; x_wconf 90' lang='lat' dir='ltr'><strong>et</strong></span> <span class='ocrx_word' id='word_1_325' title='bbox 1373 2540 1440 2598; x_wconf 87' lang='lat' dir='ltr'><strong>ab</strong></span> <span class='ocrx_word' id='word_1_326' title='bbox 1464 2543 1675 2598; x_wconf 89' lang='lat' dir='ltr'><strong>oriente</strong></span> <span class='ocrx_word' id='word_1_327' title='bbox 1714 2542 1834 2613; x_wconf 88' lang='lat' dir='ltr'><strong>qui-</strong></span> 
     </span>
    </p>
   </div>
   <div class='ocr_carea' id='block_1_41' title="bbox 231 2628 1832 2701">
    <p class='ocr_par' dir='ltr' id='par_1_41' title="bbox 231 2628 1832 2701">
     <span class='ocr_line' id='line_1_41' title="bbox 231 2628 1832 2701; baseline 0.002 -15"><span class='ocrx_word' id='word_1_328' title='bbox 231 2632 382 2698; x_wconf 89' lang='lat' dir='ltr'><strong>dem,</strong></span> <span class='ocrx_word' id='word_1_329' title='bbox 415 2632 509 2687; x_wconf 90' lang='lat' dir='ltr'><strong>ubi</strong></span> <span class='ocrx_word' id='word_1_330' title='bbox 548 2637 669 2687; x_wconf 89' lang='lat' dir='ltr'><strong>erat</strong></span> <span class='ocrx_word' id='word_1_331' title='bbox 712 2632 887 2687; x_wconf 87' lang='lat' dir='ltr'><strong>tribus</strong></span> <span class='ocrx_word' id='word_1_332' title='bbox 916 2628 1073 2699; x_wconf 80' lang='lat' dir='ltr'><strong>Juda,</strong></span> <span class='ocrx_word' id='word_1_333' title='bbox 1120 2649 1238 2701; x_wconf 63' lang='lat' dir='ltr'><strong>qua:</strong></span> <span class='ocrx_word' id='word_1_334' title='bbox 1264 2641 1385 2689; x_wconf 89' lang='lat' dir='ltr'><strong>erat</strong></span> <span class='ocrx_word' id='word_1_335' title='bbox 1422 2634 1563 2688; x_wconf 88' lang='lat' dir='ltr'><strong>inter</strong></span> <span class='ocrx_word' id='word_1_336' title='bbox 1607 2642 1832 2690; x_wconf 65' lang='lat' dir='ltr'><strong>caeteros</strong></span> 
     </span>
    </p>
   </div>
   <div class='ocr_carea' id='block_1_42' title="bbox 227 2721 1830 2797">
    <p class='ocr_par' dir='ltr' id='par_1_42' title="bbox 227 2721 1830 2797">
     <span class='ocr_line' id='line_1_42' title="bbox 227 2721 1830 2797; baseline 0.002 -20"><span class='ocrx_word' id='word_1_337' title='bbox 227 2722 445 2797; x_wconf 87' lang='lat' dir='ltr'><strong>prima;</strong></span> <span class='ocrx_word' id='word_1_338' title='bbox 494 2723 676 2778; x_wconf 82' lang='lat' dir='ltr'><strong>Aaron</strong></span> <span class='ocrx_word' id='word_1_339' title='bbox 720 2731 884 2794; x_wconf 90' lang='lat' dir='ltr'><strong>atque</strong></span> <span class='ocrx_word' id='word_1_340' title='bbox 938 2722 1031 2777; x_wconf 89' lang='lat' dir='ltr'><strong>ﬁlii</strong></span> <span class='ocrx_word' id='word_1_341' title='bbox 1077 2721 1194 2791; x_wconf 84' lang='lat' dir='ltr'><strong>ejus</strong></span> <span class='ocrx_word' id='word_1_342' title='bbox 1237 2723 1574 2780; x_wconf 89' lang='lat' dir='ltr'><strong>collocantur</strong></span> <span class='ocrx_word' id='word_1_343' title='bbox 1615 2724 1830 2781; x_wconf 88' lang='lat' dir='ltr'><strong>:Caath</strong></span> 
     </span>
    </p>
   </div>
   <div class='ocr_carea' id='block_1_43' title="bbox 232 2814 1829 2887">
    <p class='ocr_par' dir='ltr' id='par_1_43' title="bbox 232 2814 1829 2887">
     <span class='ocr_line' id='line_1_43' title="bbox 232 2814 1829 2887; baseline 0.002 -17"><span class='ocrx_word' id='word_1_344' title='bbox 232 2833 370 2871; x_wconf 86' lang='lat' dir='ltr'><strong>vero</strong></span> <span class='ocrx_word' id='word_1_345' title='bbox 401 2823 456 2871; x_wconf 87' lang='lat' dir='ltr'><strong>et</strong></span> <span class='ocrx_word' id='word_1_346' title='bbox 498 2816 691 2887; x_wconf 83' lang='lat' dir='ltr'><strong>reliqui</strong></span> <span class='ocrx_word' id='word_1_347' title='bbox 719 2815 809 2887; x_wconf 89' lang='lat' dir='ltr'><strong>qui</strong></span> <span class='ocrx_word' id='word_1_348' title='bbox 837 2824 993 2870; x_wconf 88' lang='lat' dir='ltr'><strong>erant</strong></span> <span class='ocrx_word' id='word_1_349' title='bbox 1023 2814 1119 2870; x_wconf 87' lang='lat' dir='ltr'><strong>ﬁlii</strong></span> <span class='ocrx_word' id='word_1_350' title='bbox 1151 2833 1336 2872; x_wconf 87' lang='lat' dir='ltr'><strong>arcam</strong></span> <span class='ocrx_word' id='word_1_351' title='bbox 1380 2817 1693 2875; x_wconf 85' lang='lat' dir='ltr'><strong>testamenti</strong></span> <span class='ocrx_word' id='word_1_352' title='bbox 1721 2816 1829 2873; x_wconf 89' lang='lat' dir='ltr'><strong>Do-</strong></span> 
     </span>
    </p>
   </div>
   <div class='ocr_carea' id='block_1_44' title="bbox 228 2906 1829 2975">
    <p class='ocr_par' dir='ltr' id='par_1_44' title="bbox 228 2906 1829 2975">
     <span class='ocr_line' id='line_1_44' title="bbox 228 2906 1829 2975; baseline 0.002 -13"><span class='ocrx_word' id='word_1_353' title='bbox 228 2907 366 2963; x_wconf 89' lang='lat' dir='ltr'><strong>mini</strong></span> <span class='ocrx_word' id='word_1_354' title='bbox 392 2907 578 2963; x_wconf 88' lang='lat' dir='ltr'><strong>levare</strong></span> <span class='ocrx_word' id='word_1_355' title='bbox 604 2906 659 2961; x_wconf 89' lang='lat' dir='ltr'><strong>in</strong></span> <span class='ocrx_word' id='word_1_356' title='bbox 688 2908 946 2962; x_wconf 90' lang='lat' dir='ltr'><strong>humeros</strong></span> <span class='ocrx_word' id='word_1_357' title='bbox 983 2915 1037 2961; x_wconf 89' lang='lat' dir='ltr'><strong>et</strong></span> <span class='ocrx_word' id='word_1_358' title='bbox 1079 2907 1222 2962; x_wconf 85' lang='lat' dir='ltr'><strong>tubis</strong></span> <span class='ocrx_word' id='word_1_359' title='bbox 1250 2921 1449 2964; x_wconf 87' lang='lat' dir='ltr'><strong>canere</strong></span> <span class='ocrx_word' id='word_1_360' title='bbox 1487 2916 1829 2975; x_wconf 87' lang='lat' dir='ltr'><strong>statuuntur;</strong></span> 
     </span>
    </p>
   </div>
   <div class='ocr_carea' id='block_1_45' title="bbox 229 2996 1831 3069">
    <p class='ocr_par' dir='ltr' id='par_1_45' title="bbox 229 2996 1831 3069">
     <span class='ocr_line' id='line_1_45' title="bbox 229 2996 1831 3069; baseline 0.004 -16"><span class='ocrx_word' id='word_1_361' title='bbox 229 2999 306 3055; x_wconf 90' lang='lat' dir='ltr'><strong>ita</strong></span> <span class='ocrx_word' id='word_1_362' title='bbox 333 3008 396 3054; x_wconf 90' lang='lat' dir='ltr'><strong>ut</strong></span> <span class='ocrx_word' id='word_1_363' title='bbox 428 3015 551 3054; x_wconf 91' lang='lat' dir='ltr'><strong>cum</strong></span> <span class='ocrx_word' id='word_1_364' title='bbox 590 2998 767 3069; x_wconf 91' lang='lat' dir='ltr'><strong>prima</strong></span> <span class='ocrx_word' id='word_1_365' title='bbox 805 2996 930 3055; x_wconf 87' lang='lat' dir='ltr'><strong>tuba</strong></span> <span class='ocrx_word' id='word_1_366' title='bbox 972 3000 1291 3064; x_wconf 88' lang='lat' dir='ltr'><strong>cecinisset,</strong></span> <span class='ocrx_word' id='word_1_367' title='bbox 1326 3007 1606 3057; x_wconf 80' lang='lat' dir='ltr'><strong>moverent</strong></span> <span class='ocrx_word' id='word_1_368' title='bbox 1651 3010 1831 3059; x_wconf 86' lang='lat' dir='ltr'><strong>castra</strong></span> 
     </span>
    </p>
   </div>
   <div class='ocr_carea' id='block_1_46' title="bbox 229 3088 1831 3164">
    <p class='ocr_par' dir='ltr' id='par_1_46' title="bbox 229 3088 1831 3164">
     <span class='ocr_line' id='line_1_46' title="bbox 229 3088 1831 3164; baseline 0.002 -18"><span class='ocrx_word' id='word_1_369' title='bbox 229 3090 286 3147; x_wconf 87' lang='lat' dir='ltr'><strong>hi</strong></span> <span class='ocrx_word' id='word_1_370' title='bbox 319 3090 417 3164; x_wconf 88' lang='lat' dir='ltr'><strong>qui</strong></span> <span class='ocrx_word' id='word_1_371' title='bbox 448 3097 607 3146; x_wconf 90' lang='lat' dir='ltr'><strong>erant</strong></span> <span class='ocrx_word' id='word_1_372' title='bbox 631 3091 698 3145; x_wconf 87' lang='lat' dir='ltr'><strong>ab</strong></span> <span class='ocrx_word' id='word_1_373' title='bbox 719 3088 960 3156; x_wconf 86' lang='lat' dir='ltr'><strong>oriente;</strong></span> <span class='ocrx_word' id='word_1_374' title='bbox 994 3108 1116 3146; x_wconf 92' lang='lat' dir='ltr'><strong>cum</strong></span> <span class='ocrx_word' id='word_1_375' title='bbox 1148 3109 1280 3148; x_wconf 90' lang='lat' dir='ltr'><strong>vero</strong></span> <span class='ocrx_word' id='word_1_376' title='bbox 1324 3094 1561 3148; x_wconf 89' lang='lat' dir='ltr'><strong>secunda</strong></span> <span class='ocrx_word' id='word_1_377' title='bbox 1604 3093 1831 3149; x_wconf 89' lang='lat' dir='ltr'><strong>cecinis-</strong></span> 
     </span>
    </p>
   </div>
   <div class='ocr_carea' id='block_1_47' title="bbox 228 3181 1832 3257">
    <p class='ocr_par' dir='ltr' id='par_1_47' title="bbox 228 3181 1832 3257">
     <span class='ocr_line' id='line_1_47' title="bbox 228 3181 1832 3257; baseline 0.002 -19"><span class='ocrx_word' id='word_1_378' title='bbox 228 3192 333 3250; x_wconf 89' lang='lat' dir='ltr'><strong>set,</strong></span> <span class='ocrx_word' id='word_1_379' title='bbox 368 3182 430 3237; x_wconf 84' lang='lat' dir='ltr'><strong>hi</strong></span> <span class='ocrx_word' id='word_1_380' title='bbox 461 3181 552 3254; x_wconf 90' lang='lat' dir='ltr'><strong>qui</strong></span> <span class='ocrx_word' id='word_1_381' title='bbox 579 3189 737 3236; x_wconf 86' lang='lat' dir='ltr'><strong>erant</strong></span> <span class='ocrx_word' id='word_1_382' title='bbox 757 3198 786 3237; x_wconf 89' lang='lat' dir='ltr'><strong>a</strong></span> <span class='ocrx_word' id='word_1_383' title='bbox 811 3182 1110 3238; x_wconf 88' lang='lat' dir='ltr'><strong>meridiano</strong></span> <span class='ocrx_word' id='word_1_384' title='bbox 1133 3192 1554 3257; x_wconf 78' lang='lat' dir='ltr'><strong>consurgerent;</strong></span> <span class='ocrx_word' id='word_1_385' title='bbox 1583 3184 1742 3239; x_wconf 88' lang='lat' dir='ltr'><strong>tertia</strong></span> <span class='ocrx_word' id='word_1_386' title='bbox 1764 3184 1832 3241; x_wconf 88' lang='lat' dir='ltr'><strong>ab</strong></span> 
     </span>
    </p>
   </div>
   <div class='ocr_carea' id='block_1_48' title="bbox 227 3260 1900 3349">
    <p class='ocr_par' dir='ltr' id='par_1_48' title="bbox 227 3260 1900 3349">
     <span class='ocr_line' id='line_1_48' title="bbox 227 3260 1900 3349; baseline -0.001 -20"><span class='ocrx_word' id='word_1_387' title='bbox 227 3274 553 3341; x_wconf 84' lang='lat' dir='ltr'><strong>occidente,</strong></span> <span class='ocrx_word' id='word_1_388' title='bbox 589 3283 782 3344; x_wconf 89' lang='lat' dir='ltr'><strong>quarta</strong></span> <span class='ocrx_word' id='word_1_389' title='bbox 819 3272 886 3331; x_wconf 88' lang='lat' dir='ltr'><strong>ab</strong></span> <span class='ocrx_word' id='word_1_390' title='bbox 923 3272 1193 3347; x_wconf 84' lang='lat' dir='ltr'><strong>aquilone.</strong></span> <span class='ocrx_word' id='word_1_391' title='bbox 1233 3274 1396 3332; x_wconf 79' lang='lat' dir='ltr'><strong>Vides</strong></span> <span class='ocrx_word' id='word_1_392' title='bbox 1431 3286 1667 3349; x_wconf 88' lang='lat' dir='ltr'><strong>quantus</strong></span> <span class='ocrx_word' id='word_1_393' title='bbox 1694 3277 1827 3332; x_wconf 91' lang='lat' dir='ltr'><strong>ordo</strong></span> <span class='ocrx_word' id='word_1_394' title='bbox 1856 3260 1900 3327; x_wconf 84' lang='lat' dir='ltr'><strong>C</strong></span> 
     </span>
    </p>
   </div>
   <div class='ocr_carea' id='block_1_49' title="bbox 228 3368 1823 3443">
    <p class='ocr_par' dir='ltr' id='par_1_49' title="bbox 228 3368 1823 3443">
     <span class='ocr_line' id='line_1_49' title="bbox 228 3368 1823 3443; baseline 0.003 -19"><span class='ocrx_word' id='word_1_395' title='bbox 228 3378 283 3424; x_wconf 90' lang='lat' dir='ltr'><strong>et</strong></span> <span class='ocrx_word' id='word_1_396' title='bbox 312 3376 523 3439; x_wconf 87' lang='lat' dir='ltr'><strong>quanta</strong></span> <span class='ocrx_word' id='word_1_397' title='bbox 554 3368 857 3424; x_wconf 72' lang='lat' dir='ltr'><strong>dilicrcntia</strong></span> <span class='ocrx_word' id='word_1_398' title='bbox 894 3370 947 3425; x_wconf 89' lang='lat' dir='ltr'><strong>in</strong></span> <span class='ocrx_word' id='word_1_399' title='bbox 977 3368 1275 3443; x_wconf 89' lang='lat' dir='ltr'><strong>Scripturis</strong></span> <span class='ocrx_word' id='word_1_400' title='bbox 1310 3380 1365 3426; x_wconf 91' lang='lat' dir='ltr'><strong>et</strong></span> <span class='ocrx_word' id='word_1_401' title='bbox 1409 3389 1591 3427; x_wconf 88' lang='lat' dir='ltr'><strong>rerum</strong></span> <span class='ocrx_word' id='word_1_402' title='bbox 1631 3389 1823 3429; x_wconf 89' lang='lat' dir='ltr'><strong>conse—</strong></span> 
     </span>
    </p>
   </div>
   <div class='ocr_carea' id='block_1_50' title="bbox 227 3460 1829 3533">
    <p class='ocr_par' dir='ltr' id='par_1_50' title="bbox 227 3460 1829 3533">
     <span class='ocr_line' id='line_1_50' title="bbox 227 3460 1829 3533; baseline 0.005 -16"><span class='ocrx_word' id='word_1_403' title='bbox 227 3463 461 3533; x_wconf 83' lang='lat' dir='ltr'><strong>quentia</strong></span> <span class='ocrx_word' id='word_1_404' title='bbox 497 3460 847 3528; x_wconf 85' lang='lat' dir='ltr'><strong>describitur,</strong></span> <span class='ocrx_word' id='word_1_405' title='bbox 877 3467 1150 3533; x_wconf 91' lang='lat' dir='ltr'><strong>quomodo</strong></span> <span class='ocrx_word' id='word_1_406' title='bbox 1188 3464 1325 3521; x_wconf 83' lang='lat' dir='ltr'><strong>nihil</strong></span> <span class='ocrx_word' id='word_1_407' title='bbox 1358 3468 1463 3523; x_wconf 88' lang='lat' dir='ltr'><strong>nisi</strong></span> <span class='ocrx_word' id='word_1_408' title='bbox 1496 3485 1619 3525; x_wconf 88' lang='lat' dir='ltr'><strong>cum</strong></span> <span class='ocrx_word' id='word_1_409' title='bbox 1649 3470 1829 3525; x_wconf 90' lang='lat' dir='ltr'><strong>mode-</strong></span> 
     </span>
    </p>
   </div>
   <div class='ocr_carea' id='block_1_51' title="bbox 228 3550 1829 3630">
    <p class='ocr_par' dir='ltr' id='par_1_51' title="bbox 228 3550 1829 3630">
     <span class='ocr_line' id='line_1_51' title="bbox 228 3550 1829 3630; baseline 0.005 -24"><span class='ocrx_word' id='word_1_410' title='bbox 228 3552 453 3607; x_wconf 88' lang='lat' dir='ltr'><strong>ratione</strong></span> <span class='ocrx_word' id='word_1_411' title='bbox 499 3560 553 3607; x_wconf 90' lang='lat' dir='ltr'><strong>et</strong></span> <span class='ocrx_word' id='word_1_412' title='bbox 582 3550 777 3607; x_wconf 88' lang='lat' dir='ltr'><strong>ordine</strong></span> <span class='ocrx_word' id='word_1_413' title='bbox 808 3552 1036 3624; x_wconf 79' lang='lat' dir='ltr'><strong>geritur.</strong></span> <span class='ocrx_word' id='word_1_414' title='bbox 1067 3553 1285 3611; x_wconf 87' lang='lat' dir='ltr'><strong>Intuere</strong></span> <span class='ocrx_word' id='word_1_415' title='bbox 1316 3557 1659 3630; x_wconf 76' lang='lat' dir='ltr'><strong>diligentius,</strong></span> <span class='ocrx_word' id='word_1_416' title='bbox 1692 3568 1746 3617; x_wconf 89' lang='lat' dir='ltr'><strong>et</strong></span> <span class='ocrx_word' id='word_1_417' title='bbox 1773 3560 1829 3614; x_wconf 90' lang='lat' dir='ltr'><strong>in</strong></span> 
     </span>
    </p>
   </div>
   <div class='ocr_carea' id='block_1_52' title="bbox 226 3642 1829 3715">
    <p class='ocr_par' dir='ltr' id='par_1_52' title="bbox 226 3642 1829 3715">
     <span class='ocr_line' id='line_1_52' title="bbox 226 3642 1829 3715; baseline 0.002 -15"><span class='ocrx_word' id='word_1_418' title='bbox 226 3643 385 3700; x_wconf 88' lang='lat' dir='ltr'><strong>omni</strong></span> <span class='ocrx_word' id='word_1_419' title='bbox 426 3642 713 3715; x_wconf 87' lang='lat' dir='ltr'><strong>Scriptura</strong></span> <span class='ocrx_word' id='word_1_420' title='bbox 756 3645 872 3703; x_wconf 62' lang='lat' dir='ltr'><strong>haec</strong></span> <span class='ocrx_word' id='word_1_421' title='bbox 916 3645 992 3699; x_wconf 89' lang='lat' dir='ltr'><strong>ita</strong></span> <span class='ocrx_word' id='word_1_422' title='bbox 1044 3648 1287 3703; x_wconf 80' lang='lat' dir='ltr'><strong>invenies</strong></span> <span class='ocrx_word' id='word_1_423' title='bbox 1332 3649 1603 3705; x_wconf 89' lang='lat' dir='ltr'><strong>ordinata.</strong></span> <span class='ocrx_word' id='word_1_424' title='bbox 1634 3649 1741 3707; x_wconf 86' lang='lat' dir='ltr'><strong>Sed</strong></span> <span class='ocrx_word' id='word_1_425' title='bbox 1783 3649 1829 3706; x_wconf 93' lang='lat' dir='ltr'><strong>si</strong></span> 
     </span>
    </p>
   </div>
   <div class='ocr_carea' id='block_1_53' title="bbox 229 3733 1829 3812">
    <p class='ocr_par' dir='ltr' id='par_1_53' title="bbox 229 3733 1829 3812">
     <span class='ocr_line' id='line_1_53' title="bbox 229 3733 1829 3812; baseline 0.006 -24"><span class='ocrx_word' id='word_1_426' title='bbox 229 3735 334 3789; x_wconf 85' lang='lat' dir='ltr'><strong>tibi</strong></span> <span class='ocrx_word' id='word_1_427' title='bbox 373 3733 594 3790; x_wconf 83' lang='lat' dir='ltr'><strong>diﬁicile</strong></span> <span class='ocrx_word' id='word_1_428' title='bbox 625 3744 708 3791; x_wconf 88' lang='lat' dir='ltr'><strong>est</strong></span> <span class='ocrx_word' id='word_1_429' title='bbox 746 3752 847 3808; x_wconf 89' lang='lat' dir='ltr'><strong>per</strong></span> <span class='ocrx_word' id='word_1_430' title='bbox 894 3752 1082 3793; x_wconf 85' lang='lat' dir='ltr'><strong>omnes</strong></span> <span class='ocrx_word' id='word_1_431' title='bbox 1119 3738 1285 3796; x_wconf 88' lang='lat' dir='ltr'><strong>libros</strong></span> <span class='ocrx_word' id='word_1_432' title='bbox 1314 3741 1625 3812; x_wconf 67' lang='lat' dir='ltr'><strong>vigilantem</strong></span> <span class='ocrx_word' id='word_1_433' title='bbox 1652 3744 1829 3798; x_wconf 90' lang='lat' dir='ltr'><strong>cordis</strong></span> 
     </span>
    </p>
   </div>
   <div class='ocr_carea' id='block_1_54' title="bbox 226 3825 1830 3908">
    <p class='ocr_par' dir='ltr' id='par_1_54' title="bbox 226 3825 1830 3908">
     <span class='ocr_line' id='line_1_54' title="bbox 226 3825 1830 3908; baseline 0.007 -29"><span class='ocrx_word' id='word_1_434' title='bbox 226 3825 459 3885; x_wconf 75' lang='lat' dir='ltr'><strong>oculum</strong></span> <span class='ocrx_word' id='word_1_435' title='bbox 497 3827 726 3894; x_wconf 88' lang='lat' dir='ltr'><strong>ducere,</strong></span> <span class='ocrx_word' id='word_1_436' title='bbox 764 3828 816 3884; x_wconf 93' lang='lat' dir='ltr'><strong>in</strong></span> <span class='ocrx_word' id='word_1_437' title='bbox 861 3830 966 3885; x_wconf 88' lang='lat' dir='ltr'><strong>hoc</strong></span> <span class='ocrx_word' id='word_1_438' title='bbox 1006 3832 1193 3887; x_wconf 85' lang='lat' dir='ltr'><strong>saltem</strong></span> <span class='ocrx_word' id='word_1_439' title='bbox 1225 3833 1343 3889; x_wconf 91' lang='lat' dir='ltr'><strong>loco</strong></span> <span class='ocrx_word' id='word_1_440' title='bbox 1373 3833 1684 3908; x_wconf 76' lang='lat' dir='ltr'><strong>diligentius</strong></span> <span class='ocrx_word' id='word_1_441' title='bbox 1711 3851 1830 3908; x_wconf 70' lang='lat' dir='ltr'><strong>quae</strong></span> 
     </span>
    </p>
   </div>
   <div class='ocr_carea' id='block_1_55' title="bbox 226 3912 1828 3996">
    <p class='ocr_par' dir='ltr' id='par_1_55' title="bbox 226 3912 1828 3996">
     <span class='ocr_line' id='line_1_55' title="bbox 226 3912 1828 3996; baseline 0.007 -23"><span class='ocrx_word' id='word_1_442' title='bbox 226 3919 559 3973; x_wconf 85' lang='lat' dir='ltr'><strong>referuntur</strong></span> <span class='ocrx_word' id='word_1_443' title='bbox 582 3921 823 3976; x_wconf 84' lang='lat' dir='ltr'><strong>adverte.</strong></span> <span class='ocrx_word' id='word_1_444' title='bbox 857 3921 1058 3986; x_wconf 87' lang='lat' dir='ltr'><strong>Prima,</strong></span> <span class='ocrx_word' id='word_1_445' title='bbox 1089 3924 1297 3994; x_wconf 86' lang='lat' dir='ltr'><strong>inquit,</strong></span> <span class='ocrx_word' id='word_1_446' title='bbox 1329 3928 1443 3982; x_wconf 81' lang='lat' dir='ltr'><strong>exit</strong></span> <span class='ocrx_word' id='word_1_447' title='bbox 1484 3912 1828 3996; x_wconf 41' lang='lat' dir='ltr'><strong>sors‘Caath,</strong></span> 
     </span>
    </p>
   </div>
   <div class='ocr_carea' id='block_1_56' title="bbox 224 4011 1828 4091">
    <p class='ocr_par' dir='ltr' id='par_1_56' title="bbox 224 4011 1828 4091">
     <span class='ocr_line' id='line_1_56' title="bbox 224 4011 1828 4091; baseline 0.004 -24"><span class='ocrx_word' id='word_1_448' title='bbox 224 4020 286 4067; x_wconf 88' lang='lat' dir='ltr'><strong>et</strong></span> <span class='ocrx_word' id='word_1_449' title='bbox 326 4012 478 4064; x_wconf 80' lang='lat' dir='ltr'><strong>facta</strong></span> <span class='ocrx_word' id='word_1_450' title='bbox 510 4019 595 4066; x_wconf 89' lang='lat' dir='ltr'><strong>est</strong></span> <span class='ocrx_word' id='word_1_451' title='bbox 638 4011 765 4067; x_wconf 88' lang='lat' dir='ltr'><strong>ﬁliis</strong></span> <span class='ocrx_word' id='word_1_452' title='bbox 805 4013 989 4068; x_wconf 88' lang='lat' dir='ltr'><strong>Aaron</strong></span> <span class='ocrx_word' id='word_1_453' title='bbox 1018 4017 1391 4072; x_wconf 85' lang='lat' dir='ltr'><strong>sacerdotibus</strong></span> <span class='ocrx_word' id='word_1_454' title='bbox 1441 4019 1533 4091; x_wconf 86' lang='lat' dir='ltr'><strong>qui</strong></span> <span class='ocrx_word' id='word_1_455' title='bbox 1574 4028 1731 4075; x_wconf 84' lang='lat' dir='ltr'><strong>erant</strong></span> <span class='ocrx_word' id='word_1_456' title='bbox 1774 4022 1828 4076; x_wconf 88' lang='lat' dir='ltr'><strong>in</strong></span> 
     </span>
    </p>
   </div>
   <div class='ocr_carea' id='block_1_57' title="bbox 222 4100 1833 4183">
    <p class='ocr_par' dir='ltr' id='par_1_57' title="bbox 222 4100 1833 4183">
     <span class='ocr_line' id='line_1_57' title="bbox 222 4100 1833 4183; baseline 0.006 -25"><span class='ocrx_word' id='word_1_457' title='bbox 222 4101 464 4159; x_wconf 80' lang='lat' dir='ltr'><strong>Levitis.</strong></span> <span class='ocrx_word' id='word_1_458' title='bbox 492 4100 591 4156; x_wconf 83' lang='lat' dir='ltr'><strong>Cui</strong></span> <span class='ocrx_word' id='word_1_459' title='bbox 620 4104 797 4171; x_wconf 89' lang='lat' dir='ltr'><strong>prima</strong></span> <span class='ocrx_word' id='word_1_460' title='bbox 830 4121 951 4160; x_wconf 88' lang='lat' dir='ltr'><strong>sors</strong></span> <span class='ocrx_word' id='word_1_461' title='bbox 980 4107 1163 4161; x_wconf 88' lang='lat' dir='ltr'><strong>debuit</strong></span> <span class='ocrx_word' id='word_1_462' title='bbox 1193 4109 1343 4163; x_wconf 81' lang='lat' dir='ltr'><strong>exire</strong></span> <span class='ocrx_word' id='word_1_463' title='bbox 1364 4150 1379 4175; x_wconf 93' lang='lat'><strong>,</strong></span> <span class='ocrx_word' id='word_1_464' title='bbox 1413 4111 1503 4165; x_wconf 89' lang='lat' dir='ltr'><strong>cui</strong></span> <span class='ocrx_word' id='word_1_465' title='bbox 1548 4114 1833 4183; x_wconf 82' lang='lat' dir='ltr'><strong>oportebat</strong></span> 
     </span>
    </p>
   </div>
   <div class='ocr_carea' id='block_1_58' title="bbox 224 4192 1831 4275">
    <p class='ocr_par' dir='ltr' id='par_1_58' title="bbox 224 4192 1831 4275">
     <span class='ocr_line' id='line_1_58' title="bbox 224 4192 1831 4275; baseline 0.007 -26"><span class='ocrx_word' id='word_1_466' title='bbox 224 4196 540 4266; x_wconf 86' lang='lat' dir='ltr'><strong>primatum</strong></span> <span class='ocrx_word' id='word_1_467' title='bbox 569 4196 711 4262; x_wconf 90' lang='lat' dir='ltr'><strong>dari,</strong></span> <span class='ocrx_word' id='word_1_468' title='bbox 740 4192 846 4252; x_wconf 87' lang='lat' dir='ltr'><strong>nisi</strong></span> <span class='ocrx_word' id='word_1_469' title='bbox 876 4196 1061 4253; x_wconf 79' lang='lat' dir='ltr'><strong>Aaron</strong></span> <span class='ocrx_word' id='word_1_470' title='bbox 1088 4199 1265 4268; x_wconf 83' lang='lat' dir='ltr'><strong>primo</strong></span> <span class='ocrx_word' id='word_1_471' title='bbox 1292 4200 1557 4271; x_wconf 87' lang='lat' dir='ltr'><strong>pontiﬁci,</strong></span> <span class='ocrx_word' id='word_1_472' title='bbox 1580 4204 1756 4275; x_wconf 87' lang='lat' dir='ltr'><strong>primo</strong></span> <span class='ocrx_word' id='word_1_473' title='bbox 1773 4205 1831 4261; x_wconf 88' lang='lat' dir='ltr'><strong>in</strong></span> 
     </span>
    </p>
   </div>
   <div class='ocr_carea' id='block_1_59' title="bbox 225 4287 1830 4358">
    <p class='ocr_par' dir='ltr' id='par_1_59' title="bbox 225 4287 1830 4358">
     <span class='ocr_line' id='line_1_59' title="bbox 225 4287 1830 4358; baseline 0.006 -17"><span class='ocrx_word' id='word_1_474' title='bbox 225 4288 360 4341; x_wconf 73' lang='lat' dir='ltr'><strong>vita:</strong></span> <span class='ocrx_word' id='word_1_475' title='bbox 388 4287 620 4354; x_wconf 88' lang='lat' dir='ltr'><strong>meritis,</strong></span> <span class='ocrx_word' id='word_1_476' title='bbox 649 4287 828 4358; x_wconf 77' lang='lat' dir='ltr'><strong>primo</strong></span> <span class='ocrx_word' id='word_1_477' title='bbox 862 4289 916 4343; x_wconf 90' lang='lat' dir='ltr'><strong>in</strong></span> <span class='ocrx_word' id='word_1_478' title='bbox 942 4290 1239 4347; x_wconf 84' lang='lat' dir='ltr'><strong>honoribus</strong></span> <span class='ocrx_word' id='word_1_479' title='bbox 1266 4301 1322 4347; x_wconf 88' lang='lat' dir='ltr'><strong>et</strong></span> <span class='ocrx_word' id='word_1_480' title='bbox 1350 4293 1587 4350; x_wconf 83' lang='lat' dir='ltr'><strong>virtute?</strong></span> <span class='ocrx_word' id='word_1_481' title='bbox 1612 4296 1830 4352; x_wconf 82' lang='lat' dir='ltr'><strong>Certum</strong></span> 
     </span>
    </p>
   </div>
   <div class='ocr_carea' id='block_1_60' title="bbox 227 4380 1829 4459">
    <p class='ocr_par' dir='ltr' id='par_1_60' title="bbox 227 4380 1829 4459">
     <span class='ocr_line' id='line_1_60' title="bbox 227 4380 1829 4459; baseline 0.004 -23"><span class='ocrx_word' id='word_1_482' title='bbox 227 4387 319 4436; x_wconf 85' lang='lat' dir='ltr'><strong>est</strong></span> <span class='ocrx_word' id='word_1_483' title='bbox 348 4380 497 4449; x_wconf 89' lang='lat' dir='ltr'><strong>apud</strong></span> <span class='ocrx_word' id='word_1_484' title='bbox 521 4396 623 4437; x_wconf 89' lang='lat' dir='ltr'><strong>nos</strong></span> <span class='ocrx_word' id='word_1_485' title='bbox 646 4398 791 4437; x_wconf 87' lang='lat' dir='ltr'><strong>nunc</strong></span> <span class='ocrx_word' id='word_1_486' title='bbox 821 4382 1017 4438; x_wconf 80' lang='lat' dir='ltr'><strong>saltem</strong></span> <span class='ocrx_word' id='word_1_487' title='bbox 1047 4383 1189 4459; x_wconf 89' lang='lat' dir='ltr'><strong>quod</strong></span> <span class='ocrx_word' id='word_1_488' title='bbox 1216 4400 1324 4439; x_wconf 90' lang='lat' dir='ltr'><strong>non</strong></span> <span class='ocrx_word' id='word_1_489' title='bbox 1360 4385 1432 4440; x_wconf 88' lang='lat' dir='ltr'><strong>sit</strong></span> <span class='ocrx_word' id='word_1_490' title='bbox 1467 4402 1585 4442; x_wconf 91' lang='lat' dir='ltr'><strong>sors</strong></span> <span class='ocrx_word' id='word_1_491' title='bbox 1612 4388 1690 4443; x_wconf 88' lang='lat' dir='ltr'><strong>ita</strong></span> <span class='ocrx_word' id='word_1_492' title='bbox 1714 4387 1829 4443; x_wconf 81' lang='lat' dir='ltr'><strong>for-</strong></span> 
     </span>
    </p>
   </div>
   <div class='ocr_carea' id='block_1_61' title="bbox 214 4472 1828 4548">
    <p class='ocr_par' dir='ltr' id='par_1_61' title="bbox 214 4472 1828 4548">
     <span class='ocr_line' id='line_1_61' title="bbox 214 4472 1828 4548; baseline 0.005 -22"><span class='ocrx_word' id='word_1_493' title='bbox 214 4472 403 4545; x_wconf 83' lang='lat' dir='ltr'><strong>tuita,</strong></span> <span class='ocrx_word' id='word_1_494' title='bbox 431 4472 524 4527; x_wconf 84' lang='lat' dir='ltr'><strong>sed</strong></span> <span class='ocrx_word' id='word_1_495' title='bbox 561 4473 702 4529; x_wconf 87' lang='lat' dir='ltr'><strong>adsit</strong></span> <span class='ocrx_word' id='word_1_496' title='bbox 738 4474 911 4530; x_wconf 87' lang='lat' dir='ltr'><strong>virtus</strong></span> <span class='ocrx_word' id='word_1_497' title='bbox 952 4490 1210 4546; x_wconf 88' lang='lat' dir='ltr'><strong>superna,</strong></span> <span class='ocrx_word' id='word_1_498' title='bbox 1243 4476 1555 4548; x_wconf 78' lang='lat' dir='ltr'><strong>gubernans</strong></span> <span class='ocrx_word' id='word_1_499' title='bbox 1592 4494 1715 4535; x_wconf 87' lang='lat' dir='ltr'><strong>eam</strong></span> <span class='ocrx_word' id='word_1_500' title='bbox 1744 4495 1828 4536; x_wconf 89' lang='lat' dir='ltr'><strong>se—</strong></span> 
     </span>
    </p>
   </div>
   <div class='ocr_carea' id='block_1_62' title="bbox 229 4561 1827 4643">
    <p class='ocr_par' dir='ltr' id='par_1_62' title="bbox 229 4561 1827 4643">
     <span class='ocr_line' id='line_1_62' title="bbox 229 4561 1827 4643; baseline 0.006 -26"><span class='ocrx_word' id='word_1_501' title='bbox 229 4562 478 4617; x_wconf 87' lang='lat' dir='ltr'><strong>cundum</strong></span> <span class='ocrx_word' id='word_1_502' title='bbox 508 4561 701 4619; x_wconf 72' lang='lat' dir='ltr'><strong>divina:</strong></span> <span class='ocrx_word' id='word_1_503' title='bbox 730 4566 1083 4635; x_wconf 75' lang='lat' dir='ltr'><strong>providentiae</strong></span> <span class='ocrx_word' id='word_1_504' title='bbox 1102 4566 1388 4635; x_wconf 85' lang='lat' dir='ltr'><strong>judicium.</strong></span> <span class='ocrx_word' id='word_1_505' title='bbox 1420 4568 1523 4623; x_wconf 85' lang='lat' dir='ltr'><strong>Ubi</strong></span> <span class='ocrx_word' id='word_1_506' title='bbox 1549 4585 1677 4643; x_wconf 73' lang='lat' dir='ltr'><strong>ergo</strong></span> <span class='ocrx_word' id='word_1_507' title='bbox 1703 4571 1827 4627; x_wconf 85' lang='lat' dir='ltr'><strong>ﬁliis</strong></span> 
     </span>
    </p>
   </div>
   <div class='ocr_carea' id='block_1_63' title="bbox 224 4630 1907 4727">
    <p class='ocr_par' dir='ltr' id='par_1_63' title="bbox 224 4630 1907 4727">
     <span class='ocr_line' id='line_1_63' title="bbox 224 4630 1907 4727; baseline 0.005 -18"><span class='ocrx_word' id='word_1_508' title='bbox 224 4655 426 4709; x_wconf 79' lang='lat' dir='ltr'><strong>Aaron</strong></span> <span class='ocrx_word' id='word_1_509' title='bbox 452 4652 628 4721; x_wconf 80' lang='lat' dir='ltr'><strong>prima</strong></span> <span class='ocrx_word' id='word_1_510' title='bbox 655 4630 963 4710; x_wconf 83' lang='lat' dir='ltr'><strong>habitacula</strong></span> <span class='ocrx_word' id='word_1_511' title='bbox 992 4630 1120 4712; x_wconf 77' lang='lat' dir='ltr'><strong>sors</strong></span> <span class='ocrx_word' id='word_1_512' title='bbox 1148 4656 1264 4713; x_wconf 78' lang='lat' dir='ltr'><strong>inec</strong></span> <span class='ocrx_word' id='word_1_513' title='bbox 1291 4656 1440 4727; x_wconf 78' lang='lat' dir='ltr'><strong>justa</strong></span> <span class='ocrx_word' id='word_1_514' title='bbox 1470 4630 1827 4723; x_wconf 40' lang='lat' dir='ltr'><strong>decentnitnn</strong></span> <span class='ocrx_word' id='word_1_515' title='bbox 1852 4630 1907 4689; x_wconf 83' lang='lat' dir='ltr'><strong>D</strong></span> 
     </span>
    </p>
   </div>
   <div class='ocr_carea' id='block_1_64' title="bbox 229 4744 1833 4817">
    <p class='ocr_par' dir='ltr' id='par_1_64' title="bbox 229 4744 1833 4817">
     <span class='ocr_line' id='line_1_64' title="bbox 229 4744 1833 4817; baseline 0.006 -18"><span class='ocrx_word' id='word_1_516' title='bbox 229 4749 411 4811; x_wconf 80' lang='lat' dir='ltr'><strong>tribu,</strong></span> <span class='ocrx_word' id='word_1_517' title='bbox 442 4747 636 4816; x_wconf 80' lang='lat' dir='ltr'><strong>inquit,</strong></span> <span class='ocrx_word' id='word_1_518' title='bbox 665 4744 825 4813; x_wconf 79' lang='lat' dir='ltr'><strong>Juda,</strong></span> <span class='ocrx_word' id='word_1_519' title='bbox 851 4754 906 4801; x_wconf 91' lang='lat' dir='ltr'><strong>et</strong></span> <span class='ocrx_word' id='word_1_520' title='bbox 929 4748 1071 4801; x_wconf 90' lang='lat' dir='ltr'><strong>tribu</strong></span> <span class='ocrx_word' id='word_1_521' title='bbox 1098 4749 1339 4817; x_wconf 88' lang='lat' dir='ltr'><strong>Simeon,</strong></span> <span class='ocrx_word' id='word_1_522' title='bbox 1362 4752 1499 4807; x_wconf 88' lang='lat' dir='ltr'><strong>etin</strong></span> <span class='ocrx_word' id='word_1_523' title='bbox 1525 4754 1665 4808; x_wconf 87' lang='lat' dir='ltr'><strong>tribu</strong></span> <span class='ocrx_word' id='word_1_524' title='bbox 1694 4754 1833 4809; x_wconf 88' lang='lat' dir='ltr'><strong>Ben-</strong></span> 
     </span>
    </p>
   </div>
   <div class='ocr_carea' id='block_1_65' title="bbox 214 4838 1834 4915">
    <p class='ocr_par' dir='ltr' id='par_1_65' title="bbox 214 4838 1834 4915">
     <span class='ocr_line' id='line_1_65' title="bbox 214 4838 1834 4915; baseline 0.006 -22"><span class='ocrx_word' id='word_1_525' title='bbox 214 4839 442 4909; x_wconf 80' lang='lat' dir='ltr'><strong>jatniu,</strong></span> <span class='ocrx_word' id='word_1_526' title='bbox 472 4854 572 4907; x_wconf 88' lang='lat' dir='ltr'><strong>per</strong></span> <span class='ocrx_word' id='word_1_527' title='bbox 599 4845 806 4893; x_wconf 85' lang='lat' dir='ltr'><strong>sortem</strong></span> <span class='ocrx_word' id='word_1_528' title='bbox 852 4838 1102 4894; x_wconf 88' lang='lat' dir='ltr'><strong>civitates</strong></span> <span class='ocrx_word' id='word_1_529' title='bbox 1150 4840 1455 4898; x_wconf 84' lang='lat' dir='ltr'><strong>duodecim.</strong></span> <span class='ocrx_word' id='word_1_530' title='bbox 1492 4845 1658 4900; x_wconf 82' lang='lat' dir='ltr'><strong>Vides</strong></span> <span class='ocrx_word' id='word_1_531' title='bbox 1701 4862 1834 4915; x_wconf 89' lang='lat' dir='ltr'><strong>quo-</strong></span> 
     </span>
    </p>
   </div>
   <div class='ocr_carea' id='block_1_66' title="bbox 223 4928 1833 4997">
    <p class='ocr_par' dir='ltr' id='par_1_66' title="bbox 223 4928 1833 4997">
     <span class='ocr_line' id='line_1_66' title="bbox 223 4928 1833 4997; baseline 0.006 -12"><span class='ocrx_word' id='word_1_532' title='bbox 223 4929 403 4986; x_wconf 86' lang='lat' dir='ltr'><strong>modo</strong></span> <span class='ocrx_word' id='word_1_533' title='bbox 451 4928 509 4981; x_wconf 90' lang='lat' dir='ltr'><strong>in</strong></span> <span class='ocrx_word' id='word_1_534' title='bbox 545 4928 730 4985; x_wconf 89' lang='lat' dir='ltr'><strong>electis</strong></span> <span class='ocrx_word' id='word_1_535' title='bbox 766 4930 931 4997; x_wconf 87' lang='lat' dir='ltr'><strong>viris,</strong></span> <span class='ocrx_word' id='word_1_536' title='bbox 959 4940 1011 4987; x_wconf 91' lang='lat' dir='ltr'><strong>et</strong></span> <span class='ocrx_word' id='word_1_537' title='bbox 1039 4931 1094 4987; x_wconf 89' lang='lat' dir='ltr'><strong>in</strong></span> <span class='ocrx_word' id='word_1_538' title='bbox 1123 4932 1308 4989; x_wconf 90' lang='lat' dir='ltr'><strong>electis</strong></span> <span class='ocrx_word' id='word_1_539' title='bbox 1338 4936 1585 4993; x_wconf 85' lang='lat' dir='ltr'><strong>tribubus</strong></span> <span class='ocrx_word' id='word_1_540' title='bbox 1620 4937 1833 4994; x_wconf 85' lang='lat' dir='ltr'><strong>habita-</strong></span> 
     </span>
    </p>
   </div>
   <div class='ocr_carea' id='block_1_67' title="bbox 222 5018 1830 5095">
    <p class='ocr_par' dir='ltr' id='par_1_67' title="bbox 222 5018 1830 5095">
     <span class='ocr_line' id='line_1_67' title="bbox 222 5018 1830 5095; baseline 0.006 -17"><span class='ocrx_word' id='word_1_541' title='bbox 222 5021 357 5078; x_wconf 85' lang='lat' dir='ltr'><strong>cula</strong></span> <span class='ocrx_word' id='word_1_542' title='bbox 407 5018 807 5087; x_wconf 86' lang='lat' dir='ltr'><strong>dispensantur.</strong></span> <span class='ocrx_word' id='word_1_543' title='bbox 834 5022 980 5088; x_wconf 90' lang='lat' dir='ltr'><strong>Quos</strong></span> <span class='ocrx_word' id='word_1_544' title='bbox 1027 5032 1208 5078; x_wconf 88' lang='lat' dir='ltr'><strong>autem</strong></span> <span class='ocrx_word' id='word_1_545' title='bbox 1251 5028 1490 5095; x_wconf 87' lang='lat' dir='ltr'><strong>oportuit</strong></span> <span class='ocrx_word' id='word_1_546' title='bbox 1535 5030 1830 5087; x_wconf 83' lang='lat' dir='ltr'><strong>secundam</strong></span> 
     </span>
    </p>
   </div>
   <div class='ocr_carea' id='block_1_68' title="bbox 224 5112 1828 5193">
    <p class='ocr_par' dir='ltr' id='par_1_68' title="bbox 224 5112 1828 5193">
     <span class='ocr_line' id='line_1_68' title="bbox 224 5112 1828 5193; baseline 0.003 -22"><span class='ocrx_word' id='word_1_547' title='bbox 224 5122 449 5171; x_wconf 83' lang='lat' dir='ltr'><strong>sortem</strong></span> <span class='ocrx_word' id='word_1_548' title='bbox 476 5112 785 5187; x_wconf 87' lang='lat' dir='ltr'><strong>suscipere?</strong></span> <span class='ocrx_word' id='word_1_549' title='bbox 812 5113 981 5173; x_wconf 83' lang='lat' dir='ltr'><strong>Filios</strong></span> <span class='ocrx_word' id='word_1_550' title='bbox 1004 5154 1021 5181; x_wconf 88' lang='lat'><strong>,</strong></span> <span class='ocrx_word' id='word_1_551' title='bbox 1053 5115 1256 5187; x_wconf 88' lang='lat' dir='ltr'><strong>inquit,</strong></span> <span class='ocrx_word' id='word_1_552' title='bbox 1289 5117 1462 5175; x_wconf 82' lang='lat' dir='ltr'><strong>Caatb</strong></span> <span class='ocrx_word' id='word_1_553' title='bbox 1500 5122 1593 5193; x_wconf 86' lang='lat' dir='ltr'><strong>qui</strong></span> <span class='ocrx_word' id='word_1_554' title='bbox 1633 5122 1828 5193; x_wconf 85' lang='lat' dir='ltr'><strong>reliqui</strong></span> 
     </span>
    </p>
   </div>
   <div class='ocr_carea' id='block_1_69' title="bbox 227 5205 1829 5284">
    <p class='ocr_par' dir='ltr' id='par_1_69' title="bbox 227 5205 1829 5284">
     <span class='ocr_line' id='line_1_69' title="bbox 227 5205 1829 5284; baseline 0.007 -23"><span class='ocrx_word' id='word_1_555' title='bbox 227 5214 400 5265; x_wconf 87' lang='lat' dir='ltr'><strong>erant</strong></span> <span class='ocrx_word' id='word_1_556' title='bbox 446 5212 572 5275; x_wconf 87' lang='lat' dir='ltr'><strong>post</strong></span> <span class='ocrx_word' id='word_1_557' title='bbox 612 5205 753 5261; x_wconf 86' lang='lat' dir='ltr'><strong>ﬁlios</strong></span> <span class='ocrx_word' id='word_1_558' title='bbox 795 5205 999 5263; x_wconf 83' lang='lat' dir='ltr'><strong>Aaron.</strong></span> <span class='ocrx_word' id='word_1_559' title='bbox 1044 5207 1113 5262; x_wconf 91' lang='lat' dir='ltr'><strong>Et</strong></span> <span class='ocrx_word' id='word_1_560' title='bbox 1160 5226 1297 5279; x_wconf 86' lang='lat' dir='ltr'><strong>quas</strong></span> <span class='ocrx_word' id='word_1_561' title='bbox 1332 5211 1503 5267; x_wconf 89' lang='lat' dir='ltr'><strong>tribus</strong></span> <span class='ocrx_word' id='word_1_562' title='bbox 1541 5214 1643 5284; x_wconf 86' lang='lat' dir='ltr'><strong>ipsi</strong></span> <span class='ocrx_word' id='word_1_563' title='bbox 1685 5216 1829 5271; x_wconf 86' lang='lat' dir='ltr'><strong>acci-</strong></span> 
     </span>
    </p>
   </div>
   <div class='ocr_carea' id='block_1_70' title="bbox 224 5295 1828 5376">
    <p class='ocr_par' dir='ltr' id='par_1_70' title="bbox 224 5295 1828 5376">
     <span class='ocr_line' id='line_1_70' title="bbox 224 5295 1828 5376; baseline 0.004 -24"><span class='ocrx_word' id='word_1_564' title='bbox 224 5296 434 5369; x_wconf 86' lang='lat' dir='ltr'><strong>piunt?</strong></span> <span class='ocrx_word' id='word_1_565' title='bbox 455 5295 514 5351; x_wconf 90' lang='lat' dir='ltr'><strong>In</strong></span> <span class='ocrx_word' id='word_1_566' title='bbox 543 5296 707 5364; x_wconf 88' lang='lat' dir='ltr'><strong>tribu,</strong></span> <span class='ocrx_word' id='word_1_567' title='bbox 736 5296 932 5368; x_wconf 85' lang='lat' dir='ltr'><strong>inquit,</strong></span> <span class='ocrx_word' id='word_1_568' title='bbox 958 5297 1245 5367; x_wconf 83' lang='lat' dir='ltr'><strong>Ephraim,</strong></span> <span class='ocrx_word' id='word_1_569' title='bbox 1267 5307 1321 5376; x_wconf 85' lang='lat' dir='ltr'><strong>et</strong></span> <span class='ocrx_word' id='word_1_570' title='bbox 1348 5300 1403 5354; x_wconf 89' lang='lat' dir='ltr'><strong>in</strong></span> <span class='ocrx_word' id='word_1_571' title='bbox 1434 5302 1576 5357; x_wconf 83' lang='lat' dir='ltr'><strong>tribu</strong></span> <span class='ocrx_word' id='word_1_572' title='bbox 1603 5303 1745 5372; x_wconf 85' lang='lat' dir='ltr'><strong>Dan,</strong></span> <span class='ocrx_word' id='word_1_573' title='bbox 1774 5313 1828 5360; x_wconf 89' lang='lat' dir='ltr'><strong>et</strong></span> 
     </span>
    </p>
   </div>
   <div class='ocr_carea' id='block_1_71' title="bbox 225 5391 1828 5467">
    <p class='ocr_par' dir='ltr' id='par_1_71' title="bbox 225 5391 1828 5467">
     <span class='ocr_line' id='line_1_71' title="bbox 225 5391 1828 5467; baseline 0.002 -17"><span class='ocrx_word' id='word_1_574' title='bbox 225 5394 286 5450; x_wconf 85' lang='lat' dir='ltr'><strong>in</strong></span> <span class='ocrx_word' id='word_1_575' title='bbox 316 5391 552 5447; x_wconf 65' lang='lat' dir='ltr'><strong>dimitﬁa</strong></span> <span class='ocrx_word' id='word_1_576' title='bbox 581 5391 727 5447; x_wconf 85' lang='lat' dir='ltr'><strong>tribu</strong></span> <span class='ocrx_word' id='word_1_577' title='bbox 767 5391 1047 5458; x_wconf 77' lang='lat' dir='ltr'><strong>Manasse,</strong></span> <span class='ocrx_word' id='word_1_578' title='bbox 1070 5391 1321 5447; x_wconf 86' lang='lat' dir='ltr'><strong>civitates</strong></span> <span class='ocrx_word' id='word_1_579' title='bbox 1354 5394 1542 5449; x_wconf 85' lang='lat' dir='ltr'><strong>decem</strong></span> <span class='ocrx_word' id='word_1_580' title='bbox 1574 5412 1673 5467; x_wconf 85' lang='lat' dir='ltr'><strong>per</strong></span> <span class='ocrx_word' id='word_1_581' title='bbox 1709 5414 1828 5454; x_wconf 79' lang='lat' dir='ltr'><strong>sor-</strong></span> 
     </span>
    </p>
   </div>
   <div class='ocr_carea' id='block_1_72' title="bbox 226 5481 1828 5558">
    <p class='ocr_par' dir='ltr' id='par_1_72' title="bbox 226 5481 1828 5558">
     <span class='ocr_line' id='line_1_72' title="bbox 226 5481 1828 5558; baseline 0.004 -18"><span class='ocrx_word' id='word_1_582' title='bbox 226 5491 371 5540; x_wconf 83' lang='lat' dir='ltr'><strong>tem.</strong></span> <span class='ocrx_word' id='word_1_583' title='bbox 404 5481 509 5549; x_wconf 86' lang='lat' dir='ltr'><strong>Qui</strong></span> <span class='ocrx_word' id='word_1_584' title='bbox 534 5492 662 5537; x_wconf 88' lang='lat' dir='ltr'><strong>sunt</strong></span> <span class='ocrx_word' id='word_1_585' title='bbox 685 5491 867 5538; x_wconf 87' lang='lat' dir='ltr'><strong>autem</strong></span> <span class='ocrx_word' id='word_1_586' title='bbox 898 5484 1043 5539; x_wconf 84' lang='lat' dir='ltr'><strong>tertii</strong></span> <span class='ocrx_word' id='word_1_587' title='bbox 1069 5483 1162 5539; x_wconf 87' lang='lat' dir='ltr'><strong>ﬁlii</strong></span> <span class='ocrx_word' id='word_1_588' title='bbox 1195 5483 1404 5539; x_wconf 84' lang='lat' dir='ltr'><strong>Gerson</strong></span> <span class='ocrx_word' id='word_1_589' title='bbox 1426 5526 1441 5552; x_wconf 92' lang='lat'><strong>,</strong></span> <span class='ocrx_word' id='word_1_590' title='bbox 1467 5494 1523 5543; x_wconf 88' lang='lat' dir='ltr'><strong>et</strong></span> <span class='ocrx_word' id='word_1_591' title='bbox 1551 5487 1605 5541; x_wconf 84' lang='lat' dir='ltr'><strong>in</strong></span> <span class='ocrx_word' id='word_1_592' title='bbox 1633 5490 1828 5558; x_wconf 75' lang='lat' dir='ltr'><strong>quibus</strong></span> 
     </span>
    </p>
   </div>
   <div class='ocr_carea' id='block_1_73' title="bbox 227 5573 1828 5650">
    <p class='ocr_par' dir='ltr' id='par_1_73' title="bbox 227 5573 1828 5650">
     <span class='ocr_line' id='line_1_73' title="bbox 227 5573 1828 5650; baseline 0.004 -19"><span class='ocrx_word' id='word_1_593' title='bbox 227 5574 420 5631; x_wconf 85' lang='lat' dir='ltr'><strong>tribus</strong></span> <span class='ocrx_word' id='word_1_594' title='bbox 442 5573 777 5629; x_wconf 86' lang='lat' dir='ltr'><strong>sortiuntur?</strong></span> <span class='ocrx_word' id='word_1_595' title='bbox 807 5574 867 5629; x_wconf 83' lang='lat' dir='ltr'><strong>In</strong></span> <span class='ocrx_word' id='word_1_596' title='bbox 886 5573 1164 5641; x_wconf 87' lang='lat' dir='ltr'><strong>lssachar,</strong></span> <span class='ocrx_word' id='word_1_597' title='bbox 1193 5582 1251 5631; x_wconf 84' lang='lat' dir='ltr'><strong>et</strong></span> <span class='ocrx_word' id='word_1_598' title='bbox 1269 5575 1435 5643; x_wconf 82' lang='lat' dir='ltr'><strong>Aser,</strong></span> <span class='ocrx_word' id='word_1_599' title='bbox 1470 5585 1525 5633; x_wconf 84' lang='lat' dir='ltr'><strong>et</strong></span> <span class='ocrx_word' id='word_1_600' title='bbox 1558 5576 1828 5650; x_wconf 79' lang='lat' dir='ltr'><strong>Ncpbtha-</strong></span> 
     </span>
    </p>
   </div>
   <div class='ocr_carea' id='block_1_74' title="bbox 229 5665 1831 5740">
    <p class='ocr_par' dir='ltr' id='par_1_74' title="bbox 229 5665 1831 5740">
     <span class='ocr_line' id='line_1_74' title="bbox 229 5665 1831 5740; baseline 0.006 -19"><span class='ocrx_word' id='word_1_601' title='bbox 229 5666 357 5733; x_wconf 87' lang='lat' dir='ltr'><strong>lim,</strong></span> <span class='ocrx_word' id='word_1_602' title='bbox 385 5673 444 5720; x_wconf 88' lang='lat' dir='ltr'><strong>et</strong></span> <span class='ocrx_word' id='word_1_603' title='bbox 473 5666 529 5720; x_wconf 89' lang='lat' dir='ltr'><strong>in</strong></span> <span class='ocrx_word' id='word_1_604' title='bbox 560 5665 784 5723; x_wconf 82' lang='lat' dir='ltr'><strong>dimidia</strong></span> <span class='ocrx_word' id='word_1_605' title='bbox 814 5667 961 5723; x_wconf 84' lang='lat' dir='ltr'><strong>tribu</strong></span> <span class='ocrx_word' id='word_1_606' title='bbox 998 5666 1287 5739; x_wconf 79' lang='lat' dir='ltr'><strong>Manasse,</strong></span> <span class='ocrx_word' id='word_1_607' title='bbox 1322 5685 1444 5740; x_wconf 65' lang='lat' dir='ltr'><strong>qua:</strong></span> <span class='ocrx_word' id='word_1_608' title='bbox 1468 5679 1553 5729; x_wconf 86' lang='lat' dir='ltr'><strong>est</strong></span> <span class='ocrx_word' id='word_1_609' title='bbox 1574 5672 1633 5729; x_wconf 70' lang='lat' dir='ltr'><strong>in</strong></span> <span class='ocrx_word' id='word_1_610' title='bbox 1665 5671 1831 5731; x_wconf 79' lang='lat' dir='ltr'><strong>Para-</strong></span> 
     </span>
    </p>
   </div>
   <div class='ocr_carea' id='block_1_75' title="bbox 227 5760 1830 5833">
    <p class='ocr_par' dir='ltr' id='par_1_75' title="bbox 227 5760 1830 5833">
     <span class='ocr_line' id='line_1_75' title="bbox 227 5760 1830 5833; baseline 0.008 -19"><span class='ocrx_word' id='word_1_611' title='bbox 227 5761 421 5823; x_wconf 75' lang='lat' dir='ltr'><strong>nitide</strong></span> <span class='ocrx_word' id='word_1_612' title='bbox 454 5760 707 5819; x_wconf 78' lang='lat' dir='ltr'><strong>civitates</strong></span> <span class='ocrx_word' id='word_1_613' title='bbox 749 5760 1053 5821; x_wconf 77' lang='lat' dir='ltr'><strong>duodecim.</strong></span> <span class='ocrx_word' id='word_1_614' title='bbox 1083 5762 1191 5833; x_wconf 76' lang='lat' dir='ltr'><strong>Qui.</strong></span> <span class='ocrx_word' id='word_1_615' title='bbox 1218 5770 1349 5820; x_wconf 72' lang='lat' dir='ltr'><strong>sunt</strong></span> <span class='ocrx_word' id='word_1_616' title='bbox 1373 5764 1547 5823; x_wconf 81' lang='lat' dir='ltr'><strong>ultimi</strong></span> <span class='ocrx_word' id='word_1_617' title='bbox 1589 5766 1645 5823; x_wconf 89' lang='lat' dir='ltr'><strong>in</strong></span> <span class='ocrx_word' id='word_1_618' title='bbox 1672 5765 1830 5827; x_wconf 88' lang='lat' dir='ltr'><strong>Levi-</strong></span> 
     </span>
    </p>
   </div>
   <div class='ocr_carea' id='block_1_76' title="bbox 237 5840 1828 5931">
    <p class='ocr_par' dir='ltr' id='par_1_76' title="bbox 237 5840 1828 5931">
     <span class='ocr_line' id='line_1_76' title="bbox 237 5840 1828 5931; baseline 0.008 -24"><span class='ocrx_word' id='word_1_619' title='bbox 237 5854 349 5909; x_wconf 84' lang='lat' dir='ltr'><strong>tis?</strong></span> <span class='ocrx_word' id='word_1_620' title='bbox 380 5850 528 5919; x_wconf 88' lang='lat' dir='ltr'><strong>Filii,</strong></span> <span class='ocrx_word' id='word_1_621' title='bbox 556 5840 750 5924; x_wconf 83' lang='lat' dir='ltr'><strong>inquit,</strong></span> <span class='ocrx_word' id='word_1_622' title='bbox 780 5852 980 5909; x_wconf 83' lang='lat' dir='ltr'><strong>Merari</strong></span> <span class='ocrx_word' id='word_1_623' title='bbox 1008 5854 1099 5912; x_wconf 87' lang='lat' dir='ltr'><strong>isti</strong></span> <span class='ocrx_word' id='word_1_624' title='bbox 1127 5857 1440 5927; x_wconf 85' lang='lat' dir='ltr'><strong>novissimi,</strong></span> <span class='ocrx_word' id='word_1_625' title='bbox 1467 5859 1601 5916; x_wconf 88' lang='lat' dir='ltr'><strong>etin</strong></span> <span class='ocrx_word' id='word_1_626' title='bbox 1631 5842 1828 5931; x_wconf 79' lang='lat' dir='ltr'><strong>quibus</strong></span> 
     </span>
    </p>
   </div>
   <div class='ocr_carea' id='block_1_77' title="bbox 1935 1978 3527 2058">
    <p class='ocr_par' dir='ltr' id='par_1_77' title="bbox 1935 1978 3527 2058">
     <span class='ocr_line' id='line_1_77' title="bbox 1935 1978 3527 2058; baseline -0.003 -15"><span class='ocrx_word' id='word_1_627' title='bbox 1935 1986 2108 2043; x_wconf 87' lang='lat' dir='ltr'><strong>tribus</strong></span> <span class='ocrx_word' id='word_1_628' title='bbox 2144 1988 2293 2043; x_wconf 85' lang='lat' dir='ltr'><strong>orbis</strong></span> <span class='ocrx_word' id='word_1_629' title='bbox 2329 1985 2577 2058; x_wconf 86' lang='lat' dir='ltr'><strong>partibus</strong></span> <span class='ocrx_word' id='word_1_630' title='bbox 2606 1993 2808 2041; x_wconf 88' lang='lat' dir='ltr'><strong>sortem</strong></span> <span class='ocrx_word' id='word_1_631' title='bbox 2840 1998 2962 2040; x_wconf 90' lang='lat' dir='ltr'><strong>cum</strong></span> <span class='ocrx_word' id='word_1_632' title='bbox 2996 1982 3207 2040; x_wconf 85' lang='lat' dir='ltr'><strong>Gerson</strong></span> <span class='ocrx_word' id='word_1_633' title='bbox 3229 1994 3285 2039; x_wconf 87' lang='lat' dir='ltr'><strong>et</strong></span> <span class='ocrx_word' id='word_1_634' title='bbox 3308 1978 3527 2050; x_wconf 85' lang='lat' dir='ltr'><strong>Merari,</strong></span> 
     </span>
    </p>
   </div>
   <div class='ocr_carea' id='block_1_78' title="bbox 1934 2068 3529 2149">
    <p class='ocr_par' dir='ltr' id='par_1_78' title="bbox 1934 2068 3529 2149">
     <span class='ocr_line' id='line_1_78' title="bbox 1934 2068 3529 2149; baseline -0.002 -17"><span class='ocrx_word' id='word_1_635' title='bbox 1934 2079 2025 2149; x_wconf 87' lang='lat' dir='ltr'><strong>qui</strong></span> <span class='ocrx_word' id='word_1_636' title='bbox 2049 2087 2205 2132; x_wconf 89' lang='lat' dir='ltr'><strong>erant</strong></span> <span class='ocrx_word' id='word_1_637' title='bbox 2231 2075 2391 2148; x_wconf 88' lang='lat' dir='ltr'><strong>primi</strong></span> <span class='ocrx_word' id='word_1_638' title='bbox 2424 2074 2569 2132; x_wconf 90' lang='lat' dir='ltr'><strong>inter</strong></span> <span class='ocrx_word' id='word_1_639' title='bbox 2612 2076 2754 2132; x_wconf 76' lang='lat' dir='ltr'><strong>filios</strong></span> <span class='ocrx_word' id='word_1_640' title='bbox 2798 2072 2950 2132; x_wconf 85' lang='lat' dir='ltr'><strong>Levi.</strong></span> <span class='ocrx_word' id='word_1_641' title='bbox 2998 2075 3229 2148; x_wconf 72' lang='lat' dir='ltr'><strong>Sl‘ergo</strong></span> <span class='ocrx_word' id='word_1_642' title='bbox 3270 2080 3385 2132; x_wconf 88' lang='lat' dir='ltr'><strong>tres</strong></span> <span class='ocrx_word' id='word_1_643' title='bbox 3431 2068 3529 2131; x_wconf 83' lang='lat' dir='ltr'><strong>ﬁlii</strong></span> 
     </span>
    </p>
   </div>
   <div class='ocr_carea' id='block_1_79' title="bbox 1932 2166 3530 2239">
    <p class='ocr_par' dir='ltr' id='par_1_79' title="bbox 1932 2166 3530 2239">
     <span class='ocr_line' id='line_1_79' title="bbox 1932 2166 3530 2239; baseline -0.001 -16"><span class='ocrx_word' id='word_1_644' title='bbox 1932 2166 2063 2224; x_wconf 67' lang='lat' dir='ltr'><strong>levi</strong></span> <span class='ocrx_word' id='word_1_645' title='bbox 2092 2168 2368 2239; x_wconf 88' lang='lat' dir='ltr'><strong>accipiunt</strong></span> <span class='ocrx_word' id='word_1_646' title='bbox 2403 2168 2672 2225; x_wconf 88' lang='lat' dir='ltr'><strong>orientem</strong></span> <span class='ocrx_word' id='word_1_647' title='bbox 2697 2184 2712 2235; x_wconf 87' lang='lat'><strong>;</strong></span> <span class='ocrx_word' id='word_1_648' title='bbox 2758 2167 3098 2225; x_wconf 84' lang='lat' dir='ltr'><strong>occidentem</strong></span> <span class='ocrx_word' id='word_1_649' title='bbox 3123 2178 3254 2223; x_wconf 77' lang='lat' dir='ltr'><strong>vero</strong></span> <span class='ocrx_word' id='word_1_650' title='bbox 3282 2166 3374 2223; x_wconf 87' lang='lat' dir='ltr'><strong>ubi</strong></span> <span class='ocrx_word' id='word_1_651' title='bbox 3411 2174 3530 2222; x_wconf 85' lang='lat' dir='ltr'><strong>erat</strong></span> 
     </span>
    </p>
   </div>
   <div class='ocr_carea' id='block_1_80' title="bbox 1935 2256 3529 2327">
    <p class='ocr_par' dir='ltr' id='par_1_80' title="bbox 1935 2256 3529 2327">
     <span class='ocr_line' id='line_1_80' title="bbox 1935 2256 3529 2327; baseline -0.002 -11"><span class='ocrx_word' id='word_1_652' title='bbox 1935 2260 2123 2316; x_wconf 75' lang='lat' dir='ltr'><strong>Ruben</strong></span> <span class='ocrx_word' id='word_1_653' title='bbox 2150 2266 2204 2316; x_wconf 87' lang='lat' dir='ltr'><strong>et</strong></span> <span class='ocrx_word' id='word_1_654' title='bbox 2232 2259 2450 2316; x_wconf 87' lang='lat' dir='ltr'><strong>Simeon</strong></span> <span class='ocrx_word' id='word_1_655' title='bbox 2479 2270 2536 2316; x_wconf 85' lang='lat' dir='ltr'><strong>et</strong></span> <span class='ocrx_word' id='word_1_656' title='bbox 2560 2260 2697 2327; x_wconf 87' lang='lat' dir='ltr'><strong>Gad,</strong></span> <span class='ocrx_word' id='word_1_657' title='bbox 2727 2256 3219 2317; x_wconf 82' lang='lat' dir='ltr'><strong>sortitursecunda</strong></span> <span class='ocrx_word' id='word_1_658' title='bbox 3244 2265 3390 2315; x_wconf 83' lang='lat' dir='ltr'><strong>sorte</strong></span> <span class='ocrx_word' id='word_1_659' title='bbox 3412 2256 3529 2314; x_wconf 85' lang='lat' dir='ltr'><strong>Gad</strong></span> 
     </span>
    </p>
   </div>
   <div class='ocr_carea' id='block_1_81' title="bbox 1932 2346 3529 2422">
    <p class='ocr_par' dir='ltr' id='par_1_81' title="bbox 1932 2346 3529 2422">
     <span class='ocr_line' id='line_1_81' title="bbox 1932 2346 3529 2422; baseline -0.004 -14"><span class='ocrx_word' id='word_1_660' title='bbox 1932 2364 1989 2409; x_wconf 87' lang='lat' dir='ltr'><strong>et</strong></span> <span class='ocrx_word' id='word_1_661' title='bbox 2033 2352 2209 2408; x_wconf 85' lang='lat' dir='ltr'><strong>tribus</strong></span> <span class='ocrx_word' id='word_1_662' title='bbox 2243 2350 2536 2407; x_wconf 81' lang='lat' dir='ltr'><strong>Simeonis.</strong></span> <span class='ocrx_word' id='word_1_663' title='bbox 2576 2350 2806 2407; x_wconf 80' lang='lat' dir='ltr'><strong>Meraris</strong></span> <span class='ocrx_word' id='word_1_664' title='bbox 2848 2364 2981 2407; x_wconf 89' lang='lat' dir='ltr'><strong>vero</strong></span> <span class='ocrx_word' id='word_1_665' title='bbox 3025 2346 3263 2422; x_wconf 86' lang='lat' dir='ltr'><strong>primum</strong></span> <span class='ocrx_word' id='word_1_666' title='bbox 3302 2348 3529 2405; x_wconf 80' lang='lat' dir='ltr'><strong>sortitur</strong></span> 
     </span>
    </p>
   </div>
   <div class='ocr_carea' id='block_1_82' title="bbox 1932 2434 3526 2510">
    <p class='ocr_par' dir='ltr' id='par_1_82' title="bbox 1932 2434 3526 2510">
     <span class='ocr_line' id='line_1_82' title="bbox 1932 2434 3526 2510; baseline -0.003 -10"><span class='ocrx_word' id='word_1_667' title='bbox 1932 2440 2156 2510; x_wconf 79' lang='lat' dir='ltr'><strong>Ruben,</strong></span> <span class='ocrx_word' id='word_1_668' title='bbox 2207 2450 2263 2499; x_wconf 89' lang='lat' dir='ltr'><strong>et</strong></span> <span class='ocrx_word' id='word_1_669' title='bbox 2302 2444 2501 2499; x_wconf 84' lang='lat' dir='ltr'><strong>iterum</strong></span> <span class='ocrx_word' id='word_1_670' title='bbox 2545 2438 2744 2497; x_wconf 83' lang='lat' dir='ltr'><strong>Merari</strong></span> <span class='ocrx_word' id='word_1_671' title='bbox 2796 2442 3017 2498; x_wconf 86' lang='lat' dir='ltr'><strong>tertium</strong></span> <span class='ocrx_word' id='word_1_672' title='bbox 3071 2440 3127 2497; x_wconf 85' lang='lat' dir='ltr'><strong>in</strong></span> <span class='ocrx_word' id='word_1_673' title='bbox 3179 2442 3420 2497; x_wconf 85' lang='lat' dir='ltr'><strong>numeris</strong></span> <span class='ocrx_word' id='word_1_674' title='bbox 3458 2434 3526 2495; x_wconf 87' lang='lat' dir='ltr'><strong>ab</strong></span> 
     </span>
    </p>
   </div>
   <div class='ocr_carea' id='block_1_83' title="bbox 1934 2532 3528 2607">
    <p class='ocr_par' dir='ltr' id='par_1_83' title="bbox 1934 2532 3528 2607">
     <span class='ocr_line' id='line_1_83' title="bbox 1934 2532 3528 2607; baseline -0.003 -13"><span class='ocrx_word' id='word_1_675' title='bbox 1934 2539 2144 2594; x_wconf 87' lang='lat' dir='ltr'><strong>oriente</strong></span> <span class='ocrx_word' id='word_1_676' title='bbox 2173 2538 2387 2607; x_wconf 86' lang='lat' dir='ltr'><strong>accepit</strong></span> <span class='ocrx_word' id='word_1_677' title='bbox 2411 2534 2677 2604; x_wconf 85' lang='lat' dir='ltr'><strong>Zabulon,</strong></span> <span class='ocrx_word' id='word_1_678' title='bbox 2712 2543 2771 2591; x_wconf 89' lang='lat' dir='ltr'><strong>ut</strong></span> <span class='ocrx_word' id='word_1_679' title='bbox 2796 2532 3011 2607; x_wconf 72' lang='lat' dir='ltr'><strong>iustitia</strong></span> <span class='ocrx_word' id='word_1_680' title='bbox 3035 2542 3282 2592; x_wconf 86' lang='lat' dir='ltr'><strong>servetur</strong></span> <span class='ocrx_word' id='word_1_681' title='bbox 3302 2536 3358 2590; x_wconf 87' lang='lat' dir='ltr'><strong>in</strong></span> <span class='ocrx_word' id='word_1_682' title='bbox 3383 2538 3528 2589; x_wconf 87' lang='lat' dir='ltr'><strong>sorte</strong></span> 
     </span>
    </p>
   </div>
   <div class='ocr_carea' id='block_1_84' title="bbox 1935 2624 3524 2706">
    <p class='ocr_par' dir='ltr' id='par_1_84' title="bbox 1935 2624 3524 2706">
     <span class='ocr_line' id='line_1_84' title="bbox 1935 2624 3524 2706; baseline -0.003 -19"><span class='ocrx_word' id='word_1_683' title='bbox 1935 2648 2055 2706; x_wconf 75' lang='lat' dir='ltr'><strong>qum</strong></span> <span class='ocrx_word' id='word_1_684' title='bbox 2079 2633 2375 2688; x_wconf 87' lang='lat' dir='ltr'><strong>secundum</strong></span> <span class='ocrx_word' id='word_1_685' title='bbox 2407 2624 2578 2685; x_wconf 83' lang='lat' dir='ltr'><strong>Deum</strong></span> <span class='ocrx_word' id='word_1_686' title='bbox 2600 2630 2839 2697; x_wconf 87' lang='lat' dir='ltr'><strong>ducitur,</strong></span> <span class='ocrx_word' id='word_1_687' title='bbox 2863 2637 2917 2687; x_wconf 87' lang='lat' dir='ltr'><strong>et</strong></span> <span class='ocrx_word' id='word_1_688' title='bbox 2947 2626 3287 2686; x_wconf 85' lang='lat' dir='ltr'><strong>credentium</strong></span> <span class='ocrx_word' id='word_1_689' title='bbox 3314 2636 3524 2683; x_wconf 86' lang='lat' dir='ltr'><strong>mentes</strong></span> 
     </span>
    </p>
   </div>
   <div class='ocr_carea' id='block_1_85' title="bbox 1935 2711 3532 2801">
    <p class='ocr_par' dir='ltr' id='par_1_85' title="bbox 1935 2711 3532 2801">
     <span class='ocr_line' id='line_1_85' title="bbox 1935 2711 3532 2801; baseline -0.006 -19"><span class='ocrx_word' id='word_1_690' title='bbox 1935 2727 2003 2782; x_wconf 88' lang='lat' dir='ltr'><strong>ad</strong></span> <span class='ocrx_word' id='word_1_691' title='bbox 2031 2726 2352 2801; x_wconf 82' lang='lat' dir='ltr'><strong>mysterium</strong></span> <span class='ocrx_word' id='word_1_692' title='bbox 2385 2721 2550 2778; x_wconf 80' lang='lat' dir='ltr'><strong>futuri</strong></span> <span class='ocrx_word' id='word_1_693' title='bbox 2584 2720 2768 2777; x_wconf 72' lang='lat' dir='ltr'><strong>smculi</strong></span> <span class='ocrx_word' id='word_1_694' title='bbox 2803 2718 3002 2792; x_wconf 78' lang='lat' dir='ltr'><strong>dirigat</strong></span> <span class='ocrx_word' id='word_1_695' title='bbox 3042 2717 3367 2775; x_wconf 88' lang='lat' dir='ltr'><strong>contuenda.</strong></span> <span class='ocrx_word' id='word_1_696' title='bbox 3398 2711 3532 2773; x_wconf 81' lang='lat' dir='ltr'><strong>Post</strong></span> 
     </span>
    </p>
   </div>
   <div class='ocr_carea' id='block_1_86' title="bbox 1934 2810 3517 2889">
    <p class='ocr_par' dir='ltr' id='par_1_86' title="bbox 1934 2810 3517 2889">
     <span class='ocr_line' id='line_1_86' title="bbox 1934 2810 3517 2889; baseline -0.006 -14"><span class='ocrx_word' id='word_1_697' title='bbox 1934 2821 2051 2875; x_wconf 61' lang='lat' dir='ltr'><strong>haec</strong></span> <span class='ocrx_word' id='word_1_698' title='bbox 2079 2833 2265 2873; x_wconf 89' lang='lat' dir='ltr'><strong>eorum</strong></span> <span class='ocrx_word' id='word_1_699' title='bbox 2311 2815 2401 2889; x_wconf 90' lang='lat' dir='ltr'><strong>qui</strong></span> <span class='ocrx_word' id='word_1_700' title='bbox 2447 2815 2517 2869; x_wconf 89' lang='lat' dir='ltr'><strong>ad</strong></span> <span class='ocrx_word' id='word_1_701' title='bbox 2553 2828 2704 2869; x_wconf 90' lang='lat' dir='ltr'><strong>mare</strong></span> <span class='ocrx_word' id='word_1_702' title='bbox 2734 2824 2915 2881; x_wconf 86' lang='lat' dir='ltr'><strong>erant,</strong></span> <span class='ocrx_word' id='word_1_703' title='bbox 2946 2812 3002 2868; x_wconf 90' lang='lat' dir='ltr'><strong>id</strong></span> <span class='ocrx_word' id='word_1_704' title='bbox 3029 2819 3113 2867; x_wconf 89' lang='lat' dir='ltr'><strong>est</strong></span> <span class='ocrx_word' id='word_1_705' title='bbox 3146 2810 3428 2883; x_wconf 86' lang='lat' dir='ltr'><strong>Ephraim,</strong></span> <span class='ocrx_word' id='word_1_706' title='bbox 3461 2816 3517 2865; x_wconf 90' lang='lat' dir='ltr'><strong>et</strong></span> 
     </span>
    </p>
   </div>
   <div class='ocr_carea' id='block_1_87' title="bbox 1941 2899 3528 2981">
    <p class='ocr_par' dir='ltr' id='par_1_87' title="bbox 1941 2899 3528 2981">
     <span class='ocr_line' id='line_1_87' title="bbox 1941 2899 3528 2981; baseline -0.006 -15"><span class='ocrx_word' id='word_1_707' title='bbox 1941 2910 2258 2981; x_wconf 85' lang='lat' dir='ltr'><strong>Benjamin,</strong></span> <span class='ocrx_word' id='word_1_708' title='bbox 2289 2906 2556 2963; x_wconf 83' lang='lat' dir='ltr'><strong>Manasse.</strong></span> <span class='ocrx_word' id='word_1_709' title='bbox 2591 2904 2708 2962; x_wconf 84' lang='lat' dir='ltr'><strong>Gad</strong></span> <span class='ocrx_word' id='word_1_710' title='bbox 2748 2922 2872 2961; x_wconf 91' lang='lat' dir='ltr'><strong>cum</strong></span> <span class='ocrx_word' id='word_1_711' title='bbox 2919 2902 3247 2975; x_wconf 87' lang='lat' dir='ltr'><strong>suscepisset</strong></span> <span class='ocrx_word' id='word_1_712' title='bbox 3291 2899 3528 2959; x_wconf 90' lang='lat' dir='ltr'><strong>secunda</strong></span> 
     </span>
    </p>
   </div>
   <div class='ocr_carea' id='block_1_88' title="bbox 1936 2996 3529 3073">
    <p class='ocr_par' dir='ltr' id='par_1_88' title="bbox 1936 2996 3529 3073">
     <span class='ocr_line' id='line_1_88' title="bbox 1936 2996 3529 3073; baseline -0.006 -12"><span class='ocrx_word' id='word_1_713' title='bbox 1936 3016 2083 3062; x_wconf 89' lang='lat' dir='ltr'><strong>sorte</strong></span> <span class='ocrx_word' id='word_1_714' title='bbox 2110 3006 2311 3061; x_wconf 89' lang='lat' dir='ltr'><strong>tribum</strong></span> <span class='ocrx_word' id='word_1_715' title='bbox 2334 3000 2640 3073; x_wconf 76' lang='lat' dir='ltr'><strong>Beniamin,</strong></span> <span class='ocrx_word' id='word_1_716' title='bbox 2672 2999 2853 3059; x_wconf 77' lang='lat' dir='ltr'><strong>caeteri</strong></span> <span class='ocrx_word' id='word_1_717' title='bbox 2883 3016 2951 3057; x_wconf 78' lang='lat' dir='ltr'><strong>ex</strong></span> <span class='ocrx_word' id='word_1_718' title='bbox 2979 2996 3182 3055; x_wconf 85' lang='lat' dir='ltr'><strong>familia</strong></span> <span class='ocrx_word' id='word_1_719' title='bbox 3208 2998 3323 3069; x_wconf 86' lang='lat' dir='ltr'><strong>ejus</strong></span> <span class='ocrx_word' id='word_1_720' title='bbox 3349 2997 3529 3053; x_wconf 87' lang='lat' dir='ltr'><strong>sortiti</strong></span> 
     </span>
    </p>
   </div>
   <div class='ocr_carea' id='block_1_89' title="bbox 1938 3087 3529 3169">
    <p class='ocr_par' dir='ltr' id='par_1_89' title="bbox 1938 3087 3529 3169">
     <span class='ocr_line' id='line_1_89' title="bbox 1938 3087 3529 3169; baseline -0.006 -15"><span class='ocrx_word' id='word_1_721' title='bbox 1938 3108 2065 3154; x_wconf 89' lang='lat' dir='ltr'><strong>sunt</strong></span> <span class='ocrx_word' id='word_1_722' title='bbox 2100 3096 2380 3169; x_wconf 83' lang='lat' dir='ltr'><strong>Ephraim.</strong></span> <span class='ocrx_word' id='word_1_723' title='bbox 2425 3095 2555 3150; x_wconf 86' lang='lat' dir='ltr'><strong>Post</strong></span> <span class='ocrx_word' id='word_1_724' title='bbox 2590 3095 2708 3150; x_wconf 67' lang='lat' dir='ltr'><strong>hsce</strong></span> <span class='ocrx_word' id='word_1_725' title='bbox 2752 3109 2846 3149; x_wconf 87' lang='lat' dir='ltr'><strong>eos</strong></span> <span class='ocrx_word' id='word_1_726' title='bbox 2887 3091 2980 3163; x_wconf 89' lang='lat' dir='ltr'><strong>qui</strong></span> <span class='ocrx_word' id='word_1_727' title='bbox 3009 3101 3263 3147; x_wconf 85' lang='lat' dir='ltr'><strong>erantex</strong></span> <span class='ocrx_word' id='word_1_728' title='bbox 3304 3087 3529 3145; x_wconf 85' lang='lat' dir='ltr'><strong>dimidia</strong></span> 
     </span>
    </p>
   </div>
   <div class='ocr_carea' id='block_1_90' title="bbox 1939 3179 3529 3257">
    <p class='ocr_par' dir='ltr' id='par_1_90' title="bbox 1939 3179 3529 3257">
     <span class='ocr_line' id='line_1_90' title="bbox 1939 3179 3529 3257; baseline -0.006 -14"><span class='ocrx_word' id='word_1_729' title='bbox 1939 3189 2083 3244; x_wconf 90' lang='lat' dir='ltr'><strong>tribu</strong></span> <span class='ocrx_word' id='word_1_730' title='bbox 2116 3187 2387 3253; x_wconf 81' lang='lat' dir='ltr'><strong>Manasse,</strong></span> <span class='ocrx_word' id='word_1_731' title='bbox 2417 3185 2510 3257; x_wconf 92' lang='lat' dir='ltr'><strong>qui</strong></span> <span class='ocrx_word' id='word_1_732' title='bbox 2541 3184 2641 3241; x_wconf 82' lang='lat' dir='ltr'><strong>iuit</strong></span> <span class='ocrx_word' id='word_1_733' title='bbox 2668 3184 2722 3238; x_wconf 88' lang='lat' dir='ltr'><strong>in</strong></span> <span class='ocrx_word' id='word_1_734' title='bbox 2758 3191 2904 3238; x_wconf 88' lang='lat' dir='ltr'><strong>terra</strong></span> <span class='ocrx_word' id='word_1_735' title='bbox 2942 3180 3184 3247; x_wconf 87' lang='lat' dir='ltr'><strong>Gerson;</strong></span> <span class='ocrx_word' id='word_1_736' title='bbox 3230 3185 3285 3235; x_wconf 86' lang='lat' dir='ltr'><strong>et</strong></span> <span class='ocrx_word' id='word_1_737' title='bbox 3330 3179 3529 3235; x_wconf 88' lang='lat' dir='ltr'><strong>iterum</strong></span> 
     </span>
    </p>
   </div>
   <div class='ocr_carea' id='block_1_91' title="bbox 1935 3268 3525 3353">
    <p class='ocr_par' dir='ltr' id='par_1_91' title="bbox 1935 3268 3525 3353">
     <span class='ocr_line' id='line_1_91' title="bbox 1935 3268 3525 3353; baseline -0.006 -19"><span class='ocrx_word' id='word_1_738' title='bbox 1935 3279 2053 3353; x_wconf 89' lang='lat' dir='ltr'><strong>ipse</strong></span> <span class='ocrx_word' id='word_1_739' title='bbox 2078 3277 2287 3335; x_wconf 84' lang='lat' dir='ltr'><strong>Gerson</strong></span> <span class='ocrx_word' id='word_1_740' title='bbox 2315 3278 2540 3333; x_wconf 89' lang='lat' dir='ltr'><strong>sortitur</strong></span> <span class='ocrx_word' id='word_1_741' title='bbox 2568 3272 2731 3330; x_wconf 87' lang='lat' dir='ltr'><strong>aliam</strong></span> <span class='ocrx_word' id='word_1_742' title='bbox 2760 3273 3040 3330; x_wconf 88' lang='lat' dir='ltr'><strong>dimidiam</strong></span> <span class='ocrx_word' id='word_1_743' title='bbox 3079 3270 3279 3327; x_wconf 88' lang='lat' dir='ltr'><strong>tribum</strong></span> <span class='ocrx_word' id='word_1_744' title='bbox 3308 3268 3525 3326; x_wconf 82' lang='lat' dir='ltr'><strong>Manas-</strong></span> 
     </span>
    </p>
   </div>
   <div class='ocr_carea' id='block_1_92' title="bbox 1935 3354 3531 3440">
    <p class='ocr_par' dir='ltr' id='par_1_92' title="bbox 1935 3354 3531 3440">
     <span class='ocr_line' id='line_1_92' title="bbox 1935 3354 3531 3440; baseline -0.008 -13"><span class='ocrx_word' id='word_1_745' title='bbox 1935 3386 2016 3427; x_wconf 89' lang='lat' dir='ltr'><strong>sc.</strong></span> <span class='ocrx_word' id='word_1_746' title='bbox 2048 3368 2155 3425; x_wconf 90' lang='lat' dir='ltr'><strong>Sed</strong></span> <span class='ocrx_word' id='word_1_747' title='bbox 2191 3368 2316 3440; x_wconf 88' lang='lat' dir='ltr'><strong>quia</strong></span> <span class='ocrx_word' id='word_1_748' title='bbox 2354 3364 2641 3439; x_wconf 89' lang='lat' dir='ltr'><strong>oportebat</strong></span> <span class='ocrx_word' id='word_1_749' title='bbox 2678 3379 2772 3420; x_wconf 89' lang='lat' dir='ltr'><strong>eos</strong></span> <span class='ocrx_word' id='word_1_750' title='bbox 2817 3363 2909 3436; x_wconf 91' lang='lat' dir='ltr'><strong>qui</strong></span> <span class='ocrx_word' id='word_1_751' title='bbox 2958 3370 3118 3418; x_wconf 88' lang='lat' dir='ltr'><strong>erant</strong></span> <span class='ocrx_word' id='word_1_752' title='bbox 3168 3362 3237 3417; x_wconf 92' lang='lat' dir='ltr'><strong>ab</strong></span> <span class='ocrx_word' id='word_1_753' title='bbox 3280 3354 3531 3432; x_wconf 82' lang='lat' dir='ltr'><strong>aquilone</strong></span> 
     </span>
    </p>
   </div>
   <div class='ocr_carea' id='block_1_93' title="bbox 1937 3452 3523 3533">
    <p class='ocr_par' dir='ltr' id='par_1_93' title="bbox 1937 3452 3523 3533">
     <span class='ocr_line' id='line_1_93' title="bbox 1937 3452 3523 3533; baseline -0.006 -16"><span class='ocrx_word' id='word_1_754' title='bbox 1937 3460 2142 3533; x_wconf 87' lang='lat' dir='ltr'><strong>aliquid</strong></span> <span class='ocrx_word' id='word_1_755' title='bbox 2169 3458 2528 3517; x_wconf 83' lang='lat' dir='ltr'><strong>sacerdotalis</strong></span> <span class='ocrx_word' id='word_1_756' title='bbox 2558 3461 2747 3531; x_wconf 77' lang='lat' dir='ltr'><strong>gratia:</strong></span> <span class='ocrx_word' id='word_1_757' title='bbox 2775 3452 3057 3527; x_wconf 68' lang='lat' dir='ltr'><strong>conSequi,</strong></span> <span class='ocrx_word' id='word_1_758' title='bbox 3086 3470 3156 3511; x_wconf 85' lang='lat' dir='ltr'><strong>ne</strong></span> <span class='ocrx_word' id='word_1_759' title='bbox 3180 3454 3394 3527; x_wconf 78' lang='lat' dir='ltr'><strong>penitus</strong></span> <span class='ocrx_word' id='word_1_760' title='bbox 3422 3469 3523 3508; x_wconf 89' lang='lat' dir='ltr'><strong>nu-</strong></span> 
     </span>
    </p>
   </div>
   <div class='ocr_carea' id='block_1_94' title="bbox 1933 3544 3530 3616">
    <p class='ocr_par' dir='ltr' id='par_1_94' title="bbox 1933 3544 3530 3616">
     <span class='ocr_line' id='line_1_94' title="bbox 1933 3544 3530 3616; baseline -0.007 -6"><span class='ocrx_word' id='word_1_761' title='bbox 1933 3554 2044 3610; x_wconf 86' lang='lat' dir='ltr'><strong>dati</strong></span> <span class='ocrx_word' id='word_1_762' title='bbox 2083 3554 2238 3609; x_wconf 86' lang='lat' dir='ltr'><strong>donis</strong></span> <span class='ocrx_word' id='word_1_763' title='bbox 2268 3571 2331 3609; x_wconf 74' lang='lat' dir='ltr'><strong>Cu</strong></span> <span class='ocrx_word' id='word_1_764' title='bbox 2355 3551 2581 3607; x_wconf 78' lang='lat' dir='ltr'><strong>lestibUs</strong></span> <span class='ocrx_word' id='word_1_765' title='bbox 2614 3549 2923 3613; x_wconf 86' lang='lat' dir='ltr'><strong>videantur,</strong></span> <span class='ocrx_word' id='word_1_766' title='bbox 2953 3546 3010 3601; x_wconf 91' lang='lat' dir='ltr'><strong>in</strong></span> <span class='ocrx_word' id='word_1_767' title='bbox 3032 3544 3115 3601; x_wconf 85' lang='lat' dir='ltr'><strong>bis</strong></span> <span class='ocrx_word' id='word_1_768' title='bbox 3142 3562 3271 3616; x_wconf 83' lang='lat' dir='ltr'><strong>ergo</strong></span> <span class='ocrx_word' id='word_1_769' title='bbox 3294 3561 3530 3616; x_wconf 88' lang='lat' dir='ltr'><strong>quorum</strong></span> 
     </span>
    </p>
   </div>
   <div class='ocr_carea' id='block_1_95' title="bbox 1931 3633 3530 3708">
    <p class='ocr_par' dir='ltr' id='par_1_95' title="bbox 1931 3633 3530 3708">
     <span class='ocr_line' id='line_1_95' title="bbox 1931 3633 3530 3708; baseline -0.008 -7"><span class='ocrx_word' id='word_1_770' title='bbox 1931 3645 2259 3701; x_wconf 85' lang='lat' dir='ltr'><strong>novissimus</strong></span> <span class='ocrx_word' id='word_1_771' title='bbox 2287 3644 2421 3698; x_wconf 87' lang='lat' dir='ltr'><strong>ordo</strong></span> <span class='ocrx_word' id='word_1_772' title='bbox 2463 3650 2584 3697; x_wconf 88' lang='lat' dir='ltr'><strong>erat</strong></span> <span class='ocrx_word' id='word_1_773' title='bbox 2626 3641 2681 3695; x_wconf 92' lang='lat' dir='ltr'><strong>in</strong></span> <span class='ocrx_word' id='word_1_774' title='bbox 2730 3636 3004 3708; x_wconf 88' lang='lat' dir='ltr'><strong>aquilone,</strong></span> <span class='ocrx_word' id='word_1_775' title='bbox 3057 3637 3109 3690; x_wconf 90' lang='lat' dir='ltr'><strong>id</strong></span> <span class='ocrx_word' id='word_1_776' title='bbox 3157 3644 3262 3699; x_wconf 89' lang='lat' dir='ltr'><strong>est,</strong></span> <span class='ocrx_word' id='word_1_777' title='bbox 3293 3633 3347 3688; x_wconf 85' lang='lat' dir='ltr'><strong>in</strong></span> <span class='ocrx_word' id='word_1_778' title='bbox 3382 3633 3530 3699; x_wconf 86' lang='lat' dir='ltr'><strong>Dan,</strong></span> 
     </span>
    </p>
   </div>
   <div class='ocr_carea' id='block_1_96' title="bbox 1931 3721 3534 3808">
    <p class='ocr_par' dir='ltr' id='par_1_96' title="bbox 1931 3721 3534 3808">
     <span class='ocr_line' id='line_1_96' title="bbox 1931 3721 3534 3808; baseline -0.008 -17"><span class='ocrx_word' id='word_1_779' title='bbox 1931 3732 2302 3808; x_wconf 80' lang='lat' dir='ltr'><strong>Nephthalim,</strong></span> <span class='ocrx_word' id='word_1_780' title='bbox 2352 3732 2511 3798; x_wconf 88' lang='lat' dir='ltr'><strong>Aser,</strong></span> <span class='ocrx_word' id='word_1_781' title='bbox 2567 3746 2782 3786; x_wconf 89' lang='lat' dir='ltr'><strong>rursum</strong></span> <span class='ocrx_word' id='word_1_782' title='bbox 2814 3728 2930 3783; x_wconf 88' lang='lat' dir='ltr'><strong>Gad</strong></span> <span class='ocrx_word' id='word_1_783' title='bbox 2976 3744 3081 3783; x_wconf 89' lang='lat' dir='ltr'><strong>non</strong></span> <span class='ocrx_word' id='word_1_784' title='bbox 3132 3721 3349 3799; x_wconf 80' lang='lat' dir='ltr'><strong>quidem</strong></span> <span class='ocrx_word' id='word_1_785' title='bbox 3390 3722 3534 3780; x_wconf 86' lang='lat' dir='ltr'><strong>inter</strong></span> 
     </span>
    </p>
   </div>
   <div class='ocr_carea' id='block_1_97' title="bbox 1932 3816 3531 3895">
    <p class='ocr_par' dir='ltr' id='par_1_97' title="bbox 1932 3816 3531 3895">
     <span class='ocr_line' id='line_1_97' title="bbox 1932 3816 3531 3895; baseline -0.009 -8"><span class='ocrx_word' id='word_1_786' title='bbox 1932 3831 2262 3895; x_wconf 83' lang='lat' dir='ltr'><strong>sacerdotes,</strong></span> <span class='ocrx_word' id='word_1_787' title='bbox 2294 3828 2387 3883; x_wconf 90' lang='lat' dir='ltr'><strong>sed</strong></span> <span class='ocrx_word' id='word_1_788' title='bbox 2415 3828 2554 3882; x_wconf 90' lang='lat' dir='ltr'><strong>inter</strong></span> <span class='ocrx_word' id='word_1_789' title='bbox 2583 3842 2613 3881; x_wconf 92' lang='lat' dir='ltr'><strong>c</strong></span> <span class='ocrx_word' id='word_1_790' title='bbox 2632 3838 2808 3879; x_wconf 75' lang='lat' dir='ltr'><strong>ueros</strong></span> <span class='ocrx_word' id='word_1_791' title='bbox 2834 3816 3063 3894; x_wconf 88' lang='lat' dir='ltr'><strong>primam</strong></span> <span class='ocrx_word' id='word_1_792' title='bbox 3101 3816 3299 3890; x_wconf 90' lang='lat' dir='ltr'><strong>accipit</strong></span> <span class='ocrx_word' id='word_1_793' title='bbox 3327 3826 3531 3879; x_wconf 85' lang='lat' dir='ltr'><strong>sortem</strong></span> 
     </span>
    </p>
   </div>
   <div class='ocr_carea' id='block_1_98' title="bbox 1933 3910 3529 3989">
    <p class='ocr_par' dir='ltr' id='par_1_98' title="bbox 1933 3910 3529 3989">
     <span class='ocr_line' id='line_1_98' title="bbox 1933 3910 3529 3989; baseline -0.01 -9"><span class='ocrx_word' id='word_1_794' title='bbox 1933 3925 1987 3983; x_wconf 91' lang='lat' dir='ltr'><strong>in</strong></span> <span class='ocrx_word' id='word_1_795' title='bbox 2028 3923 2179 3989; x_wconf 86' lang='lat' dir='ltr'><strong>Dan;</strong></span> <span class='ocrx_word' id='word_1_796' title='bbox 2219 3921 2511 3976; x_wconf 85' lang='lat' dir='ltr'><strong>secundam</strong></span> <span class='ocrx_word' id='word_1_797' title='bbox 2563 3935 2693 3975; x_wconf 90' lang='lat' dir='ltr'><strong>vero</strong></span> <span class='ocrx_word' id='word_1_798' title='bbox 2731 3917 2940 3973; x_wconf 60' lang='grc' dir='ltr'><strong>(ἔω-θοι]</strong></span> <span class='ocrx_word' id='word_1_799' title='bbox 2982 3916 3034 3969; x_wconf 90' lang='lat' dir='ltr'><strong>in</strong></span> <span class='ocrx_word' id='word_1_800' title='bbox 3064 3913 3226 3979; x_wconf 79' lang='lat' dir='ltr'><strong>Aser,</strong></span> <span class='ocrx_word' id='word_1_801' title='bbox 3251 3920 3306 3970; x_wconf 87' lang='lat' dir='ltr'><strong>et</strong></span> <span class='ocrx_word' id='word_1_802' title='bbox 3343 3910 3529 3976; x_wconf 89' lang='lat' dir='ltr'><strong>tertii,</strong></span> 
     </span>
    </p>
   </div>
   <div class='ocr_carea' id='block_1_99' title="bbox 1934 4004 3526 4085">
    <p class='ocr_par' dir='ltr' id='par_1_99' title="bbox 1934 4004 3526 4085">
     <span class='ocr_line' id='line_1_99' title="bbox 1934 4004 3526 4085; baseline -0.01 -11"><span class='ocrx_word' id='word_1_803' title='bbox 1934 4018 1990 4074; x_wconf 86' lang='lat' dir='ltr'><strong>id</strong></span> <span class='ocrx_word' id='word_1_804' title='bbox 2017 4026 2101 4071; x_wconf 89' lang='lat' dir='ltr'><strong>est</strong></span> <span class='ocrx_word' id='word_1_805' title='bbox 2130 4015 2363 4080; x_wconf 86' lang='lat' dir='ltr'><strong>Gcrsou,</strong></span> <span class='ocrx_word' id='word_1_806' title='bbox 2390 4013 2443 4069; x_wconf 90' lang='lat' dir='ltr'><strong>iu</strong></span> <span class='ocrx_word' id='word_1_807' title='bbox 2467 4011 2835 4085; x_wconf 86' lang='lat' dir='ltr'><strong>Nephthalim.</strong></span> <span class='ocrx_word' id='word_1_808' title='bbox 2870 4010 3001 4075; x_wconf 85' lang='lat' dir='ltr'><strong>Quis</strong></span> <span class='ocrx_word' id='word_1_809' title='bbox 3026 4013 3209 4080; x_wconf 86' lang='lat' dir='ltr'><strong>potest</strong></span> <span class='ocrx_word' id='word_1_810' title='bbox 3229 4004 3526 4061; x_wconf 87' lang='lat' dir='ltr'><strong>ascendere</strong></span> 
     </span>
    </p>
   </div>
   <div class='ocr_carea' id='block_1_100' title="bbox 1934 4093 3524 4174">
    <p class='ocr_par' dir='ltr' id='par_1_100' title="bbox 1934 4093 3524 4174">
     <span class='ocr_line' id='line_1_100' title="bbox 1934 4093 3524 4174; baseline -0.01 -11"><span class='ocrx_word' id='word_1_811' title='bbox 1934 4108 2051 4163; x_wconf 76' lang='lat' dir='ltr'><strong>lucc</strong></span> <span class='ocrx_word' id='word_1_812' title='bbox 2079 4105 2261 4160; x_wconf 90' lang='lat' dir='ltr'><strong>omnia</strong></span> <span class='ocrx_word' id='word_1_813' title='bbox 2287 4112 2341 4158; x_wconf 89' lang='lat' dir='ltr'><strong>et</strong></span> <span class='ocrx_word' id='word_1_814' title='bbox 2366 4102 2872 4174; x_wconf 84' lang='lat' dir='ltr'><strong>comprehendere?</strong></span> <span class='ocrx_word' id='word_1_815' title='bbox 2894 4099 3026 4168; x_wconf 82' lang='lat' dir='ltr'><strong>Quis</strong></span> <span class='ocrx_word' id='word_1_816' title='bbox 3067 4095 3381 4153; x_wconf 85' lang='lat' dir='ltr'><strong>meminisse</strong></span> <span class='ocrx_word' id='word_1_817' title='bbox 3414 4093 3524 4149; x_wconf 82' lang='lat' dir='ltr'><strong>sal-</strong></span> 
     </span>
    </p>
   </div>
   <div class='ocr_carea' id='block_1_101' title="bbox 1935 4186 3531 4266">
    <p class='ocr_par' dir='ltr' id='par_1_101' title="bbox 1935 4186 3531 4266">
     <span class='ocr_line' id='line_1_101' title="bbox 1935 4186 3531 4266; baseline -0.009 -11"><span class='ocrx_word' id='word_1_818' title='bbox 1935 4207 2045 4257; x_wconf 88' lang='lat' dir='ltr'><strong>tem</strong></span> <span class='ocrx_word' id='word_1_819' title='bbox 2075 4209 2128 4255; x_wconf 89' lang='lat' dir='ltr'><strong>et</strong></span> <span class='ocrx_word' id='word_1_820' title='bbox 2156 4199 2450 4255; x_wconf 77' lang='lat' dir='ltr'><strong>observare</strong></span> <span class='ocrx_word' id='word_1_821' title='bbox 2486 4197 2735 4252; x_wconf 89' lang='lat' dir='ltr'><strong>ordinem</strong></span> <span class='ocrx_word' id='word_1_822' title='bbox 2760 4193 3144 4266; x_wconf 86' lang='lat' dir='ltr'><strong>mysteriorum</strong></span> <span class='ocrx_word' id='word_1_823' title='bbox 3181 4189 3361 4247; x_wconf 80' lang='lat' dir='ltr'><strong>valet?</strong></span> <span class='ocrx_word' id='word_1_824' title='bbox 3389 4186 3531 4257; x_wconf 90' lang='lat' dir='ltr'><strong>quod</strong></span> 
     </span>
    </p>
   </div>
   <div class='ocr_carea' id='block_1_102' title="bbox 1886 4279 3531 4364">
    <p class='ocr_par' dir='ltr' id='par_1_102' title="bbox 1886 4279 3531 4364">
     <span class='ocr_line' id='line_1_102' title="bbox 1886 4279 3531 4364; baseline -0.011 -14"><span class='ocrx_word' id='word_1_825' title='bbox 1886 4354 1894 4364; x_wconf 57' lang='grc'><em>,</em></span> <span class='ocrx_word' id='word_1_826' title='bbox 1936 4290 2236 4349; x_wconf 86' lang='lat' dir='ltr'><strong>secundum</strong></span> <span class='ocrx_word' id='word_1_827' title='bbox 2264 4290 2502 4345; x_wconf 89' lang='lat' dir='ltr'><strong>litteram</strong></span> <span class='ocrx_word' id='word_1_828' title='bbox 2536 4287 2709 4343; x_wconf 88' lang='lat' dir='ltr'><strong>solam</strong></span> <span class='ocrx_word' id='word_1_829' title='bbox 2735 4285 2951 4340; x_wconf 86' lang='lat' dir='ltr'><strong>diliicile</strong></span> <span class='ocrx_word' id='word_1_830' title='bbox 2988 4292 3166 4339; x_wconf 81' lang='lat' dir='ltr'><strong>textus</strong></span> <span class='ocrx_word' id='word_1_831' title='bbox 3202 4279 3531 4337; x_wconf 87' lang='lat' dir='ltr'><strong>narrationis</strong></span> 
     </span>
    </p>
   </div>
   <div class='ocr_carea' id='block_1_103' title="bbox 1934 4372 3530 4454">
    <p class='ocr_par' dir='ltr' id='par_1_103' title="bbox 1934 4372 3530 4454">
     <span class='ocr_line' id='line_1_103' title="bbox 1934 4372 3530 4454; baseline -0.008 -16"><span class='ocrx_word' id='word_1_832' title='bbox 1934 4383 2196 4454; x_wconf 81' lang='lat' dir='ltr'><strong>explicari</strong></span> <span class='ocrx_word' id='word_1_833' title='bbox 2225 4388 2439 4453; x_wconf 89' lang='lat' dir='ltr'><strong>potest,</strong></span> <span class='ocrx_word' id='word_1_834' title='bbox 2469 4387 2523 4435; x_wconf 88' lang='lat' dir='ltr'><strong>et</strong></span> <span class='ocrx_word' id='word_1_835' title='bbox 2554 4378 2840 4450; x_wconf 89' lang='lat' dir='ltr'><strong>permistio</strong></span> <span class='ocrx_word' id='word_1_836' title='bbox 2878 4376 2960 4432; x_wconf 87' lang='lat' dir='ltr'><strong>vel</strong></span> <span class='ocrx_word' id='word_1_837' title='bbox 2994 4376 3237 4430; x_wconf 89' lang='lat' dir='ltr'><strong>locorum</strong></span> <span class='ocrx_word' id='word_1_838' title='bbox 3280 4372 3362 4425; x_wconf 89' lang='lat' dir='ltr'><strong>vel</strong></span> <span class='ocrx_word' id='word_1_839' title='bbox 3405 4387 3530 4441; x_wconf 87' lang='lat' dir='ltr'><strong>per-</strong></span> 
     </span>
    </p>
   </div>
   <div class='ocr_carea' id='block_1_104' title="bbox 1936 4463 3528 4545">
    <p class='ocr_par' dir='ltr' id='par_1_104' title="bbox 1936 4463 3528 4545">
     <span class='ocr_line' id='line_1_104' title="bbox 1936 4463 3528 4545; baseline -0.007 -14"><span class='ocrx_word' id='word_1_840' title='bbox 1936 4491 2194 4531; x_wconf 90' lang='lat' dir='ltr'><strong>sonarum</strong></span> <span class='ocrx_word' id='word_1_841' title='bbox 2241 4490 2361 4545; x_wconf 64' lang='lat' dir='ltr'><strong>quae</strong></span> <span class='ocrx_word' id='word_1_842' title='bbox 2410 4473 2466 4527; x_wconf 86' lang='lat' dir='ltr'><strong>in</strong></span> <span class='ocrx_word' id='word_1_843' title='bbox 2517 4472 2744 4529; x_wconf 85' lang='lat' dir='ltr'><strong>historia</strong></span> <span class='ocrx_word' id='word_1_844' title='bbox 2793 4468 3106 4524; x_wconf 88' lang='lat' dir='ltr'><strong>continetur</strong></span> <span class='ocrx_word' id='word_1_845' title='bbox 3145 4463 3340 4520; x_wconf 85' lang='lat' dir='ltr'><strong>evolvi.</strong></span> <span class='ocrx_word' id='word_1_846' title='bbox 3388 4463 3528 4530; x_wconf 83' lang='lat' dir='ltr'><strong>Quid</strong></span> 
     </span>
    </p>
   </div>
   <div class='ocr_carea' id='block_1_105' title="bbox 1936 4554 3528 4630">
    <p class='ocr_par' dir='ltr' id='par_1_105' title="bbox 1936 4554 3528 4630">
     <span class='ocr_line' id='line_1_105' title="bbox 1936 4554 3528 4630; baseline -0.01 -3"><span class='ocrx_word' id='word_1_847' title='bbox 1936 4569 2167 4627; x_wconf 86' lang='lat' dir='ltr'><strong>dicimus</strong></span> <span class='ocrx_word' id='word_1_848' title='bbox 2203 4566 2269 4621; x_wconf 90' lang='lat' dir='ltr'><strong>de</strong></span> <span class='ocrx_word' id='word_1_849' title='bbox 2299 4566 2385 4620; x_wconf 90' lang='lat' dir='ltr'><strong>his</strong></span> <span class='ocrx_word' id='word_1_850' title='bbox 2416 4562 2773 4619; x_wconf 86' lang='lat' dir='ltr'><strong>sacramentis</strong></span> <span class='ocrx_word' id='word_1_851' title='bbox 2800 4576 2918 4629; x_wconf 63' lang='lat' dir='ltr'><strong>quae</strong></span> <span class='ocrx_word' id='word_1_852' title='bbox 2954 4573 3050 4630; x_wconf 89' lang='lat' dir='ltr'><strong>per</strong></span> <span class='ocrx_word' id='word_1_853' title='bbox 3076 4554 3181 4613; x_wconf 88' lang='lat' dir='ltr'><strong>hoc</strong></span> <span class='ocrx_word' id='word_1_854' title='bbox 3213 4556 3528 4612; x_wconf 89' lang='lat' dir='ltr'><strong>describun-</strong></span> 
     </span>
    </p>
   </div>
   <div class='ocr_carea' id='block_1_106' title="bbox 1938 4648 3527 4725">
    <p class='ocr_par' dir='ltr' id='par_1_106' title="bbox 1938 4648 3527 4725">
     <span class='ocr_line' id='line_1_106' title="bbox 1938 4648 3527 4725; baseline -0.007 -11"><span class='ocrx_word' id='word_1_855' title='bbox 1938 4668 2050 4724; x_wconf 90' lang='lat' dir='ltr'><strong>tur,</strong></span> <span class='ocrx_word' id='word_1_856' title='bbox 2089 4668 2144 4714; x_wconf 89' lang='lat' dir='ltr'><strong>ct</strong></span> <span class='ocrx_word' id='word_1_857' title='bbox 2180 4659 2234 4713; x_wconf 90' lang='lat' dir='ltr'><strong>in</strong></span> <span class='ocrx_word' id='word_1_858' title='bbox 2271 4657 2466 4725; x_wconf 91' lang='lat' dir='ltr'><strong>quibus</strong></span> <span class='ocrx_word' id='word_1_859' title='bbox 2505 4655 2913 4709; x_wconf 85' lang='lat' dir='ltr'><strong>distributiones</strong></span> <span class='ocrx_word' id='word_1_860' title='bbox 2955 4651 3151 4705; x_wconf 73' lang='lat' dir='ltr'><strong>futura:</strong></span> <span class='ocrx_word' id='word_1_861' title='bbox 3196 4648 3527 4705; x_wconf 73' lang='lat' dir='ltr'><strong>btereditatis</strong></span> 
     </span>
    </p>
   </div>
   <div class='ocr_carea' id='block_1_107' title="bbox 1936 4750 3527 4818">
    <p class='ocr_par' dir='ltr' id='par_1_107' title="bbox 1936 4750 3527 4818">
     <span class='ocr_line' id='line_1_107' title="bbox 1936 4750 3527 4818; baseline -0.007 -13"><span class='ocrx_word' id='word_1_862' title='bbox 1936 4751 2352 4813; x_wconf 89' lang='lat' dir='ltr'><strong>adumbrantur,</strong></span> <span class='ocrx_word' id='word_1_863' title='bbox 2391 4756 2446 4802; x_wconf 90' lang='lat' dir='ltr'><strong>et</strong></span> <span class='ocrx_word' id='word_1_864' title='bbox 2471 4763 2569 4818; x_wconf 87' lang='lat' dir='ltr'><strong>per</strong></span> <span class='ocrx_word' id='word_1_865' title='bbox 2598 4762 2717 4816; x_wconf 75' lang='lat' dir='ltr'><strong>qua:</strong></span> <span class='ocrx_word' id='word_1_866' title='bbox 2745 4751 2946 4799; x_wconf 62' lang='lat' dir='ltr'><strong>sancire</strong></span> <span class='ocrx_word' id='word_1_867' title='bbox 2971 4750 3160 4809; x_wconf 69' lang='lat' dir='ltr'><strong>terrm,</strong></span> <span class='ocrx_word' id='word_1_868' title='bbox 3192 4750 3355 4810; x_wconf 88' lang='lat' dir='ltr'><strong>quam</strong></span> <span class='ocrx_word' id='word_1_869' title='bbox 3379 4755 3527 4795; x_wconf 87' lang='lat' dir='ltr'><strong>man-</strong></span> 
     </span>
    </p>
   </div>
   <div class='ocr_carea' id='block_1_108' title="bbox 1936 4832 3522 4910">
    <p class='ocr_par' dir='ltr' id='par_1_108' title="bbox 1936 4832 3522 4910">
     <span class='ocr_line' id='line_1_108' title="bbox 1936 4832 3522 4910; baseline -0.008 -12"><span class='ocrx_word' id='word_1_870' title='bbox 1936 4843 2075 4899; x_wconf 87' lang='lat' dir='ltr'><strong>sueti</strong></span> <span class='ocrx_word' id='word_1_871' title='bbox 2122 4841 2440 4898; x_wconf 60' lang='lat' dir='ltr'><strong>hereditate</strong></span> <span class='ocrx_word' id='word_1_872' title='bbox 2489 4840 2821 4910; x_wconf 84' lang='lat' dir='ltr'><strong>suscipient,</strong></span> <span class='ocrx_word' id='word_1_873' title='bbox 2880 4836 3075 4891; x_wconf 83' lang='lat' dir='ltr'><strong>divisio</strong></span> <span class='ocrx_word' id='word_1_874' title='bbox 3123 4832 3522 4889; x_wconf 85' lang='lat' dir='ltr'><strong>celebrabitur?</strong></span> 
     </span>
    </p>
   </div>
   <div class='ocr_carea' id='block_1_109' title="bbox 1936 4920 3521 5005">
    <p class='ocr_par' dir='ltr' id='par_1_109' title="bbox 1936 4920 3521 5005">
     <span class='ocr_line' id='line_1_109' title="bbox 1936 4920 3521 5005; baseline -0.009 -12"><span class='ocrx_word' id='word_1_875' title='bbox 1936 4936 2070 5005; x_wconf 85' lang='lat' dir='ltr'><strong>Quis</strong></span> <span class='ocrx_word' id='word_1_876' title='bbox 2110 4944 2417 4991; x_wconf 86' lang='lat' dir='ltr'><strong>castrorum</strong></span> <span class='ocrx_word' id='word_1_877' title='bbox 2455 4933 2612 4989; x_wconf 84' lang='lat' dir='ltr'><strong>sedes</strong></span> <span class='ocrx_word' id='word_1_878' title='bbox 2655 4932 2902 4987; x_wconf 80' lang='lat' dir='ltr'><strong>diversas</strong></span> <span class='ocrx_word' id='word_1_879' title='bbox 2943 4927 3212 5001; x_wconf 75' lang='lat' dir='ltr'><strong>explicet?</strong></span> <span class='ocrx_word' id='word_1_880' title='bbox 3244 4920 3521 4995; x_wconf 77' lang='lat' dir='ltr'><strong>Quomodo</strong></span> 
     </span>
    </p>
   </div>
   <div class='ocr_carea' id='block_1_110' title="bbox 1934 5022 3522 5095">
    <p class='ocr_par' dir='ltr' id='par_1_110' title="bbox 1934 5022 3522 5095">
     <span class='ocr_line' id='line_1_110' title="bbox 1934 5022 3522 5095; baseline -0.008 -11"><span class='ocrx_word' id='word_1_881' title='bbox 1934 5029 2051 5084; x_wconf 78' lang='lat' dir='ltr'><strong>haec</strong></span> <span class='ocrx_word' id='word_1_882' title='bbox 2084 5028 2143 5087; x_wconf 83' lang='lat' dir='ltr'><strong>in</strong></span> <span class='ocrx_word' id='word_1_883' title='bbox 2178 5027 2579 5082; x_wconf 85' lang='lat' dir='ltr'><strong>resurrectione</strong></span> <span class='ocrx_word' id='word_1_884' title='bbox 2615 5039 2713 5095; x_wconf 85' lang='lat' dir='ltr'><strong>per</strong></span> <span class='ocrx_word' id='word_1_885' title='bbox 2756 5022 2994 5093; x_wconf 75' lang='lat' dir='ltr'><strong>singulos</strong></span> <span class='ocrx_word' id='word_1_886' title='bbox 3032 5031 3277 5093; x_wconf 79' lang='lat' dir='ltr'><strong>quosque</strong></span> <span class='ocrx_word' id='word_1_887' title='bbox 3308 5024 3522 5075; x_wconf 80' lang='lat' dir='ltr'><strong>saneto-</strong></span> 
     </span>
    </p>
   </div>
   <div class='ocr_carea' id='block_1_111' title="bbox 1935 5108 3520 5177">
    <p class='ocr_par' dir='ltr' id='par_1_111' title="bbox 1935 5108 3520 5177">
     <span class='ocr_line' id='line_1_111' title="bbox 1935 5108 3520 5177; baseline -0.008 0"><span class='ocrx_word' id='word_1_888' title='bbox 1935 5137 2057 5177; x_wconf 88' lang='lat' dir='ltr'><strong>rum</strong></span> <span class='ocrx_word' id='word_1_889' title='bbox 2086 5118 2412 5176; x_wconf 82' lang='lat' dir='ltr'><strong>sacerdotali</strong></span> <span class='ocrx_word' id='word_1_890' title='bbox 2441 5118 2526 5173; x_wconf 89' lang='lat' dir='ltr'><strong>vel</strong></span> <span class='ocrx_word' id='word_1_891' title='bbox 2547 5117 2794 5173; x_wconf 84' lang='lat' dir='ltr'><strong>Levitico</strong></span> <span class='ocrx_word' id='word_1_892' title='bbox 2818 5116 3007 5171; x_wconf 86' lang='lat' dir='ltr'><strong>ordine</strong></span> <span class='ocrx_word' id='word_1_893' title='bbox 3034 5111 3278 5168; x_wconf 84' lang='lat' dir='ltr'><strong>habenda</strong></span> <span class='ocrx_word' id='word_1_894' title='bbox 3313 5109 3384 5164; x_wconf 87' lang='lat' dir='ltr'><strong>sit</strong></span> <span class='ocrx_word' id='word_1_895' title='bbox 3411 5108 3520 5165; x_wconf 86' lang='lat' dir='ltr'><strong>dis-</strong></span> 
     </span>
    </p>
   </div>
   <div class='ocr_carea' id='block_1_112' title="bbox 1936 5201 3518 5282">
    <p class='ocr_par' dir='ltr' id='par_1_112' title="bbox 1936 5201 3518 5282">
     <span class='ocr_line' id='line_1_112' title="bbox 1936 5201 3518 5282; baseline -0.009 -13"><span class='ocrx_word' id='word_1_896' title='bbox 1936 5214 2199 5281; x_wconf 82' lang='lat' dir='ltr'><strong>tributio,</strong></span> <span class='ocrx_word' id='word_1_897' title='bbox 2244 5221 2305 5269; x_wconf 87' lang='lat' dir='ltr'><strong>ut</strong></span> <span class='ocrx_word' id='word_1_898' title='bbox 2328 5253 2344 5277; x_wconf 95' lang='lat'><strong>,</strong></span> <span class='ocrx_word' id='word_1_899' title='bbox 2401 5211 2859 5282; x_wconf 83' lang='lat' dir='ltr'><strong>quemadmodum</strong></span> <span class='ocrx_word' id='word_1_900' title='bbox 2905 5208 3038 5264; x_wconf 87' lang='lat' dir='ltr'><strong>dicit</strong></span> <span class='ocrx_word' id='word_1_901' title='bbox 3086 5201 3406 5275; x_wconf 79' lang='lat' dir='ltr'><strong>Apostolus,</strong></span> <span class='ocrx_word' id='word_1_902' title='bbox 3462 5201 3518 5257; x_wconf 90' lang='lat' dir='ltr'><strong>in</strong></span> 
     </span>
    </p>
   </div>
   <div class='ocr_carea' id='block_1_113' title="bbox 1936 5294 3520 5374">
    <p class='ocr_par' dir='ltr' id='par_1_113' title="bbox 1936 5294 3520 5374">
     <span class='ocr_line' id='line_1_113' title="bbox 1936 5294 3520 5374; baseline -0.01 -11"><span class='ocrx_word' id='word_1_903' title='bbox 1936 5308 2336 5364; x_wconf 78' lang='lat' dir='ltr'><strong>resurrectione</strong></span> <span class='ocrx_word' id='word_1_904' title='bbox 2360 5320 2469 5361; x_wconf 88' lang='lat' dir='ltr'><strong>non</strong></span> <span class='ocrx_word' id='word_1_905' title='bbox 2497 5303 2720 5361; x_wconf 80' lang='lat' dir='ltr'><strong>confuse</strong></span> <span class='ocrx_word' id='word_1_906' title='bbox 2742 5310 2971 5374; x_wconf 60' lang='lat' dir='ltr'><strong>agantur</strong></span> <span class='ocrx_word' id='word_1_907' title='bbox 2990 5298 3196 5362; x_wconf 79' lang='lat' dir='ltr'><strong>omnia,</strong></span> <span class='ocrx_word' id='word_1_908' title='bbox 3222 5295 3315 5358; x_wconf 74' lang='lat' dir='ltr'><strong>sed</strong></span> <span class='ocrx_word' id='word_1_909' title='bbox 3338 5294 3520 5353; x_wconf 76' lang='lat' dir='ltr'><strong>veniat</strong></span> 
     </span>
    </p>
   </div>
   <div class='ocr_carea' id='block_1_114' title="bbox 1934 5388 3517 5472">
    <p class='ocr_par' dir='ltr' id='par_1_114' title="bbox 1934 5388 3517 5472">
     <span class='ocr_line' id='line_1_114' title="bbox 1934 5388 3517 5472; baseline -0.008 -15"><span class='ocrx_word' id='word_1_910' title='bbox 1934 5402 2309 5472; x_wconf 75' lang='lat' dir='ltr'><strong>unusquisque</strong></span> <span class='ocrx_word' id='word_1_911' title='bbox 2338 5401 2393 5456; x_wconf 87' lang='lat' dir='ltr'><strong>in</strong></span> <span class='ocrx_word' id='word_1_912' title='bbox 2415 5416 2513 5456; x_wconf 85' lang='lat' dir='ltr'><strong>suo</strong></span> <span class='ocrx_word' id='word_1_913' title='bbox 2527 5400 2753 5456; x_wconf 78' lang='lat' dir='ltr'><strong>ordine?</strong></span> <span class='ocrx_word' id='word_1_914' title='bbox 2780 5398 2999 5455; x_wconf 74' lang='lat' dir='ltr'><strong>initium</strong></span> <span class='ocrx_word' id='word_1_915' title='bbox 3024 5392 3296 5455; x_wconf 75' lang='lat' dir='ltr'><strong>Christus,</strong></span> <span class='ocrx_word' id='word_1_916' title='bbox 3320 5388 3517 5447; x_wconf 80' lang='lat' dir='ltr'><strong>deinde</strong></span> 
     </span>
    </p>
   </div>
   <div class='ocr_carea' id='block_1_115' title="bbox 1934 5482 3514 5563">
    <p class='ocr_par' dir='ltr' id='par_1_115' title="bbox 1934 5482 3514 5563">
     <span class='ocr_line' id='line_1_115' title="bbox 1934 5482 3514 5563; baseline -0.009 -15"><span class='ocrx_word' id='word_1_917' title='bbox 1934 5493 1993 5548; x_wconf 84' lang='lat' dir='ltr'><strong>hi</strong></span> <span class='ocrx_word' id='word_1_918' title='bbox 2020 5491 2113 5563; x_wconf 80' lang='lat' dir='ltr'><strong>qui</strong></span> <span class='ocrx_word' id='word_1_919' title='bbox 2139 5500 2265 5549; x_wconf 82' lang='lat' dir='ltr'><strong>sunt</strong></span> <span class='ocrx_word' id='word_1_920' title='bbox 2293 5491 2515 5556; x_wconf 80' lang='lat' dir='ltr'><strong>Christi,</strong></span> <span class='ocrx_word' id='word_1_921' title='bbox 2545 5491 2637 5561; x_wconf 78' lang='lat' dir='ltr'><strong>qui</strong></span> <span class='ocrx_word' id='word_1_922' title='bbox 2664 5492 2718 5549; x_wconf 88' lang='lat' dir='ltr'><strong>in</strong></span> <span class='ocrx_word' id='word_1_923' title='bbox 2746 5488 2977 5545; x_wconf 83' lang='lat' dir='ltr'><strong>advequ</strong></span> <span class='ocrx_word' id='word_1_924' title='bbox 2999 5482 3119 5553; x_wconf 78' lang='lat' dir='ltr'><strong>ejus</strong></span> <span class='ocrx_word' id='word_1_925' title='bbox 3137 5487 3514 5554; x_wconf 67' lang='lat' dir='ltr'><strong>speraverint,</strong></span> 
     </span>
    </p>
   </div>
   <div class='ocr_carea' id='block_1_116' title="bbox 1930 5565 3518 5655">
    <p class='ocr_par' dir='ltr' id='par_1_116' title="bbox 1930 5565 3518 5655">
     <span class='ocr_line' id='line_1_116' title="bbox 1930 5565 3518 5655; baseline -0.011 -15"><span class='ocrx_word' id='word_1_926' title='bbox 1930 5600 2057 5640; x_wconf 85' lang='lat' dir='ltr'><strong>cum</strong></span> <span class='ocrx_word' id='word_1_927' title='bbox 2086 5583 2377 5645; x_wconf 76' lang='lat' dir='ltr'><strong>tradiderit</strong></span> <span class='ocrx_word' id='word_1_928' title='bbox 2416 5597 2642 5655; x_wconf 72' lang='lat' dir='ltr'><strong>regnum</strong></span> <span class='ocrx_word' id='word_1_929' title='bbox 2689 5580 2796 5639; x_wconf 85' lang='lat' dir='ltr'><strong>Deo</strong></span> <span class='ocrx_word' id='word_1_930' title='bbox 2828 5589 2884 5631; x_wconf 85' lang='lat' dir='ltr'><strong>et</strong></span> <span class='ocrx_word' id='word_1_931' title='bbox 2906 5573 3083 5640; x_wconf 89' lang='lat' dir='ltr'><strong>Patri,</strong></span> <span class='ocrx_word' id='word_1_932' title='bbox 3107 5582 3164 5629; x_wconf 86' lang='lat' dir='ltr'><strong>et</strong></span> <span class='ocrx_word' id='word_1_933' title='bbox 3190 5586 3314 5627; x_wconf 80' lang='lat' dir='ltr'><strong>eum</strong></span> <span class='ocrx_word' id='word_1_934' title='bbox 3339 5565 3518 5638; x_wconf 75' lang='lat' dir='ltr'><strong>subje-</strong></span> 
     </span>
    </p>
   </div>
   <div class='ocr_carea' id='block_1_117' title="bbox 1930 5662 3518 5745">
    <p class='ocr_par' dir='ltr' id='par_1_117' title="bbox 1930 5662 3518 5745">
     <span class='ocr_line' id='line_1_117' title="bbox 1930 5662 3518 5745; baseline -0.009 -12"><span class='ocrx_word' id='word_1_935' title='bbox 1930 5675 2070 5733; x_wconf 86' lang='lat' dir='ltr'><strong>cerit</strong></span> <span class='ocrx_word' id='word_1_936' title='bbox 2096 5677 2148 5732; x_wconf 84' lang='lat' dir='ltr'><strong>ei</strong></span> <span class='ocrx_word' id='word_1_937' title='bbox 2175 5691 2395 5733; x_wconf 78' lang='lat' dir='ltr'><strong>manem</strong></span> <span class='ocrx_word' id='word_1_938' title='bbox 2419 5672 2785 5745; x_wconf 64' lang='lat' dir='ltr'><strong>principatum</strong></span> <span class='ocrx_word' id='word_1_939' title='bbox 2809 5677 2866 5727; x_wconf 78' lang='lat' dir='ltr'><strong>et</strong></span> <span class='ocrx_word' id='word_1_940' title='bbox 2893 5675 3255 5738; x_wconf 74' lang='lat' dir='ltr'><strong>potestatem;</strong></span> <span class='ocrx_word' id='word_1_941' title='bbox 3279 5662 3373 5721; x_wconf 73' lang='lat' dir='ltr'><strong>ubi</strong></span> <span class='ocrx_word' id='word_1_942' title='bbox 3398 5662 3518 5719; x_wconf 68' lang='lat' dir='ltr'><strong>sine</strong></span> 
     </span>
    </p>
   </div>
   <div class='ocr_carea' id='block_1_118' title="bbox 1930 5755 3519 5833">
    <p class='ocr_par' dir='ltr' id='par_1_118' title="bbox 1930 5755 3519 5833">
     <span class='ocr_line' id='line_1_118' title="bbox 1930 5755 3519 5833; baseline -0.013 1"><span class='ocrx_word' id='word_1_943' title='bbox 1930 5766 2097 5833; x_wconf 75' lang='lat' dir='ltr'><strong>dubio</strong></span> <span class='ocrx_word' id='word_1_944' title='bbox 2126 5767 2265 5827; x_wconf 80' lang='lat' dir='ltr'><strong>tales</strong></span> <span class='ocrx_word' id='word_1_945' title='bbox 2294 5764 2709 5825; x_wconf 70' lang='lat' dir='ltr'><strong>distributioms</strong></span> <span class='ocrx_word' id='word_1_946' title='bbox 2738 5769 2794 5817; x_wconf 84' lang='lat' dir='ltr'><strong>et</strong></span> <span class='ocrx_word' id='word_1_947' title='bbox 2822 5761 3043 5821; x_wconf 67' lang='lat' dir='ltr'><strong>ordines</strong></span> <span class='ocrx_word' id='word_1_948' title='bbox 3078 5774 3143 5817; x_wconf 71' lang='lat' dir='ltr'><strong>ac</strong></span> <span class='ocrx_word' id='word_1_949' title='bbox 3168 5758 3425 5817; x_wconf 73' lang='lat' dir='ltr'><strong>tubarum</strong></span> <span class='ocrx_word' id='word_1_950' title='bbox 3449 5755 3519 5815; x_wconf 73' lang='lat' dir='ltr'><strong>si-</strong></span> 
     </span>
    </p>
   </div>
   <div class='ocr_carea' id='block_1_119' title="bbox 1929 5846 3518 5931">
    <p class='ocr_par' dir='ltr' id='par_1_119' title="bbox 1929 5846 3518 5931">
     <span class='ocr_line' id='line_1_119' title="bbox 1929 5846 3518 5931; baseline -0.01 -11"><span class='ocrx_word' id='word_1_951' title='bbox 1929 5860 2306 5931; x_wconf 73' lang='lat' dir='ltr'><strong>gniﬁcationes</strong></span> <span class='ocrx_word' id='word_1_952' title='bbox 2332 5865 2510 5917; x_wconf 85' lang='lat' dir='ltr'><strong>erunt.</strong></span> <span class='ocrx_word' id='word_1_953' title='bbox 2546 5853 2701 5924; x_wconf 86' lang='lat' dir='ltr'><strong>Quod</strong></span> <span class='ocrx_word' id='word_1_954' title='bbox 2729 5862 2911 5910; x_wconf 87' lang='lat' dir='ltr'><strong>autem</strong></span> <span class='ocrx_word' id='word_1_955' title='bbox 2929 5894 2945 5921; x_wconf 87' lang='lat'><strong>,</strong></span> <span class='ocrx_word' id='word_1_956' title='bbox 2984 5851 3226 5924; x_wconf 80' lang='lat' dir='ltr'><strong>exceptis</strong></span> <span class='ocrx_word' id='word_1_957' title='bbox 3248 5864 3342 5907; x_wconf 79' lang='lat' dir='ltr'><strong>sex</strong></span> <span class='ocrx_word' id='word_1_958' title='bbox 3370 5846 3518 5907; x_wconf 86' lang='lat' dir='ltr'><strong>urbi-</strong></span> 
     </span>
    </p>
   </div>
  </div>
