3986 6348
1088 333 1149 388 Β.
1191 331 1448 388 RABANI
1483 329 1703 387 MAURI
1737 329 2056 386 ARCHIEP.
2097 323 2407 386 MOGUN’I‘.
2449 325 2736 385 OPERUM
2773 323 2958 380 PARS
2991 323 3031 378 I.

3593 324 3732 381 1096

444 448 952 520 bus-fugitivorum,
983 445 1123 502 alias
1150 445 1511 515 quadraginta
1541 446 1676 502 duas
1720 445 1884 498 nrbes
1923 443 2028 497 Le-
2053 444 2106 506 Α
2125 443 2379 498 'omnibus
2406 441 2719 497 civitatibus
2747 454 2866 510 qua:
2906 437 3064 507 longe
3087 444 3212 491 sunt
3240 450 3273 489 a
3297 445 3352 490 te
3375 437 3549 490 valde
3571 476 3588 500 ,
3616 452 3737 505 qua:

447 542 572 596 vitae
591 539 888 608 accipiunt,
917 537 1291 594 indubitanter
1321 537 1438 607 ipsa
1468 536 1784 606 praedicatio
1823 541 2034 589 sancto-

449 645 566 688 rum
594 629 864 699 signatur.
903 627 1011 697 Ipsi
1049 627 1195 682 enim
1237 627 1518 696 possident
1566 625 1866 680 doctrinam
1911 637 2034 693 qum

447 730 660 779 constat
694 721 834 792 legis
873 719 1176 789 Docalogo,
1209 727 1262 774 et
1292 717 1598 788 quadriﬁdo
1639 714 1914 786 Evangelii
1941 731 2035 769 nu—

446 830 618 879 mero,
649 813 806 884 quasi
841 812 1024 867 decies
1053 820 1349 882 quaternas
1383 811 1547 865 urbes
1587 810 1868 864 habentes.
1899 807 2032 873 Qui-

446 907 549 963 bus
589 905 757 961 etiam
801 903 923 958 dna:
974 902 1324 972 adjiciuntur,
1358 901 1484 971 quia
1532 899 1793 954 nimirum
1841 907 2033 953 cuncta

449 1010 572 1064 qua:
619 993 917 1064 pradicant
963 991 1155 1047 morali
1210 1007 1276 1046 ac
1322 992 1556 1061 mystico
1607 1004 1772 1044 sensu
1826 1004 2038 1044 annun-

450 1084 614 1142 tiam.

1043 1171 1271 1229 CAPUT
1297 1171 1437 1226 XIII.

451 1285 536 1339 De
559 1301 622 1338 eo
645 1283 783 1354 quod
805 1282 975 1336 omnis
999 1290 1141 1354 terra
1169 1279 1424 1334 Chanaan
1453 1279 1580 1354 data
1621 1287 1699 1332 est
1737 1279 2034 1354 albenti“

519 1349 690 1410 Israel
729 1354 789 1407 in
828 1353 1234 1422 possessionem;
1275 1361 1324 1406 et
1361 1349 1702 1419 possederunt
1733 1349 1883 1406 illam
1917 1367 2037 1404 cum

519 1441 666 1494 pace.

517 1534 698 1605 (ιω.)
737 1553 758 1585 ι
791 1533 1061 1604 Deditque
1089 1534 1350 1592 Dominus
1377 1535 1562 1592 Israeli
1588 1551 1806 1591 omnem
1838 1544 2039 1588 terram

456 1644 472 1673 ι
521 1640 684 1695 quam
721 1625 1046 1680 traditurum
1075 1641 1136 1680 se
1170 1626 1420 1694 patribus
1447 1642 1633 1683 eorum
1655 1625 1956 1695 juraverat,
1985 1633 2040 1680 et

455 1733 472 1764 ι
519 1715 872 1783 possederunt
903 1715 1072 1782 illaut,
1097 1724 1262 1785 atque
1285 1716 1668 1774 habitaverunt
1693 1718 1748 1772 in
1774 1733 1859 1772 ea.
1885 1717 2040 1772 Data-

456 1824 475 1856 t
521 1822 630 1878 quc
655 1816 740 1862 est
765 1808 835 1863 ab
867 1822 932 1862 eo
957 1824 1065 1878 pax
1093 1809 1146 1863 in
1177 1823 1368 1866 omnes
1397 1825 1497 1878 per
1543 1809 1832 1864 circuitum
1857 1809 2038 1863 natio-
2073 1798 2115 1856 Β

456 1914 476 1948 ε
499 1914 660 1968 pes:
694 1898 981 1970 nullusque
1013 1900 1094 1956 eis
1129 1899 1371 1958 hostium
1411 1901 1672 1958 resistere
1715 1916 1880 1958 ausus
1921 1908 2034 1965 est,

457 2004 478 2038 ι
523 1989 620 2048 sed
645 1989 827 2046 cuncti
876 1989 932 2044 in
975 2005 1165 2046 eorum
1207 1991 1472 2048 ditionem
1518 1992 1725 2050 redacti
1767 2000 1916 2048 sum.
1962 1990 2041 2046 Ne
2079 2031 2082 2034 -

457 2097 477 2130 ι
521 2096 687 2154 unum
717 2081 938 2154 quidem
965 2085 1191 2140 verbum
1219 2087 1366 2154 quod
1413 2085 1522 2141 illis
1563 2102 1625 2142 so
1658 2094 2041 2156 prestaturum

458 2189 479 2224 ι
523 2189 645 2230 esse
667 2176 1015 2244 promiserat,
1055 2177 1274 2232 irritum
1303 2178 1444 2243 fuit,
1489 2178 1588 2233 sed
1629 2178 1792 2234 rebus
1829 2177 2038 2248 expleta

457 2281 478 2315 ο
519 2275 652 2326 sunt
689 2269 892 2323 omnia.
931 2287 952 2320 ι
987 2268 1097 2339 (Ea:
1131 2269 1475 2339 Augustino.)
1519 2269 1711 2326 Merito
1757 2269 2039 2339 quaeritur,

454 2368 579 2408 cum
605 2355 773 2418 Israel
809 2372 918 2410 non
949 2356 1120 2412 solum
1149 2374 1321 2426 usque
1364 2360 1434 2413 ad
1469 2359 1613 2414 diem
1659 2361 1850 2416 mortis
1881 2357 2038 2423 Iesu,

457 2458 658 2512 verum,
688 2445 855 2500 etiam
891 2456 1080 2516 postea
1129 2464 1238 2504 non
1285 2450 1644 2506 eradicaverit
1683 2460 1874 2520 gentes
1925 2465 2046 2519 quae

462 2539 664 2588 terram
710 2537 1144 2603 repromissionis
1177 2541 1462 2606 tenebant,
1492 2542 1742 2611 quamvis
1777 2557 1846 2595 ex
1888 2552 2045 2610 parte

463 2624 568 2680 illis
596 2624 876 2681 debellatis
905 2627 960 2682 in
989 2629 1181 2684 eadem
1212 2632 1482 2700 promissa
1512 2632 1831 2688 haereditate
1869 2633 2048 2688 consi-

459 2725 697 2781 sterent;
718 2719 989 2788 quomodo
1010 2720 1418 2792 intelligendum
1444 2723 1518 2776 sit
1539 2723 1684 2793 quod
1702 2723 1907 2778 dictum
1927 2732 2041 2778 est:

461 2806 528 2862 Et
560 2807 708 2863 dedit
731 2807 997 2864 Dominus
1021 2810 1186 2866 Israel
1216 2827 1434 2868 onmem
1463 2822 1664 2868 terram
1703 2829 1867 2882 quam
1888 2811 2045 2881 jura-

462 2910 616 2954 vcrat
642 2900 774 2956 dare
797 2903 1042 2970 patribus
1079 2919 1289 2970 eorum,
1321 2913 1376 2958 et
1409 2906 1866 2962 hmreditaverunt
1890 2921 2044 2971 eam,

461 3000 515 3044 et
545 2992 928 3048 habitaverunt
954 2994 1008 3048 in
1037 3010 1099 3050 ea
1129 3013 1142 3047 :
1173 3005 1229 3048 et
1261 2996 1501 3064 requiem
1540 2996 1689 3051 dedit
1718 2996 1822 3050 illis
1866 2995 2048 3050 Domi-

461 3098 565 3138 nus
586 3084 641 3139 in
666 3085 916 3152 circuitu,
947 3088 1090 3144 sicut
1109 3086 1391 3155 juraverat
1414 3089 1660 3158 patribus
1688 3103 1879 3144 eorum
1899 3105 1914 3152 ;
1937 3104 2046 3142 non

2135 549 2242 588 non
2271 541 2399 588 sunt
2429 549 2460 586 a
2485 532 2795 586 civitatibus
2817 529 3055 600 gentium
3079 527 3327 582 istarum.
3365 525 3520 580 Ecce
3547 535 3736 582 autem

2137 639 2201 678 ex
2236 624 2548 678 civitatibus
2575 622 2714 686 istis,
2743 635 2879 689 quas
2899 617 3160 673 Dominus
3183 617 3328 671 Deus
3349 625 3480 670 tuus
3511 615 3614 672 dat
3639 617 3736 672 tibi

2135 717 2459 772 hmreditare
2506 723 2708 771 terram
2749 729 2938 769 eorum
2963 753 2978 778 ,
3009 727 3115 767 non
3159 710 3470 766 viviﬁcahis
3512 726 3734 766 omnem

2132 809 2315 862 vivum
2333 849 2345 871 ,
2394 809 2489 862 sed
2531 805 3022 861 anathematizabis
3049 818 3174 868 eos,
3198 801 3515 867 Cethaaum,
3542 802 3736 858 Amor-

2136 901 2339 954 rhazum
2361 941 2375 965 ,
2427 907 2482 954 et
2529 899 2894 954 Chananaaum
2915 938 2929 960 ,
2963 905 3018 951 et
3051 895 3435 958 Pherezazum,
3477 902 3537 947 et
3576 892 3734 948 Iebu-

2135 1004 2301 1043 szeum
2320 1031 2334 1055 ,
2362 997 2418 1044 et
2444 988 2728 1054 Hevaaum,
2759 996 2816 1043 et
2853 987 3197 1056 Gergeszeum
3221 1028 3234 1052 ,
3266 985 3731 1055 quemadmodum

2134 1082 2408 1138 mandavit
2429 1081 2526 1135 tibi
2551 1081 2813 1135 Dominus
2835 1081 2978 1134 Deus
2997 1090 3120 1133 tuus
3148 1078 3328 1148 (Deut.
3354 1077 3479 1147 xx).
3513 1098 3533 1130 ι
3559 1078 3625 1133 Et
3650 1079 3730 1133 hic

2136 1172 2363 1226 istarum
2399 1179 2603 1241 septem
2630 1171 2872 1240 gentium
2923 1179 3124 1224 terram
3155 1169 3492 1239 promissam
3535 1169 3588 1223 in
3625 1171 3724 1224 hm-

2136 1261 2390 1327 reditate,
2419 1276 2581 1331 quam
2609 1262 2893 1316 debellatis
2931 1275 3099 1330 usque
3143 1261 3580 1316 internecionem
3622 1262 3725 1316 eis-

2138 1354 2260 1407 dem
2291 1351 2544 1422 gentibus
2573 1349 2828 1404 Israelita:
2858 1351 3220 1420 possiderent,
3243 1349 3598 1405 manifestum
3626 1361 3724 1406 est.

2138 1441 2375 1497 (latens
2404 1455 2536 1496 vero
2563 1456 2683 1509 quae
2713 1441 3056 1510 longinquius
3082 1448 3239 1494 extra
3272 1441 3402 1494 istas
3425 1451 3616 1511 gentes
3653 1442 3729 1495 in-

2138 1536 2475 1598 venirentur,
2506 1534 2676 1587 voluit
2703 1533 2818 1588 ﬁeri
2850 1533 3168 1587 tributarias
3196 1547 3412 1597 eorum,
3441 1535 3490 1586 si
3509 1549 3618 1588 non
3644 1550 3729 1589 re-

2140 1627 2428 1690 sisterent;
2457 1627 2502 1680 si
2529 1635 2710 1679 autem
2735 1626 3084 1682 resisterent.
3110 1624 3280 1679 etiam
3309 1625 3460 1695 ipsas
3501 1625 3725 1678 interﬁci

2139 1729 2195 1774 et
2228 1720 2281 1773 in
2313 1717 2668 1788 perditionem
2699 1718 2817 1771 dari
2838 1759 2852 1781 ,
2891 1717 3132 1787 exceptis
3173 1717 3472 1787 pecoribus
3518 1725 3574 1770 et
3619 1733 3729 1786 qua:

2144 1795 2197 1866 in
2227 1811 2464 1881 praedam
2500 1816 2718 1880 possent
2743 1810 2945 1864 venire.
2973 1808 3105 1862 Item
3131 1809 3242 1862 alio
3281 1808 3404 1862 loco
3450 1807 3510 1861 in
3547 1806 3727 1861 Dente-

2145 1901 2393 1956 ronomio
2429 1901 2505 1955 ita
2536 1901 2750 1971 legitur.
2788 1919 2804 1950 ι
2845 1901 3044 1954 Et‘erit
3071 1913 3196 1955 cum
3239 1898 3531 1954 induxerit
3557 1908 3609 1954 te
3631 1899 3729 1953 Do-

2143 1994 2322 2048 minus
2347 1993 2488 2046 Deus
2523 2001 2648 2046 tuus
2675 1993 2731 2045 in
2766 2000 2965 2047 terram
2992 1992 3046 2046 in
3075 2007 3238 2061 quam
3268 1993 3585 2047 transibitis
3626 1994 3725 2046 lue-

2146 2085 2386 2138 reditare
2406 2097 2550 2148 eam,
2583 2090 2636 2137 et
2665 2082 2951 2137 abstulerit
2986 2093 3173 2150 gentes
3198 2097 3436 2152 magnas
3461 2094 3520 2137 et
3544 2083 3725 2137 multas

2143 2191 2175 2229 a
2196 2182 2487 2245 conSpectu
2516 2183 2640 2239 tuo;
2674 2173 2948 2228 (lethaeum
2975 2182 3030 2226 et
3056 2172 3415 2244 Gergezaeum
3434 2214 3449 2237 ,
3477 2185 3537 2226 et
3559 2174 3724 2227 Amor-

2145 2268 2372 2331 rhaaum,
2399 2275 2456 2321 et
2475 2266 2846 2330 Pherezazum,
2869 2273 2924 2318 et
2947 2263 3342 2329 Chananzeum,
3373 2273 3432 2318 et
3453 2264 3716 2328 Remum,

2144 2364 2202 2412 et
2230 2356 2536 2412 Jebusaeum
2557 2398 2572 2421 ,
2600 2364 2807 2426 septem
2834 2362 3021 2426 gentes
3043 2370 3268 2426 magnas
3315 2364 3374 2409 et
3413 2355 3641 2418 multas,
3678 2363 3725 2407 et

2146 2448 2402 2503 fortiores
2431 2447 2584 2502 vobis
2613 2465 2626 2500 :
2664 2454 2718 2501 et
2749 2447 2925 2500 tradet
2945 2459 3038 2499 eas
3061 2443 3326 2500 Dominus
3357 2445 3509 2500 Deus
3537 2455 3650 2498 tuus
3677 2445 3722 2496 in

2145 2555 2342 2594 manus
2367 2548 2519 2603 tuas,
2545 2545 2599 2592 et
2624 2537 2897 2607 percutics
2941 2547 3064 2601 eos,
3099 2542 3155 2590 et
3201 2536 3536 2591 exterminio
3572 2546 3708 2589 exter

2147 2633 2379 2688 minabis
2401 2649 2513 2688 eos.
2544 2631 2659 2686 Non
2689 2631 2943 2700 dispones
2972 2630 3039 2683 ad
3069 2644 3164 2684 eos
3199 2637 3610 2691 testamentum,
3646 2641 3726 2679 ne-

2147 2737 2252 2793 que
2271 2723 2621 2778 misereberis
2642 2736 2853 2785 eorum,
2877 2735 3050 2790 neque
3065 2720 3418 2774 matrimonio
3431 2718 3722 2788 jungamini

2149 2831 2273 2870 cum
2301 2816 2400 2868 eis.
2428 2814 2616 2868 Filiam
2649 2823 2796 2867 tuam
2825 2828 2931 2866 non
2958 2813 3117 2867 dabis
3143 2812 3257 2866 ﬁlio
3287 2811 3440 2879 ejus,
3470 2822 3524 2865 et
3567 2810 3725 2863 tiliam

2147 2904 2264 2972 ejus
2288 2921 2393 2959 non
2426 2919 2609 2959 sumes
2643 2904 2752 2958 ﬁlio
2780 2912 2896 2967 tuo,
2925 2912 3028 2958 etc.
3061 2902 3242 2974 (Deut.
3287 2901 3410 2973 vn).
3442 2922 3460 2953 ι
3508 2900 3731 2954 Proinde

2148 2994 2233 3048 his
2267 3004 2430 3062 atque
2460 2993 2580 3047 aliis
2621 2993 3026 3072 Scripturarum
3073 2992 3208 3046 locis
3250 3007 3394 3062 saepe
3434 2990 3730 3046 ostenditur

2149 3087 2343 3141 harum
2373 3095 2579 3156 septem
2605 3087 2843 3158 gentium
2874 3094 3047 3140 terras
3075 3085 3150 3140 ita
3173 3086 3445 3154 accepisse
3482 3085 3539 3138 in
3568 3085 3733 3138 hatre-

463 3175 663 3229 restitit
685 3177 972 3244 quisquam
995 3187 1122 3233 ante
1141 3178 1338 3234 faciem
1361 3156 1576 3234 illorum
1594 3181 1663 3235 ab
1675 3181 1926 3234 omnibus
1947 3180 2049 3234 ini—
2074 3156 2120 3219 (ἶ
2153 3179 2377 3234 ditatem
2402 3178 2542 3233 ﬁlios
2568 3156 2756 3241 Israel,
2788 3186 2847 3232 ut
2872 3193 2979 3231 non
3011 3192 3133 3232 cum
3166 3177 3244 3231 eis
3272 3177 3359 3245 qui
3385 3175 3598 3230 easdem
3621 3183 3735 3227 ter-

473 3261 632 3316 micis
659 3278 845 3318 eorum
874 3283 886 3316 :
916 3281 1104 3319 omnes
1126 3267 1376 3321 inimicos
1401 3283 1590 3323 eorum
1620 3269 1843 3322 tradidit
1874 3269 2050 3324 Domi-

470 3367 573 3406 nus
605 3352 656 3404 in
687 3368 883 3407 manus
913 3367 1131 3419 eorum;
1155 3373 1260 3412 non
1285 3358 1484 3412 decidit
1503 3374 1572 3411 ex
1594 3359 1848 3416 omnibus
1865 3361 2050 3416 verbis

471 3439 627 3495 bonis
666 3457 786 3512 quae
815 3442 1029 3500 locutus
1064 3454 1149 3501 est
1193 3447 1450 3502 Dominus
1480 3447 1606 3502 filiis
1639 3449 1835 3515 Israel,
1864 3451 2047 3506 omnia

471 3529 828 3589 advenerunt.
863 3535 1158 3608 Diligenter
1195 3554 1326 3609 ergo
1369 3540 1619 3596 universa
1661 3543 2051 3598 consideranda

467 3631 615 3688 sunt,
645 3632 700 3678 et
726 3625 964 3695 primum
996 3628 1282 3684 videndum
1310 3629 1453 3702 quod
1476 3631 1723 3701 gentium
1745 3640 1890 3688 terra
1920 3649 2050 3702 pro-

469 3714 634 3788 missa
660 3715 748 3780 sit
781 3716 1061 3788 Israelitis.
1097 3719 1315 3790 Septem
1354 3720 1571 3790 quidem
1606 3730 1793 3792 gentes
1833 3724 2052 3778 assidue

467 3803 718 3859 videntur
744 3811 1178 3873 commemorari,
1204 3810 1346 3864 sicut
1368 3810 1422 3864 in
1452 3811 1636 3865 Exodo
1667 3812 1898 3882 legitur:
1935 3832 1956 3864 ι
1985 3814 2053 3868 Et

470 3898 608 3953 dixit
635 3897 894 3952 Dominus
922 3900 991 3953 ad
1023 3899 1283 3974 Moysen:
1315 3900 1482 3968 Vade,
1505 3905 1734 3958 ascende
1763 3905 1888 3959 hinc
1913 3914 1968 3959 tu
1998 3913 2054 3960 et

483 3987 712 4057 populus
745 3994 890 4052 tuus,
921 4002 1055 4056 quos
1089 3989 1322 4042 eduxisti
1345 3989 1409 4043 de
1433 3999 1574 4045 terra
1601 3989 1839 4062 Egypti,
1870 3993 1924 4047 in
1950 4001 2054 4048 ter-

476 4081 591 4154 ram
606 4091 765 4145 quam
781 4076 962 4144 juravi
977 4079 1273 4147 Abraham,
1287 4091 1341 4136 et
1355 4077 1522 4150 Isaac,
1545 4093 1599 4138 et
1623 4079 1809 4152 Jacob,
1830 4086 2018 4142 dicens
2036 4102 2051 4140 :

477 4169 682 4222 Semini
706 4176 888 4221 vestro
909 4169 1044 4222 dabo
1073 4184 1216 4235 eam,
1231 4181 1286 4225 et
1301 4174 1460 4226 simul
1485 4175 1695 4228 mittam
1713 4186 1840 4231 ante
1859 4177 2055 4233 faciem

478 4269 622 4344 tuam
673 4259 925 4344 angelum
973 4277 1154 4330 meum
1196 4282 1209 4318 :
1252 4274 1308 4319 et
1345 4267 1524 4335 ejiciet
1553 4269 1949 4337 Amorrhmum,
1999 4282 2057 4329 et

475 4357 774 4421 Cetlueum,
787 4364 842 4409 et
854 4353 1221 4422 Pherezaeum,
1244 4365 1299 4411 et
1320 4356 1689 4430 Gorgoneum,
1706 4372 1760 4419 et
1778 4363 2054 4433 IIevaeum,

475 4453 527 4503 ct
549 4447 876 4512 Jebusaium,
897 4453 952 4500 et
969 4445 1328 4502 Chananaaum
1346 4447 1542 4520 (Exod.
1561 4452 1778 4523 χχχιιι).
1809 4475 1828 4506 ›
1855 4454 2052 4514 [larum

477 4554 605 4622 ergo
635 4546 840 4606 septem
879 4537 1120 4606 gentium
1159 4546 1362 4594 terram
1390 4541 1600 4598 videtur
1625 4542 1770 4600 Deus
1807 4547 2053 4616 patribus

476 4623 814 4693 promisisse.
870 4625 1140 4694 Scriptum
1188 4637 1272 4683 est
1321 4631 1484 4685 etiam
1533 4631 1586 4686 in
1638 4634 2054 4694 Deuteronomio

479 4713 650 4766 multo
676 4714 1021 4780 expressius:
1059 4735 1079 4768 ι
1119 4717 1177 4773 Si
1212 4728 1392 4776 autem
1425 4725 1720 4782 accesseris
1768 4729 1834 4783 ad
1873 4730 2055 4785 civita-

480 4810 588 4856 tem
615 4817 922 4872 expugnare
949 4821 1064 4860 eam
1082 4847 1096 4872 ,
1138 4818 1195 4864 et
1237 4813 1550 4869 evocaveris
1577 4830 1698 4870 eam
1727 4833 1850 4872 cum
1888 4836 2052 4890 pace,

481 4892 748 4964 siquidem
775 4893 1002 4962 paciﬁca
1027 4903 1406 4969 responderint
1453 4905 1592 4970 tibi,
1644 4918 1699 4962 et
1744 4912 2054 4976 aperuerint

481 4983 602 5047 tibi,
627 4983 802 5038 omnis
827 4984 1056 5054 pepulus
1096 4989 1186 5056 qui
1234 4991 1437 5048 inventi
1478 4992 1680 5048 fuerint
1720 4996 1774 5050 in
1803 4997 2054 5064 civitate,

483 5084 641 5128 erunt
670 5076 761 5128 tibi
789 5076 1060 5130 tributarii
1083 5088 1136 5132 et
1160 5081 1491 5142 obcdientes.
1519 5086 1576 5141 Si
1600 5095 1779 5144 autem
1802 5105 1909 5144 non
1929 5092 2059 5148 obe-

483 5165 682 5219 dierint
712 5167 838 5234 tibi,
867 5178 923 5222 et
947 5167 1176 5224 fecerint
1203 5175 1269 5226 ad
1297 5184 1346 5228 te
1377 5177 1611 5245 bellum,
1637 5181 2058 5239 circumsedebis

483 5269 626 5319 eam,
649 5264 704 5310 et
725 5257 900 5312 tradet
918 5273 1038 5315 eam
1064 5260 1322 5316 Dominus
1347 5265 1400 5318 in
1419 5282 1613 5324 manus
1635 5278 1755 5325 tuas
1781 5289 1792 5325 :
1818 5279 1874 5325 et
1896 5273 2061 5327 inter-

483 5343 634 5398 ticies
664 5360 823 5400 omne
849 5349 1208 5404 masculinum
1236 5349 1351 5418 ejus
1387 5355 1441 5408 in
1470 5372 1603 5412 nece
1629 5360 1828 5430 gladii,
1860 5368 2058 5431 praeter

483 5435 755 5492 mulieres.
789 5436 857 5491 Et
885 5441 1295 5511 supellectilem,
1324 5453 1379 5499 et
1406 5449 1584 5501 omnia
1608 5465 1825 5518 pecora,
1849 5462 1904 5508 et
1936 5470 2054 5510 om-

485 5525 710 5616 niaquaa
733 5527 932 5583 fuerint
960 5531 1012 5584 in
1035 5534 1277 5603 civitate,
1301 5544 1357 5592 et
1369 5537 1553 5591 omnia
1571 5543 1818 5598 utensilia
1849 5548 2058 5616 praeda-

489 5613 631 5668 beris
655 5616 752 5670 tibi
778 5635 792 5672 :
818 5628 874 5672 et
900 5621 1036 5698 edes.
1054 5641 1273 5681 omnem
1299 5626 1683 5697 praadationem
1711 5613 2060 5693 inimicorum

490 5712 723 5773 tuorum,
737 5725 898 5778 quam
913 5714 1169 5773 Dominus
1183 5719 1324 5775 Deus
1341 5728 1464 5775 tuus
1481 5719 1633 5776 dabit
1651 5724 1764 5779 tibi.
1786 5725 1877 5782 Sic
1891 5727 2062 5788 facies

2079 4505 2135 4566 D

2152 3287 2242 3324 ras
2271 3271 2546 3332 tenebant,
2575 3269 2668 3322 sed
2693 3284 2792 3337 pro
2827 3269 2908 3322 eis
2939 3268 3046 3322 illic
3081 3269 3394 3322 habitarent.
3434 3265 3733 3318 Verumta-

2157 3375 2280 3414 men
2310 3360 2363 3413 in
2389 3359 2590 3412 Genesi
2615 3372 2722 3412 non
2762 3358 2876 3412 istm
2905 3366 3117 3412 tantum
3155 3365 3354 3428 septem
3384 3362 3576 3426 gentes
3595 3396 3610 3416 ,
3640 3353 3737 3408 sed

2155 3449 2410 3504 undecim
2436 3450 2830 3518 promittuntur
2861 3449 3053 3503 semini
3084 3447 3335 3502 Abrahae.
3367 3445 3457 3499 Sic
3491 3444 3640 3498 enim
3663 3443 3736 3497 le-

2156 3541 2342 3610 gitur:
2385 3555 2404 3588 t
2435 3538 2495 3592 In
2527 3539 2613 3593 die
2633 3538 2723 3591 illa
2764 3538 3030 3607 disposuit
3074 3537 3336 3591 Dominus
3380 3535 3526 3589 Deus
3567 3539 3732 3588 testa-

2153 3641 2397 3686 mentum
2427 3631 2494 3686 ad
2517 3629 2816 3692 Abraham,
2851 3630 3037 3684 dicens
3064 3647 3076 3682 :
3109 3629 3317 3682 Semini
3359 3635 3455 3680 tuo
3478 3627 3611 3681 dabo
3630 3635 3734 3679 ter-

2155 3739 2272 3777 ram
2331 3725 2509 3787 hanc,
2559 3737 2588 3775 a
2646 3721 2864 3774 flumine
2906 3719 3123 3791 Algypti
3175 3729 3348 3786 usque
3399 3717 3474 3771 ad
3525 3717 3728 3770 fluvium

2155 3830 2407 3885 magnum
2439 3814 2782 3882 Euphraten;
2813 3813 3033 3868 Centcos
3059 3821 3116 3864 et
3147 3812 3441 3866 Ceneueos
3462 3851 3476 3874 ,
3507 3816 3562 3862 et
3590 3807 3736 3862 Chel-

2156 3918 2423 3966 monteos,
2453 3911 2509 3957 et
2553 3902 2832 3967 Cethzeos,
2863 3911 2919 3957 et
2949 3902 3300 3966 Pherczmos,
3337 3911 3398 3954 et
3437 3900 3730 3960 Rafam,'et

2156 3994 2537 4057 Amorrhmos,
2569 4002 2623 4048 et
2649 3992 3015 4058 Chananteos,
3050 4001 3106 4046 et
3141 3991 3403 4055 Bevus,
3443 3997 3501 4044 et
3542 3989 3732 4058 Gerge-
3765 4001 3770 4006 '

2158 4102 2318 4151 zzeos,
2341 4093 2401 4139 et
2423 4084 2700 4140 Jebusasos
2721 4084 2877 4156 (Gen.
2902 4086 3014 4155 xv).
3049 4105 3068 4136 ι
3095 4083 3227 4152 Quae
3251 4085 3326 4138 ita
3351 4084 3576 4140 solvitur
3589 4071 3744 4150 quia

2159 4178 2296 4246 stio,
2328 4187 2388 4232 ut
2427 4176 2792 4249 intelligamus
2832 4179 2972 4232 hanc
2995 4179 3341 4248 praecessisse
3376 4177 3725 4247 prophetiam.

2161 4270 2304 4340 quod
2327 4271 2382 4323 in
2412 4286 2478 4324 eo
2512 4269 2647 4324 flues
2676 4285 2862 4340 regum
2888 4269 3065 4324 fuerat
3094 4278 3448 4338 porrecturus
3465 4278 3517 4322 et
3545 4268 3732 4321 dilata-

2162 4369 2317 4415 turus
2345 4360 2621 4424 Salomon,
2651 4361 2717 4415 de
2738 4374 2845 4429 quo
2875 4361 2951 4415 ita
2981 4361 3246 4428 scriptum
3281 4367 3366 4413 est
3391 4377 3402 4412 :
3434 4376 3453 4408 ι
3484 4359 3550 4412 Et
3576 4369 3732 4410 omne

2163 4452 2495 4524 propositum
2519 4450 2824 4506 Solemnis
2841 4453 2984 4522 quod
3004 4453 3374 4509 destinaverat
3398 4451 3651 4508 adiurare
3678 4450 3731 4502 in

2161 4541 2482 4608 Jerusalem,
2505 4553 2562 4598 et
2581 4544 2809 4610 Libano,
2845 4553 2902 4600 et
2941 4547 2994 4600 in
3031 4548 3179 4600 omni
3211 4556 3358 4602 terra
3389 4541 3734 4620 possessionis

2163 4650 2306 4699 sum;
2335 4635 2511 4689 omnis
2535 4636 2764 4704 populus
2805 4637 2897 4704 qui
2926 4637 3216 4693 derelictus
3253 4645 3334 4694 est
3375 4653 3407 4690 a
3439 4635 3653 4691 Cethmo
3686 4644 3735 4686 et

2161 4725 2498 4790 Amorrhaeo,
2523 4735 2579 4781 et
2597 4727 2904 4794 Pherezmo,
2931 4739 2986 4784 et
3015 4729 3230 4793 Hevaao,
3274 4737 3327 4784 et
3360 4725 3624 4789 Jebusaeo,
3651 4724 3737 4794 qui

2164 4834 2272 4874 non
2302 4827 2461 4873 erant
2485 4836 2551 4873 ex
2577 4819 2767 4884 Israel,
2790 4821 2842 4875 id
2872 4830 2974 4887 est,
3011 4835 3078 4875 ex
3117 4822 3242 4876 filiis
3270 4835 3461 4876 eorum
3493 4818 3582 4889 qui
3611 4817 3738 4872 resio

2163 4909 2256 4964 dui
2283 4921 2438 4966 erant
2468 4927 2592 4965 cum
2617 4913 2698 4966 eis
2731 4913 2785 4966 in
2817 4896 2961 4967 terra
2981 4953 2994 4976 ,
3022 4927 3159 4982 quos
3201 4927 3311 4966 non
3337 4921 3732 4966 consummave-

2161 5010 2287 5057 rant
2315 5003 2409 5056 filii
2433 5003 2618 5057 Israel.
2640 5003 2705 5057 Et
2730 5003 3035 5076 subjugavit
3063 5020 3158 5058 eos
3193 5004 3454 5058 Salomon
3485 5003 3533 5056 in
3559 4997 3734 5052 tribu-

2161 5104 2274 5150 tum
2304 5111 2475 5165 usque
2505 5097 2557 5150 in
2588 5097 2729 5152 diem
2769 5098 2910 5152 hanc
2941 5096 3058 5167 (111
3086 5095 3210 5166 Reg.
3242 5095 3344 5165 rx).
3389 5115 3409 5146 ι
3447 5093 3575 5148 Ecce
3600 5089 3741 5144 resi-

2160 5188 2265 5241 dua
2300 5187 2618 5256 populorum
2645 5187 3084 5242 debellandorum
3117 5195 3280 5255 atque
3304 5183 3526 5239 omnino
3555 5195 3620 5236 ex
3642 5181 3742 5235 Dei

2159 5287 2432 5347 praecepto
2454 5278 2849 5346 perdendorum
2876 5276 3182 5346 subiugavit
3210 5275 3465 5330 Salomon
3495 5273 3550 5326 in
3575 5272 3747 5326 tribu-

2162 5375 2300 5434 tum,
2326 5384 2463 5438 quos
2483 5369 2667 5439 utique
2699 5369 2992 5423 secundum
3016 5374 3343 5437 praeceptum
3386 5364 3483 5420 Dei
3517 5363 3751 5434 perdere

2163 5459 2381 5526 debuit;
2435 5461 2530 5514 sed
2590 5469 2770 5514 tamen
2827 5457 3096 5530 subjugati
3145 5466 3401 5528 tanquam
3465 5453 3749 5510 tributarii

2163 5553 2396 5621 possessi
2441 5561 2584 5607 sunt.
2627 5551 2792 5606 Paulo
2838 5559 2962 5621 post
3005 5561 3182 5606 autem
3227 5553 3304 5605 ita
3352 5552 3594 5621 legitur:
3627 5566 3650 5598 ι
3683 5545 3754 5601 Et

2163 5650 2280 5696 erat
2324 5641 2606 5696 dominans
2654 5642 2708 5696 in
2763 5641 3016 5697 omnibus
3060 5642 3404 5713 regionibus,
3451 5655 3484 5694 a
3527 5641 3753 5694 nurnine

2120 5791 2126 5797 ,
2165 5750 2333 5805 usque
2363 5736 2429 5789 ad
2456 5742 2656 5790 terram
2683 5733 3028 5800 Philistbiim,
3056 5741 3112 5790 et
3132 5749 3306 5805 usque
3329 5732 3396 5788 ad
3416 5732 3564 5787 ﬁnes
3582 5731 3754 5801 ,Εεγδ
