3986 6348
222 358 366 422 1097

1136 365 1492 425 COMMENT.
1533 366 1602 425 IN
1641 366 1901 428 LIBRUM
1938 370 2172 436 IOSUE.
2212 409 2284 423 -
2321 381 2450 440 LIB.
2486 381 2572 442 III.

3360 398 3502 460 1098

215 482 298 552 pti
331 479 453 556 (III
482 481 612 555 Reg.
640 482 736 557 tv).
770 503 790 537 ι
823 483 967 542 Ecce
1000 485 1094 542 ubi
1125 487 1404 558 impletum
1441 497 1528 545 est
1564 491 1708 560 quod
1746 492 1802 546 in
1831 493 1882 554 Α
1908 499 2219 584 constituta.
2254 504 2445 562 Restat
2469 522 2599 580 ergo
2622 515 2682 564 ut
2701 508 2807 567 hoc
2832 511 2978 584 quod
3002 513 3120 570 ait:
3153 480 3183 567 cf
3207 515 3370 576 Dedit
3393 521 3502 580 Do.

217 573 419 630 Genesi
454 573 597 646 (cap.
618 574 711 647 xv)
736 575 879 632 Deus
903 578 971 633 ad
999 578 1276 636 Abraham
1315 581 1542 654 loquens
1581 585 1813 653 promit-

220 673 448 736 tensque
477 665 836 736 praedixerat:
867 686 886 720 ι
925 683 958 723 a
983 668 1202 726 ﬂumine
1229 690 1250 724 ι
1279 672 1476 744 quippe
1503 673 1592 730 hic
1616 674 1785 730 intelli

217 753 386 823 gitur,
403 755 470 810 ab
484 755 792 826 Euphrate;
811 774 1066 831 magnum
1086 763 1232 817 enim
1251 761 1509 820 ﬂumenin
1527 764 1632 820 illis
1655 765 1806 834 locis,

217 848 388 904 etiam
405 851 625 926 proprio
645 853 864 910 nomine
885 869 991 910 non
1011 855 1218 921 addito,
1239 865 1420 926 potest
1440 857 1684 930 intelligi.
1709 858 1814 914 Ne-

215 956 327 1010 que
347 943 491 998 enim
519 943 586 999 de
614 942 851 1001 Iordane
875 947 981 1002 hoc
1019 947 1190 1018 accipi
1215 956 1425 1018 potest,
1451 965 1574 1006 cum
1597 958 1651 1004 et
1677 952 1812 1008 citra

212 1030 511 1089 Iordanem
530 1045 586 1091 et
599 1035 739 1091 ultra
757 1035 1046 1095 Iordanem
1059 1037 1173 1108 jam
1199 1047 1373 1096 terras
1385 1039 1643 1097 Israelitae
1664 1042 1811 1098 obti-

215 1136 473 1193 nuerant,
494 1137 619 1186 ante
647 1145 870 1201 regnum
895 1131 1220 1190 Salomonis.
1245 1132 1392 1202 Ergo
1412 1149 1444 1188 a
1462 1132 1684 1191 ﬂumine
1705 1135 1813 1191 Eu-

213 1216 413 1285 phrate
425 1233 490 1274 ex
503 1219 748 1289 partibus
758 1223 1007 1289 orientis,
1019 1239 1190 1294 usque
1206 1224 1275 1280 ad
1287 1224 1423 1280 fines
1434 1224 1673 1297 Egypti,
1691 1242 1812 1297 quae

213 1322 350 1377 pars
370 1309 476 1365 illis
505 1318 624 1366 erat
645 1313 713 1367 ab
738 1314 1015 1370 occidente
1033 1357 1048 1383 ,
1075 1332 1301 1388 regnum
1330 1317 1636 1375 Salomonis
1657 1319 1809 1376 Scri-

213 1408 379 1470 ptura
388 1399 696 1472 Regnorum
713 1404 850 1460 dixit
861 1405 1030 1462 fuisse
1039 1417 1368 1476 porrectum.
1387 1411 1539 1466 Tunc
1551 1425 1680 1482 ergo
1695 1428 1810 1468 am-

215 1488 358 1558 plius
382 1490 722 1564 subiugatum
748 1505 851 1561 est,
881 1513 1042 1565 quam
1075 1509 1280 1570 septem
1301 1500 1416 1557 illa:
1445 1510 1634 1572 gentes
1655 1510 1809 1560 tene-

215 1580 379 1648 bant;
401 1598 467 1640 ac
486 1600 584 1654 per
605 1586 708 1642 hoc
723 1594 851 1644 tunc
873 1589 928 1642 in
947 1591 1262 1646 servitutem
1279 1594 1512 1649 redactae
1532 1605 1678 1659 sunt,
1701 1610 1808 1650 non

214 1680 448 1743 septem,
479 1676 573 1730 sed
601 1677 852 1734 undecim
877 1690 1084 1749 gentes.
1115 1681 1266 1749 Quod
1292 1686 1437 1740 enim
1486 1687 1538 1739 in
1584 1685 1804 1755 Regno-

213 1777 338 1818 rum
366 1763 517 1820 libris
544 1767 806 1839 scriptum
833 1779 950 1837 est,
989 1791 1008 1823 ι
1046 1788 1220 1844 usque
1241 1776 1311 1831 ad
1339 1775 1479 1832 lines
1500 1777 1742 1848 Egypti,
1780 1799 1798 1832 ι

1915 589 2098 648 minus
2140 591 2305 650 Israel
2337 611 2552 653 omnem
2590 607 2794 656 terram
2838 619 3002 673 quam
3045 603 3332 674 iuraverat
3371 612 3506 672 dare

1908 688 2158 756 patribus
2201 704 2421 758 eorum,
2463 713 2481 745 ι
2515 697 2812 752 secundum
2851 698 2958 755 hoc
2987 700 3344 774 intelligatur,
3373 707 3503 778 quia

1903 779 2014 858 .etsi
2054 781 2228 838 adhuc
2279 793 2438 840 erant
2480 798 2549 840 ex
2599 786 2706 844 illis
2757 790 3010 861 gentibus
3046 793 3290 864 reliquiae
3317 807 3507 856 eonte-

1913 872 2096 928 rendae
2126 881 2183 929 et
2198 875 2645 944 exterminandas,
2667 879 2753 935 vel
2775 895 2842 936 ex
2867 881 2990 939 aliis
3010 899 3186 956 usque
3209 889 3278 943 ad
3298 887 3523 948 ﬂumen

1911 961 2264 1034 Euphratem,
2295 975 2392 1022 aut
2413 968 2763 1040 subjuganda:
2792 973 2841 1028 si
2870 989 2981 1030 non
3019 977 3376 1047 resisterent,
3408 992 3524 1040 aut

1911 1054 2202 1124 perdendae
2239 1057 2287 1114 si
2316 1059 2664 1127 resisterent,
2692 1069 2876 1119 tamen
2910 1064 2967 1119 in
2991 1082 3152 1123 usum
3192 1084 3380 1127 comm
3415 1087 3509 1130 re-

1911 1145 2056 1202 lictae
2108 1156 2234 1204 sunt
2282 1149 2338 1205 in
2386 1151 2584 1222 quibus
2622 1165 3044 1225 exercerentur;
3085 1176 3155 1216 ne
3192 1163 3508 1222 carnalibus

1912 1237 2194 1295 affectibus
2223 1248 2278 1296 et
2303 1243 2693 1313 cupiditatibus
2728 1245 2962 1315 inﬁrmi,
3002 1253 3342 1322 repentinam
3382 1263 3506 1312 tan-

1911 1345 2072 1401 quam
2123 1348 2310 1390 rerum
2354 1335 2736 1406 temporalium
2785 1343 3206 1412 prosperitatem
3257 1349 3530 1407 modeste-

1911 1437 1977 1478 ac
2003 1424 2298 1482 salubriter
2324 1429 2597 1486 sustinere
2625 1448 2734 1490 non
2763 1443 3016 1505 possent,
3045 1438 3140 1493 sed
3169 1438 3298 1495 elati
3340 1444 3504 1500 citius

1910 1513 2216 1582 interirent,
2244 1521 2387 1589 quod
2413 1532 2721 1593 opportune
2741 1526 2848 1582 alio
2875 1527 2994 1583 loco
3016 1528 3499 1592 demonstrabitur.

1911 1604 2100 1663 Omnis
2124 1623 2254 1681 ergo
2276 1611 2386 1667 illis
2412 1621 2557 1668 terra
2588 1614 2712 1670 data
2738 1625 2842 1684 est,
2871 1619 2997 1689 quia
3025 1628 3082 1676 et
3109 1619 3198 1676 illa
3225 1637 3354 1693 pars
3381 1640 3503 1696 qua:

1911 1701 2149 1758 nondum
2184 1703 2313 1759 data
2343 1704 2522 1761 fuerat
2553 1709 2607 1763 in
2632 1712 3056 1779 possessionem,
3076 1715 3192 1785 jam
3225 1715 3350 1772 data
3383 1718 3501 1775 fue-

1911 1799 1996 1846 rat
2033 1793 2088 1848 in
2119 1795 2409 1864 quamdam
2433 1799 2843 1858 exercitationis
2864 1803 3174 1860 utilitatem.
3196 1806 3352 1874 Quod
3379 1809 3457 1864 ait
3485 1827 3500 1866 ;

2137 1849 2153 1864 _
2442 1849 2843 1858 --_-_---_--v..--
2870 1849 3174 1860 _-......-c....
3200 1849 3352 1874 κανι.
3485 1852 3498 1866 .

217 1867 240 1902 ⁸
277 1865 310 1906 ³
338 1849 580 1920 ﬂumine,
618 1874 636 1907 ³
673 1871 796 1912 cum
837 1857 1118 1930 scriptura
1156 1863 1226 1918 ab
1264 1864 1478 1920 οΐίεηιθ
1522 1881 1694 1936 usque
1735 1868 1805 1923 ad
1831 1852 2025 1940 BNon
2055 1885 2264 1941 resistit
2292 1889 2580 1959 quisquam
2609 1901 2738 1949 ante
2758 1893 2954 1950 faciem
2987 1896 3203 1952 illorum
3229 1899 3297 1954 ab
3322 1901 3498 1957 omni-
3529 1913 3532 1916 '

211 1943 556 2001 occidentem
583 1957 846 2017 quantum
871 1961 1180 2022 porrectum
1215 1965 1362 2013 esset
1408 1972 1666 2028 regnum,
1692 1961 1805 2016 vel-

209 2029 290 2086 let
322 2035 635 2102 ostendere;
667 2038 772 2094 hoc
799 2040 942 2097 idem
971 2042 1027 2098 in
1056 2043 1249 2102 Genesi
1279 2062 1405 2102 cum
1433 2049 1502 2104 ab
1523 2050 1802 2108 occidente

210 2139 388 2194 usque
411 2127 478 2182 ad
501 2127 768 2185 orientem
791 2131 1174 2202 praefiniretur,
1201 2137 1404 2193 dictum
1423 2146 1544 2195 est:
1582 2157 1603 2190 ι
1635 2139 1681 2194 Α
1709 2140 1804 2197 ﬂu-

207 2213 362 2270 mine
385 2215 608 2289 Egypti
637 2236 811 2291 usque
842 2223 909 2278 ad
944 2222 1165 2281 fluvium
1197 2243 1452 2296 magnum
1488 2229 1800 2301 Euphraten

212 2301 369 2376 (Gen.
417 2307 530 2378 xv).
579 2329 599 2363 υ
635 2309 859 2366 Flumen
906 2314 1104 2384 quippe
1146 2315 1401 2388 Egypti,
1432 2319 1526 2389 qui
1554 2320 1680 2377 finis
1717 2331 1801 2379 est

209 2393 600 2454 disterminans
626 2415 854 2472 regnum
882 2402 1051 2460 Israel
1079 2407 1147 2462 ab
1179 2406 1437 2480 Egypto,
1459 2426 1571 2467 non
1598 2420 1682 2468 est
1713 2411 1795 2468 Ni-

209 2481 316 2549 lus,
348 2486 443 2541 sed
469 2487 608 2544 alius
635 2497 721 2544 est
746 2504 854 2546 non
887 2508 1118 2565 magnus
1142 2494 1367 2565 ﬂuvius,
1411 2500 1505 2570 qui
1546 2499 1666 2556 ﬂuit
1701 2517 1800 2574 per

210 2582 645 2640 Bhinocoruram
669 2586 970 2655 civitatem,
993 2593 1139 2647 unde
1160 2591 1272 2662 iam
1294 2595 1363 2650 ad
1384 2595 1653 2654 orientem
1674 2613 1799 2653 ver-

208 2686 305 2727 sus
339 2672 528 2743 incipit
557 2681 705 2731 terra
737 2678 1138 2748 promissionis.
1176 2682 1269 2739 Sic
1297 2699 1428 2756 ergo
1464 2684 1642 2744 fuerat
1668 2702 1797 2745 con-

207 2763 459 2820 stitutum
501 2764 630 2822 filiis
675 2766 874 2836 Israel,
925 2777 988 2825 ut
1035 2781 1246 2844 septem
1293 2777 1536 2847 gentium
1584 2786 1793 2848 terras,

204 2853 584 2910 exterminatis
613 2865 669 2912 et
687 2858 914 2929 perditis
943 2860 1049 2917 illis
1083 2865 1356 2934 gentibus,
1383 2867 1490 2938 ipsi
1516 2867 1793 2926 inhabita-

205 2953 358 3012 rent;
391 2945 513 3002 aliis
543 2956 724 3006 autem
760 2962 1053 3024 regnarent
1081 2956 1310 3013 subditis
1355 2967 1519 3030 atque
1561 2962 1795 3018 tributa-

202 3035 327 3102 riis,
348 3052 520 3108 usque
545 3040 612 3095 ad
639 3039 842 3098 ﬂumen
859 3042 1217 3115 Euphratem.
1244 3048 1314 3104 Et
1335 3053 1586 3120 quamvis
1604 3054 1660 3109 in
1689 3055 1794 3114 hoc

203 3125 320 3182 Deo
347 3143 453 3184 non
477 3130 961 3203 obtemperassent,
983 3139 1112 3208 quia
1139 3147 1196 3195 et
1220 3156 1289 3197 ex
1317 3142 1423 3199 illis
1446 3159 1582 3214 quas
1602 3157 1788 3204 exter-

202 3218 418 3276 minare
448 3221 727 3291 deberent,
754 3225 1069 3286 obedientes
1095 3231 1308 3303 aliquos
1344 3234 1615 3305 fecerant,
1649 3240 1794 3298 Deus
1819 3224 1866 3289 Ο

204 3317 386 3366 tamen
418 3314 753 3384 temporibus
779 3315 1088 3377 Salomonis
1120 3322 1286 3381 fidem
1323 3341 1434 3384 suae
1470 3331 1792 3400 promissio-

199 3398 292 3456 nis
333 3401 594 3472 implevit.
636 3404 791 3464 Nunc
826 3409 1010 3481 itaque
1037 3414 1093 3469 in
1124 3413 1265 3473 libro
1300 3415 1429 3475 Iesu
1457 3398 1608 3477 Nave
1646 3426 1792 3496 quod

195 3493 553 3550 considerare
582 3499 938 3568 suscepimus,
972 3507 1246 3574 quomodo
1271 3511 1376 3566 erit
1401 3527 1593 3569 verum
1619 3535 1630 3570 :
1663 3493 1686 3568 ἱ
1721 3518 1792 3574 Et

194 3583 354 3642 dedit
366 3586 512 3644 Deus
528 3587 696 3646 Israel
713 3605 934 3650 omnem
954 3601 1156 3652 terram
1176 3614 1338 3670 quam
1352 3603 1634 3672 juraverat
1659 3608 1792 3666 dare

193 3675 450 3748 patribus
473 3691 686 3746 eorum,
705 3687 763 3736 et
782 3680 1246 3743 haereditaverunt
1270 3691 1428 3746 eam?
1457 3711 1476 3746 ι
1505 3692 1792 3761 Quomodo

190 3765 380 3822 adhuc
399 3767 617 3824 vivente
640 3769 769 3827 Iesu
796 3787 1014 3830 omnem
1043 3782 1247 3834 terram
1274 3779 1439 3848 dedit,
1470 3796 1592 3839 cum
1623 3785 1790 3843 etiam

190 3855 718 3948 reliquiarsgillarum
752 3872 956 3935 septem
1000 3867 1241 3938 gentium
1281 3872 1524 3929 nondum
1567 3890 1794 3948 superas

187 3946 443 4003 vissent?
469 3945 606 4004 Nam
655 3953 800 4020 quod
842 3955 1127 4024 sequitur:
1163 3977 1184 4011 ι
1214 3959 1285 4016 Et
1329 3945 1792 4025 haereditaverunt

185 4050 346 4103 eam,
380 4057 399 4088 ι
429 4051 617 4094 verum
650 4050 770 4109 est;
802 4045 932 4114 quia
972 4045 1047 4102 ibi
1086 4060 1264 4118 erant,
1305 4053 1492 4125 ibique
1531 4061 1790 4116 consede-

185 4133 348 4184 runt.
374 4127 581 4188 Deinde
607 4135 755 4203 quod
780 4135 1025 4209 adiungit
1051 4158 1066 4195 :
1097 4159 1117 4195 ι
1140 4141 1210 4198 Et
1237 4146 1485 4217 requiem
1513 4148 1662 4208 dedit
1683 4152 1790 4210 Do-
1842 4205 1852 4218 .

185 4219 380 4276 minus
407 4219 514 4278 illis
543 4222 602 4280 in
628 4223 860 4284 circuitu
883 4268 898 4295 ,
926 4229 1069 4289 sicut
1097 4230 1376 4301 iuraverat
1400 4237 1666 4300 Dominus
1693 4259 1790 4316 pa-

184 4309 373 4368 tribus
399 4327 612 4382 eorum,
646 4335 670 4370 ι
698 4331 889 4374 verum
931 4330 1043 4391 est;
1089 4325 1217 4394 quia
1261 4327 1386 4385 vivo
1431 4331 1612 4389 adhuc
1658 4309 1786 4392 Iesu

183 4414 306 4500 non
332 4401 656 4500 eisquidem
683 4409 951 4469 cedebant
990 4414 1235 4486 reliquiae
1277 4418 1495 4486 illarum
1519 4426 1786 4500 gentium,

183 4490 292 4545 sed
316 4491 458 4548 nulla
483 4507 673 4552 earum
699 4513 794 4556 eos
827 4501 882 4557 in
914 4505 1077 4561 terris
1114 4507 1210 4564 ubi
1251 4490 1612 4570 consederant
1635 4490 1779 4574 bello

183 4580 468 4670 lacescere
497 4585 750 4641 audebat.
797 4588 923 4646 Ideo
951 4592 1157 4650 dictum
1194 4605 1282 4653 est
1317 4607 1374 4655 et
1401 4600 1546 4670 quod
1584 4573 1779 4664 deinde
1803 4573 1860 4637 Β

181 4669 505 4744 adiungitur
531 4687 548 4728 :
578 4673 699 4730 Non
725 4678 929 4734 restitit
955 4682 1245 4752 quisquam
1280 4697 1410 4744 ante
1424 4669 1626 4748 faciem
1657 4696 1777 4753 illo-

180 4780 314 4824 rum
353 4767 422 4822 ab
457 4769 712 4826 omnibus
754 4770 991 4830 inimicis
1017 4791 1230 4835 eorum.
1251 4780 1408 4849 Quod
1437 4801 1568 4842 vero
1596 4793 1774 4860 sequi-

178 4864 277 4910 tur
303 4870 318 4908 :
351 4872 372 4907 ι
405 4853 514 4912 Sed
540 4871 729 4916 omnes
759 4860 1010 4922 inimicos
1035 4881 1226 4926 eorum
1255 4874 1481 4932 tradidit
1515 4853 1778 4940 Dominus

178 4943 296 5000 illis
325 4945 384 4999 in
408 4960 602 5005 manus
628 4965 838 5018 eorum,
874 4975 894 5008 ι
926 4957 1036 5019 hos,
1052 4959 1280 5034 intelligi
1312 4967 1484 5025 voluit
1524 4970 1774 5032 inimicos

175 5126 307 5183 cit:
339 5146 358 5180 ι
395 5128 516 5186 Non
562 5131 764 5194 decidit
811 5151 880 5192 ex
934 5141 1193 5200 erunibus
1239 5148 1420 5204 verbis
1459 5126 1617 5210 bonis
1650 5172 1774 5227 quae

175 5217 395 5276 locutus
415 5229 502 5276 est
512 5221 773 5282 Dominus
785 5227 915 5284 filiis
931 5228 1121 5299 Israel,
1141 5237 1323 5292 omnia
1344 5217 1711 5314 advenerunt;
1743 5268 1764 5301 ι

175 5307 262 5365 ita
285 5309 401 5406 vult
421 5311 666 5406 intelligi,
689 5317 818 5386 quia
839 5333 965 5376 cum
977 5321 1096 5391 jam
1121 5324 1200 5380 illi
1227 5338 1415 5386 contra
1436 5307 1770 5406 praeceptum

175 5399 400 5498 Domini
418 5399 690 5474 fecissent,
705 5409 1028 5479 quibusdam
1048 5420 1320 5486 parcendo
1334 5436 1401 5478 ex
1423 5399 1528 5481 illis
1557 5399 1766 5498 septem

176 5493 458 5565 gentibus,
485 5505 542 5553 et
566 5513 662 5557 eos
688 5504 1005 5566 obedientes
1041 5509 1290 5571 faciendo
1311 5558 1329 5584 ,
1372 5521 1550 5577 adhuc
1585 5493 1768 5582 tamen

179 5585 330 5639 inter
357 5599 451 5642 eos
479 5588 616 5645 salvi
641 5603 814 5651 erant.
839 5596 965 5656 Ideo
989 5617 1113 5657 cum
1140 5605 1366 5664 dixisset
1397 5629 1409 5665 :
1439 5630 1458 5663 ‹
1487 5613 1565 5668 Ex
1587 5618 1765 5673 omni-

178 5679 288 5734 bus
316 5681 516 5748 verbis,
546 5702 564 5735 ›
597 5686 748 5741 addit
779 5707 799 5738 ι
832 5691 1008 5761 bonis,
1049 5715 1067 5749 ι
1102 5699 1231 5769 quia
1261 5705 1500 5760 nondum
1529 5709 1765 5769 advene-

180 5778 312 5826 rant
357 5772 643 5831 tnaledicta
677 5784 1140 5851 contemptoribus
1175 5800 1232 5847 et
1275 5801 1764 5869 transgressoribus
1866 5772 2110 5881 naribus,

584 5874 863 5939 PATROL.
903 5877 1116 5942 CVIII.

1907 1977 2010 2034 bus
2034 1979 2274 2036 inimicis
2301 1996 2488 2039 eorum
2509 2025 2525 2052 ,
2563 1988 2735 2057 quaeri
2765 1997 2946 2059 potest
2997 1995 3271 2062 quomodo
3311 1997 3500 2053 verum

1905 2069 1996 2136 sit,
2023 2087 2148 2127 cum
2174 2072 2241 2129 de
2267 2075 2411 2130 tribu
2433 2076 2551 2132 Dan
2573 2079 2824 2150 superius
2851 2082 3116 2154 scriptum
3143 2083 3216 2141 sit
3236 2090 3379 2157 quod
3406 2081 3526 2144 eos

1903 2161 2092 2218 hostes
2119 2178 2308 2220 eorum
2329 2182 2439 2222 non
2466 2157 2820 2238 permiserint
2852 2173 3181 2232 descendere
3205 2177 3257 2231 in
3280 2177 3498 2239 vallem.
3523 2173 3526 2176 ’

1902 2260 1960 2306 et
1984 2255 2373 2322 prawaluerint
2402 2259 2482 2315 eis
2513 2261 2566 2316 in
2597 2264 2897 2321 montibus.
2931 2265 3040 2324 Sed
3078 2269 3223 2339 quod
3262 2267 3526 2328 diximus

1903 2357 2029 2398 cum
2053 2344 2342 2403 duodecim
2365 2348 2502 2405 ﬁlios
2527 2347 2695 2409 Jacob
2721 2354 3003 2427 Scriptura
3034 2359 3087 2414 in
3113 2359 3498 2432 Mesopotamia

1903 2443 2058 2491 natos
2091 2451 2608 2509 commemoraSSct,
2638 2444 2730 2500 ubi
2761 2460 2869 2502 non
2911 2448 3090 2505 fuerat
3117 2460 3279 2508 natus
3302 2453 3498 2523 Benja-

1901 2526 2014 2580 min
2036 2543 2050 2593 ;
2087 2529 2192 2584 hoc
2217 2531 2381 2586 etiam
2406 2532 2495 2588 hic
2526 2533 2934 2607 intelligendum
2959 2548 3065 2607 est,
3097 2540 3224 2613 quia
3245 2557 3348 2613 pro
3369 2539 3500 2600 uni?

1901 2631 2063 2673 verso
2111 2621 2311 2691 populo
2362 2624 2617 2681 undecim
2673 2628 2853 2685 tribus
2902 2631 3175 2702 deputata:
3226 2645 3385 2702 sunt,
3434 2655 3496 2694 ea

1903 2707 2092 2778 regula
2120 2724 2242 2778 quae
2268 2710 2391 2767 aliis
2433 2713 2840 2784 Scripturarum
2881 2717 3018 2775 locis
3059 2722 3217 2778 nobis
3247 2725 3382 2780 satis
3418 2727 3500 2782 in-

1901 2798 2098 2853 notuit.
2141 2797 2317 2855 Causa
2347 2810 2528 2859 autem
2560 2803 2605 2859 si
2638 2807 2902 2876 quaeritur
2932 2823 3032 2865 cur
3070 2811 3187 2867 haec
3233 2814 3408 2871 tribus
3444 2816 3499 2872 in

1901 2903 1964 2944 ea
1995 2899 2142 2946 sorte
2174 2907 2295 2963 qua:
2332 2893 2409 2950 illi
2445 2897 2666 2953 obvenit
2698 2915 2806 2955 non
2833 2899 3133 2959 obtinuerit
3165 2903 3498 2964 sufficientes

1900 2991 2098 3048 terras,
2131 2992 2186 3039 et
2210 2985 2279 3041 ab
2300 2985 2382 3042 eis
2410 3001 2441 3041 a
2478 2987 2678 3058 quibus
2710 2991 3040 3048 tenebantur
3082 2994 3278 3053 afﬂicta
3304 2999 3404 3063 sit,
3435 2999 3490 3054 in

1900 3071 1997 3128 Dei
2041 3074 2260 3144 quidem
2309 3085 2524 3134 secreto
2563 3079 2792 3135 consilio
2836 3095 2959 3138 csse
3009 3086 3341 3143 credendum
3389 3099 3494 3144 est.

1898 3169 2285 3225 Verumtamen
2312 3187 2436 3227 cum
2457 3172 2625 3229 Iacob
2649 3173 2790 3230 filios
2812 3191 2942 3233 suos
2968 3177 3338 3247 benediceret,
3365 3183 3497 3239 talia

1900 3261 2038 3318 dixit
2067 3263 2132 3319 de
2164 3263 2272 3320 isto
2307 3265 2447 3332 Dan,
2478 3276 2540 3323 ut
2581 3268 2646 3325 de
2693 3269 2810 3335 ipsa
2841 3270 2984 3327 tribu
3016 3274 3362 3332 existimetur
3403 3292 3498 3334 ex-

1891 3361 2239 3411 surrecturus
2285 3355 2659 3415 Autichristus
2702 3357 2857 3432 (Gen.
2909 3363 3095 3436 xux).
3148 3364 3300 3424 Unde
3347 3384 3495 3428 nunc

1888 3443 2046 3514 plura
2084 3443 2269 3501 dicere
2317 3461 2426 3502 non
2478 3449 2839 3520 suscipimus,
2891 3467 3016 3510 cum
3047 3457 3212 3512 etiam
3247 3459 3327 3515 sic
3356 3461 3495 3519 solvi

1888 3533 2064 3603 possit
2098 3533 2217 3588 haec
2253 3536 2502 3603 quaestio,
2537 3539 2666 3608 quia
2687 3554 2796 3595 non
2824 3543 3027 3598 restitit
3051 3545 3337 3617 quisquam
3360 3557 3488 3606 ante

1891 3623 2090 3680 faciem
2143 3625 2357 3681 illorum
2393 3628 2462 3682 ab
2505 3629 2758 3687 omnibus
2804 3631 3042 3690 inimicis
3088 3650 3315 3704 eorum,
3365 3655 3489 3696 cum

1891 3715 2052 3771 simul
2078 3717 2181 3771 sub
2205 3715 2368 3772 unius
2397 3717 2552 3775 ducis
2577 3718 2813 3793 imperio
2840 3720 3046 3779 bellum
3079 3737 3354 3797 gererent,
3383 3745 3480 3784 an-

1889 3812 2111 3876 tequam
2145 3804 2371 3877 singulis
2398 3805 2645 3867 tribubus
2675 3825 2773 3867 sua
2802 3809 3139 3873 defendenda
3171 3815 3484 3876 divideren-

1891 3900 1984 3949 tur
2008 3892 2148 3950 loca.

2479 3989 2714 4052 CAPUT
2749 3993 2883 4054 XIV.

1889 4096 1980 4179 De
2001 4115 2061 4155 eo
2089 4103 2229 4179 quod
2257 4098 2545 4179 Rubenitas
2571 4119 2622 4179 et
2652 4105 2912 4179 Qadditas
2931 4149 2946 4179 ,
2975 4121 3025 4168 et
3066 4114 3342 4174 dimidiam
3376 4121 3476 4176 tri-

1961 4169 2374 4230 bum'Manasse
2417 4177 2617 4233 dimisit
2664 4177 2830 4236 Iosue
2872 4169 2945 4237 in,
2973 4169 3483 4255 paschalium.

1961 4256 2083 4296 cum
2107 4258 2255 4313 pace.

1944 4349 2118 4423 (Car.
2147 4355 2311 4429 χχιι.)
2351 4374 2369 4410 ‹
2406 4357 2611 4415 Eodem
2647 4367 2893 4434 tempore
2921 4368 3137 4423 vocavit
3174 4367 3339 4426 Iosue
3369 4371 3496 4456 lin:

1897 4461 1918 4495 ι
1961 4443 2192 4514 benitas,
2225 4456 2280 4504 et
2304 4449 2588 4522 Gadditas,
2613 4463 2670 4511 et
2687 4456 2965 4513 dimidiam
2989 4460 3188 4516 tribum
3210 4461 3476 4534 Manassc,

1895 4553 1916 4586 ‹
1960 4535 2204 4606 dixitque
2231 4541 2298 4595 ad
2323 4553 2454 4597 cos:
2485 4543 2716 4600 Fecistis
2738 4547 2918 4601 omnia
2949 4563 3068 4618 quae
3095 4551 3248 4608 vobis
3273 4568 3477 4624 praece-

1891 4642 1910 4676 ‹
1954 4625 2036 4695 pit
2061 4626 2272 4699 Moyses
2300 4630 2533 4687 famulus
2565 4633 2780 4691 Domini
2811 4653 2826 4690 :
2861 4638 2992 4692 mihi
3028 4656 3242 4713 quoque
3265 4644 3319 4700 in
3348 4662 3475 4702 om—

1889 4733 1909 4768 ‹
1955 4717 2118 4773 nibus
2164 4716 2458 4786 obedistis,
2491 4737 2610 4790 nec
2667 4726 2965 4797 reliquistis
3014 4731 3214 4790 fratres
3261 4746 3474 4796 vestros

1886 4822 1906 4856 ι
1950 4805 2114 4876 longo
2138 4815 2386 4879 tempore
2422 4828 2596 4882 usque
2635 4814 2689 4869 in
2728 4827 3054 4888 praesentem
3083 4822 3257 4892 diem,
3288 4831 3482 4885 custo-'

1883 4912 1903 4946 ι
1943 4896 2162 4953 dientes
2195 4899 2484 4970 imperium
2520 4904 2736 4960 Domini
2762 4907 2857 4963 Dei
2895 4912 3083 4967 vestri.
3119 4912 3255 4982 Quia
3297 4917 3462 4989 igitur

1884 5004 1903 5037 ‹
1947 4987 2100 5043 dedit
2126 4988 2390 5048 Dominus
2415 4995 2558 5051 Deus
2585 5003 2769 5053 vester
2795 4997 3056 5059 fratribus
3082 5006 3278 5062 vestris
3307 4987 3462 5078 quic-

1881 5097 1901 5130 ι
1947 5087 2057 5135 tem
2085 5090 2142 5137 et
2165 5097 2356 5152 pacem
2392 5085 2534 5142 sicut
2556 5087 2831 5159 pollicitus
2859 5101 2973 5162 est,
3010 5097 3378 5164 revertimini,
3409 5111 3466 5157 et

1878 5185 1898 5220 ‹
1941 5169 2017 5225 ite
2051 5171 2108 5225 in
2137 5173 2491 5231 tabernacula
2517 5185 2726 5246 vestra,
2756 5188 2814 5235 et
2837 5180 2892 5237 in
2924 5191 3126 5240 terram
3164 5190 3464 5256 possessio-

1877 5280 1897 5314 ‹
1935 5262 2024 5316 nis
2051 5278 2212 5332 quam
2242 5267 2466 5323 tradidit
2489 5269 2644 5327 vobis
2680 5271 2891 5346 Moyses
2931 5275 3164 5333 famulus
3208 5278 3458 5350 Domini,

1877 5370 1897 5404 α
1941 5359 2094 5408 trans
2118 5352 2434 5424 Iordanem,
2467 5369 2573 5416 etc.
2605 5381 2624 5416 ι
2659 5362 2770 5435 (Ea:
2787 5364 3149 5440 Adamantio.)
3179 5367 3307 5425 Post
3337 5372 3459 5427 haec

1873 5442 2030 5500 Iesus
2057 5457 2322 5504 convocat
2358 5449 2498 5508 ﬁlios
2542 5452 2732 5511 Ruben
2751 5498 2766 5523 ,
2799 5463 2852 5511 et
2877 5456 3015 5513 filios
3045 5458 3192 5528 Gad,
3219 5471 3274 5517 et
3299 5463 3457 5517 dimi-

1877 5535 2022 5592 diam
2058 5538 2259 5595 tribum
2310 5540 2588 5613 Manasse,
2620 5547 2712 5616 qui
2760 5563 2944 5604 secum
2988 5549 3350 5608 militaverant
3386 5555 3454 5609 ad

1871 5626 2058 5685 hostes
2085 5630 2412 5690 lsraeliticos
2438 5641 2794 5707 superandos,
2822 5648 2876 5692 et
2910 5639 3138 5698 dimittit
3160 5659 3255 5700 eos
3283 5645 3362 5700 ire
3390 5647 3444 5702 in

1870 5716 2236 5777 bareditatem
2265 5739 2440 5792 suam,
2465 5725 2605 5783 datis
2646 5728 2731 5784 his
2770 5731 2933 5785 etiam
2979 5735 3299 5803 quibusdam
3327 5755 3449 5796 mu-

2140 5814 2280 5871 sicut
2311 5816 2570 5889 scriptum
2597 5827 2697 5878 est.
2727 5820 2784 5877 In
2815 5838 2920 5893 quo
2950 5827 3166 5886 videtur
3194 5830 3328 5890 illud
3357 5832 3446 5890 in-

2898 5920 2972 5984 35
