  <div class='ocr_page' id='page_1' title='image "/cluster/home/n/w/nwhite01/storage/ocr_20150623/108/hvd.32044015466840/558.png"; bbox 0 0 3986 6348; ppageno 0'>
   <div class='ocr_carea' id='block_1_1' title="bbox 304 340 435 403">
    <p class='ocr_par' dir='ltr' id='par_1_1' title="bbox 304 340 435 403">
     <span class='ocr_line' id='line_1_1' title="bbox 304 340 435 403; baseline 0 0"><span class='ocrx_word' id='word_1_1' title='bbox 304 340 435 403; x_wconf 68' lang='lat' dir='ltr'><strong>HO!</strong></span> 
     </span>
    </p>
   </div>
   <div class='ocr_carea' id='block_1_2' title="bbox 1212 332 2639 403">
    <p class='ocr_par' dir='ltr' id='par_1_2' title="bbox 1212 332 2639 403">
     <span class='ocr_line' id='line_1_2' title="bbox 1212 332 2639 403; baseline 0.005 -8"><span class='ocrx_word' id='word_1_2' title='bbox 1212 332 1565 396; x_wconf 66' lang='lat' dir='ltr'><strong>MT.</strong></span> <span class='ocrx_word' id='word_1_3' title='bbox 1606 336 1675 394; x_wconf 79' lang='lat' dir='ltr'><strong>IN</strong></span> <span class='ocrx_word' id='word_1_4' title='bbox 1709 337 2355 401; x_wconf 57' lang='grc' dir='ltr'><strong>ιιιιιωιωωιμ-</strong></span> <span class='ocrx_word' id='word_1_5' title='bbox 2386 345 2523 403; x_wconf 70' lang='lat' dir='ltr'><strong>LIB.</strong></span> <span class='ocrx_word' id='word_1_6' title='bbox 2553 346 2639 403; x_wconf 86' lang='grc' dir='ltr'><strong>ηι.</strong></span> 
     </span>
    </p>
   </div>
   <div class='ocr_carea' id='block_1_3' title="bbox 3424 355 3567 413">
    <p class='ocr_par' dir='ltr' id='par_1_3' title="bbox 3424 355 3567 413">
     <span class='ocr_line' id='line_1_3' title="bbox 3424 355 3567 413; baseline 0.014 -2"><span class='ocrx_word' id='word_1_7' title='bbox 3424 355 3567 413; x_wconf 65' lang='grc' dir='ltr'><strong>ὶίθΞ</strong></span> 
     </span>
    </p>
   </div>
   <div class='ocr_carea' id='block_1_4' title="bbox 299 450 3565 540">
    <p class='ocr_par' dir='ltr' id='par_1_4' title="bbox 299 450 3565 540">
     <span class='ocr_line' id='line_1_4' title="bbox 299 450 3565 540; baseline 0.002 -25"><span class='ocrx_word' id='word_1_8' title='bbox 299 462 643 533; x_wconf 61' lang='lat' dir='ltr'><strong>pereuntum</strong></span> <span class='ocrx_word' id='word_1_9' title='bbox 665 453 753 512; x_wconf 73' lang='lat' dir='ltr'><strong>vel</strong></span> <span class='ocrx_word' id='word_1_10' title='bbox 784 450 1269 521; x_wconf 68' lang='lat' dir='ltr'><strong>excurrunt&#39;bujus</strong></span> <span class='ocrx_word' id='word_1_11' title='bbox 1286 452 1419 507; x_wconf 67' lang='lat' dir='ltr'><strong>vitae</strong></span> <span class='ocrx_word' id='word_1_12' title='bbox 1438 452 1585 508; x_wconf 83' lang='lat' dir='ltr'><strong>viam</strong></span> <span class='ocrx_word' id='word_1_13' title='bbox 1605 490 1621 517; x_wconf 92' lang='lat'><strong>,</strong></span> <span class='ocrx_word' id='word_1_14' title='bbox 1647 466 1768 508; x_wconf 64' lang='lat' dir='ltr'><strong>enim</strong></span> <span class='ocrx_word' id='word_1_15' title='bbox 1806 452 1879 511; x_wconf 81' lang='lat' dir='ltr'><strong>ad</strong></span> <span class='ocrx_word' id='word_1_16' title='bbox 1900 455 1951 518; x_wconf 81' lang='grc' dir='ltr'>Α</span> <span class='ocrx_word' id='word_1_17' title='bbox 1983 470 2009 503; x_wconf 76' lang='grc' dir='ltr'>ι</span> <span class='ocrx_word' id='word_1_18' title='bbox 2046 456 2226 523; x_wconf 80' lang='lat' dir='ltr'><strong>pulos,</strong></span> <span class='ocrx_word' id='word_1_19' title='bbox 2246 465 2305 515; x_wconf 85' lang='lat' dir='ltr'><strong>et</strong></span> <span class='ocrx_word' id='word_1_20' title='bbox 2324 458 2408 514; x_wconf 82' lang='lat' dir='ltr'><strong>ait</strong></span> <span class='ocrx_word' id='word_1_21' title='bbox 2429 461 2499 515; x_wconf 89' lang='lat' dir='ltr'><strong>ad</strong></span> <span class='ocrx_word' id='word_1_22' title='bbox 2517 459 2685 517; x_wconf 85' lang='lat' dir='ltr'><strong>Josue</strong></span> <span class='ocrx_word' id='word_1_23' title='bbox 2702 478 2723 515; x_wconf 39' lang='grc' dir='ltr'><strong>γε</strong></span> <span class='ocrx_word' id='word_1_24' title='bbox 2752 459 2910 516; x_wconf 87' lang='lat' dir='ltr'><strong>Absit</strong></span> <span class='ocrx_word' id='word_1_25' title='bbox 2934 474 2965 516; x_wconf 86' lang='lat' dir='ltr'><strong>a</strong></span> <span class='ocrx_word' id='word_1_26' title='bbox 3000 462 3159 525; x_wconf 83' lang='lat' dir='ltr'><strong>nobis</strong></span> <span class='ocrx_word' id='word_1_27' title='bbox 3200 471 3257 520; x_wconf 82' lang='lat' dir='ltr'><strong>ut</strong></span> <span class='ocrx_word' id='word_1_28' title='bbox 3288 464 3565 540; x_wconf 70' lang='lat' dir='ltr'><strong>rei-inqua-</strong></span> 
     </span>
    </p>
   </div>
   <div class='ocr_carea' id='block_1_5' title="bbox 300 542 1881 625">
    <p class='ocr_par' dir='ltr' id='par_1_5' title="bbox 300 542 1881 625">
     <span class='ocr_line' id='line_1_5' title="bbox 300 542 1881 625; baseline -0.005 -20"><span class='ocrx_word' id='word_1_29' title='bbox 300 551 416 625; x_wconf 63' lang='grc' dir='ltr'><strong>ειυς</strong></span> <span class='ocrx_word' id='word_1_30' title='bbox 444 551 606 606; x_wconf 81' lang='lat' dir='ltr'><strong>tinem</strong></span> <span class='ocrx_word' id='word_1_31' title='bbox 640 548 1010 620; x_wconf 82' lang='lat' dir='ltr'><strong>pervenerint.</strong></span> <span class='ocrx_word' id='word_1_32' title='bbox 1040 544 1149 601; x_wconf 71' lang='lat' dir='ltr'><strong>sed</strong></span> <span class='ocrx_word' id='word_1_33' title='bbox 1174 544 1305 614; x_wconf 75' lang='lat' dir='ltr'><strong>quia</strong></span> <span class='ocrx_word' id='word_1_34' title='bbox 1343 544 1448 599; x_wconf 84' lang='lat' dir='ltr'><strong>hoc</strong></span> <span class='ocrx_word' id='word_1_35' title='bbox 1472 543 1701 599; x_wconf 78' lang='lat' dir='ltr'><strong>verbum</strong></span> <span class='ocrx_word' id='word_1_36' title='bbox 1740 542 1881 612; x_wconf 51' lang='lat' dir='ltr'><strong>post</strong></span> 
     </span>
    </p>
   </div>
   <div class='ocr_carea' id='block_1_6' title="bbox 300 635 1881 711">
    <p class='ocr_par' dir='ltr' id='par_1_6' title="bbox 300 635 1881 711">
     <span class='ocr_line' id='line_1_6' title="bbox 300 635 1881 711; baseline -0.005 -12"><span class='ocrx_word' id='word_1_37' title='bbox 300 646 415 699; x_wconf 74' lang='lat' dir='ltr'><strong>tum</strong></span> <span class='ocrx_word' id='word_1_38' title='bbox 458 649 549 700; x_wconf 84' lang='lat' dir='ltr'><strong>est</strong></span> <span class='ocrx_word' id='word_1_39' title='bbox 584 641 681 698; x_wconf 77' lang='lat' dir='ltr'><strong>ubi</strong></span> <span class='ocrx_word' id='word_1_40' title='bbox 725 647 979 711; x_wconf 74' lang='lat' dir='ltr'><strong>parentes</strong></span> <span class='ocrx_word' id='word_1_41' title='bbox 1012 637 1276 693; x_wconf 52' lang='lat' dir='ltr'><strong>Rebecca,</strong></span> <span class='ocrx_word' id='word_1_42' title='bbox 1306 635 1497 691; x_wconf 82' lang='lat' dir='ltr'><strong>dicunt</strong></span> <span class='ocrx_word' id='word_1_43' title='bbox 1543 636 1614 692; x_wconf 69' lang='lat' dir='ltr'><strong>ad</strong></span> <span class='ocrx_word' id='word_1_44' title='bbox 1662 650 1881 691; x_wconf 78' lang='lat' dir='ltr'><strong>servum</strong></span> 
     </span>
    </p>
   </div>
   <div class='ocr_carea' id='block_1_7' title="bbox 300 726 1883 797">
    <p class='ocr_par' dir='ltr' id='par_1_7' title="bbox 300 726 1883 797">
     <span class='ocr_line' id='line_1_7' title="bbox 300 726 1883 797; baseline -0.003 -10"><span class='ocrx_word' id='word_1_45' title='bbox 300 733 531 789; x_wconf 72' lang='lat' dir='ltr'><strong>Abraha</strong></span> <span class='ocrx_word' id='word_1_46' title='bbox 562 746 581 788; x_wconf 87' lang='lat'><strong>:</strong></span> <span class='ocrx_word' id='word_1_47' title='bbox 627 750 648 784; x_wconf 75' lang='grc' dir='ltr'>ι</span> <span class='ocrx_word' id='word_1_48' title='bbox 683 732 827 787; x_wconf 78' lang='lat' dir='ltr'><strong>Ecce</strong></span> <span class='ocrx_word' id='word_1_49' title='bbox 864 727 1143 793; x_wconf 73' lang='lat' dir='ltr'><strong>Rebecca;</strong></span> <span class='ocrx_word' id='word_1_50' title='bbox 1187 726 1486 797; x_wconf 64' lang='lat' dir='ltr'><strong>accitum,</strong></span> <span class='ocrx_word' id='word_1_51' title='bbox 1514 739 1739 781; x_wconf 72' lang='lat' dir='ltr'><strong>restim</strong></span> <span class='ocrx_word' id='word_1_52' title='bbox 1772 744 1786 780; x_wconf 91' lang='lat'><strong>:</strong></span> <span class='ocrx_word' id='word_1_53' title='bbox 1824 735 1883 782; x_wconf 89' lang='lat' dir='ltr'><strong>et</strong></span> 
     </span>
    </p>
   </div>
   <div class='ocr_carea' id='block_1_8' title="bbox 300 816 1882 881">
    <p class='ocr_par' dir='ltr' id='par_1_8' title="bbox 300 816 1882 881">
     <span class='ocr_line' id='line_1_8' title="bbox 300 816 1882 881; baseline -0.006 0"><span class='ocrx_word' id='word_1_54' title='bbox 300 820 911 881; x_wconf 76' lang='lat' dir='ltr'><strong>situxordotlinitui:</strong></span> <span class='ocrx_word' id='word_1_55' title='bbox 956 818 1208 873; x_wconf 75' lang='lat' dir='ltr'><strong>tideoet</strong></span> <span class='ocrx_word' id='word_1_56' title='bbox 1250 817 1344 873; x_wconf 86' lang='lat' dir='ltr'><strong>hic</strong></span> <span class='ocrx_word' id='word_1_57' title='bbox 1383 816 1461 872; x_wconf 80' lang='lat' dir='ltr'><strong>ita</strong></span> <span class='ocrx_word' id='word_1_58' title='bbox 1509 816 1612 873; x_wconf 75' lang='lat' dir='ltr'><strong>hoc</strong></span> <span class='ocrx_word' id='word_1_59' title='bbox 1652 817 1882 872; x_wconf 65' lang='lat' dir='ltr'><strong>veratrum</strong></span> 
     </span>
    </p>
   </div>
   <div class='ocr_carea' id='block_1_9' title="bbox 301 914 853 983">
    <p class='ocr_par' dir='ltr' id='par_1_9' title="bbox 301 914 853 983">
     <span class='ocr_line' id='line_1_9' title="bbox 301 914 853 983; baseline 0 -15"><span class='ocrx_word' id='word_1_60' title='bbox 301 914 719 983; x_wconf 71' lang='lat' dir='ltr'><strong>interpretamur</strong></span> <span class='ocrx_word' id='word_1_61' title='bbox 742 918 853 968; x_wconf 70' lang='lat' dir='ltr'><strong>est.</strong></span> 
     </span>
    </p>
   </div>
   <div class='ocr_carea' id='block_1_10' title="bbox 370 994 1877 1075">
    <p class='ocr_par' dir='ltr' id='par_1_10' title="bbox 370 994 1877 1075">
     <span class='ocr_line' id='line_1_10' title="bbox 370 994 1877 1075; baseline -0.002 -18"><span class='ocrx_word' id='word_1_62' title='bbox 370 1002 523 1075; x_wconf 67' lang='lat' dir='ltr'><strong>(Car.</strong></span> <span class='ocrx_word' id='word_1_63' title='bbox 552 1000 727 1073; x_wconf 71' lang='lat' dir='ltr'><strong>xxiv.)</strong></span> <span class='ocrx_word' id='word_1_64' title='bbox 767 1018 789 1053; x_wconf 71' lang='grc' dir='ltr'>ι</span> <span class='ocrx_word' id='word_1_65' title='bbox 828 998 959 1055; x_wconf 68' lang='grc' dir='ltr'><strong>κω</strong></span> <span class='ocrx_word' id='word_1_66' title='bbox 992 995 1125 1054; x_wconf 66' lang='lat' dir='ltr'><strong>dcit</strong></span> <span class='ocrx_word' id='word_1_67' title='bbox 1162 996 1424 1061; x_wconf 73' lang='lat' dir='ltr'><strong>Dominus</strong></span> <span class='ocrx_word' id='word_1_68' title='bbox 1470 994 1621 1054; x_wconf 68' lang='lat' dir='ltr'><strong>Deus</strong></span> <span class='ocrx_word' id='word_1_69' title='bbox 1654 996 1819 1053; x_wconf 67' lang='lat' dir='ltr'><strong>lutei</strong></span> <span class='ocrx_word' id='word_1_70' title='bbox 1860 1013 1877 1055; x_wconf 90' lang='lat'><strong>:</strong></span> 
     </span>
    </p>
   </div>
   <div class='ocr_carea' id='block_1_11' title="bbox 305 1087 1879 1159">
    <p class='ocr_par' dir='ltr' id='par_1_11' title="bbox 305 1087 1879 1159">
     <span class='ocr_line' id='line_1_11' title="bbox 305 1087 1879 1159; baseline -0.001 -14"><span class='ocrx_word' id='word_1_71' title='bbox 305 1104 327 1145; x_wconf 68' lang='grc' dir='ltr'><em>ρ</em></span> <span class='ocrx_word' id='word_1_72' title='bbox 370 1091 545 1147; x_wconf 82' lang='lat' dir='ltr'><strong>Trans</strong></span> <span class='ocrx_word' id='word_1_73' title='bbox 563 1090 1193 1149; x_wconf 65' lang='lat' dir='ltr'><strong>W&#39;babitamnt</strong></span> <span class='ocrx_word' id='word_1_74' title='bbox 1210 1087 1675 1159; x_wconf 66' lang='lat' dir='ltr'><strong>patresvutriab</strong></span> <span class='ocrx_word' id='word_1_75' title='bbox 1698 1088 1879 1156; x_wconf 76' lang='lat' dir='ltr'><strong>initio,</strong></span> 
     </span>
    </p>
   </div>
   <div class='ocr_carea' id='block_1_12' title="bbox 302 1181 1881 1254">
    <p class='ocr_par' dir='ltr' id='par_1_12' title="bbox 302 1181 1881 1254">
     <span class='ocr_line' id='line_1_12' title="bbox 302 1181 1881 1254; baseline 0.001 -17"><span class='ocrx_word' id='word_1_76' title='bbox 302 1200 324 1237; x_wconf 74' lang='grc' dir='ltr'>ι</span> <span class='ocrx_word' id='word_1_77' title='bbox 367 1183 550 1240; x_wconf 75' lang='lat' dir='ltr'><strong>There</strong></span> <span class='ocrx_word' id='word_1_78' title='bbox 583 1190 742 1254; x_wconf 80' lang='lat' dir='ltr'><strong>pater</strong></span> <span class='ocrx_word' id='word_1_79' title='bbox 777 1183 1053 1241; x_wconf 69' lang='lat' dir='ltr'><strong>Abraham</strong></span> <span class='ocrx_word' id='word_1_80' title='bbox 1087 1181 1415 1247; x_wconf 60' lang='lat' dir='ltr'><strong>«Nectar;</strong></span> <span class='ocrx_word' id='word_1_81' title='bbox 1454 1181 1881 1252; x_wconf 68' lang='lat' dir='ltr'><strong>ser-viarumque</strong></span> 
     </span>
    </p>
   </div>
   <div class='ocr_carea' id='block_1_13' title="bbox 300 1273 1878 1346">
    <p class='ocr_par' dir='ltr' id='par_1_13' title="bbox 300 1273 1878 1346">
     <span class='ocr_line' id='line_1_13' title="bbox 300 1273 1878 1346; baseline 0.002 -19"><span class='ocrx_word' id='word_1_82' title='bbox 300 1288 329 1327; x_wconf 61' lang='grc' dir='ltr'><strong><em>τ</em></strong></span> <span class='ocrx_word' id='word_1_83' title='bbox 362 1274 706 1331; x_wconf 73' lang='lat' dir='ltr'><strong>dlisalienis.</strong></span> <span class='ocrx_word' id='word_1_84' title='bbox 730 1274 859 1330; x_wconf 72' lang='lat' dir='ltr'><strong>Tuli</strong></span> <span class='ocrx_word' id='word_1_85' title='bbox 900 1286 1037 1346; x_wconf 75' lang='lat' dir='ltr'><strong>ergo</strong></span> <span class='ocrx_word' id='word_1_86' title='bbox 1066 1282 1287 1345; x_wconf 61' lang='lat' dir='ltr'><strong>parum</strong></span> <span class='ocrx_word' id='word_1_87' title='bbox 1319 1282 1565 1333; x_wconf 66' lang='lat' dir='ltr'><strong>milia</strong></span> <span class='ocrx_word' id='word_1_88' title='bbox 1602 1273 1878 1330; x_wconf 75' lang='lat' dir='ltr'><strong>Abraham</strong></span> 
     </span>
    </p>
   </div>
   <div class='ocr_carea' id='block_1_14' title="bbox 301 1365 1880 1439">
    <p class='ocr_par' dir='ltr' id='par_1_14' title="bbox 301 1365 1880 1439">
     <span class='ocr_line' id='line_1_14' title="bbox 301 1365 1880 1439; baseline -0.001 -17"><span class='ocrx_word' id='word_1_89' title='bbox 301 1380 327 1422; x_wconf 80' lang='lat' dir='ltr'><strong>r</strong></span> <span class='ocrx_word' id='word_1_90' title='bbox 362 1370 435 1425; x_wconf 70' lang='lat' dir='ltr'><strong>de</strong></span> <span class='ocrx_word' id='word_1_91' title='bbox 456 1366 861 1439; x_wconf 62' lang='lat' dir='ltr'><strong>thscpdtamim</strong></span> <span class='ocrx_word' id='word_1_92' title='bbox 880 1367 1099 1432; x_wconf 59' lang='lat' dir='ltr'><strong>liuius,</strong></span> <span class='ocrx_word' id='word_1_93' title='bbox 1121 1374 1180 1422; x_wconf 81' lang='lat' dir='ltr'><strong>et</strong></span> <span class='ocrx_word' id='word_1_94' title='bbox 1202 1366 1409 1423; x_wconf 72' lang='lat' dir='ltr'><strong>adduxi</strong></span> <span class='ocrx_word' id='word_1_95' title='bbox 1439 1380 1564 1422; x_wconf 72' lang='lat' dir='ltr'><strong>eum</strong></span> <span class='ocrx_word' id='word_1_96' title='bbox 1586 1365 1647 1421; x_wconf 83' lang='lat' dir='ltr'><strong>in</strong></span> <span class='ocrx_word' id='word_1_97' title='bbox 1672 1372 1880 1422; x_wconf 82' lang='lat' dir='ltr'><strong>ternm</strong></span> 
     </span>
    </p>
   </div>
   <div class='ocr_carea' id='block_1_15' title="bbox 301 1457 1879 1529">
    <p class='ocr_par' dir='ltr' id='par_1_15' title="bbox 301 1457 1879 1529">
     <span class='ocr_line' id='line_1_15' title="bbox 301 1457 1879 1529; baseline 0.001 -16"><span class='ocrx_word' id='word_1_98' title='bbox 301 1460 653 1526; x_wconf 59' lang='lat' dir='ltr'><strong>«‘Glranaan,</strong></span> <span class='ocrx_word' id='word_1_99' title='bbox 701 1466 886 1514; x_wconf 66' lang='lat' dir='ltr'><strong>rete.</strong></span> <span class='ocrx_word' id='word_1_100' title='bbox 948 1458 1101 1525; x_wconf 72' lang='lat' dir='ltr'><strong>Quod</strong></span> <span class='ocrx_word' id='word_1_101' title='bbox 1149 1457 1505 1529; x_wconf 69' lang='lat' dir='ltr'><strong>Septuaginta</strong></span> <span class='ocrx_word' id='word_1_102' title='bbox 1555 1457 1879 1529; x_wconf 74' lang='lat' dir='ltr'><strong>interpretes</strong></span> 
     </span>
    </p>
   </div>
   <div class='ocr_carea' id='block_1_16' title="bbox 295 1549 1878 1621">
    <p class='ocr_par' dir='ltr' id='par_1_16' title="bbox 295 1549 1878 1621">
     <span class='ocr_line' id='line_1_16' title="bbox 295 1549 1878 1621; baseline -0.003 -12"><span class='ocrx_word' id='word_1_103' title='bbox 295 1554 501 1609; x_wconf 75' lang='lat' dir='ltr'><strong>habent</strong></span> <span class='ocrx_word' id='word_1_104' title='bbox 531 1568 545 1606; x_wconf 89' lang='lat'><strong>:</strong></span> <span class='ocrx_word' id='word_1_105' title='bbox 583 1568 605 1602; x_wconf 69' lang='grc' dir='ltr'><strong><em>ι</em></strong></span> <span class='ocrx_word' id='word_1_106' title='bbox 648 1551 719 1606; x_wconf 74' lang='lat' dir='ltr'><strong>Et</strong></span> <span class='ocrx_word' id='word_1_107' title='bbox 756 1550 1024 1620; x_wconf 78' lang='lat' dir='ltr'><strong>assumpsi</strong></span> <span class='ocrx_word' id='word_1_108' title='bbox 1071 1557 1285 1621; x_wconf 77' lang='lat' dir='ltr'><strong>patrem</strong></span> <span class='ocrx_word' id='word_1_109' title='bbox 1318 1556 1576 1605; x_wconf 80' lang='lat' dir='ltr'><strong>vestnnn&#39;</strong></span> <span class='ocrx_word' id='word_1_110' title='bbox 1600 1549 1878 1607; x_wconf 69' lang='lat' dir='ltr'><strong>Abraham</strong></span> 
     </span>
    </p>
   </div>
   <div class='ocr_carea' id='block_1_17' title="bbox 299 1640 1879 1708">
    <p class='ocr_par' dir='ltr' id='par_1_17' title="bbox 299 1640 1879 1708">
     <span class='ocr_line' id='line_1_17' title="bbox 299 1640 1879 1708; baseline -0.001 -12"><span class='ocrx_word' id='word_1_111' title='bbox 299 1660 321 1696; x_wconf 73' lang='grc' dir='ltr'>ι</span> <span class='ocrx_word' id='word_1_112' title='bbox 365 1645 435 1701; x_wconf 89' lang='lat' dir='ltr'><strong>de</strong></span> <span class='ocrx_word' id='word_1_113' title='bbox 473 1650 631 1699; x_wconf 80' lang='lat' dir='ltr'><strong>trans</strong></span> <span class='ocrx_word' id='word_1_114' title='bbox 670 1640 969 1708; x_wconf 51' lang='lat' dir='ltr'><strong>fiumen,“</strong></span> <span class='ocrx_word' id='word_1_115' title='bbox 1002 1642 1202 1699; x_wconf 80' lang='lat' dir='ltr'><strong>deduxi</strong></span> <span class='ocrx_word' id='word_1_116' title='bbox 1248 1656 1375 1697; x_wconf 76' lang='lat' dir='ltr'><strong>eum</strong></span> <span class='ocrx_word' id='word_1_117' title='bbox 1414 1643 1471 1697; x_wconf 84' lang='lat' dir='ltr'><strong>in</strong></span> <span class='ocrx_word' id='word_1_118' title='bbox 1509 1656 1727 1697; x_wconf 71' lang='lat' dir='ltr'><strong>omnem</strong></span> <span class='ocrx_word' id='word_1_119' title='bbox 1771 1650 1879 1696; x_wconf 74' lang='lat' dir='ltr'><strong>ten-</strong></span> 
     </span>
    </p>
   </div>
   <div class='ocr_carea' id='block_1_18' title="bbox 300 1730 1876 1804">
    <p class='ocr_par' dir='ltr' id='par_1_18' title="bbox 300 1730 1876 1804">
     <span class='ocr_line' id='line_1_18' title="bbox 300 1730 1876 1804; baseline 0 -18"><span class='ocrx_word' id='word_1_120' title='bbox 300 1751 323 1786; x_wconf 78' lang='lat' dir='ltr'><strong>r</strong></span> <span class='ocrx_word' id='word_1_121' title='bbox 363 1748 500 1789; x_wconf 84' lang='lat' dir='ltr'><strong>ram.</strong></span> <span class='ocrx_word' id='word_1_122' title='bbox 548 1752 571 1787; x_wconf 83' lang='grc'><strong>›</strong></span> <span class='ocrx_word' id='word_1_123' title='bbox 613 1730 1876 1804; x_wconf 70' lang='lat' dir='ltr'><strong>hiterpretatioquseestexl&#39;ldiraeo,habet:</strong></span> 
     </span>
    </p>
   </div>
   <div class='ocr_carea' id='block_1_19' title="bbox 1986 548 3567 623">
    <p class='ocr_par' dir='ltr' id='par_1_19' title="bbox 1986 548 3567 623">
     <span class='ocr_line' id='line_1_19' title="bbox 1986 548 3567 623; baseline 0.015 -24"><span class='ocrx_word' id='word_1_124' title='bbox 1986 565 2007 599; x_wconf 72' lang='grc' dir='ltr'>ί</span> <span class='ocrx_word' id='word_1_125' title='bbox 2050 563 2171 603; x_wconf 79' lang='lat' dir='ltr'><strong>mus</strong></span> <span class='ocrx_word' id='word_1_126' title='bbox 2198 548 2509 619; x_wconf 86' lang='lat' dir='ltr'><strong>Dominum,</strong></span> <span class='ocrx_word' id='word_1_127' title='bbox 2533 559 2588 609; x_wconf 90' lang='lat' dir='ltr'><strong>ct</strong></span> <span class='ocrx_word' id='word_1_128' title='bbox 2610 553 2910 611; x_wconf 75' lang='lat' dir='ltr'><strong>serviamus</strong></span> <span class='ocrx_word' id='word_1_129' title='bbox 2933 553 3037 611; x_wconf 89' lang='lat' dir='ltr'><strong>diis</strong></span> <span class='ocrx_word' id='word_1_130' title='bbox 3059 554 3273 615; x_wconf 77' lang='lat' dir='ltr'><strong>alienis.</strong></span> <span class='ocrx_word' id='word_1_131' title='bbox 3301 558 3567 623; x_wconf 63' lang='lat' dir='ltr'><strong>Dormitas</strong></span> 
     </span>
    </p>
   </div>
   <div class='ocr_carea' id='block_1_20' title="bbox 1985 639 3567 716">
    <p class='ocr_par' dir='ltr' id='par_1_20' title="bbox 1985 639 3567 716">
     <span class='ocr_line' id='line_1_20' title="bbox 1985 639 3567 716; baseline 0.013 -24"><span class='ocrx_word' id='word_1_132' title='bbox 1985 656 2005 691; x_wconf 71' lang='lat' dir='ltr'><strong>c</strong></span> <span class='ocrx_word' id='word_1_133' title='bbox 2049 639 2193 696; x_wconf 88' lang='lat' dir='ltr'><strong>Deus</strong></span> <span class='ocrx_word' id='word_1_134' title='bbox 2218 648 2405 698; x_wconf 83' lang='lat' dir='ltr'><strong>noster</strong></span> <span class='ocrx_word' id='word_1_135' title='bbox 2430 644 2546 713; x_wconf 81' lang='lat' dir='ltr'><strong>ipse</strong></span> <span class='ocrx_word' id='word_1_136' title='bbox 2589 643 2776 701; x_wconf 78' lang='lat' dir='ltr'><strong>eduxit</strong></span> <span class='ocrx_word' id='word_1_137' title='bbox 2800 659 2924 710; x_wconf 86' lang='lat' dir='ltr'><strong>nos,</strong></span> <span class='ocrx_word' id='word_1_138' title='bbox 2948 654 3004 702; x_wconf 89' lang='lat' dir='ltr'><strong>et</strong></span> <span class='ocrx_word' id='word_1_139' title='bbox 3037 655 3222 716; x_wconf 86' lang='lat' dir='ltr'><strong>patres</strong></span> <span class='ocrx_word' id='word_1_140' title='bbox 3248 659 3465 709; x_wconf 83' lang='lat' dir='ltr'><strong>nostros</strong></span> <span class='ocrx_word' id='word_1_141' title='bbox 3494 653 3567 712; x_wconf 82' lang='lat' dir='ltr'><strong>de</strong></span> 
     </span>
    </p>
   </div>
   <div class='ocr_carea' id='block_1_21' title="bbox 1985 729 3565 807">
    <p class='ocr_par' dir='ltr' id='par_1_21' title="bbox 1985 729 3565 807">
     <span class='ocr_line' id='line_1_21' title="bbox 1985 729 3565 807; baseline 0.013 -24"><span class='ocrx_word' id='word_1_142' title='bbox 1985 745 2011 783; x_wconf 71' lang='grc' dir='ltr'><strong><em>ι</em></strong></span> <span class='ocrx_word' id='word_1_143' title='bbox 2048 738 2199 786; x_wconf 79' lang='lat' dir='ltr'><strong>terra</strong></span> <span class='ocrx_word' id='word_1_144' title='bbox 2215 729 2457 803; x_wconf 68' lang='lat' dir='ltr'><strong>Egypti,</strong></span> <span class='ocrx_word' id='word_1_145' title='bbox 2480 732 2550 791; x_wconf 85' lang='lat' dir='ltr'><strong>de</strong></span> <span class='ocrx_word' id='word_1_146' title='bbox 2568 736 2731 791; x_wconf 77' lang='lat' dir='ltr'><strong>domo</strong></span> <span class='ocrx_word' id='word_1_147' title='bbox 2749 735 3048 802; x_wconf 82' lang='lat' dir='ltr'><strong>servitutis,</strong></span> <span class='ocrx_word' id='word_1_148' title='bbox 3078 736 3312 807; x_wconf 86' lang='lat' dir='ltr'><strong>fecitque</strong></span> <span class='ocrx_word' id='word_1_149' title='bbox 3335 740 3565 803; x_wconf 50' lang='lat' dir='ltr'><strong>videnti‘</strong></span> 
     </span>
    </p>
   </div>
   <div class='ocr_carea' id='block_1_22' title="bbox 1986 822 3563 894">
    <p class='ocr_par' dir='ltr' id='par_1_22' title="bbox 1986 822 3563 894">
     <span class='ocr_line' id='line_1_22' title="bbox 1986 822 3563 894; baseline 0.011 -20"><span class='ocrx_word' id='word_1_150' title='bbox 1986 838 2011 874; x_wconf 69' lang='grc' dir='ltr'><strong><em>ο</em></strong></span> <span class='ocrx_word' id='word_1_151' title='bbox 2042 823 2149 879; x_wconf 84' lang='lat' dir='ltr'><strong>bus</strong></span> <span class='ocrx_word' id='word_1_152' title='bbox 2172 822 2329 881; x_wconf 83' lang='lat' dir='ltr'><strong>nobis</strong></span> <span class='ocrx_word' id='word_1_153' title='bbox 2348 822 2504 894; x_wconf 81' lang='lat' dir='ltr'><strong>signa</strong></span> <span class='ocrx_word' id='word_1_154' title='bbox 2530 823 2791 894; x_wconf 67' lang='lat' dir='ltr'><strong>urgentia,</strong></span> <span class='ocrx_word' id='word_1_155' title='bbox 2814 833 2872 885; x_wconf 85' lang='lat' dir='ltr'><strong>et</strong></span> <span class='ocrx_word' id='word_1_156' title='bbox 2897 828 3190 885; x_wconf 86' lang='lat' dir='ltr'><strong>custodivit</strong></span> <span class='ocrx_word' id='word_1_157' title='bbox 3216 844 3319 888; x_wconf 86' lang='lat' dir='ltr'><strong>nos</strong></span> <span class='ocrx_word' id='word_1_158' title='bbox 3337 831 3395 886; x_wconf 88' lang='lat' dir='ltr'><strong>in</strong></span> <span class='ocrx_word' id='word_1_159' title='bbox 3413 833 3563 891; x_wconf 83' lang='lat' dir='ltr'><strong>omni</strong></span> 
     </span>
    </p>
   </div>
   <div class='ocr_carea' id='block_1_23' title="bbox 1983 916 3565 1000">
    <p class='ocr_par' dir='ltr' id='par_1_23' title="bbox 1983 916 3565 1000">
     <span class='ocr_line' id='line_1_23' title="bbox 1983 916 3565 1000; baseline 0.012 -30"><span class='ocrx_word' id='word_1_160' title='bbox 1983 934 2006 971; x_wconf 71' lang='grc' dir='ltr'><strong><em>ι</em></strong></span> <span class='ocrx_word' id='word_1_161' title='bbox 2043 916 2133 971; x_wconf 82' lang='lat' dir='ltr'><strong>via</strong></span> <span class='ocrx_word' id='word_1_162' title='bbox 2165 931 2269 986; x_wconf 84' lang='lat' dir='ltr'><strong>per</strong></span> <span class='ocrx_word' id='word_1_163' title='bbox 2291 931 2453 987; x_wconf 68' lang='lat' dir='ltr'><strong>quala</strong></span> <span class='ocrx_word' id='word_1_164' title='bbox 2482 919 2898 987; x_wconf 81' lang='lat' dir='ltr'><strong>ambulavimus,</strong></span> <span class='ocrx_word' id='word_1_165' title='bbox 2926 931 2989 979; x_wconf 87' lang='lat' dir='ltr'><strong>et</strong></span> <span class='ocrx_word' id='word_1_166' title='bbox 3016 924 3075 980; x_wconf 91' lang='lat' dir='ltr'><strong>in</strong></span> <span class='ocrx_word' id='word_1_167' title='bbox 3111 926 3323 983; x_wconf 88' lang='lat' dir='ltr'><strong>cunctis</strong></span> <span class='ocrx_word' id='word_1_168' title='bbox 3349 929 3565 1000; x_wconf 84' lang='lat' dir='ltr'><strong>populis</strong></span> 
     </span>
    </p>
   </div>
   <div class='ocr_carea' id='block_1_24' title="bbox 1983 1008 3559 1090">
    <p class='ocr_par' dir='ltr' id='par_1_24' title="bbox 1983 1008 3559 1090">
     <span class='ocr_line' id='line_1_24' title="bbox 1983 1008 3559 1090; baseline 0.012 -32"><span class='ocrx_word' id='word_1_169' title='bbox 1983 1023 2007 1058; x_wconf 68' lang='lat' dir='ltr'><strong>c</strong></span> <span class='ocrx_word' id='word_1_170' title='bbox 2043 1020 2145 1076; x_wconf 77' lang='lat' dir='ltr'><strong>per</strong></span> <span class='ocrx_word' id='word_1_171' title='bbox 2164 1020 2304 1077; x_wconf 80' lang='lat' dir='ltr'><strong>quos</strong></span> <span class='ocrx_word' id='word_1_172' title='bbox 2332 1008 2721 1067; x_wconf 72' lang='lat' dir='ltr'><strong>transivimus:</strong></span> <span class='ocrx_word' id='word_1_173' title='bbox 2751 1018 2806 1065; x_wconf 90' lang='lat' dir='ltr'><strong>et</strong></span> <span class='ocrx_word' id='word_1_174' title='bbox 2831 1011 2992 1081; x_wconf 85' lang='lat' dir='ltr'><strong>ejecit</strong></span> <span class='ocrx_word' id='word_1_175' title='bbox 3016 1015 3301 1074; x_wconf 84' lang='lat' dir='ltr'><strong>universas</strong></span> <span class='ocrx_word' id='word_1_176' title='bbox 3342 1027 3559 1090; x_wconf 74' lang='lat' dir='ltr'><strong>gentes,</strong></span> 
     </span>
    </p>
   </div>
   <div class='ocr_carea' id='block_1_25' title="bbox 1983 1096 3565 1176">
    <p class='ocr_par' dir='ltr' id='par_1_25' title="bbox 1983 1096 3565 1176">
     <span class='ocr_line' id='line_1_25' title="bbox 1983 1096 3565 1176; baseline 0.01 -25"><span class='ocrx_word' id='word_1_177' title='bbox 1983 1113 2007 1151; x_wconf 70' lang='grc' dir='ltr'>ι</span> <span class='ocrx_word' id='word_1_178' title='bbox 2042 1096 2423 1155; x_wconf 71' lang='lat' dir='ltr'><strong>Amorrhteum</strong></span> <span class='ocrx_word' id='word_1_179' title='bbox 2443 1101 2807 1158; x_wconf 81' lang='lat' dir='ltr'><strong>habitatorem</strong></span> <span class='ocrx_word' id='word_1_180' title='bbox 2835 1111 2996 1161; x_wconf 81' lang='lat' dir='ltr'><strong>terrae</strong></span> <span class='ocrx_word' id='word_1_181' title='bbox 3020 1122 3185 1176; x_wconf 81' lang='lat' dir='ltr'><strong>quam</strong></span> <span class='ocrx_word' id='word_1_182' title='bbox 3212 1123 3314 1165; x_wconf 87' lang='lat' dir='ltr'><strong>nos</strong></span> <span class='ocrx_word' id='word_1_183' title='bbox 3333 1108 3565 1169; x_wconf 79' lang='lat' dir='ltr'><strong>intravi-</strong></span> 
     </span>
    </p>
   </div>
   <div class='ocr_carea' id='block_1_26' title="bbox 1953 1188 3563 1268">
    <p class='ocr_par' dir='ltr' id='par_1_26' title="bbox 1953 1188 3563 1268">
     <span class='ocr_line' id='line_1_26' title="bbox 1953 1188 3563 1268; baseline 0.01 -25"><span class='ocrx_word' id='word_1_184' title='bbox 1953 1200 2013 1243; x_wconf 67' lang='grc' dir='ltr'><strong>τι</strong></span> <span class='ocrx_word' id='word_1_185' title='bbox 2048 1203 2189 1244; x_wconf 82' lang='lat' dir='ltr'><strong>mus.</strong></span> <span class='ocrx_word' id='word_1_186' title='bbox 2221 1188 2536 1247; x_wconf 76' lang='lat' dir='ltr'><strong>Serviemus</strong></span> <span class='ocrx_word' id='word_1_187' title='bbox 2569 1191 2738 1262; x_wconf 87' lang='lat' dir='ltr'><strong>igitur</strong></span> <span class='ocrx_word' id='word_1_188' title='bbox 2758 1191 3150 1264; x_wconf 87' lang='lat' dir='ltr'><strong>Domino,quia</strong></span> <span class='ocrx_word' id='word_1_189' title='bbox 3176 1197 3293 1268; x_wconf 85' lang='lat' dir='ltr'><strong>ipse</strong></span> <span class='ocrx_word' id='word_1_190' title='bbox 3310 1206 3396 1256; x_wconf 89' lang='lat' dir='ltr'><strong>est</strong></span> <span class='ocrx_word' id='word_1_191' title='bbox 3416 1200 3563 1259; x_wconf 84' lang='lat' dir='ltr'><strong>Deus</strong></span> 
     </span>
    </p>
   </div>
   <div class='ocr_carea' id='block_1_27' title="bbox 1982 1280 3563 1359">
    <p class='ocr_par' dir='ltr' id='par_1_27' title="bbox 1982 1280 3563 1359">
     <span class='ocr_line' id='line_1_27' title="bbox 1982 1280 3563 1359; baseline 0.008 -25"><span class='ocrx_word' id='word_1_192' title='bbox 1982 1296 2005 1334; x_wconf 71' lang='grc' dir='ltr'>ι</span> <span class='ocrx_word' id='word_1_193' title='bbox 2048 1288 2253 1337; x_wconf 79' lang='lat' dir='ltr'><strong>noster.</strong></span> <span class='ocrx_word' id='word_1_194' title='bbox 2277 1280 2532 1351; x_wconf 73' lang='lat' dir='ltr'><strong>Dixitque</strong></span> <span class='ocrx_word' id='word_1_195' title='bbox 2557 1280 2721 1338; x_wconf 82' lang='lat' dir='ltr'><strong>Josue</strong></span> <span class='ocrx_word' id='word_1_196' title='bbox 2745 1283 2814 1338; x_wconf 89' lang='lat' dir='ltr'><strong>ad</strong></span> <span class='ocrx_word' id='word_1_197' title='bbox 2841 1284 3095 1354; x_wconf 85' lang='lat' dir='ltr'><strong>populum</strong></span> <span class='ocrx_word' id='word_1_198' title='bbox 3126 1304 3139 1339; x_wconf 92' lang='lat'>:</span> <span class='ocrx_word' id='word_1_199' title='bbox 3172 1286 3291 1343; x_wconf 84' lang='lat' dir='ltr'><strong>Non</strong></span> <span class='ocrx_word' id='word_1_200' title='bbox 3310 1291 3563 1359; x_wconf 87' lang='lat' dir='ltr'><strong>poteritis</strong></span> 
     </span>
    </p>
   </div>
   <div class='ocr_carea' id='block_1_28' title="bbox 1983 1371 3563 1438">
    <p class='ocr_par' dir='ltr' id='par_1_28' title="bbox 1983 1371 3563 1438">
     <span class='ocr_line' id='line_1_28' title="bbox 1983 1371 3563 1438; baseline 0.008 -14"><span class='ocrx_word' id='word_1_201' title='bbox 1983 1386 2009 1423; x_wconf 78' lang='grc' dir='ltr'>ι</span> <span class='ocrx_word' id='word_1_202' title='bbox 2046 1372 2254 1426; x_wconf 79' lang='lat' dir='ltr'><strong>servire</strong></span> <span class='ocrx_word' id='word_1_203' title='bbox 2300 1371 2578 1427; x_wconf 87' lang='lat' dir='ltr'><strong>Domino:</strong></span> <span class='ocrx_word' id='word_1_204' title='bbox 2621 1372 2765 1429; x_wconf 80' lang='lat' dir='ltr'><strong>Deus</strong></span> <span class='ocrx_word' id='word_1_205' title='bbox 2824 1374 2973 1430; x_wconf 90' lang='lat' dir='ltr'><strong>enim</strong></span> <span class='ocrx_word' id='word_1_206' title='bbox 3024 1384 3247 1434; x_wconf 84' lang='lat' dir='ltr'><strong>sanctus</strong></span> <span class='ocrx_word' id='word_1_207' title='bbox 3299 1386 3356 1435; x_wconf 87' lang='lat' dir='ltr'><strong>et</strong></span> <span class='ocrx_word' id='word_1_208' title='bbox 3403 1379 3563 1438; x_wconf 73' lang='lat' dir='ltr'><strong>fortis</strong></span> 
     </span>
    </p>
   </div>
   <div class='ocr_carea' id='block_1_29' title="bbox 1982 1461 3564 1541">
    <p class='ocr_par' dir='ltr' id='par_1_29' title="bbox 1982 1461 3564 1541">
     <span class='ocr_line' id='line_1_29' title="bbox 1982 1461 3564 1541; baseline 0.008 -27"><span class='ocrx_word' id='word_1_209' title='bbox 1982 1478 2004 1512; x_wconf 70' lang='grc' dir='ltr'><strong>α</strong></span> <span class='ocrx_word' id='word_1_210' title='bbox 2043 1461 2326 1518; x_wconf 66' lang='lat' dir='ltr'><strong>mulam</strong></span> <span class='ocrx_word' id='word_1_211' title='bbox 2351 1472 2456 1527; x_wconf 91' lang='lat' dir='ltr'><strong>est,</strong></span> <span class='ocrx_word' id='word_1_212' title='bbox 2478 1477 2582 1519; x_wconf 89' lang='lat' dir='ltr'><strong>nec</strong></span> <span class='ocrx_word' id='word_1_213' title='bbox 2601 1464 2845 1535; x_wconf 77' lang='lat' dir='ltr'><strong>ignoscet</strong></span> <span class='ocrx_word' id='word_1_214' title='bbox 2864 1465 3164 1523; x_wconf 85' lang='lat' dir='ltr'><strong>sceleribus</strong></span> <span class='ocrx_word' id='word_1_215' title='bbox 3182 1469 3379 1525; x_wconf 79' lang='lat' dir='ltr'><strong>vestris</strong></span> <span class='ocrx_word' id='word_1_216' title='bbox 3397 1481 3564 1541; x_wconf 83' lang='lat' dir='ltr'><strong>atque</strong></span> 
     </span>
    </p>
   </div>
   <div class='ocr_carea' id='block_1_30' title="bbox 1980 1551 3565 1621">
    <p class='ocr_par' dir='ltr' id='par_1_30' title="bbox 1980 1551 3565 1621">
     <span class='ocr_line' id='line_1_30' title="bbox 1980 1551 3565 1621; baseline 0.009 -17"><span class='ocrx_word' id='word_1_217' title='bbox 1980 1551 2308 1621; x_wconf 57' lang='lat' dir='ltr'><strong>(peccatis.</strong></span> <span class='ocrx_word' id='word_1_218' title='bbox 2355 1552 2419 1609; x_wconf 84' lang='lat' dir='ltr'><strong>Si</strong></span> <span class='ocrx_word' id='word_1_219' title='bbox 2462 1554 2784 1610; x_wconf 85' lang='lat' dir='ltr'><strong>dimiseritis</strong></span> <span class='ocrx_word' id='word_1_220' title='bbox 2826 1556 3116 1612; x_wconf 84' lang='lat' dir='ltr'><strong>Dominum</strong></span> <span class='ocrx_word' id='word_1_221' title='bbox 3166 1566 3222 1615; x_wconf 88' lang='lat' dir='ltr'><strong>et</strong></span> <span class='ocrx_word' id='word_1_222' title='bbox 3264 1560 3565 1619; x_wconf 75' lang='lat' dir='ltr'><strong>servieritis</strong></span> 
     </span>
    </p>
   </div>
   <div class='ocr_carea' id='block_1_31' title="bbox 1983 1639 3563 1719">
    <p class='ocr_par' dir='ltr' id='par_1_31' title="bbox 1983 1639 3563 1719">
     <span class='ocr_line' id='line_1_31' title="bbox 1983 1639 3563 1719; baseline 0.012 -26"><span class='ocrx_word' id='word_1_223' title='bbox 1983 1656 2003 1692; x_wconf 85' lang='grc' dir='ltr'>ι</span> <span class='ocrx_word' id='word_1_224' title='bbox 2048 1639 2153 1695; x_wconf 89' lang='lat' dir='ltr'><strong>diis</strong></span> <span class='ocrx_word' id='word_1_225' title='bbox 2174 1640 2390 1707; x_wconf 84' lang='lat' dir='ltr'><strong>alienis,</strong></span> <span class='ocrx_word' id='word_1_226' title='bbox 2413 1650 2698 1698; x_wconf 80' lang='lat' dir='ltr'><strong>convertet</strong></span> <span class='ocrx_word' id='word_1_227' title='bbox 2724 1659 2807 1708; x_wconf 86' lang='lat' dir='ltr'><strong>se,</strong></span> <span class='ocrx_word' id='word_1_228' title='bbox 2826 1651 2882 1698; x_wconf 90' lang='lat' dir='ltr'><strong>et</strong></span> <span class='ocrx_word' id='word_1_229' title='bbox 2905 1643 3100 1715; x_wconf 67' lang='lat' dir='ltr'><strong>adliget</strong></span> <span class='ocrx_word' id='word_1_230' title='bbox 3122 1662 3221 1704; x_wconf 88' lang='lat' dir='ltr'><strong>vos</strong></span> <span class='ocrx_word' id='word_1_231' title='bbox 3250 1656 3417 1719; x_wconf 77' lang='lat' dir='ltr'><strong>atque</strong></span> <span class='ocrx_word' id='word_1_232' title='bbox 3434 1651 3563 1711; x_wconf 80' lang='lat' dir='ltr'><strong>sub-</strong></span> 
     </span>
    </p>
   </div>
   <div class='ocr_carea' id='block_1_32' title="bbox 1982 1732 3564 1811">
    <p class='ocr_par' dir='ltr' id='par_1_32' title="bbox 1982 1732 3564 1811">
     <span class='ocr_line' id='line_1_32' title="bbox 1982 1732 3564 1811; baseline 0.006 -27"><span class='ocrx_word' id='word_1_233' title='bbox 1982 1747 2005 1784; x_wconf 71' lang='lat' dir='ltr'><strong>r</strong></span> <span class='ocrx_word' id='word_1_234' title='bbox 2044 1738 2241 1798; x_wconf 77' lang='lat' dir='ltr'><strong>vertet,</strong></span> <span class='ocrx_word' id='word_1_235' title='bbox 2265 1738 2372 1790; x_wconf 88' lang='lat' dir='ltr'><strong>etc.</strong></span> <span class='ocrx_word' id='word_1_236' title='bbox 2420 1752 2441 1784; x_wconf 75' lang='grc' dir='ltr'><strong><em>ι</em></strong></span> <span class='ocrx_word' id='word_1_237' title='bbox 2477 1732 2619 1800; x_wconf 81' lang='lat' dir='ltr'><strong>Quid</strong></span> <span class='ocrx_word' id='word_1_238' title='bbox 2645 1742 2731 1791; x_wconf 86' lang='lat' dir='ltr'><strong>est</strong></span> <span class='ocrx_word' id='word_1_239' title='bbox 2762 1735 2907 1804; x_wconf 91' lang='lat' dir='ltr'><strong>quod</strong></span> <span class='ocrx_word' id='word_1_240' title='bbox 2945 1736 3082 1792; x_wconf 80' lang='lat' dir='ltr'><strong>dixit</strong></span> <span class='ocrx_word' id='word_1_241' title='bbox 3108 1735 3267 1795; x_wconf 78' lang='lat' dir='ltr'><strong>Iesus</strong></span> <span class='ocrx_word' id='word_1_242' title='bbox 3305 1742 3373 1795; x_wconf 88' lang='lat' dir='ltr'><strong>ad</strong></span> <span class='ocrx_word' id='word_1_243' title='bbox 3394 1754 3564 1811; x_wconf 84' lang='lat' dir='ltr'><strong>popu-</strong></span> 
     </span>
    </p>
   </div>
   <div class='ocr_carea' id='block_1_33' title="bbox 297 1820 3565 1900">
    <p class='ocr_par' dir='ltr' id='par_1_33' title="bbox 297 1820 3565 1900">
     <span class='ocr_line' id='line_1_33' title="bbox 297 1820 3565 1900; baseline 0.002 -23"><span class='ocrx_word' id='word_1_244' title='bbox 297 1838 321 1877; x_wconf 72' lang='lat' dir='ltr'><strong>r</strong></span> <span class='ocrx_word' id='word_1_245' title='bbox 362 1824 433 1882; x_wconf 79' lang='lat' dir='ltr'><strong>Et</strong></span> <span class='ocrx_word' id='word_1_246' title='bbox 458 1826 645 1882; x_wconf 74' lang='lat' dir='ltr'><strong>induxi</strong></span> <span class='ocrx_word' id='word_1_247' title='bbox 670 1839 794 1880; x_wconf 85' lang='lat' dir='ltr'><strong>eum</strong></span> <span class='ocrx_word' id='word_1_248' title='bbox 816 1825 872 1879; x_wconf 87' lang='lat' dir='ltr'><strong>in</strong></span> <span class='ocrx_word' id='word_1_249' title='bbox 898 1832 1105 1879; x_wconf 77' lang='lat' dir='ltr'><strong>terram</strong></span> <span class='ocrx_word' id='word_1_250' title='bbox 1128 1824 1412 1879; x_wconf 81' lang='lat' dir='ltr'><strong>Chanaan.</strong></span> <span class='ocrx_word' id='word_1_251' title='bbox 1457 1843 1479 1876; x_wconf 70' lang='grc' dir='ltr'><strong>ο</strong></span> <span class='ocrx_word' id='word_1_252' title='bbox 1522 1823 1717 1880; x_wconf 75' lang='lat' dir='ltr'><strong>Mirum</strong></span> <span class='ocrx_word' id='word_1_253' title='bbox 1744 1836 1878 1894; x_wconf 84' lang='lat' dir='ltr'><strong>ergo</strong></span> <span class='ocrx_word' id='word_1_254' title='bbox 1903 1820 1957 1887; x_wconf 64' lang='grc' dir='ltr'>Β</span> <span class='ocrx_word' id='word_1_255' title='bbox 1974 1822 2089 1879; x_wconf 85' lang='lat' dir='ltr'><strong>lum</strong></span> <span class='ocrx_word' id='word_1_256' title='bbox 2116 1842 2130 1878; x_wconf 89' lang='lat'>:</span> <span class='ocrx_word' id='word_1_257' title='bbox 2158 1823 2275 1881; x_wconf 84' lang='lat' dir='ltr'><strong>Non</strong></span> <span class='ocrx_word' id='word_1_258' title='bbox 2298 1825 2557 1895; x_wconf 80' lang='lat' dir='ltr'><strong>poteritis</strong></span> <span class='ocrx_word' id='word_1_259' title='bbox 2588 1827 2796 1883; x_wconf 82' lang='lat' dir='ltr'><strong>servire</strong></span> <span class='ocrx_word' id='word_1_260' title='bbox 2824 1827 3077 1895; x_wconf 85' lang='lat' dir='ltr'><strong>Domino,</strong></span> <span class='ocrx_word' id='word_1_261' title='bbox 3107 1832 3233 1900; x_wconf 84' lang='lat' dir='ltr'><strong>quia</strong></span> <span class='ocrx_word' id='word_1_262' title='bbox 3255 1831 3398 1891; x_wconf 86' lang='lat' dir='ltr'><strong>Deus</strong></span> <span class='ocrx_word' id='word_1_263' title='bbox 3439 1848 3565 1891; x_wconf 65' lang='lat' dir='ltr'><strong>ssn-</strong></span> 
     </span>
    </p>
   </div>
   <div class='ocr_carea' id='block_1_34' title="bbox 291 1916 1878 1991">
    <p class='ocr_par' dir='ltr' id='par_1_34' title="bbox 291 1916 1878 1991">
     <span class='ocr_line' id='line_1_34' title="bbox 291 1916 1878 1991; baseline -0.002 -16"><span class='ocrx_word' id='word_1_264' title='bbox 291 1918 343 1975; x_wconf 82' lang='lat' dir='ltr'><strong>si</strong></span> <span class='ocrx_word' id='word_1_265' title='bbox 393 1917 745 1991; x_wconf 78' lang='lat' dir='ltr'><strong>Septuaginta</strong></span> <span class='ocrx_word' id='word_1_266' title='bbox 791 1930 891 1988; x_wconf 87' lang='lat' dir='ltr'><strong>pro</strong></span> <span class='ocrx_word' id='word_1_267' title='bbox 946 1933 967 1965; x_wconf 70' lang='grc' dir='ltr'><em>α</em></span> <span class='ocrx_word' id='word_1_268' title='bbox 1011 1924 1157 1973; x_wconf 87' lang='lat' dir='ltr'><strong>terra</strong></span> <span class='ocrx_word' id='word_1_269' title='bbox 1211 1916 1469 1972; x_wconf 81' lang='lat' dir='ltr'><strong>Chanaan</strong></span> <span class='ocrx_word' id='word_1_270' title='bbox 1489 1954 1504 1983; x_wconf 94' lang='lat'><strong>,</strong></span> <span class='ocrx_word' id='word_1_271' title='bbox 1577 1936 1599 1969; x_wconf 73' lang='grc' dir='ltr'>ι</span> <span class='ocrx_word' id='word_1_272' title='bbox 1659 1930 1878 1973; x_wconf 76' lang='lat' dir='ltr'><strong>omnem</strong></span> 
     </span>
    </p>
   </div>
   <div class='ocr_carea' id='block_1_35' title="bbox 293 2004 1873 2082">
    <p class='ocr_par' dir='ltr' id='par_1_35' title="bbox 293 2004 1873 2082">
     <span class='ocr_line' id='line_1_35' title="bbox 293 2004 1873 2082; baseline -0.003 -14"><span class='ocrx_word' id='word_1_273' title='bbox 293 2019 498 2068; x_wconf 83' lang='lat' dir='ltr'><strong>terram</strong></span> <span class='ocrx_word' id='word_1_274' title='bbox 523 2020 726 2082; x_wconf 86' lang='lat' dir='ltr'><strong>ponere</strong></span> <span class='ocrx_word' id='word_1_275' title='bbox 745 2008 1064 2075; x_wconf 79' lang='lat' dir='ltr'><strong>voluerunt;</strong></span> <span class='ocrx_word' id='word_1_276' title='bbox 1090 2004 1196 2064; x_wconf 82' lang='lat' dir='ltr'><strong>nisi</strong></span> <span class='ocrx_word' id='word_1_277' title='bbox 1219 2008 1496 2064; x_wconf 77' lang='lat' dir='ltr'><strong>intuentes</strong></span> <span class='ocrx_word' id='word_1_278' title='bbox 1508 2010 1873 2079; x_wconf 79' lang='lat' dir='ltr'><strong>prophetiam,</strong></span> 
     </span>
    </p>
   </div>
   <div class='ocr_carea' id='block_1_36' title="bbox 291 2100 1878 2176">
    <p class='ocr_par' dir='ltr' id='par_1_36' title="bbox 291 2100 1878 2176">
     <span class='ocr_line' id='line_1_36' title="bbox 291 2100 1878 2176; baseline -0.003 -16"><span class='ocrx_word' id='word_1_279' title='bbox 291 2113 355 2160; x_wconf 83' lang='lat' dir='ltr'><strong>ut</strong></span> <span class='ocrx_word' id='word_1_280' title='bbox 382 2103 557 2176; x_wconf 78' lang='lat' dir='ltr'><strong>magis</strong></span> <span class='ocrx_word' id='word_1_281' title='bbox 577 2118 644 2160; x_wconf 81' lang='lat' dir='ltr'><strong>ex</strong></span> <span class='ocrx_word' id='word_1_282' title='bbox 670 2102 1033 2175; x_wconf 80' lang='lat' dir='ltr'><strong>promissione</strong></span> <span class='ocrx_word' id='word_1_283' title='bbox 1067 2101 1175 2157; x_wconf 72' lang='lat' dir='ltr'><strong>Dei-</strong></span> <span class='ocrx_word' id='word_1_284' title='bbox 1194 2111 1457 2171; x_wconf 81' lang='lat' dir='ltr'><strong>tanquam</strong></span> <span class='ocrx_word' id='word_1_285' title='bbox 1483 2100 1688 2157; x_wconf 81' lang='lat' dir='ltr'><strong>factum</strong></span> <span class='ocrx_word' id='word_1_286' title='bbox 1734 2102 1878 2157; x_wconf 83' lang='lat' dir='ltr'><strong>acci-</strong></span> 
     </span>
    </p>
   </div>
   <div class='ocr_carea' id='block_1_37' title="bbox 289 2186 1878 2265">
    <p class='ocr_par' dir='ltr' id='par_1_37' title="bbox 289 2186 1878 2265">
     <span class='ocr_line' id='line_1_37' title="bbox 289 2186 1878 2265; baseline -0.001 -16"><span class='ocrx_word' id='word_1_287' title='bbox 289 2186 508 2264; x_wconf 83' lang='lat' dir='ltr'><strong>piatur,</strong></span> <span class='ocrx_word' id='word_1_288' title='bbox 539 2193 685 2265; x_wconf 81' lang='lat' dir='ltr'><strong>quod</strong></span> <span class='ocrx_word' id='word_1_289' title='bbox 714 2193 1018 2249; x_wconf 77' lang='lat' dir='ltr'><strong>certissime</strong></span> <span class='ocrx_word' id='word_1_290' title='bbox 1068 2192 1312 2248; x_wconf 73' lang='lat' dir='ltr'><strong>futurum</strong></span> <span class='ocrx_word' id='word_1_291' title='bbox 1355 2193 1411 2248; x_wconf 91' lang='lat' dir='ltr'><strong>in</strong></span> <span class='ocrx_word' id='word_1_292' title='bbox 1458 2191 1676 2248; x_wconf 79' lang='lat' dir='ltr'><strong>Christo</strong></span> <span class='ocrx_word' id='word_1_293' title='bbox 1716 2202 1774 2248; x_wconf 90' lang='lat' dir='ltr'><strong>et</strong></span> <span class='ocrx_word' id='word_1_294' title='bbox 1822 2194 1878 2248; x_wconf 91' lang='lat' dir='ltr'><strong>in</strong></span> 
     </span>
    </p>
   </div>
   <div class='ocr_carea' id='block_1_38' title="bbox 288 2282 1877 2356">
    <p class='ocr_par' dir='ltr' id='par_1_38' title="bbox 288 2282 1877 2356">
     <span class='ocr_line' id='line_1_38' title="bbox 288 2282 1877 2356; baseline -0.001 -15"><span class='ocrx_word' id='word_1_295' title='bbox 288 2284 536 2341; x_wconf 76' lang='lat' dir='ltr'><strong>Ecclesia</strong></span> <span class='ocrx_word' id='word_1_296' title='bbox 571 2283 1084 2356; x_wconf 54' lang='lat' dir='ltr'><strong>praenuntiabatur:</strong></span> <span class='ocrx_word' id='word_1_297' title='bbox 1118 2282 1262 2352; x_wconf 83' lang='lat' dir='ltr'><strong>quod</strong></span> <span class='ocrx_word' id='word_1_298' title='bbox 1308 2288 1393 2338; x_wconf 80' lang='lat' dir='ltr'><strong>est</strong></span> <span class='ocrx_word' id='word_1_299' title='bbox 1446 2294 1637 2337; x_wconf 78' lang='lat' dir='ltr'><strong>verum</strong></span> <span class='ocrx_word' id='word_1_300' title='bbox 1690 2297 1877 2340; x_wconf 77' lang='lat' dir='ltr'><strong>semen</strong></span> 
     </span>
    </p>
   </div>
   <div class='ocr_carea' id='block_1_39' title="bbox 287 2369 1879 2442">
    <p class='ocr_par' dir='ltr' id='par_1_39' title="bbox 287 2369 1879 2442">
     <span class='ocr_line' id='line_1_39' title="bbox 287 2369 1879 2442; baseline -0.002 -10"><span class='ocrx_word' id='word_1_301' title='bbox 287 2374 687 2440; x_wconf 62' lang='lat' dir='ltr'><strong>Abrahatmon</strong></span> <span class='ocrx_word' id='word_1_302' title='bbox 726 2373 786 2429; x_wconf 85' lang='lat' dir='ltr'><strong>in</strong></span> <span class='ocrx_word' id='word_1_303' title='bbox 828 2372 956 2428; x_wconf 60' lang='lat' dir='ltr'><strong>Ms</strong></span> <span class='ocrx_word' id='word_1_304' title='bbox 990 2372 1339 2437; x_wconf 52' lang='lat' dir='ltr'><strong>caruimoed</strong></span> <span class='ocrx_word' id='word_1_305' title='bbox 1381 2371 1438 2427; x_wconf 89' lang='lat' dir='ltr'><strong>in</strong></span> <span class='ocrx_word' id='word_1_306' title='bbox 1472 2369 1601 2427; x_wconf 82' lang='lat' dir='ltr'><strong>ﬁliis</strong></span> <span class='ocrx_word' id='word_1_307' title='bbox 1643 2372 1879 2442; x_wconf 75' lang='lat' dir='ltr'><strong>promis-</strong></span> 
     </span>
    </p>
   </div>
   <div class='ocr_carea' id='block_1_40' title="bbox 288 2466 1279 2526">
    <p class='ocr_par' dir='ltr' id='par_1_40' title="bbox 288 2466 1279 2526">
     <span class='ocr_line' id='line_1_40' title="bbox 288 2466 1279 2526; baseline -0.002 0"><span class='ocrx_word' id='word_1_308' title='bbox 288 2468 460 2526; x_wconf 85' lang='lat' dir='ltr'><strong>sionls</strong></span> <span class='ocrx_word' id='word_1_309' title='bbox 652 2466 655 2469; x_wconf 62' lang='grc'>“</span> <span class='ocrx_word' id='word_1_310' title='bbox 1278 2480 1279 2489; x_wconf 78' lang='lat'>‘</span> 
     </span>
    </p>
   </div>
   <div class='ocr_carea' id='block_1_41' title="bbox 352 2553 1879 2632">
    <p class='ocr_par' dir='ltr' id='par_1_41' title="bbox 352 2553 1879 2632">
     <span class='ocr_line' id='line_1_41' title="bbox 352 2553 1879 2632; baseline -0.003 -17"><span class='ocrx_word' id='word_1_311' title='bbox 352 2557 543 2632; x_wconf 49' lang='lat' dir='ltr'><strong>(iam)</strong></span> <span class='ocrx_word' id='word_1_312' title='bbox 577 2577 599 2610; x_wconf 81' lang='grc'><strong><em>‹</em></strong></span> <span class='ocrx_word' id='word_1_313' title='bbox 645 2555 1052 2627; x_wconf 82' lang='lat' dir='ltr'><strong>Transistisque</strong></span> <span class='ocrx_word' id='word_1_314' title='bbox 1093 2553 1411 2623; x_wconf 71' lang='lat' dir='ltr'><strong>Iordanem,</strong></span> <span class='ocrx_word' id='word_1_315' title='bbox 1435 2566 1494 2612; x_wconf 91' lang='lat' dir='ltr'><strong>et</strong></span> <span class='ocrx_word' id='word_1_316' title='bbox 1535 2557 1764 2613; x_wconf 73' lang='lat' dir='ltr'><strong>venistis</strong></span> <span class='ocrx_word' id='word_1_317' title='bbox 1810 2556 1879 2611; x_wconf 88' lang='lat' dir='ltr'><strong>ad</strong></span> 
     </span>
    </p>
   </div>
   <div class='ocr_carea' id='block_1_42' title="bbox 293 2647 1880 2719">
    <p class='ocr_par' dir='ltr' id='par_1_42' title="bbox 293 2647 1880 2719">
     <span class='ocr_line' id='line_1_42' title="bbox 293 2647 1880 2719; baseline 0.001 -17"><span class='ocrx_word' id='word_1_318' title='bbox 293 2666 317 2702; x_wconf 71' lang='grc' dir='ltr'>ι</span> <span class='ocrx_word' id='word_1_319' title='bbox 358 2647 602 2715; x_wconf 67' lang='lat' dir='ltr'><strong>Iericho,</strong></span> <span class='ocrx_word' id='word_1_320' title='bbox 624 2654 1115 2719; x_wconf 86' lang='lat' dir='ltr'><strong>pugnaveruntque</strong></span> <span class='ocrx_word' id='word_1_321' title='bbox 1150 2655 1347 2703; x_wconf 78' lang='lat' dir='ltr'><strong>contra</strong></span> <span class='ocrx_word' id='word_1_322' title='bbox 1388 2660 1487 2704; x_wconf 85' lang='lat' dir='ltr'><strong>vos</strong></span> <span class='ocrx_word' id='word_1_323' title='bbox 1508 2648 1613 2703; x_wconf 79' lang='lat' dir='ltr'><strong>viri</strong></span> <span class='ocrx_word' id='word_1_324' title='bbox 1638 2648 1880 2704; x_wconf 75' lang='lat' dir='ltr'><strong>civitatis</strong></span> 
     </span>
    </p>
   </div>
   <div class='ocr_carea' id='block_1_43' title="bbox 293 2738 1880 2812">
    <p class='ocr_par' dir='ltr' id='par_1_43' title="bbox 293 2738 1880 2812">
     <span class='ocr_line' id='line_1_43' title="bbox 293 2738 1880 2812; baseline 0.001 -17"><span class='ocrx_word' id='word_1_325' title='bbox 293 2759 314 2795; x_wconf 71' lang='grc' dir='ltr'>ι</span> <span class='ocrx_word' id='word_1_326' title='bbox 357 2739 500 2812; x_wconf 84' lang='lat' dir='ltr'><strong>ejus,</strong></span> <span class='ocrx_word' id='word_1_327' title='bbox 542 2759 563 2794; x_wconf 76' lang='grc' dir='ltr'><strong><em>ι</em></strong></span> <span class='ocrx_word' id='word_1_328' title='bbox 605 2747 663 2796; x_wconf 89' lang='lat' dir='ltr'><strong>et</strong></span> <span class='ocrx_word' id='word_1_329' title='bbox 706 2739 940 2810; x_wconf 81' lang='lat' dir='ltr'><strong>reliqua.</strong></span> <span class='ocrx_word' id='word_1_330' title='bbox 983 2738 1053 2793; x_wconf 84' lang='lat' dir='ltr'><strong>Et</strong></span> <span class='ocrx_word' id='word_1_331' title='bbox 1094 2738 1433 2796; x_wconf 83' lang='lat' dir='ltr'><strong>bellaveruut</strong></span> <span class='ocrx_word' id='word_1_332' title='bbox 1483 2740 1743 2797; x_wconf 81' lang='lat' dir='ltr'><strong>adversus</strong></span> <span class='ocrx_word' id='word_1_333' title='bbox 1780 2754 1880 2797; x_wconf 79' lang='lat' dir='ltr'><strong>vos</strong></span> 
     </span>
    </p>
   </div>
   <div class='ocr_carea' id='block_1_44' title="bbox 285 2830 1881 2905">
    <p class='ocr_par' dir='ltr' id='par_1_44' title="bbox 285 2830 1881 2905">
     <span class='ocr_line' id='line_1_44' title="bbox 285 2830 1881 2905; baseline -0.001 -15"><span class='ocrx_word' id='word_1_334' title='bbox 285 2835 381 2905; x_wconf 85' lang='lat' dir='ltr'><strong>qui</strong></span> <span class='ocrx_word' id='word_1_335' title='bbox 416 2830 740 2890; x_wconf 81' lang='lat' dir='ltr'><strong>habitabant</strong></span> <span class='ocrx_word' id='word_1_336' title='bbox 789 2831 1043 2888; x_wconf 81' lang='lat' dir='ltr'><strong>Jerlcho:</strong></span> <span class='ocrx_word' id='word_1_337' title='bbox 1072 2833 1245 2903; x_wconf 68' lang='lat' dir='ltr'><strong>quaeri</strong></span> <span class='ocrx_word' id='word_1_338' title='bbox 1291 2838 1469 2904; x_wconf 82' lang='lat' dir='ltr'><strong>potest</strong></span> <span class='ocrx_word' id='word_1_339' title='bbox 1510 2834 1781 2904; x_wconf 86' lang='lat' dir='ltr'><strong>quomodo</strong></span> <span class='ocrx_word' id='word_1_340' title='bbox 1822 2833 1881 2889; x_wconf 87' lang='lat' dir='ltr'><strong>id</strong></span> 
     </span>
    </p>
   </div>
   <div class='ocr_carea' id='block_1_45' title="bbox 289 2926 1879 2997">
    <p class='ocr_par' dir='ltr' id='par_1_45' title="bbox 289 2926 1879 2997">
     <span class='ocr_line' id='line_1_45' title="bbox 289 2926 1879 2997; baseline -0.006 -9"><span class='ocrx_word' id='word_1_341' title='bbox 289 2945 483 2988; x_wconf 90' lang='lat' dir='ltr'><strong>verum</strong></span> <span class='ocrx_word' id='word_1_342' title='bbox 514 2930 605 2996; x_wconf 90' lang='lat' dir='ltr'><strong>sit,</strong></span> <span class='ocrx_word' id='word_1_343' title='bbox 634 2942 760 2985; x_wconf 86' lang='lat' dir='ltr'><strong>cum</strong></span> <span class='ocrx_word' id='word_1_344' title='bbox 791 2927 993 2983; x_wconf 82' lang='lat' dir='ltr'><strong>clausis</strong></span> <span class='ocrx_word' id='word_1_345' title='bbox 1016 2927 1191 2997; x_wconf 82' lang='lat' dir='ltr'><strong>portis</strong></span> <span class='ocrx_word' id='word_1_346' title='bbox 1234 2940 1295 2982; x_wconf 84' lang='lat' dir='ltr'><strong>se</strong></span> <span class='ocrx_word' id='word_1_347' title='bbox 1337 2940 1621 2982; x_wconf 87' lang='lat' dir='ltr'><strong>murorum</strong></span> <span class='ocrx_word' id='word_1_348' title='bbox 1672 2926 1879 2983; x_wconf 85' lang='lat' dir='ltr'><strong>ambitu</strong></span> 
     </span>
    </p>
   </div>
   <div class='ocr_carea' id='block_1_46' title="bbox 285 3018 1875 3090">
    <p class='ocr_par' dir='ltr' id='par_1_46' title="bbox 285 3018 1875 3090">
     <span class='ocr_line' id='line_1_46' title="bbox 285 3018 1875 3090; baseline -0.004 -10"><span class='ocrx_word' id='word_1_349' title='bbox 285 3022 672 3080; x_wconf 85' lang='lat' dir='ltr'><strong>tantummodo</strong></span> <span class='ocrx_word' id='word_1_350' title='bbox 692 3027 995 3078; x_wconf 82' lang='lat' dir='ltr'><strong>tuerentur.</strong></span> <span class='ocrx_word' id='word_1_351' title='bbox 1039 3018 1149 3076; x_wconf 84' lang='lat' dir='ltr'><strong>Sed</strong></span> <span class='ocrx_word' id='word_1_352' title='bbox 1184 3027 1335 3075; x_wconf 84' lang='lat' dir='ltr'><strong>recte</strong></span> <span class='ocrx_word' id='word_1_353' title='bbox 1372 3018 1578 3075; x_wconf 86' lang='lat' dir='ltr'><strong>dictum</strong></span> <span class='ocrx_word' id='word_1_354' title='bbox 1620 3025 1726 3085; x_wconf 82' lang='lat' dir='ltr'><strong>est,</strong></span> <span class='ocrx_word' id='word_1_355' title='bbox 1750 3019 1875 3090; x_wconf 86' lang='lat' dir='ltr'><strong>quia</strong></span> 
     </span>
    </p>
   </div>
   <div class='ocr_carea' id='block_1_47' title="bbox 284 3108 1879 3182">
    <p class='ocr_par' dir='ltr' id='par_1_47' title="bbox 284 3108 1879 3182">
     <span class='ocr_line' id='line_1_47' title="bbox 284 3108 1879 3182; baseline -0.006 -10"><span class='ocrx_word' id='word_1_356' title='bbox 284 3125 342 3173; x_wconf 91' lang='lat' dir='ltr'><strong>et</strong></span> <span class='ocrx_word' id='word_1_357' title='bbox 368 3115 625 3173; x_wconf 87' lang='lat' dir='ltr'><strong>claudere</strong></span> <span class='ocrx_word' id='word_1_358' title='bbox 648 3110 938 3169; x_wconf 87' lang='lat' dir='ltr'><strong>adversum</strong></span> <span class='ocrx_word' id='word_1_359' title='bbox 964 3112 1177 3168; x_wconf 83' lang='lat' dir='ltr'><strong>hostem</strong></span> <span class='ocrx_word' id='word_1_360' title='bbox 1198 3117 1408 3182; x_wconf 88' lang='lat' dir='ltr'><strong>portas,</strong></span> <span class='ocrx_word' id='word_1_361' title='bbox 1430 3112 1497 3167; x_wconf 91' lang='lat' dir='ltr'><strong>ad</strong></span> <span class='ocrx_word' id='word_1_362' title='bbox 1525 3108 1726 3167; x_wconf 87' lang='lat' dir='ltr'><strong>bellum</strong></span> <span class='ocrx_word' id='word_1_363' title='bbox 1754 3124 1879 3181; x_wconf 89' lang='lat' dir='ltr'><strong>per-</strong></span> 
     </span>
    </p>
   </div>
   <div class='ocr_carea' id='block_1_48' title="bbox 1980 1914 3566 1990">
    <p class='ocr_par' dir='ltr' id='par_1_48' title="bbox 1980 1914 3566 1990">
     <span class='ocr_line' id='line_1_48' title="bbox 1980 1914 3566 1990; baseline 0.006 -21"><span class='ocrx_word' id='word_1_364' title='bbox 1980 1923 2105 1983; x_wconf 65' lang='lat' dir='ltr'><strong>ctus</strong></span> <span class='ocrx_word' id='word_1_365' title='bbox 2126 1915 2251 1970; x_wconf 83' lang='lat' dir='ltr'><strong>est?</strong></span> <span class='ocrx_word' id='word_1_366' title='bbox 2285 1914 2369 1971; x_wconf 80' lang='lat' dir='ltr'><strong>An</strong></span> <span class='ocrx_word' id='word_1_367' title='bbox 2398 1916 2527 1986; x_wconf 82' lang='lat' dir='ltr'><strong>quia</strong></span> <span class='ocrx_word' id='word_1_368' title='bbox 2560 1916 2704 1974; x_wconf 83' lang='lat' dir='ltr'><strong>illius</strong></span> <span class='ocrx_word' id='word_1_369' title='bbox 2732 1919 3009 1979; x_wconf 78' lang='lat' dir='ltr'><strong>sanctitati</strong></span> <span class='ocrx_word' id='word_1_370' title='bbox 3032 1920 3273 1990; x_wconf 81' lang='lat' dir='ltr'><strong>perfecta</strong></span> <span class='ocrx_word' id='word_1_371' title='bbox 3301 1924 3566 1985; x_wconf 85' lang='lat' dir='ltr'><strong>servitute</strong></span> 
     </span>
    </p>
   </div>
   <div class='ocr_carea' id='block_1_49' title="bbox 1980 2006 3565 2083">
    <p class='ocr_par' dir='ltr' id='par_1_49' title="bbox 1980 2006 3565 2083">
     <span class='ocr_line' id='line_1_49' title="bbox 1980 2006 3565 2083; baseline 0.004 -23"><span class='ocrx_word' id='word_1_372' title='bbox 1980 2006 2217 2075; x_wconf 86' lang='lat' dir='ltr'><strong>quodam</strong></span> <span class='ocrx_word' id='word_1_373' title='bbox 2246 2007 2408 2062; x_wconf 92' lang='lat' dir='ltr'><strong>modo</strong></span> <span class='ocrx_word' id='word_1_374' title='bbox 2434 2009 2832 2077; x_wconf 75' lang='lat' dir='ltr'><strong>contemperari</strong></span> <span class='ocrx_word' id='word_1_375' title='bbox 2858 2010 3109 2067; x_wconf 73' lang='lat' dir='ltr'><strong>humanae</strong></span> <span class='ocrx_word' id='word_1_376' title='bbox 3150 2011 3431 2083; x_wconf 83' lang='lat' dir='ltr'><strong>fragilitati</strong></span> <span class='ocrx_word' id='word_1_377' title='bbox 3460 2014 3565 2068; x_wconf 92' lang='lat' dir='ltr'><strong>im-</strong></span> 
     </span>
    </p>
   </div>
   <div class='ocr_carea' id='block_1_50' title="bbox 1979 2096 3566 2176">
    <p class='ocr_par' dir='ltr' id='par_1_50' title="bbox 1979 2096 3566 2176">
     <span class='ocr_line' id='line_1_50' title="bbox 1979 2096 3566 2176; baseline 0.003 -23"><span class='ocrx_word' id='word_1_378' title='bbox 1979 2097 2237 2167; x_wconf 86' lang='lat' dir='ltr'><strong>possibile</strong></span> <span class='ocrx_word' id='word_1_379' title='bbox 2259 2098 2379 2153; x_wconf 84' lang='lat' dir='ltr'><strong>est?</strong></span> <span class='ocrx_word' id='word_1_380' title='bbox 2400 2096 2519 2165; x_wconf 85' lang='lat' dir='ltr'><strong>Quo</strong></span> <span class='ocrx_word' id='word_1_381' title='bbox 2549 2098 2752 2163; x_wconf 88' lang='lat' dir='ltr'><strong>audito,</strong></span> <span class='ocrx_word' id='word_1_382' title='bbox 2776 2098 2865 2154; x_wconf 89' lang='lat' dir='ltr'><strong>isti</strong></span> <span class='ocrx_word' id='word_1_383' title='bbox 2894 2116 3001 2155; x_wconf 89' lang='lat' dir='ltr'><strong>non</strong></span> <span class='ocrx_word' id='word_1_384' title='bbox 3029 2101 3203 2157; x_wconf 90' lang='lat' dir='ltr'><strong>solum</strong></span> <span class='ocrx_word' id='word_1_385' title='bbox 3226 2101 3343 2172; x_wconf 89' lang='lat' dir='ltr'><strong>ejus</strong></span> <span class='ocrx_word' id='word_1_386' title='bbox 3363 2101 3566 2176; x_wconf 75' lang='lat' dir='ltr'><strong>eligere</strong></span> 
     </span>
    </p>
   </div>
   <div class='ocr_carea' id='block_1_51' title="bbox 1977 2187 3565 2263">
    <p class='ocr_par' dir='ltr' id='par_1_51' title="bbox 1977 2187 3565 2263">
     <span class='ocr_line' id='line_1_51' title="bbox 1977 2187 3565 2263; baseline 0.004 -20"><span class='ocrx_word' id='word_1_387' title='bbox 1977 2187 2322 2255; x_wconf 86' lang='lat' dir='ltr'><strong>servitutem,</strong></span> <span class='ocrx_word' id='word_1_388' title='bbox 2337 2188 2431 2245; x_wconf 89' lang='lat' dir='ltr'><strong>sed</strong></span> <span class='ocrx_word' id='word_1_389' title='bbox 2457 2189 2621 2244; x_wconf 86' lang='lat' dir='ltr'><strong>etiam</strong></span> <span class='ocrx_word' id='word_1_390' title='bbox 2641 2189 2708 2244; x_wconf 89' lang='lat' dir='ltr'><strong>de</strong></span> <span class='ocrx_word' id='word_1_391' title='bbox 2729 2188 2998 2258; x_wconf 89' lang='lat' dir='ltr'><strong>adjutorio</strong></span> <span class='ocrx_word' id='word_1_392' title='bbox 3020 2192 3138 2263; x_wconf 86' lang='lat' dir='ltr'><strong>ejus</strong></span> <span class='ocrx_word' id='word_1_393' title='bbox 3166 2200 3223 2248; x_wconf 92' lang='lat' dir='ltr'><strong>et</strong></span> <span class='ocrx_word' id='word_1_394' title='bbox 3249 2194 3565 2250; x_wconf 82' lang='lat' dir='ltr'><strong>misericor-</strong></span> 
     </span>
    </p>
   </div>
   <div class='ocr_carea' id='block_1_52' title="bbox 1976 2269 3567 2356">
    <p class='ocr_par' dir='ltr' id='par_1_52' title="bbox 1976 2269 3567 2356">
     <span class='ocr_line' id='line_1_52' title="bbox 1976 2269 3567 2356; baseline 0.004 -23"><span class='ocrx_word' id='word_1_395' title='bbox 1976 2276 2071 2333; x_wconf 78' lang='lat' dir='ltr'><strong>dia</strong></span> <span class='ocrx_word' id='word_1_396' title='bbox 2090 2292 2423 2347; x_wconf 75' lang='lat' dir='ltr'><strong>prccsumere</strong></span> <span class='ocrx_word' id='word_1_397' title='bbox 2454 2269 2786 2345; x_wconf 81' lang='lat' dir='ltr'><strong>debuerunt;</strong></span> <span class='ocrx_word' id='word_1_398' title='bbox 2821 2295 2983 2350; x_wconf 87' lang='lat' dir='ltr'><strong>quam</strong></span> <span class='ocrx_word' id='word_1_399' title='bbox 3030 2281 3121 2339; x_wconf 90' lang='lat' dir='ltr'><strong>ille</strong></span> <span class='ocrx_word' id='word_1_400' title='bbox 3171 2282 3439 2341; x_wconf 78' lang='lat' dir='ltr'><strong>intellexit</strong></span> <span class='ocrx_word' id='word_1_401' title='bbox 3472 2285 3567 2356; x_wconf 84' lang='lat' dir='ltr'><strong>qui</strong></span> 
     </span>
    </p>
   </div>
   <div class='ocr_carea' id='block_1_53' title="bbox 1980 2367 3569 2445">
    <p class='ocr_par' dir='ltr' id='par_1_53' title="bbox 1980 2367 3569 2445">
     <span class='ocr_line' id='line_1_53' title="bbox 1980 2367 3569 2445; baseline 0.006 -22"><span class='ocrx_word' id='word_1_402' title='bbox 1980 2367 2119 2423; x_wconf 79' lang='lat' dir='ltr'><strong>dixit</strong></span> <span class='ocrx_word' id='word_1_403' title='bbox 2147 2368 2203 2421; x_wconf 90' lang='lat' dir='ltr'><strong>in</strong></span> <span class='ocrx_word' id='word_1_404' title='bbox 2231 2369 2479 2440; x_wconf 79' lang='lat' dir='ltr'><strong>psalmo;</strong></span> <span class='ocrx_word' id='word_1_405' title='bbox 2525 2387 2545 2421; x_wconf 79' lang='grc' dir='ltr'>ι</span> <span class='ocrx_word' id='word_1_406' title='bbox 2589 2369 2669 2426; x_wconf 79' lang='lat' dir='ltr'><strong>Ne</strong></span> <span class='ocrx_word' id='word_1_407' title='bbox 2690 2370 2861 2429; x_wconf 82' lang='lat' dir='ltr'><strong>intres</strong></span> <span class='ocrx_word' id='word_1_408' title='bbox 2882 2372 2938 2427; x_wconf 90' lang='lat' dir='ltr'><strong>in</strong></span> <span class='ocrx_word' id='word_1_409' title='bbox 2962 2373 3228 2445; x_wconf 83' lang='lat' dir='ltr'><strong>judicium</strong></span> <span class='ocrx_word' id='word_1_410' title='bbox 3255 2390 3381 2437; x_wconf 79' lang='lat' dir='ltr'><strong>cum</strong></span> <span class='ocrx_word' id='word_1_411' title='bbox 3408 2391 3569 2435; x_wconf 84' lang='lat' dir='ltr'><strong>servo</strong></span> 
     </span>
    </p>
   </div>
   <div class='ocr_carea' id='block_1_54' title="bbox 1984 2457 3570 2532">
    <p class='ocr_par' dir='ltr' id='par_1_54' title="bbox 1984 2457 3570 2532">
     <span class='ocr_line' id='line_1_54' title="bbox 1984 2457 3570 2532; baseline 0.007 -21"><span class='ocrx_word' id='word_1_412' title='bbox 1984 2476 2005 2510; x_wconf 78' lang='grc' dir='ltr'>ι</span> <span class='ocrx_word' id='word_1_413' title='bbox 2052 2466 2166 2523; x_wconf 86' lang='lat' dir='ltr'><strong>tuo,</strong></span> <span class='ocrx_word' id='word_1_414' title='bbox 2180 2458 2309 2528; x_wconf 87' lang='lat' dir='ltr'><strong>quia</strong></span> <span class='ocrx_word' id='word_1_415' title='bbox 2332 2473 2438 2515; x_wconf 88' lang='lat' dir='ltr'><strong>non</strong></span> <span class='ocrx_word' id='word_1_416' title='bbox 2453 2457 2849 2527; x_wconf 74' lang='lat' dir='ltr'><strong>iustiﬁcabitur</strong></span> <span class='ocrx_word' id='word_1_417' title='bbox 2873 2460 2931 2517; x_wconf 89' lang='lat' dir='ltr'><strong>in</strong></span> <span class='ocrx_word' id='word_1_418' title='bbox 2954 2469 3251 2532; x_wconf 87' lang='lat' dir='ltr'><strong>conspectu</strong></span> <span class='ocrx_word' id='word_1_419' title='bbox 3281 2472 3371 2521; x_wconf 87' lang='lat' dir='ltr'><strong>tuo</strong></span> <span class='ocrx_word' id='word_1_420' title='bbox 3391 2466 3570 2523; x_wconf 88' lang='lat' dir='ltr'><strong>omnis</strong></span> 
     </span>
    </p>
   </div>
   <div class='ocr_carea' id='block_1_55' title="bbox 1980 2550 3571 2630">
    <p class='ocr_par' dir='ltr' id='par_1_55' title="bbox 1980 2550 3571 2630">
     <span class='ocr_line' id='line_1_55' title="bbox 1980 2550 3571 2630; baseline 0.009 -27"><span class='ocrx_word' id='word_1_421' title='bbox 1980 2570 2005 2603; x_wconf 64' lang='lat'><strong>1</strong></span> <span class='ocrx_word' id='word_1_422' title='bbox 2048 2552 2237 2606; x_wconf 84' lang='lat' dir='ltr'><strong>vivens</strong></span> <span class='ocrx_word' id='word_1_423' title='bbox 2273 2550 2449 2622; x_wconf 75' lang='grc' dir='ltr'><strong>(Ρεαι.</strong></span> <span class='ocrx_word' id='word_1_424' title='bbox 2494 2552 2683 2623; x_wconf 68' lang='lat' dir='ltr'><strong>cun).</strong></span> <span class='ocrx_word' id='word_1_425' title='bbox 2732 2573 2754 2609; x_wconf 82' lang='grc'><strong><em>›</em></strong></span> <span class='ocrx_word' id='word_1_426' title='bbox 2796 2552 2891 2610; x_wconf 83' lang='lat' dir='ltr'><strong>Isti</strong></span> <span class='ocrx_word' id='word_1_427' title='bbox 2940 2561 3122 2613; x_wconf 82' lang='lat' dir='ltr'><strong>autem</strong></span> <span class='ocrx_word' id='word_1_428' title='bbox 3170 2557 3237 2613; x_wconf 85' lang='lat' dir='ltr'><strong>de</strong></span> <span class='ocrx_word' id='word_1_429' title='bbox 3280 2572 3344 2619; x_wconf 73' lang='lat' dir='ltr'><strong>se</strong></span> <span class='ocrx_word' id='word_1_430' title='bbox 3388 2559 3571 2630; x_wconf 79' lang='lat' dir='ltr'><strong>potius</strong></span> 
     </span>
    </p>
   </div>
   <div class='ocr_carea' id='block_1_56' title="bbox 1976 2639 3571 2716">
    <p class='ocr_par' dir='ltr' id='par_1_56' title="bbox 1976 2639 3571 2716">
     <span class='ocr_line' id='line_1_56' title="bbox 1976 2639 3571 2716; baseline 0.01 -21"><span class='ocrx_word' id='word_1_431' title='bbox 1976 2656 2309 2712; x_wconf 68' lang='lat' dir='ltr'><strong>praesumere</strong></span> <span class='ocrx_word' id='word_1_432' title='bbox 2330 2642 2673 2712; x_wconf 75' lang='lat' dir='ltr'><strong>delegerunt,</strong></span> <span class='ocrx_word' id='word_1_433' title='bbox 2697 2645 2843 2714; x_wconf 89' lang='lat' dir='ltr'><strong>quod</strong></span> <span class='ocrx_word' id='word_1_434' title='bbox 2870 2644 2987 2702; x_wconf 86' lang='lat' dir='ltr'><strong>Deo</strong></span> <span class='ocrx_word' id='word_1_435' title='bbox 3031 2656 3255 2716; x_wconf 84' lang='lat' dir='ltr'><strong>possent</strong></span> <span class='ocrx_word' id='word_1_436' title='bbox 3295 2639 3415 2707; x_wconf 79' lang='lat' dir='ltr'><strong>sine</strong></span> <span class='ocrx_word' id='word_1_437' title='bbox 3458 2650 3571 2711; x_wconf 77' lang='lat' dir='ltr'><strong>ulla</strong></span> 
     </span>
    </p>
   </div>
   <div class='ocr_carea' id='block_1_57' title="bbox 1976 2736 3571 2811">
    <p class='ocr_par' dir='ltr' id='par_1_57' title="bbox 1976 2736 3571 2811">
     <span class='ocr_line' id='line_1_57' title="bbox 1976 2736 3571 2811; baseline 0.004 -18"><span class='ocrx_word' id='word_1_438' title='bbox 1976 2736 2279 2793; x_wconf 61' lang='lat' dir='ltr'><strong>ofensione</strong></span> <span class='ocrx_word' id='word_1_439' title='bbox 2304 2737 2533 2802; x_wconf 82' lang='lat' dir='ltr'><strong>servire,</strong></span> <span class='ocrx_word' id='word_1_440' title='bbox 2564 2746 2627 2792; x_wconf 88' lang='lat' dir='ltr'><strong>ut</strong></span> <span class='ocrx_word' id='word_1_441' title='bbox 2644 2738 2919 2811; x_wconf 64' lang='lat' dir='ltr'><strong>jamotunc</strong></span> <span class='ocrx_word' id='word_1_442' title='bbox 2959 2738 3267 2808; x_wconf 85' lang='lat' dir='ltr'><strong>inciperent</strong></span> <span class='ocrx_word' id='word_1_443' title='bbox 3311 2741 3456 2811; x_wconf 91' lang='lat' dir='ltr'><strong>quod</strong></span> <span class='ocrx_word' id='word_1_444' title='bbox 3501 2743 3571 2799; x_wconf 83' lang='lat' dir='ltr'><strong>de</strong></span> 
     </span>
    </p>
   </div>
   <div class='ocr_carea' id='block_1_58' title="bbox 1979 2827 3574 2900">
    <p class='ocr_par' dir='ltr' id='par_1_58' title="bbox 1979 2827 3574 2900">
     <span class='ocr_line' id='line_1_58' title="bbox 1979 2827 3574 2900; baseline 0.002 -16"><span class='ocrx_word' id='word_1_445' title='bbox 1979 2828 2089 2884; x_wconf 89' lang='lat' dir='ltr'><strong>illis</strong></span> <span class='ocrx_word' id='word_1_446' title='bbox 2134 2827 2406 2898; x_wconf 77' lang='lat' dir='ltr'><strong>expressit</strong></span> <span class='ocrx_word' id='word_1_447' title='bbox 2445 2827 2739 2899; x_wconf 75' lang='lat' dir='ltr'><strong>Apostolus</strong></span> <span class='ocrx_word' id='word_1_448' title='bbox 2787 2845 2801 2882; x_wconf 88' lang='lat'><strong>:</strong></span> <span class='ocrx_word' id='word_1_449' title='bbox 2856 2846 2876 2881; x_wconf 72' lang='grc' dir='ltr'>ι</span> <span class='ocrx_word' id='word_1_450' title='bbox 2920 2828 3239 2900; x_wconf 86' lang='lat' dir='ltr'><strong>ignorantes</strong></span> <span class='ocrx_word' id='word_1_451' title='bbox 3272 2830 3422 2889; x_wconf 85' lang='lat' dir='ltr'><strong>enim</strong></span> <span class='ocrx_word' id='word_1_452' title='bbox 3470 2830 3574 2891; x_wconf 89' lang='lat' dir='ltr'><strong>Dei</strong></span> 
     </span>
    </p>
   </div>
   <div class='ocr_carea' id='block_1_59' title="bbox 1976 2917 3575 2991">
    <p class='ocr_par' dir='ltr' id='par_1_59' title="bbox 1976 2917 3575 2991">
     <span class='ocr_line' id='line_1_59' title="bbox 1976 2917 3575 2991; baseline 0.004 -19"><span class='ocrx_word' id='word_1_453' title='bbox 1976 2918 2270 2990; x_wconf 79' lang='lat' dir='ltr'><strong>justitiam,</strong></span> <span class='ocrx_word' id='word_1_454' title='bbox 2295 2924 2353 2971; x_wconf 90' lang='lat' dir='ltr'><strong>et</strong></span> <span class='ocrx_word' id='word_1_455' title='bbox 2381 2931 2534 2971; x_wconf 87' lang='lat' dir='ltr'><strong>suam</strong></span> <span class='ocrx_word' id='word_1_456' title='bbox 2563 2917 2808 2973; x_wconf 86' lang='lat' dir='ltr'><strong>volentes</strong></span> <span class='ocrx_word' id='word_1_457' title='bbox 2841 2918 3197 2987; x_wconf 86' lang='lat' dir='ltr'><strong>constituere,</strong></span> <span class='ocrx_word' id='word_1_458' title='bbox 3214 2920 3445 2991; x_wconf 70' lang='lat' dir='ltr'><strong>justitite</strong></span> <span class='ocrx_word' id='word_1_459' title='bbox 3473 2921 3575 2979; x_wconf 88' lang='lat' dir='ltr'><strong>Dei</strong></span> 
     </span>
    </p>
   </div>
   <div class='ocr_carea' id='block_1_60' title="bbox 1979 3004 3569 3079">
    <p class='ocr_par' dir='ltr' id='par_1_60' title="bbox 1979 3004 3569 3079">
     <span class='ocr_line' id='line_1_60' title="bbox 1979 3004 3569 3079; baseline 0.003 -16"><span class='ocrx_word' id='word_1_460' title='bbox 1979 3023 2088 3063; x_wconf 86' lang='lat' dir='ltr'><strong>non</strong></span> <span class='ocrx_word' id='word_1_461' title='bbox 2121 3016 2249 3063; x_wconf 88' lang='lat' dir='ltr'><strong>sunt</strong></span> <span class='ocrx_word' id='word_1_462' title='bbox 2280 3005 2509 3076; x_wconf 84' lang='lat' dir='ltr'><strong>subjecti</strong></span> <span class='ocrx_word' id='word_1_463' title='bbox 2559 3005 2739 3078; x_wconf 87' lang='lat' dir='ltr'><strong>(Rom.</strong></span> <span class='ocrx_word' id='word_1_464' title='bbox 2770 3004 2849 3079; x_wconf 71' lang='grc' dir='ltr'><strong>ι).</strong></span> <span class='ocrx_word' id='word_1_465' title='bbox 2885 3029 2907 3062; x_wconf 71' lang='grc' dir='ltr'><strong><em>ι</em></strong></span> <span class='ocrx_word' id='word_1_466' title='bbox 2945 3008 3027 3065; x_wconf 84' lang='lat' dir='ltr'><strong>[ta</strong></span> <span class='ocrx_word' id='word_1_467' title='bbox 3065 3009 3148 3068; x_wconf 90' lang='lat' dir='ltr'><strong>eis</strong></span> <span class='ocrx_word' id='word_1_468' title='bbox 3167 3009 3287 3079; x_wconf 87' lang='lat' dir='ltr'><strong>jam</strong></span> <span class='ocrx_word' id='word_1_469' title='bbox 3315 3011 3403 3071; x_wconf 80' lang='lat' dir='ltr'><strong>lex</strong></span> <span class='ocrx_word' id='word_1_470' title='bbox 3437 3012 3569 3069; x_wconf 89' lang='lat' dir='ltr'><strong>sub-</strong></span> 
     </span>
    </p>
   </div>
   <div class='ocr_carea' id='block_1_61' title="bbox 1980 3097 3569 3174">
    <p class='ocr_par' dir='ltr' id='par_1_61' title="bbox 1980 3097 3569 3174">
     <span class='ocr_line' id='line_1_61' title="bbox 1980 3097 3569 3174; baseline 0.004 -22"><span class='ocrx_word' id='word_1_471' title='bbox 1980 3097 2243 3164; x_wconf 83' lang='lat' dir='ltr'><strong>intrabat,</strong></span> <span class='ocrx_word' id='word_1_472' title='bbox 2271 3105 2332 3153; x_wconf 88' lang='lat' dir='ltr'><strong>ut</strong></span> <span class='ocrx_word' id='word_1_473' title='bbox 2381 3097 2686 3155; x_wconf 84' lang='lat' dir='ltr'><strong>abundaret</strong></span> <span class='ocrx_word' id='word_1_474' title='bbox 2730 3097 3007 3167; x_wconf 89' lang='lat' dir='ltr'><strong>delictum,</strong></span> <span class='ocrx_word' id='word_1_475' title='bbox 3039 3108 3099 3155; x_wconf 88' lang='lat' dir='ltr'><strong>et-</strong></span> <span class='ocrx_word' id='word_1_476' title='bbox 3140 3109 3329 3172; x_wconf 89' lang='lat' dir='ltr'><strong>postea</strong></span> <span class='ocrx_word' id='word_1_477' title='bbox 3374 3117 3569 3174; x_wconf 88' lang='lat' dir='ltr'><strong>super-</strong></span> 
     </span>
    </p>
   </div>
   <div class='ocr_carea' id='block_1_62' title="bbox 286 3162 3573 3277">
    <p class='ocr_par' dir='ltr' id='par_1_62' title="bbox 286 3162 3573 3277">
     <span class='ocr_line' id='line_1_62' title="bbox 286 3162 3573 3277; baseline -0.002 -22"><span class='ocrx_word' id='word_1_478' title='bbox 286 3210 447 3277; x_wconf 69' lang='grc' dir='ltr'><strong>ιίηθι,</strong></span> <span class='ocrx_word' id='word_1_479' title='bbox 472 3222 581 3264; x_wconf 76' lang='lat' dir='ltr'><strong>non</strong></span> <span class='ocrx_word' id='word_1_480' title='bbox 609 3207 755 3264; x_wconf 74' lang='lat' dir='ltr'><strong>enim</strong></span> <span class='ocrx_word' id='word_1_481' title='bbox 793 3206 1064 3263; x_wconf 68' lang='lat' dir='ltr'><strong>miserum</strong></span> <span class='ocrx_word' id='word_1_482' title='bbox 1106 3162 1316 3277; x_wconf 61' lang='lat' dir='ltr'><strong>tegng</strong></span> <span class='ocrx_word' id='word_1_483' title='bbox 1347 3162 1439 3276; x_wconf 51' lang='lat' dir='ltr'><strong>qni</strong></span> <span class='ocrx_word' id='word_1_484' title='bbox 1463 3162 1878 3273; x_wconf 56' lang='lat' dir='ltr'><strong>poscerentrpa-</strong></span> <span class='ocrx_word' id='word_1_485' title='bbox 1906 3162 1952 3226; x_wconf 66' lang='grc' dir='ltr'><strong>δ</strong></span> <span class='ocrx_word' id='word_1_486' title='bbox 1984 3188 2287 3245; x_wconf 84' lang='lat' dir='ltr'><strong>abundaret</strong></span> <span class='ocrx_word' id='word_1_487' title='bbox 2321 3189 2499 3259; x_wconf 84' lang='lat' dir='ltr'><strong>gratia</strong></span> <span class='ocrx_word' id='word_1_488' title='bbox 2536 3203 2637 3259; x_wconf 88' lang='lat' dir='ltr'><strong>per</strong></span> <span class='ocrx_word' id='word_1_489' title='bbox 2663 3189 2953 3249; x_wconf 88' lang='lat' dir='ltr'><strong>Dominum</strong></span> <span class='ocrx_word' id='word_1_490' title='bbox 2979 3162 3274 3258; x_wconf 72' lang='lat' dir='ltr'><strong>Christum,</strong></span> <span class='ocrx_word' id='word_1_491' title='bbox 3304 3194 3399 3265; x_wconf 81' lang='lat' dir='ltr'><strong>qui</strong></span> 
     </span>
    </p>
   </div>
   <div class='ocr_carea' id='block_1_63' title="bbox 285 3294 1882 3369">
    <p class='ocr_par' dir='ltr' id='par_1_63' title="bbox 285 3294 1882 3369">
     <span class='ocr_line' id='line_1_63' title="bbox 285 3294 1882 3369; baseline -0.008 -10"><span class='ocrx_word' id='word_1_492' title='bbox 285 3316 429 3359; x_wconf 83' lang='lat' dir='ltr'><strong>cem.</strong></span> <span class='ocrx_word' id='word_1_493' title='bbox 459 3298 616 3357; x_wconf 85' lang='lat' dir='ltr'><strong>Unde</strong></span> <span class='ocrx_word' id='word_1_494' title='bbox 657 3299 706 3356; x_wconf 89' lang='lat' dir='ltr'><strong>si</strong></span> <span class='ocrx_word' id='word_1_495' title='bbox 734 3297 943 3355; x_wconf 87' lang='lat' dir='ltr'><strong>dictum</strong></span> <span class='ocrx_word' id='word_1_496' title='bbox 958 3305 1105 3354; x_wconf 88' lang='lat' dir='ltr'><strong>esset</strong></span> <span class='ocrx_word' id='word_1_497' title='bbox 1131 3312 1147 3352; x_wconf 88' lang='lat'><strong>:</strong></span> <span class='ocrx_word' id='word_1_498' title='bbox 1172 3296 1560 3369; x_wconf 87' lang='lat' dir='ltr'><strong>Pugnaverunt</strong></span> <span class='ocrx_word' id='word_1_499' title='bbox 1593 3294 1882 3351; x_wconf 89' lang='lat' dir='ltr'><strong>adversum</strong></span> 
     </span>
    </p>
   </div>
   <div class='ocr_carea' id='block_1_64' title="bbox 286 3384 1881 3460">
    <p class='ocr_par' dir='ltr' id='par_1_64' title="bbox 286 3384 1881 3460">
     <span class='ocr_line' id='line_1_64' title="bbox 286 3384 1881 3460; baseline -0.006 -12"><span class='ocrx_word' id='word_1_500' title='bbox 286 3406 416 3455; x_wconf 89' lang='lat' dir='ltr'><strong>vos,</strong></span> <span class='ocrx_word' id='word_1_501' title='bbox 467 3388 663 3445; x_wconf 74' lang='lat' dir='ltr'><strong>falstrm</strong></span> <span class='ocrx_word' id='word_1_502' title='bbox 709 3396 893 3455; x_wconf 87' lang='lat' dir='ltr'><strong>esset,</strong></span> <span class='ocrx_word' id='word_1_503' title='bbox 934 3402 1111 3460; x_wconf 91' lang='lat' dir='ltr'><strong>neque</strong></span> <span class='ocrx_word' id='word_1_504' title='bbox 1154 3387 1298 3444; x_wconf 89' lang='lat' dir='ltr'><strong>enim</strong></span> <span class='ocrx_word' id='word_1_505' title='bbox 1344 3385 1545 3443; x_wconf 87' lang='lat' dir='ltr'><strong>bellum</strong></span> <span class='ocrx_word' id='word_1_506' title='bbox 1597 3384 1881 3442; x_wconf 83' lang='lat' dir='ltr'><strong>continuas</strong></span> 
     </span>
    </p>
   </div>
   <div class='ocr_carea' id='block_1_65' title="bbox 208 3476 1881 3557">
    <p class='ocr_par' dir='ltr' id='par_1_65' title="bbox 208 3476 1881 3557">
     <span class='ocr_line' id='line_1_65' title="bbox 208 3476 1881 3557; baseline -0.005 -19"><span class='ocrx_word' id='word_1_507' title='bbox 208 3508 219 3517; x_wconf 92' lang='lat'><strong><em>-</em></strong></span> <span class='ocrx_word' id='word_1_508' title='bbox 285 3494 501 3557; x_wconf 86' lang='lat' dir='ltr'><strong>pugnas</strong></span> <span class='ocrx_word' id='word_1_509' title='bbox 544 3480 751 3546; x_wconf 83' lang='lat' dir='ltr'><strong>habet,</strong></span> <span class='ocrx_word' id='word_1_510' title='bbox 797 3480 892 3535; x_wconf 88' lang='lat' dir='ltr'><strong>sed</strong></span> <span class='ocrx_word' id='word_1_511' title='bbox 947 3478 1239 3548; x_wconf 86' lang='lat' dir='ltr'><strong>aliquando</strong></span> <span class='ocrx_word' id='word_1_512' title='bbox 1282 3479 1531 3543; x_wconf 88' lang='lat' dir='ltr'><strong>crebras,</strong></span> <span class='ocrx_word' id='word_1_513' title='bbox 1590 3476 1881 3547; x_wconf 84' lang='lat' dir='ltr'><strong>aliquando</strong></span> 
     </span>
    </p>
   </div>
   <div class='ocr_carea' id='block_1_66' title="bbox 287 3565 1882 3639">
    <p class='ocr_par' dir='ltr' id='par_1_66' title="bbox 287 3565 1882 3639">
     <span class='ocr_line' id='line_1_66' title="bbox 287 3565 1882 3639; baseline -0.005 -12"><span class='ocrx_word' id='word_1_514' title='bbox 287 3584 482 3637; x_wconf 78' lang='lat' dir='ltr'><strong>raras,</strong></span> <span class='ocrx_word' id='word_1_515' title='bbox 513 3567 808 3639; x_wconf 83' lang='lat' dir='ltr'><strong>aliquando</strong></span> <span class='ocrx_word' id='word_1_516' title='bbox 849 3566 1043 3623; x_wconf 87' lang='lat' dir='ltr'><strong>nullas.</strong></span> <span class='ocrx_word' id='word_1_517' title='bbox 1092 3566 1304 3623; x_wconf 84' lang='lat' dir='ltr'><strong>Bellum</strong></span> <span class='ocrx_word' id='word_1_518' title='bbox 1346 3574 1429 3622; x_wconf 88' lang='lat' dir='ltr'><strong>est</strong></span> <span class='ocrx_word' id='word_1_519' title='bbox 1455 3575 1635 3621; x_wconf 87' lang='lat' dir='ltr'><strong>tamen</strong></span> <span class='ocrx_word' id='word_1_520' title='bbox 1663 3565 1882 3637; x_wconf 81' lang='lat' dir='ltr'><strong>quando</strong></span> 
     </span>
    </p>
   </div>
   <div class='ocr_carea' id='block_1_67' title="bbox 284 3658 1349 3737">
    <p class='ocr_par' dir='ltr' id='par_1_67' title="bbox 284 3658 1349 3737">
     <span class='ocr_line' id='line_1_67' title="bbox 284 3658 1349 3737; baseline -0.008 -15"><span class='ocrx_word' id='word_1_521' title='bbox 284 3670 380 3722; x_wconf 88' lang='lat' dir='ltr'><strong>est</strong></span> <span class='ocrx_word' id='word_1_522' title='bbox 404 3659 805 3737; x_wconf 88' lang='lat' dir='ltr'><strong>quodammodo</strong></span> <span class='ocrx_word' id='word_1_523' title='bbox 823 3666 1033 3715; x_wconf 86' lang='lat' dir='ltr'><strong>armata</strong></span> <span class='ocrx_word' id='word_1_524' title='bbox 1061 3658 1349 3717; x_wconf 88' lang='lat' dir='ltr'><strong>dissensio.</strong></span> 
     </span>
    </p>
   </div>
   <div class='ocr_carea' id='block_1_68' title="bbox 365 3748 1879 3831">
    <p class='ocr_par' dir='ltr' id='par_1_68' title="bbox 365 3748 1879 3831">
     <span class='ocr_line' id='line_1_68' title="bbox 365 3748 1879 3831; baseline -0.007 -19"><span class='ocrx_word' id='word_1_525' title='bbox 365 3755 544 3831; x_wconf 71' lang='grc' dir='ltr'><strong>(ιω.)</strong></span> <span class='ocrx_word' id='word_1_526' title='bbox 585 3772 608 3807; x_wconf 76' lang='grc' dir='ltr'><strong><em>ι</em></strong></span> <span class='ocrx_word' id='word_1_527' title='bbox 642 3751 880 3824; x_wconf 65' lang='lat' dir='ltr'><strong>lusique</strong></span> <span class='ocrx_word' id='word_1_528' title='bbox 903 3758 1032 3807; x_wconf 87' lang='lat' dir='ltr'><strong>ante</strong></span> <span class='ocrx_word' id='word_1_529' title='bbox 1058 3765 1158 3808; x_wconf 91' lang='lat' dir='ltr'><strong>vos</strong></span> <span class='ocrx_word' id='word_1_530' title='bbox 1182 3751 1513 3817; x_wconf 86' lang='lat' dir='ltr'><strong>crabrones,</strong></span> <span class='ocrx_word' id='word_1_531' title='bbox 1540 3756 1598 3806; x_wconf 90' lang='lat' dir='ltr'><strong>et</strong></span> <span class='ocrx_word' id='word_1_532' title='bbox 1621 3748 1757 3823; x_wconf 84' lang='lat' dir='ltr'><strong>ejeci</strong></span> <span class='ocrx_word' id='word_1_533' title='bbox 1783 3762 1879 3804; x_wconf 88' lang='lat' dir='ltr'><strong>eos</strong></span> 
     </span>
    </p>
   </div>
   <div class='ocr_carea' id='block_1_69' title="bbox 292 3842 1883 3914">
    <p class='ocr_par' dir='ltr' id='par_1_69' title="bbox 292 3842 1883 3914">
     <span class='ocr_line' id='line_1_69' title="bbox 292 3842 1883 3914; baseline -0.006 -11"><span class='ocrx_word' id='word_1_534' title='bbox 292 3865 320 3903; x_wconf 69' lang='grc' dir='ltr'>ι</span> <span class='ocrx_word' id='word_1_535' title='bbox 365 3848 435 3905; x_wconf 85' lang='lat' dir='ltr'><strong>de</strong></span> <span class='ocrx_word' id='word_1_536' title='bbox 456 3845 592 3902; x_wconf 90' lang='lat' dir='ltr'><strong>locis</strong></span> <span class='ocrx_word' id='word_1_537' title='bbox 615 3845 747 3910; x_wconf 88' lang='lat' dir='ltr'><strong>suis,</strong></span> <span class='ocrx_word' id='word_1_538' title='bbox 781 3845 1025 3913; x_wconf 89' lang='lat' dir='ltr'><strong>duosque</strong></span> <span class='ocrx_word' id='word_1_539' title='bbox 1068 3857 1230 3914; x_wconf 81' lang='lat' dir='ltr'><strong>reges</strong></span> <span class='ocrx_word' id='word_1_540' title='bbox 1264 3842 1740 3906; x_wconf 72' lang='lat' dir='ltr'><strong>Amorrhteorum,</strong></span> <span class='ocrx_word' id='word_1_541' title='bbox 1773 3853 1883 3894; x_wconf 90' lang='lat' dir='ltr'><strong>non</strong></span> 
     </span>
    </p>
   </div>
   <div class='ocr_carea' id='block_1_70' title="bbox 296 3930 1885 4009">
    <p class='ocr_par' dir='ltr' id='par_1_70' title="bbox 296 3930 1885 4009">
     <span class='ocr_line' id='line_1_70' title="bbox 296 3930 1885 4009; baseline -0.006 -17"><span class='ocrx_word' id='word_1_542' title='bbox 296 3957 320 3992; x_wconf 76' lang='grc' dir='ltr'>ι</span> <span class='ocrx_word' id='word_1_543' title='bbox 364 3938 421 3996; x_wconf 91' lang='lat' dir='ltr'><strong>in</strong></span> <span class='ocrx_word' id='word_1_544' title='bbox 446 3936 624 4009; x_wconf 88' lang='lat' dir='ltr'><strong>gladio</strong></span> <span class='ocrx_word' id='word_1_545' title='bbox 653 3943 711 3991; x_wconf 89' lang='lat' dir='ltr'><strong>et</strong></span> <span class='ocrx_word' id='word_1_546' title='bbox 746 3949 878 3989; x_wconf 86' lang='lat' dir='ltr'><strong>arcu</strong></span> <span class='ocrx_word' id='word_1_547' title='bbox 914 3941 1011 3990; x_wconf 90' lang='lat' dir='ltr'><strong>tuo</strong></span> <span class='ocrx_word' id='word_1_548' title='bbox 1051 3947 1067 3987; x_wconf 89' lang='lat'><strong>:</strong></span> <span class='ocrx_word' id='word_1_549' title='bbox 1106 3932 1340 4003; x_wconf 87' lang='lat' dir='ltr'><strong>dedique</strong></span> <span class='ocrx_word' id='word_1_550' title='bbox 1381 3931 1538 3989; x_wconf 87' lang='lat' dir='ltr'><strong>vobis</strong></span> <span class='ocrx_word' id='word_1_551' title='bbox 1580 3939 1784 3986; x_wconf 87' lang='lat' dir='ltr'><strong>terram</strong></span> <span class='ocrx_word' id='word_1_552' title='bbox 1825 3930 1885 3983; x_wconf 91' lang='lat' dir='ltr'><strong>in</strong></span> 
     </span>
    </p>
   </div>
   <div class='ocr_carea' id='block_1_71' title="bbox 296 4022 1879 4100">
    <p class='ocr_par' dir='ltr' id='par_1_71' title="bbox 296 4022 1879 4100">
     <span class='ocr_line' id='line_1_71' title="bbox 296 4022 1879 4100; baseline -0.005 -17"><span class='ocrx_word' id='word_1_553' title='bbox 296 4047 321 4083; x_wconf 73' lang='grc' dir='ltr'><strong>ι</strong></span> <span class='ocrx_word' id='word_1_554' title='bbox 365 4045 476 4100; x_wconf 87' lang='lat' dir='ltr'><strong>qua</strong></span> <span class='ocrx_word' id='word_1_555' title='bbox 513 4041 622 4082; x_wconf 91' lang='lat' dir='ltr'><strong>non</strong></span> <span class='ocrx_word' id='word_1_556' title='bbox 646 4025 956 4091; x_wconf 85' lang='lat' dir='ltr'><strong>laborastis,</strong></span> <span class='ocrx_word' id='word_1_557' title='bbox 977 4032 1033 4081; x_wconf 90' lang='lat' dir='ltr'><strong>et</strong></span> <span class='ocrx_word' id='word_1_558' title='bbox 1056 4023 1221 4080; x_wconf 87' lang='lat' dir='ltr'><strong>urbes</strong></span> <span class='ocrx_word' id='word_1_559' title='bbox 1251 4039 1405 4095; x_wconf 70' lang='lat' dir='ltr'><strong>quas</strong></span> <span class='ocrx_word' id='word_1_560' title='bbox 1417 4039 1526 4079; x_wconf 91' lang='lat' dir='ltr'><strong>non</strong></span> <span class='ocrx_word' id='word_1_561' title='bbox 1549 4022 1879 4089; x_wconf 77' lang='lat' dir='ltr'><strong>aediﬁcastis,</strong></span> 
     </span>
    </p>
   </div>
   <div class='ocr_carea' id='block_1_72' title="bbox 294 4113 1883 4183">
    <p class='ocr_par' dir='ltr' id='par_1_72' title="bbox 294 4113 1883 4183">
     <span class='ocr_line' id='line_1_72' title="bbox 294 4113 1883 4183; baseline -0.004 -11"><span class='ocrx_word' id='word_1_562' title='bbox 294 4136 320 4172; x_wconf 70' lang='grc' dir='ltr'><strong><em>ι</em></strong></span> <span class='ocrx_word' id='word_1_563' title='bbox 366 4128 431 4174; x_wconf 91' lang='lat' dir='ltr'><strong>ut</strong></span> <span class='ocrx_word' id='word_1_564' title='bbox 451 4116 775 4173; x_wconf 89' lang='lat' dir='ltr'><strong>habitaretis</strong></span> <span class='ocrx_word' id='word_1_565' title='bbox 808 4115 867 4171; x_wconf 84' lang='lat' dir='ltr'><strong>in</strong></span> <span class='ocrx_word' id='word_1_566' title='bbox 890 4115 1005 4182; x_wconf 91' lang='lat' dir='ltr'><strong>eis,</strong></span> <span class='ocrx_word' id='word_1_567' title='bbox 1036 4114 1224 4171; x_wconf 84' lang='lat' dir='ltr'><strong>vineas</strong></span> <span class='ocrx_word' id='word_1_568' title='bbox 1270 4122 1327 4170; x_wconf 86' lang='lat' dir='ltr'><strong>et</strong></span> <span class='ocrx_word' id='word_1_569' title='bbox 1373 4113 1570 4170; x_wconf 87' lang='lat' dir='ltr'><strong>oliveta</strong></span> <span class='ocrx_word' id='word_1_570' title='bbox 1612 4126 1733 4183; x_wconf 70' lang='lat' dir='ltr'><strong>quae</strong></span> <span class='ocrx_word' id='word_1_571' title='bbox 1773 4127 1883 4167; x_wconf 91' lang='lat' dir='ltr'><strong>non</strong></span> 
     </span>
    </p>
   </div>
   <div class='ocr_carea' id='block_1_73' title="bbox 297 4206 1884 4284">
    <p class='ocr_par' dir='ltr' id='par_1_73' title="bbox 297 4206 1884 4284">
     <span class='ocr_line' id='line_1_73' title="bbox 297 4206 1884 4284; baseline -0.006 -16"><span class='ocrx_word' id='word_1_572' title='bbox 297 4230 321 4268; x_wconf 70' lang='grc' dir='ltr'>ι</span> <span class='ocrx_word' id='word_1_573' title='bbox 364 4211 676 4284; x_wconf 87' lang='lat' dir='ltr'><strong>plantastls,</strong></span> <span class='ocrx_word' id='word_1_574' title='bbox 706 4228 727 4263; x_wconf 74' lang='grc' dir='ltr'><strong><em>ι</em></strong></span> <span class='ocrx_word' id='word_1_575' title='bbox 770 4217 826 4266; x_wconf 91' lang='lat' dir='ltr'><strong>et</strong></span> <span class='ocrx_word' id='word_1_576' title='bbox 843 4208 1073 4280; x_wconf 88' lang='lat' dir='ltr'><strong>reliqua.</strong></span> <span class='ocrx_word' id='word_1_577' title='bbox 1093 4207 1230 4276; x_wconf 84' lang='lat' dir='ltr'><strong>Quid</strong></span> <span class='ocrx_word' id='word_1_578' title='bbox 1251 4215 1337 4264; x_wconf 88' lang='lat' dir='ltr'><strong>est</strong></span> <span class='ocrx_word' id='word_1_579' title='bbox 1355 4206 1498 4277; x_wconf 89' lang='lat' dir='ltr'><strong>quod</strong></span> <span class='ocrx_word' id='word_1_580' title='bbox 1518 4206 1664 4261; x_wconf 88' lang='lat' dir='ltr'><strong>inter</strong></span> <span class='ocrx_word' id='word_1_581' title='bbox 1687 4212 1884 4261; x_wconf 54' lang='lat' dir='ltr'><strong>caetera</strong></span> 
     </span>
    </p>
   </div>
   <div class='ocr_carea' id='block_1_74' title="bbox 291 4297 1884 4379">
    <p class='ocr_par' dir='ltr' id='par_1_74' title="bbox 291 4297 1884 4379">
     <span class='ocr_line' id='line_1_74' title="bbox 291 4297 1884 4379; baseline -0.006 -17"><span class='ocrx_word' id='word_1_582' title='bbox 291 4320 419 4379; x_wconf 65' lang='lat' dir='ltr'><strong>quas</strong></span> <span class='ocrx_word' id='word_1_583' title='bbox 458 4303 617 4361; x_wconf 79' lang='lat' dir='ltr'><strong>Jesus</strong></span> <span class='ocrx_word' id='word_1_584' title='bbox 658 4302 810 4359; x_wconf 85' lang='lat' dir='ltr'><strong>Nave</strong></span> <span class='ocrx_word' id='word_1_585' title='bbox 857 4317 989 4373; x_wconf 86' lang='lat' dir='ltr'><strong>erga</strong></span> <span class='ocrx_word' id='word_1_586' title='bbox 1033 4300 1311 4358; x_wconf 89' lang='lat' dir='ltr'><strong>Israelitas</strong></span> <span class='ocrx_word' id='word_1_587' title='bbox 1358 4299 1651 4356; x_wconf 87' lang='lat' dir='ltr'><strong>Dominum</strong></span> <span class='ocrx_word' id='word_1_588' title='bbox 1686 4297 1884 4355; x_wconf 83' lang='lat' dir='ltr'><strong>fecisse</strong></span> 
     </span>
    </p>
   </div>
   <div class='ocr_carea' id='block_1_75' title="bbox 291 4391 1885 4465">
    <p class='ocr_par' dir='ltr' id='par_1_75' title="bbox 291 4391 1885 4465">
     <span class='ocr_line' id='line_1_75' title="bbox 291 4391 1885 4465; baseline -0.004 -10"><span class='ocrx_word' id='word_1_589' title='bbox 291 4402 710 4464; x_wconf 88' lang='lat' dir='ltr'><strong>commemorat,</strong></span> <span class='ocrx_word' id='word_1_590' title='bbox 732 4394 865 4452; x_wconf 88' lang='lat' dir='ltr'><strong>dicit</strong></span> <span class='ocrx_word' id='word_1_591' title='bbox 896 4413 909 4449; x_wconf 90' lang='lat'><strong>:</strong></span> <span class='ocrx_word' id='word_1_592' title='bbox 952 4393 1099 4450; x_wconf 79' lang='lat' dir='ltr'><strong>Misit</strong></span> <span class='ocrx_word' id='word_1_593' title='bbox 1130 4402 1257 4452; x_wconf 87' lang='lat' dir='ltr'><strong>ante</strong></span> <span class='ocrx_word' id='word_1_594' title='bbox 1283 4410 1380 4451; x_wconf 91' lang='lat' dir='ltr'><strong>vos</strong></span> <span class='ocrx_word' id='word_1_595' title='bbox 1409 4408 1603 4465; x_wconf 87' lang='lat' dir='ltr'><strong>vespas</strong></span> <span class='ocrx_word' id='word_1_596' title='bbox 1630 4401 1685 4448; x_wconf 91' lang='lat' dir='ltr'><strong>et</strong></span> <span class='ocrx_word' id='word_1_597' title='bbox 1723 4391 1885 4462; x_wconf 88' lang='lat' dir='ltr'><strong>ejecit</strong></span> 
     </span>
    </p>
   </div>
   <div class='ocr_carea' id='block_1_76' title="bbox 1980 3281 3572 3358">
    <p class='ocr_par' dir='ltr' id='par_1_76' title="bbox 1980 3281 3572 3358">
     <span class='ocr_line' id='line_1_76' title="bbox 1980 3281 3572 3358; baseline 0.004 -20"><span class='ocrx_word' id='word_1_598' title='bbox 1980 3289 2070 3338; x_wconf 86' lang='lat' dir='ltr'><strong>est</strong></span> <span class='ocrx_word' id='word_1_599' title='bbox 2088 3281 2225 3351; x_wconf 81' lang='lat' dir='ltr'><strong>legis</strong></span> <span class='ocrx_word' id='word_1_600' title='bbox 2249 3281 2319 3336; x_wconf 88' lang='lat' dir='ltr'><strong>ad</strong></span> <span class='ocrx_word' id='word_1_601' title='bbox 2336 3281 2605 3352; x_wconf 86' lang='lat' dir='ltr'><strong>justitiam</strong></span> <span class='ocrx_word' id='word_1_602' title='bbox 2623 3284 2773 3338; x_wconf 88' lang='lat' dir='ltr'><strong>omni</strong></span> <span class='ocrx_word' id='word_1_603' title='bbox 2794 3282 3057 3340; x_wconf 88' lang='lat' dir='ltr'><strong>credenti.</strong></span> <span class='ocrx_word' id='word_1_604' title='bbox 3087 3285 3265 3358; x_wconf 76' lang='grc' dir='ltr'><strong>(Ιιηο.)</strong></span> <span class='ocrx_word' id='word_1_605' title='bbox 3298 3305 3318 3337; x_wconf 73' lang='grc' dir='ltr'>ι</span> <span class='ocrx_word' id='word_1_606' title='bbox 3356 3286 3572 3356; x_wconf 87' lang='lat' dir='ltr'><strong>Testes,</strong></span> 
     </span>
    </p>
   </div>
   <div class='ocr_carea' id='block_1_77' title="bbox 1990 3372 3573 3447">
    <p class='ocr_par' dir='ltr' id='par_1_77' title="bbox 1990 3372 3573 3447">
     <span class='ocr_line' id='line_1_77' title="bbox 1990 3372 3573 3447; baseline 0.006 -23"><span class='ocrx_word' id='word_1_607' title='bbox 1990 3390 2009 3424; x_wconf 76' lang='grc' dir='ltr'>ι</span> <span class='ocrx_word' id='word_1_608' title='bbox 2053 3373 2252 3443; x_wconf 84' lang='lat' dir='ltr'><strong>inquit,</strong></span> <span class='ocrx_word' id='word_1_609' title='bbox 2284 3386 2380 3426; x_wconf 89' lang='lat' dir='ltr'><strong>vos</strong></span> <span class='ocrx_word' id='word_1_610' title='bbox 2408 3372 2563 3441; x_wconf 86' lang='lat' dir='ltr'><strong>estis,</strong></span> <span class='ocrx_word' id='word_1_611' title='bbox 2594 3374 2725 3443; x_wconf 83' lang='lat' dir='ltr'><strong>quia</strong></span> <span class='ocrx_word' id='word_1_612' title='bbox 2759 3374 2864 3444; x_wconf 87' lang='lat' dir='ltr'><strong>ipsi</strong></span> <span class='ocrx_word' id='word_1_613' title='bbox 2901 3376 3057 3433; x_wconf 89' lang='lat' dir='ltr'><strong>vobis</strong></span> <span class='ocrx_word' id='word_1_614' title='bbox 3084 3376 3359 3447; x_wconf 83' lang='lat' dir='ltr'><strong>elegeritis</strong></span> <span class='ocrx_word' id='word_1_615' title='bbox 3388 3377 3573 3435; x_wconf 88' lang='lat' dir='ltr'><strong>Domi-</strong></span> 
     </span>
    </p>
   </div>
   <div class='ocr_carea' id='block_1_78' title="bbox 1989 3467 3573 3538">
    <p class='ocr_par' dir='ltr' id='par_1_78' title="bbox 1989 3467 3573 3538">
     <span class='ocr_line' id='line_1_78' title="bbox 1989 3467 3573 3538; baseline 0.006 -21"><span class='ocrx_word' id='word_1_616' title='bbox 1989 3485 2008 3517; x_wconf 73' lang='grc' dir='ltr'>ι</span> <span class='ocrx_word' id='word_1_617' title='bbox 2056 3484 2185 3522; x_wconf 88' lang='lat' dir='ltr'><strong>num</strong></span> <span class='ocrx_word' id='word_1_618' title='bbox 2233 3476 2295 3521; x_wconf 89' lang='lat' dir='ltr'><strong>ut</strong></span> <span class='ocrx_word' id='word_1_619' title='bbox 2342 3467 2594 3522; x_wconf 86' lang='lat' dir='ltr'><strong>serviatis</strong></span> <span class='ocrx_word' id='word_1_620' title='bbox 2647 3467 2718 3523; x_wconf 86' lang='lat' dir='ltr'><strong>ei.</strong></span> <span class='ocrx_word' id='word_1_621' title='bbox 2765 3467 3322 3538; x_wconf 80' lang='lat' dir='ltr'><strong>Responderuntque,</strong></span> <span class='ocrx_word' id='word_1_622' title='bbox 3362 3471 3573 3531; x_wconf 78' lang='lat' dir='ltr'><strong>Testes.</strong></span> 
     </span>
    </p>
   </div>
   <div class='ocr_carea' id='block_1_79' title="bbox 1989 3556 3571 3626">
    <p class='ocr_par' dir='ltr' id='par_1_79' title="bbox 1989 3556 3571 3626">
     <span class='ocr_line' id='line_1_79' title="bbox 1989 3556 3571 3626; baseline 0.006 -18"><span class='ocrx_word' id='word_1_623' title='bbox 1989 3575 2008 3608; x_wconf 74' lang='grc' dir='ltr'>ι</span> <span class='ocrx_word' id='word_1_624' title='bbox 2054 3557 2209 3610; x_wconf 84' lang='lat' dir='ltr'><strong>Nunc</strong></span> <span class='ocrx_word' id='word_1_625' title='bbox 2234 3572 2385 3626; x_wconf 81' lang='lat' dir='ltr'><strong>ergo,</strong></span> <span class='ocrx_word' id='word_1_626' title='bbox 2415 3558 2513 3621; x_wconf 87' lang='lat' dir='ltr'><strong>ait,</strong></span> <span class='ocrx_word' id='word_1_627' title='bbox 2543 3556 2749 3610; x_wconf 87' lang='lat' dir='ltr'><strong>auferte</strong></span> <span class='ocrx_word' id='word_1_628' title='bbox 2778 3557 2908 3611; x_wconf 89' lang='lat' dir='ltr'><strong>deos</strong></span> <span class='ocrx_word' id='word_1_629' title='bbox 2939 3557 3146 3612; x_wconf 88' lang='lat' dir='ltr'><strong>alienos</strong></span> <span class='ocrx_word' id='word_1_630' title='bbox 3176 3559 3242 3614; x_wconf 94' lang='lat' dir='ltr'><strong>de</strong></span> <span class='ocrx_word' id='word_1_631' title='bbox 3266 3560 3447 3617; x_wconf 89' lang='lat' dir='ltr'><strong>medio</strong></span> <span class='ocrx_word' id='word_1_632' title='bbox 3475 3577 3571 3618; x_wconf 87' lang='lat' dir='ltr'><strong>ve-</strong></span> 
     </span>
    </p>
   </div>
   <div class='ocr_carea' id='block_1_80' title="bbox 1989 3646 3570 3712">
    <p class='ocr_par' dir='ltr' id='par_1_80' title="bbox 1989 3646 3570 3712">
     <span class='ocr_line' id='line_1_80' title="bbox 1989 3646 3570 3712; baseline 0.005 -13"><span class='ocrx_word' id='word_1_633' title='bbox 1989 3668 2008 3699; x_wconf 72' lang='grc' dir='ltr'>ι</span> <span class='ocrx_word' id='word_1_634' title='bbox 2056 3648 2178 3712; x_wconf 88' lang='lat' dir='ltr'><strong>stri,</strong></span> <span class='ocrx_word' id='word_1_635' title='bbox 2210 3656 2265 3702; x_wconf 89' lang='lat' dir='ltr'><strong>et</strong></span> <span class='ocrx_word' id='word_1_636' title='bbox 2290 3647 2545 3702; x_wconf 87' lang='lat' dir='ltr'><strong>inclinate</strong></span> <span class='ocrx_word' id='word_1_637' title='bbox 2567 3646 2735 3702; x_wconf 89' lang='lat' dir='ltr'><strong>corda</strong></span> <span class='ocrx_word' id='word_1_638' title='bbox 2765 3655 2950 3701; x_wconf 89' lang='lat' dir='ltr'><strong>vestra</strong></span> <span class='ocrx_word' id='word_1_639' title='bbox 2982 3647 3050 3701; x_wconf 90' lang='lat' dir='ltr'><strong>ad</strong></span> <span class='ocrx_word' id='word_1_640' title='bbox 3076 3648 3367 3704; x_wconf 89' lang='lat' dir='ltr'><strong>Dominum</strong></span> <span class='ocrx_word' id='word_1_641' title='bbox 3396 3649 3570 3707; x_wconf 90' lang='lat' dir='ltr'><strong>Deum</strong></span> 
     </span>
    </p>
   </div>
   <div class='ocr_carea' id='block_1_81' title="bbox 1986 3738 3573 3808">
    <p class='ocr_par' dir='ltr' id='par_1_81' title="bbox 1986 3738 3573 3808">
     <span class='ocr_line' id='line_1_81' title="bbox 1986 3738 3573 3808; baseline 0.005 -18"><span class='ocrx_word' id='word_1_642' title='bbox 1986 3757 2009 3790; x_wconf 69' lang='grc' dir='ltr'><strong><em>ι</em></strong></span> <span class='ocrx_word' id='word_1_643' title='bbox 2054 3739 2239 3805; x_wconf 89' lang='lat' dir='ltr'><strong>Israel,</strong></span> <span class='ocrx_word' id='word_1_644' title='bbox 2281 3757 2300 3790; x_wconf 74' lang='grc' dir='ltr'>ι</span> <span class='ocrx_word' id='word_1_645' title='bbox 2345 3747 2401 3793; x_wconf 89' lang='lat' dir='ltr'><strong>et</strong></span> <span class='ocrx_word' id='word_1_646' title='bbox 2425 3739 2653 3808; x_wconf 85' lang='lat' dir='ltr'><strong>reliqua.</strong></span> <span class='ocrx_word' id='word_1_647' title='bbox 2686 3738 2829 3805; x_wconf 85' lang='lat' dir='ltr'><strong>Quid</strong></span> <span class='ocrx_word' id='word_1_648' title='bbox 2853 3746 2937 3794; x_wconf 88' lang='lat' dir='ltr'><strong>est</strong></span> <span class='ocrx_word' id='word_1_649' title='bbox 2969 3738 3116 3808; x_wconf 91' lang='lat' dir='ltr'><strong>quod</strong></span> <span class='ocrx_word' id='word_1_650' title='bbox 3142 3739 3220 3795; x_wconf 87' lang='lat' dir='ltr'><strong>ait</strong></span> <span class='ocrx_word' id='word_1_651' title='bbox 3248 3739 3390 3796; x_wconf 88' lang='lat' dir='ltr'><strong>idem</strong></span> <span class='ocrx_word' id='word_1_652' title='bbox 3414 3739 3573 3798; x_wconf 74' lang='lat' dir='ltr'><strong>Iesus</strong></span> 
     </span>
    </p>
   </div>
   <div class='ocr_carea' id='block_1_82' title="bbox 1982 3830 3574 3905">
    <p class='ocr_par' dir='ltr' id='par_1_82' title="bbox 1982 3830 3574 3905">
     <span class='ocr_line' id='line_1_82' title="bbox 1982 3830 3574 3905; baseline 0.001 -17"><span class='ocrx_word' id='word_1_653' title='bbox 1982 3834 2210 3905; x_wconf 87' lang='lat' dir='ltr'><strong>loquens</strong></span> <span class='ocrx_word' id='word_1_654' title='bbox 2248 3836 2317 3891; x_wconf 87' lang='lat' dir='ltr'><strong>ad</strong></span> <span class='ocrx_word' id='word_1_655' title='bbox 2360 3832 2637 3904; x_wconf 88' lang='lat' dir='ltr'><strong>populum,</strong></span> <span class='ocrx_word' id='word_1_656' title='bbox 2666 3831 2735 3886; x_wconf 86' lang='lat' dir='ltr'><strong>Et</strong></span> <span class='ocrx_word' id='word_1_657' title='bbox 2776 3846 2922 3887; x_wconf 88' lang='lat' dir='ltr'><strong>nunc</strong></span> <span class='ocrx_word' id='word_1_658' title='bbox 2960 3832 3169 3887; x_wconf 90' lang='lat' dir='ltr'><strong>circum</strong></span> <span class='ocrx_word' id='word_1_659' title='bbox 3197 3830 3406 3888; x_wconf 86' lang='lat' dir='ltr'><strong>auferte</strong></span> <span class='ocrx_word' id='word_1_660' title='bbox 3439 3832 3574 3889; x_wconf 88' lang='lat' dir='ltr'><strong>deos</strong></span> 
     </span>
    </p>
   </div>
   <div class='ocr_carea' id='block_1_83' title="bbox 1982 3924 3571 3996">
    <p class='ocr_par' dir='ltr' id='par_1_83' title="bbox 1982 3924 3571 3996">
     <span class='ocr_line' id='line_1_83' title="bbox 1982 3924 3571 3996; baseline 0 -14"><span class='ocrx_word' id='word_1_661' title='bbox 1982 3927 2190 3984; x_wconf 84' lang='lat' dir='ltr'><strong>alienos</strong></span> <span class='ocrx_word' id='word_1_662' title='bbox 2212 3926 2306 3996; x_wconf 89' lang='lat' dir='ltr'><strong>qui</strong></span> <span class='ocrx_word' id='word_1_663' title='bbox 2332 3933 2459 3981; x_wconf 87' lang='lat' dir='ltr'><strong>sunt</strong></span> <span class='ocrx_word' id='word_1_664' title='bbox 2478 3925 2535 3980; x_wconf 90' lang='lat' dir='ltr'><strong>in</strong></span> <span class='ocrx_word' id='word_1_665' title='bbox 2558 3925 2734 3992; x_wconf 88' lang='lat' dir='ltr'><strong>vobis,</strong></span> <span class='ocrx_word' id='word_1_666' title='bbox 2757 3933 2815 3980; x_wconf 91' lang='lat' dir='ltr'><strong>et</strong></span> <span class='ocrx_word' id='word_1_667' title='bbox 2837 3924 3057 3995; x_wconf 77' lang='lat' dir='ltr'><strong>dirigite</strong></span> <span class='ocrx_word' id='word_1_668' title='bbox 3082 3924 3246 3981; x_wconf 83' lang='lat' dir='ltr'><strong>corda</strong></span> <span class='ocrx_word' id='word_1_669' title='bbox 3286 3934 3468 3982; x_wconf 88' lang='lat' dir='ltr'><strong>vestra</strong></span> <span class='ocrx_word' id='word_1_670' title='bbox 3498 3924 3571 3982; x_wconf 89' lang='lat' dir='ltr'><strong>ad</strong></span> 
     </span>
    </p>
   </div>
   <div class='ocr_carea' id='block_1_84' title="bbox 1983 4016 3572 4076">
    <p class='ocr_par' dir='ltr' id='par_1_84' title="bbox 1983 4016 3572 4076">
     <span class='ocr_line' id='line_1_84' title="bbox 1983 4016 3572 4076; baseline 0.001 -1"><span class='ocrx_word' id='word_1_671' title='bbox 1983 4019 2272 4075; x_wconf 88' lang='lat' dir='ltr'><strong>Dominum</strong></span> <span class='ocrx_word' id='word_1_672' title='bbox 2299 4018 2469 4074; x_wconf 88' lang='lat' dir='ltr'><strong>Deum</strong></span> <span class='ocrx_word' id='word_1_673' title='bbox 2493 4016 2691 4073; x_wconf 81' lang='lat' dir='ltr'><strong>lsrael?</strong></span> <span class='ocrx_word' id='word_1_674' title='bbox 2716 4016 2835 4073; x_wconf 84' lang='lat' dir='ltr'><strong>Non</strong></span> <span class='ocrx_word' id='word_1_675' title='bbox 2862 4016 3009 4072; x_wconf 87' lang='lat' dir='ltr'><strong>enim</strong></span> <span class='ocrx_word' id='word_1_676' title='bbox 3049 4017 3301 4074; x_wconf 84' lang='lat' dir='ltr'><strong>credendi</strong></span> <span class='ocrx_word' id='word_1_677' title='bbox 3325 4026 3453 4074; x_wconf 89' lang='lat' dir='ltr'><strong>sunt</strong></span> <span class='ocrx_word' id='word_1_678' title='bbox 3476 4018 3572 4076; x_wconf 88' lang='lat' dir='ltr'><strong>ad-</strong></span> 
     </span>
    </p>
   </div>
   <div class='ocr_carea' id='block_1_85' title="bbox 1982 4109 3572 4181">
    <p class='ocr_par' dir='ltr' id='par_1_85' title="bbox 1982 4109 3572 4181">
     <span class='ocr_line' id='line_1_85' title="bbox 1982 4109 3572 4181; baseline -0.001 -14"><span class='ocrx_word' id='word_1_679' title='bbox 1982 4112 2091 4168; x_wconf 89' lang='lat' dir='ltr'><strong>huc</strong></span> <span class='ocrx_word' id='word_1_680' title='bbox 2119 4110 2374 4167; x_wconf 84' lang='lat' dir='ltr'><strong>habuisse</strong></span> <span class='ocrx_word' id='word_1_681' title='bbox 2401 4111 2544 4181; x_wconf 87' lang='lat' dir='ltr'><strong>apud</strong></span> <span class='ocrx_word' id='word_1_682' title='bbox 2570 4125 2631 4165; x_wconf 88' lang='lat' dir='ltr'><strong>se</strong></span> <span class='ocrx_word' id='word_1_683' title='bbox 2650 4109 2831 4180; x_wconf 89' lang='lat' dir='ltr'><strong>aliqua</strong></span> <span class='ocrx_word' id='word_1_684' title='bbox 2850 4109 3096 4181; x_wconf 83' lang='lat' dir='ltr'><strong>gentium</strong></span> <span class='ocrx_word' id='word_1_685' title='bbox 3120 4109 3432 4176; x_wconf 87' lang='lat' dir='ltr'><strong>simulacra,</strong></span> <span class='ocrx_word' id='word_1_686' title='bbox 3447 4123 3572 4181; x_wconf 83' lang='lat' dir='ltr'><strong>cum</strong></span> 
     </span>
    </p>
   </div>
   <div class='ocr_carea' id='block_1_86' title="bbox 1983 4203 3569 4275">
    <p class='ocr_par' dir='ltr' id='par_1_86' title="bbox 1983 4203 3569 4275">
     <span class='ocr_line' id='line_1_86' title="bbox 1983 4203 3569 4275; baseline -0.002 -13"><span class='ocrx_word' id='word_1_687' title='bbox 1983 4206 2231 4275; x_wconf 85' lang='lat' dir='ltr'><strong>superius</strong></span> <span class='ocrx_word' id='word_1_688' title='bbox 2252 4220 2442 4261; x_wconf 89' lang='lat' dir='ltr'><strong>eorum</strong></span> <span class='ocrx_word' id='word_1_689' title='bbox 2472 4204 2837 4261; x_wconf 87' lang='lat' dir='ltr'><strong>obedientiam</strong></span> <span class='ocrx_word' id='word_1_690' title='bbox 2860 4203 3238 4273; x_wconf 63' lang='lat' dir='ltr'><strong>praedicaverit</strong></span> <span class='ocrx_word' id='word_1_691' title='bbox 3264 4222 3279 4256; x_wconf 88' lang='lat'><strong>:</strong></span> <span class='ocrx_word' id='word_1_692' title='bbox 3312 4210 3407 4261; x_wconf 90' lang='lat' dir='ltr'><strong>aut</strong></span> <span class='ocrx_word' id='word_1_693' title='bbox 3435 4216 3569 4259; x_wconf 87' lang='lat' dir='ltr'><strong>vero</strong></span> 
     </span>
    </p>
   </div>
   <div class='ocr_carea' id='block_1_87' title="bbox 1982 4294 3569 4367">
    <p class='ocr_par' dir='ltr' id='par_1_87' title="bbox 1982 4294 3569 4367">
     <span class='ocr_line' id='line_1_87' title="bbox 1982 4294 3569 4367; baseline -0.003 -13"><span class='ocrx_word' id='word_1_694' title='bbox 1982 4297 2027 4354; x_wconf 86' lang='lat' dir='ltr'><strong>si</strong></span> <span class='ocrx_word' id='word_1_695' title='bbox 2079 4298 2365 4364; x_wconf 88' lang='lat' dir='ltr'><strong>haberent,</strong></span> <span class='ocrx_word' id='word_1_696' title='bbox 2394 4304 2520 4367; x_wconf 92' lang='lat' dir='ltr'><strong>post</strong></span> <span class='ocrx_word' id='word_1_697' title='bbox 2570 4303 2751 4351; x_wconf 88' lang='lat' dir='ltr'><strong>tantas</strong></span> <span class='ocrx_word' id='word_1_698' title='bbox 2796 4295 2931 4365; x_wconf 85' lang='lat' dir='ltr'><strong>legis</strong></span> <span class='ocrx_word' id='word_1_699' title='bbox 2977 4294 3455 4362; x_wconf 88' lang='lat' dir='ltr'><strong>comminationes,</strong></span> <span class='ocrx_word' id='word_1_700' title='bbox 3480 4294 3569 4350; x_wconf 86' lang='lat' dir='ltr'><strong>illa</strong></span> 
     </span>
    </p>
   </div>
   <div class='ocr_carea' id='block_1_88' title="bbox 1982 4385 3570 4459">
    <p class='ocr_par' dir='ltr' id='par_1_88' title="bbox 1982 4385 3570 4459">
     <span class='ocr_line' id='line_1_88' title="bbox 1982 4385 3570 4459; baseline -0.003 -16"><span class='ocrx_word' id='word_1_701' title='bbox 1982 4401 2078 4444; x_wconf 92' lang='lat' dir='ltr'><strong>eos</strong></span> <span class='ocrx_word' id='word_1_702' title='bbox 2104 4402 2368 4459; x_wconf 88' lang='lat' dir='ltr'><strong>prospera</strong></span> <span class='ocrx_word' id='word_1_703' title='bbox 2395 4396 2773 4458; x_wconf 88' lang='lat' dir='ltr'><strong>sequerentur,</strong></span> <span class='ocrx_word' id='word_1_704' title='bbox 2796 4402 2919 4442; x_wconf 90' lang='lat' dir='ltr'><strong>cum</strong></span> <span class='ocrx_word' id='word_1_705' title='bbox 2944 4386 3024 4441; x_wconf 86' lang='lat' dir='ltr'><strong>sic</strong></span> <span class='ocrx_word' id='word_1_706' title='bbox 3048 4386 3102 4439; x_wconf 88' lang='lat' dir='ltr'><strong>in</strong></span> <span class='ocrx_word' id='word_1_707' title='bbox 3124 4400 3218 4440; x_wconf 87' lang='lat' dir='ltr'><strong>eos</strong></span> <span class='ocrx_word' id='word_1_708' title='bbox 3238 4385 3570 4445; x_wconf 84' lang='lat' dir='ltr'><strong>vindicatum</strong></span> 
     </span>
    </p>
   </div>
   <div class='ocr_carea' id='block_1_89' title="bbox 292 4473 3568 4572">
    <p class='ocr_par' dir='ltr' id='par_1_89' title="bbox 292 4473 3568 4572">
     <span class='ocr_line' id='line_1_89' title="bbox 292 4473 3568 4572; baseline -0.005 -24"><span class='ocrx_word' id='word_1_709' title='bbox 292 4505 391 4548; x_wconf 88' lang='lat' dir='ltr'><strong>eas</strong></span> <span class='ocrx_word' id='word_1_710' title='bbox 417 4505 450 4547; x_wconf 88' lang='lat' dir='ltr'><strong>a</strong></span> <span class='ocrx_word' id='word_1_711' title='bbox 491 4489 641 4547; x_wconf 85' lang='lat' dir='ltr'><strong>facie</strong></span> <span class='ocrx_word' id='word_1_712' title='bbox 673 4498 884 4555; x_wconf 87' lang='lat' dir='ltr'><strong>vestra;</strong></span> <span class='ocrx_word' id='word_1_713' title='bbox 938 4487 1083 4561; x_wconf 84' lang='lat' dir='ltr'><strong>quod</strong></span> <span class='ocrx_word' id='word_1_714' title='bbox 1122 4489 1289 4544; x_wconf 88' lang='lat' dir='ltr'><strong>etiam</strong></span> <span class='ocrx_word' id='word_1_715' title='bbox 1316 4488 1373 4545; x_wconf 91' lang='lat' dir='ltr'><strong>in</strong></span> <span class='ocrx_word' id='word_1_716' title='bbox 1408 4488 1548 4544; x_wconf 90' lang='lat' dir='ltr'><strong>libro</strong></span> <span class='ocrx_word' id='word_1_717' title='bbox 1588 4487 1881 4558; x_wconf 69' lang='lat' dir='ltr'><strong>Sapientia:</strong></span> <span class='ocrx_word' id='word_1_718' title='bbox 1905 4508 1962 4572; x_wconf 71' lang='grc' dir='ltr'><strong><em>Β</em></strong></span> <span class='ocrx_word' id='word_1_719' title='bbox 1986 4480 2076 4547; x_wconf 88' lang='lat' dir='ltr'><strong>sit,</strong></span> <span class='ocrx_word' id='word_1_720' title='bbox 2105 4481 2251 4552; x_wconf 88' lang='lat' dir='ltr'><strong>quod</strong></span> <span class='ocrx_word' id='word_1_721' title='bbox 2272 4495 2413 4535; x_wconf 90' lang='lat' dir='ltr'><strong>unus</strong></span> <span class='ocrx_word' id='word_1_722' title='bbox 2436 4495 2626 4534; x_wconf 86' lang='lat' dir='ltr'><strong>eorum</strong></span> <span class='ocrx_word' id='word_1_723' title='bbox 2657 4479 2725 4532; x_wconf 91' lang='lat' dir='ltr'><strong>de</strong></span> <span class='ocrx_word' id='word_1_724' title='bbox 2742 4477 3091 4531; x_wconf 87' lang='lat' dir='ltr'><strong>anathemate</strong></span> <span class='ocrx_word' id='word_1_725' title='bbox 3111 4473 3316 4529; x_wconf 88' lang='lat' dir='ltr'><strong>furtum</strong></span> <span class='ocrx_word' id='word_1_726' title='bbox 3342 4474 3568 4530; x_wconf 79' lang='lat' dir='ltr'><strong>fecerat.</strong></span> 
     </span>
    </p>
   </div>
   <div class='ocr_carea' id='block_1_90' title="bbox 290 4563 3571 4656">
    <p class='ocr_par' dir='ltr' id='par_1_90' title="bbox 290 4563 3571 4656">
     <span class='ocr_line' id='line_1_90' title="bbox 290 4563 3571 4656; baseline -0.001 -31"><span class='ocrx_word' id='word_1_727' title='bbox 290 4582 496 4656; x_wconf 69' lang='lat' dir='ltr'><strong>legiun-</strong></span> <span class='ocrx_word' id='word_1_728' title='bbox 522 4580 661 4653; x_wconf 72' lang='grc' dir='ltr'><strong>(αφ,</strong></span> <span class='ocrx_word' id='word_1_729' title='bbox 682 4578 808 4651; x_wconf 67' lang='grc' dir='ltr'>ιιι),</span> <span class='ocrx_word' id='word_1_730' title='bbox 843 4594 946 4635; x_wconf 83' lang='lat' dir='ltr'><strong>nec</strong></span> <span class='ocrx_word' id='word_1_731' title='bbox 972 4589 1154 4635; x_wconf 66' lang='lat' dir='ltr'><strong>tamen</strong></span> <span class='ocrx_word' id='word_1_732' title='bbox 1186 4580 1403 4649; x_wconf 79' lang='lat' dir='ltr'><strong>uspiam</strong></span> <span class='ocrx_word' id='word_1_733' title='bbox 1444 4577 1652 4637; x_wconf 69' lang='lat' dir='ltr'><strong>factum</strong></span> <span class='ocrx_word' id='word_1_734' title='bbox 1677 4592 1798 4636; x_wconf 80' lang='lat' dir='ltr'><strong>esse</strong></span> <span class='ocrx_word' id='word_1_735' title='bbox 1824 4578 1880 4633; x_wconf 79' lang='lat' dir='ltr'><strong>in</strong></span> <span class='ocrx_word' id='word_1_736' title='bbox 1905 4563 1950 4572; x_wconf 46' lang='grc'><strong>’-</strong></span> <span class='ocrx_word' id='word_1_737' title='bbox 1991 4570 2237 4639; x_wconf 76' lang='lat' dir='ltr'><strong>Denique</strong></span> <span class='ocrx_word' id='word_1_738' title='bbox 2258 4566 2425 4623; x_wconf 74' lang='lat' dir='ltr'><strong>Iacob</strong></span> <span class='ocrx_word' id='word_1_739' title='bbox 2456 4569 2593 4622; x_wconf 82' lang='lat' dir='ltr'><strong>dixit</strong></span> <span class='ocrx_word' id='word_1_740' title='bbox 2623 4567 2727 4622; x_wconf 87' lang='lat' dir='ltr'><strong>hoc</strong></span> <span class='ocrx_word' id='word_1_741' title='bbox 2746 4566 2827 4621; x_wconf 90' lang='lat' dir='ltr'><strong>eis</strong></span> <span class='ocrx_word' id='word_1_742' title='bbox 2849 4564 2943 4634; x_wconf 89' lang='lat' dir='ltr'><strong>qui</strong></span> <span class='ocrx_word' id='word_1_743' title='bbox 2971 4579 3095 4619; x_wconf 90' lang='lat' dir='ltr'><strong>cum</strong></span> <span class='ocrx_word' id='word_1_744' title='bbox 3118 4563 3212 4619; x_wconf 93' lang='lat' dir='ltr'><strong>illo</strong></span> <span class='ocrx_word' id='word_1_745' title='bbox 3236 4564 3483 4621; x_wconf 81' lang='lat' dir='ltr'><strong>exierant</strong></span> <span class='ocrx_word' id='word_1_746' title='bbox 3503 4565 3571 4622; x_wconf 90' lang='lat' dir='ltr'><strong>de</strong></span> 
     </span>
    </p>
   </div>
   <div class='ocr_carea' id='block_1_91' title="bbox 292 4670 1884 4751">
    <p class='ocr_par' dir='ltr' id='par_1_91' title="bbox 292 4670 1884 4751">
     <span class='ocr_line' id='line_1_91' title="bbox 292 4670 1884 4751; baseline -0.003 -19"><span class='ocrx_word' id='word_1_747' title='bbox 292 4675 387 4733; x_wconf 87' lang='lat' dir='ltr'><strong>his</strong></span> <span class='ocrx_word' id='word_1_748' title='bbox 416 4689 536 4747; x_wconf 82' lang='lat' dir='ltr'><strong>quae</strong></span> <span class='ocrx_word' id='word_1_749' title='bbox 570 4682 722 4751; x_wconf 88' lang='lat' dir='ltr'><strong>gesta</strong></span> <span class='ocrx_word' id='word_1_750' title='bbox 770 4678 897 4727; x_wconf 87' lang='lat' dir='ltr'><strong>sunt</strong></span> <span class='ocrx_word' id='word_1_751' title='bbox 940 4670 1246 4727; x_wconf 85' lang='lat' dir='ltr'><strong>invenitur?</strong></span> <span class='ocrx_word' id='word_1_752' title='bbox 1301 4670 1402 4727; x_wconf 78' lang='grc' dir='ltr'><strong>Διι-</strong></span> <span class='ocrx_word' id='word_1_753' title='bbox 1434 4670 1578 4728; x_wconf 84' lang='lat' dir='ltr'><strong>forte</strong></span> <span class='ocrx_word' id='word_1_754' title='bbox 1617 4671 1884 4728; x_wconf 86' lang='lat' dir='ltr'><strong>translato</strong></span> 
     </span>
    </p>
   </div>
   <div class='ocr_carea' id='block_1_92' title="bbox 292 4760 1884 4834">
    <p class='ocr_par' dir='ltr' id='par_1_92' title="bbox 292 4760 1884 4834">
     <span class='ocr_line' id='line_1_92' title="bbox 292 4760 1884 4834; baseline -0.003 -11"><span class='ocrx_word' id='word_1_755' title='bbox 292 4766 468 4825; x_wconf 89' lang='lat' dir='ltr'><strong>verbo</strong></span> <span class='ocrx_word' id='word_1_756' title='bbox 491 4779 684 4834; x_wconf 86' lang='lat' dir='ltr'><strong>vespas</strong></span> <span class='ocrx_word' id='word_1_757' title='bbox 711 4760 941 4833; x_wconf 80' lang='lat' dir='ltr'><strong>intelligi</strong></span> <span class='ocrx_word' id='word_1_758' title='bbox 968 4761 1141 4818; x_wconf 89' lang='lat' dir='ltr'><strong>voluit</strong></span> <span class='ocrx_word' id='word_1_759' title='bbox 1168 4761 1466 4819; x_wconf 89' lang='lat' dir='ltr'><strong>acerrimos</strong></span> <span class='ocrx_word' id='word_1_760' title='bbox 1499 4762 1711 4819; x_wconf 89' lang='lat' dir='ltr'><strong>timoris</strong></span> <span class='ocrx_word' id='word_1_761' title='bbox 1756 4779 1884 4818; x_wconf 89' lang='lat' dir='ltr'><strong>acu—</strong></span> 
     </span>
    </p>
   </div>
   <div class='ocr_carea' id='block_1_93' title="bbox 292 4853 1882 4927">
    <p class='ocr_par' dir='ltr' id='par_1_93' title="bbox 292 4853 1882 4927">
     <span class='ocr_line' id='line_1_93' title="bbox 292 4853 1882 4927; baseline -0.004 -10"><span class='ocrx_word' id='word_1_762' title='bbox 292 4859 417 4917; x_wconf 88' lang='lat' dir='ltr'><strong>leos</strong></span> <span class='ocrx_word' id='word_1_763' title='bbox 440 4897 457 4926; x_wconf 95' lang='lat'><strong>,</strong></span> <span class='ocrx_word' id='word_1_764' title='bbox 514 4855 711 4927; x_wconf 89' lang='lat' dir='ltr'><strong>quibus</strong></span> <span class='ocrx_word' id='word_1_765' title='bbox 769 4853 1164 4925; x_wconf 89' lang='lat' dir='ltr'><strong>quodammodo</strong></span> <span class='ocrx_word' id='word_1_766' title='bbox 1206 4853 1518 4910; x_wconf 86' lang='lat' dir='ltr'><strong>volantibus</strong></span> <span class='ocrx_word' id='word_1_767' title='bbox 1570 4854 1882 4911; x_wconf 88' lang='lat' dir='ltr'><strong>rumoribus</strong></span> 
     </span>
    </p>
   </div>
   <div class='ocr_carea' id='block_1_94' title="bbox 292 4945 1878 5027">
    <p class='ocr_par' dir='ltr' id='par_1_94' title="bbox 292 4945 1878 5027">
     <span class='ocr_line' id='line_1_94' title="bbox 292 4945 1878 5027; baseline -0.003 -21"><span class='ocrx_word' id='word_1_768' title='bbox 292 4950 695 5027; x_wconf 84' lang='lat' dir='ltr'><strong>pungebantur,</strong></span> <span class='ocrx_word' id='word_1_769' title='bbox 721 4952 782 5003; x_wconf 89' lang='lat' dir='ltr'><strong>ut</strong></span> <span class='ocrx_word' id='word_1_770' title='bbox 808 4945 1076 5018; x_wconf 78' lang='lat' dir='ltr'><strong>fugerent,</strong></span> <span class='ocrx_word' id='word_1_771' title='bbox 1104 4954 1199 5007; x_wconf 88' lang='lat' dir='ltr'><strong>aut</strong></span> <span class='ocrx_word' id='word_1_772' title='bbox 1226 4960 1417 5003; x_wconf 87' lang='lat' dir='ltr'><strong>aereos</strong></span> <span class='ocrx_word' id='word_1_773' title='bbox 1443 4945 1665 5019; x_wconf 83' lang='lat' dir='ltr'><strong>spiritus</strong></span> <span class='ocrx_word' id='word_1_774' title='bbox 1691 4946 1878 5003; x_wconf 88' lang='lat' dir='ltr'><strong>occul-</strong></span> 
     </span>
    </p>
   </div>
   <div class='ocr_carea' id='block_1_95' title="bbox 293 5036 1882 5114">
    <p class='ocr_par' dir='ltr' id='par_1_95' title="bbox 293 5036 1882 5114">
     <span class='ocr_line' id='line_1_95' title="bbox 293 5036 1882 5114; baseline -0.003 -14"><span class='ocrx_word' id='word_1_775' title='bbox 293 5051 406 5110; x_wconf 89' lang='lat' dir='ltr'><strong>tos,</strong></span> <span class='ocrx_word' id='word_1_776' title='bbox 436 5039 582 5114; x_wconf 90' lang='lat' dir='ltr'><strong>quod</strong></span> <span class='ocrx_word' id='word_1_777' title='bbox 628 5040 684 5095; x_wconf 89' lang='lat' dir='ltr'><strong>in</strong></span> <span class='ocrx_word' id='word_1_778' title='bbox 730 5036 942 5111; x_wconf 86' lang='lat' dir='ltr'><strong>psalmo</strong></span> <span class='ocrx_word' id='word_1_779' title='bbox 988 5037 1140 5106; x_wconf 89' lang='lat' dir='ltr'><strong>dicit,</strong></span> <span class='ocrx_word' id='word_1_780' title='bbox 1176 5055 1197 5089; x_wconf 76' lang='grc' dir='ltr'><strong><em>ι</em></strong></span> <span class='ocrx_word' id='word_1_781' title='bbox 1239 5053 1339 5108; x_wconf 88' lang='lat' dir='ltr'><strong>per</strong></span> <span class='ocrx_word' id='word_1_782' title='bbox 1363 5039 1585 5109; x_wconf 86' lang='lat' dir='ltr'><strong>angelos</strong></span> <span class='ocrx_word' id='word_1_783' title='bbox 1613 5039 1882 5111; x_wconf 82' lang='lat' dir='ltr'><strong>malignos</strong></span> 
     </span>
    </p>
   </div>
   <div class='ocr_carea' id='block_1_96' title="bbox 295 5125 1884 5207">
    <p class='ocr_par' dir='ltr' id='par_1_96' title="bbox 295 5125 1884 5207">
     <span class='ocr_line' id='line_1_96' title="bbox 295 5125 1884 5207; baseline 0 -22"><span class='ocrx_word' id='word_1_784' title='bbox 295 5129 475 5207; x_wconf 78' lang='lat' dir='ltr'><strong>(Psal.</strong></span> <span class='ocrx_word' id='word_1_785' title='bbox 501 5128 726 5203; x_wconf 68' lang='lat' dir='ltr'><strong>cum).</strong></span> <span class='ocrx_word' id='word_1_786' title='bbox 750 5148 769 5182; x_wconf 70' lang='grc' dir='ltr'><strong><em>ι</em></strong></span> <span class='ocrx_word' id='word_1_787' title='bbox 787 5127 903 5184; x_wconf 87' lang='lat' dir='ltr'><strong>Nisi</strong></span> <span class='ocrx_word' id='word_1_788' title='bbox 930 5125 1073 5184; x_wconf 88' lang='lat' dir='ltr'><strong>forte</strong></span> <span class='ocrx_word' id='word_1_789' title='bbox 1099 5128 1220 5198; x_wconf 88' lang='lat' dir='ltr'><strong>quis</strong></span> <span class='ocrx_word' id='word_1_790' title='bbox 1240 5128 1402 5195; x_wconf 88' lang='lat' dir='ltr'><strong>dicat,</strong></span> <span class='ocrx_word' id='word_1_791' title='bbox 1417 5144 1527 5185; x_wconf 91' lang='lat' dir='ltr'><strong>non</strong></span> <span class='ocrx_word' id='word_1_792' title='bbox 1548 5128 1732 5185; x_wconf 86' lang='lat' dir='ltr'><strong>omnia</strong></span> <span class='ocrx_word' id='word_1_793' title='bbox 1762 5144 1884 5199; x_wconf 68' lang='lat' dir='ltr'><strong>quae</strong></span> 
     </span>
    </p>
   </div>
   <div class='ocr_carea' id='block_1_97' title="bbox 298 5217 1883 5290">
    <p class='ocr_par' dir='ltr' id='par_1_97' title="bbox 298 5217 1883 5290">
     <span class='ocr_line' id='line_1_97' title="bbox 298 5217 1883 5290; baseline -0.002 -13"><span class='ocrx_word' id='word_1_794' title='bbox 298 5223 446 5279; x_wconf 81' lang='lat' dir='ltr'><strong>facta</strong></span> <span class='ocrx_word' id='word_1_795' title='bbox 473 5227 602 5277; x_wconf 89' lang='lat' dir='ltr'><strong>sunt</strong></span> <span class='ocrx_word' id='word_1_796' title='bbox 633 5234 754 5276; x_wconf 90' lang='lat' dir='ltr'><strong>esse</strong></span> <span class='ocrx_word' id='word_1_797' title='bbox 778 5218 1119 5289; x_wconf 87' lang='lat' dir='ltr'><strong>conscripta;</strong></span> <span class='ocrx_word' id='word_1_798' title='bbox 1146 5224 1202 5273; x_wconf 91' lang='lat' dir='ltr'><strong>et</strong></span> <span class='ocrx_word' id='word_1_799' title='bbox 1224 5217 1329 5272; x_wconf 90' lang='lat' dir='ltr'><strong>hoc</strong></span> <span class='ocrx_word' id='word_1_800' title='bbox 1356 5231 1571 5290; x_wconf 89' lang='lat' dir='ltr'><strong>quoque</strong></span> <span class='ocrx_word' id='word_1_801' title='bbox 1594 5218 1883 5275; x_wconf 88' lang='lat' dir='ltr'><strong>visibiliter</strong></span> 
     </span>
    </p>
   </div>
   <div class='ocr_carea' id='block_1_98' title="bbox 298 5307 1453 5380">
    <p class='ocr_par' dir='ltr' id='par_1_98' title="bbox 298 5307 1453 5380">
     <span class='ocr_line' id='line_1_98' title="bbox 298 5307 1453 5380; baseline -0.003 -12"><span class='ocrx_word' id='word_1_802' title='bbox 298 5313 525 5380; x_wconf 87' lang='lat' dir='ltr'><strong>factum,</strong></span> <span class='ocrx_word' id='word_1_803' title='bbox 553 5319 616 5368; x_wconf 89' lang='lat' dir='ltr'><strong>ut</strong></span> <span class='ocrx_word' id='word_1_804' title='bbox 648 5324 805 5366; x_wconf 88' lang='lat' dir='ltr'><strong>veras</strong></span> <span class='ocrx_word' id='word_1_805' title='bbox 833 5323 1025 5380; x_wconf 88' lang='lat' dir='ltr'><strong>vespas</strong></span> <span class='ocrx_word' id='word_1_806' title='bbox 1052 5307 1186 5364; x_wconf 81' lang='lat' dir='ltr'><strong>velit</strong></span> <span class='ocrx_word' id='word_1_807' title='bbox 1209 5308 1453 5380; x_wconf 82' lang='lat' dir='ltr'><strong>intelligi.</strong></span> 
     </span>
    </p>
   </div>
   <div class='ocr_carea' id='block_1_99' title="bbox 376 5401 1877 5478">
    <p class='ocr_par' dir='ltr' id='par_1_99' title="bbox 376 5401 1877 5478">
     <span class='ocr_line' id='line_1_99' title="bbox 376 5401 1877 5478; baseline -0.001 -15"><span class='ocrx_word' id='word_1_808' title='bbox 376 5403 555 5478; x_wconf 69' lang='grc' dir='ltr'><strong>(ἰείη.)</strong></span> <span class='ocrx_word' id='word_1_809' title='bbox 590 5423 610 5456; x_wconf 74' lang='grc' dir='ltr'>ι</span> <span class='ocrx_word' id='word_1_810' title='bbox 653 5403 849 5478; x_wconf 87' lang='lat' dir='ltr'><strong>Eligite</strong></span> <span class='ocrx_word' id='word_1_811' title='bbox 872 5402 1034 5459; x_wconf 90' lang='lat' dir='ltr'><strong>hodie</strong></span> <span class='ocrx_word' id='word_1_812' title='bbox 1055 5401 1199 5472; x_wconf 90' lang='lat' dir='ltr'><strong>quod</strong></span> <span class='ocrx_word' id='word_1_813' title='bbox 1231 5401 1409 5473; x_wconf 86' lang='lat' dir='ltr'><strong>placet</strong></span> <span class='ocrx_word' id='word_1_814' title='bbox 1436 5402 1524 5460; x_wconf 87' lang='lat' dir='ltr'><strong>cui</strong></span> <span class='ocrx_word' id='word_1_815' title='bbox 1554 5402 1757 5461; x_wconf 85' lang='lat' dir='ltr'><strong>servire</strong></span> <span class='ocrx_word' id='word_1_816' title='bbox 1779 5418 1877 5475; x_wconf 91' lang='lat' dir='ltr'><strong>po-</strong></span> 
     </span>
    </p>
   </div>
   <div class='ocr_carea' id='block_1_100' title="bbox 305 5494 1884 5564">
    <p class='ocr_par' dir='ltr' id='par_1_100' title="bbox 305 5494 1884 5564">
     <span class='ocr_line' id='line_1_100' title="bbox 305 5494 1884 5564; baseline -0.001 -12"><span class='ocrx_word' id='word_1_817' title='bbox 305 5515 330 5552; x_wconf 77' lang='grc' dir='ltr'>ι</span> <span class='ocrx_word' id='word_1_818' title='bbox 371 5495 643 5553; x_wconf 87' lang='lat' dir='ltr'><strong>tissimum</strong></span> <span class='ocrx_word' id='word_1_819' title='bbox 682 5495 954 5561; x_wconf 87' lang='lat' dir='ltr'><strong>debeatis;</strong></span> <span class='ocrx_word' id='word_1_820' title='bbox 1004 5504 1185 5550; x_wconf 87' lang='lat' dir='ltr'><strong>utrum</strong></span> <span class='ocrx_word' id='word_1_821' title='bbox 1225 5494 1327 5549; x_wconf 86' lang='lat' dir='ltr'><strong>dlis</strong></span> <span class='ocrx_word' id='word_1_822' title='bbox 1355 5495 1550 5564; x_wconf 86' lang='lat' dir='ltr'><strong>quibus</strong></span> <span class='ocrx_word' id='word_1_823' title='bbox 1576 5496 1884 5552; x_wconf 86' lang='lat' dir='ltr'><strong>servierunt</strong></span> 
     </span>
    </p>
   </div>
   <div class='ocr_carea' id='block_1_101' title="bbox 308 5588 1883 5665">
    <p class='ocr_par' dir='ltr' id='par_1_101' title="bbox 308 5588 1883 5665">
     <span class='ocr_line' id='line_1_101' title="bbox 308 5588 1883 5665; baseline -0.002 -18"><span class='ocrx_word' id='word_1_824' title='bbox 308 5607 334 5647; x_wconf 69' lang='grc' dir='ltr'>ι</span> <span class='ocrx_word' id='word_1_825' title='bbox 376 5598 559 5665; x_wconf 87' lang='lat' dir='ltr'><strong>patres</strong></span> <span class='ocrx_word' id='word_1_826' title='bbox 603 5589 768 5644; x_wconf 88' lang='lat' dir='ltr'><strong>vestri</strong></span> <span class='ocrx_word' id='word_1_827' title='bbox 810 5589 864 5644; x_wconf 89' lang='lat' dir='ltr'><strong>in</strong></span> <span class='ocrx_word' id='word_1_828' title='bbox 899 5588 1302 5659; x_wconf 85' lang='lat' dir='ltr'><strong>Mesopotamia,</strong></span> <span class='ocrx_word' id='word_1_829' title='bbox 1320 5602 1389 5642; x_wconf 87' lang='lat' dir='ltr'><strong>an</strong></span> <span class='ocrx_word' id='word_1_830' title='bbox 1412 5588 1515 5644; x_wconf 88' lang='lat' dir='ltr'><strong>diis</strong></span> <span class='ocrx_word' id='word_1_831' title='bbox 1540 5588 1883 5644; x_wconf 62' lang='lat' dir='ltr'><strong>Amorrhaao-</strong></span> 
     </span>
    </p>
   </div>
   <div class='ocr_carea' id='block_1_102' title="bbox 309 5678 1885 5749">
    <p class='ocr_par' dir='ltr' id='par_1_102' title="bbox 309 5678 1885 5749">
     <span class='ocr_line' id='line_1_102' title="bbox 309 5678 1885 5749; baseline -0.001 -13"><span class='ocrx_word' id='word_1_832' title='bbox 309 5697 334 5736; x_wconf 69' lang='grc' dir='ltr'>ι</span> <span class='ocrx_word' id='word_1_833' title='bbox 380 5697 523 5749; x_wconf 87' lang='lat' dir='ltr'><strong>rum,</strong></span> <span class='ocrx_word' id='word_1_834' title='bbox 554 5680 611 5736; x_wconf 89' lang='lat' dir='ltr'><strong>in</strong></span> <span class='ocrx_word' id='word_1_835' title='bbox 662 5693 891 5749; x_wconf 81' lang='lat' dir='ltr'><strong>quorum</strong></span> <span class='ocrx_word' id='word_1_836' title='bbox 935 5688 1078 5737; x_wconf 88' lang='lat' dir='ltr'><strong>terra</strong></span> <span class='ocrx_word' id='word_1_837' title='bbox 1126 5678 1402 5736; x_wconf 86' lang='lat' dir='ltr'><strong>habitatis.</strong></span> <span class='ocrx_word' id='word_1_838' title='bbox 1445 5679 1557 5749; x_wconf 83' lang='lat' dir='ltr'><strong>Ego</strong></span> <span class='ocrx_word' id='word_1_839' title='bbox 1604 5687 1784 5735; x_wconf 88' lang='lat' dir='ltr'><strong>autem</strong></span> <span class='ocrx_word' id='word_1_840' title='bbox 1830 5688 1885 5734; x_wconf 90' lang='lat' dir='ltr'><strong>et</strong></span> 
     </span>
    </p>
   </div>
   <div class='ocr_carea' id='block_1_103' title="bbox 315 5771 1887 5853">
    <p class='ocr_par' dir='ltr' id='par_1_103' title="bbox 315 5771 1887 5853">
     <span class='ocr_line' id='line_1_103' title="bbox 315 5771 1887 5853; baseline 0.002 -28"><span class='ocrx_word' id='word_1_841' title='bbox 315 5790 337 5825; x_wconf 77' lang='grc' dir='ltr'>ι</span> <span class='ocrx_word' id='word_1_842' title='bbox 361 5771 573 5850; x_wconf 82' lang='lat' dir='ltr'><strong>domus</strong></span> <span class='ocrx_word' id='word_1_843' title='bbox 588 5786 716 5853; x_wconf 80' lang='lat' dir='ltr'><strong>mea</strong></span> <span class='ocrx_word' id='word_1_844' title='bbox 743 5772 1042 5830; x_wconf 85' lang='lat' dir='ltr'><strong>serviemus</strong></span> <span class='ocrx_word' id='word_1_845' title='bbox 1070 5772 1321 5831; x_wconf 78' lang='lat' dir='ltr'><strong>Domino.</strong></span> <span class='ocrx_word' id='word_1_846' title='bbox 1351 5771 1754 5843; x_wconf 78' lang='lat' dir='ltr'><strong>Responditquc</strong></span> <span class='ocrx_word' id='word_1_847' title='bbox 1793 5788 1887 5843; x_wconf 89' lang='lat' dir='ltr'><strong>po-</strong></span> 
     </span>
    </p>
   </div>
   <div class='ocr_carea' id='block_1_104' title="bbox 1990 4656 3571 4729">
    <p class='ocr_par' dir='ltr' id='par_1_104' title="bbox 1990 4656 3571 4729">
     <span class='ocr_line' id='line_1_104' title="bbox 1990 4656 3571 4729; baseline -0.001 -15"><span class='ocrx_word' id='word_1_848' title='bbox 1990 4659 2397 4729; x_wconf 80' lang='lat' dir='ltr'><strong>Mesopotamia,</strong></span> <span class='ocrx_word' id='word_1_849' title='bbox 2423 4658 2518 4715; x_wconf 88' lang='lat' dir='ltr'><strong>ubi</strong></span> <span class='ocrx_word' id='word_1_850' title='bbox 2544 4657 2623 4712; x_wconf 88' lang='lat' dir='ltr'><strong>sic</strong></span> <span class='ocrx_word' id='word_1_851' title='bbox 2649 4656 2791 4712; x_wconf 90' lang='lat' dir='ltr'><strong>idola</strong></span> <span class='ocrx_word' id='word_1_852' title='bbox 2832 4656 3169 4724; x_wconf 86' lang='lat' dir='ltr'><strong>colebantur,</strong></span> <span class='ocrx_word' id='word_1_853' title='bbox 3196 4664 3258 4712; x_wconf 89' lang='lat' dir='ltr'><strong>ut</strong></span> <span class='ocrx_word' id='word_1_854' title='bbox 3282 4665 3340 4712; x_wconf 87' lang='lat' dir='ltr'><strong>et</strong></span> <span class='ocrx_word' id='word_1_855' title='bbox 3365 4656 3571 4715; x_wconf 80' lang='lat' dir='ltr'><strong>Rachel</strong></span> 
     </span>
    </p>
   </div>
   <div class='ocr_carea' id='block_1_105' title="bbox 1988 4748 3568 4824">
    <p class='ocr_par' dir='ltr' id='par_1_105' title="bbox 1988 4748 3568 4824">
     <span class='ocr_line' id='line_1_105' title="bbox 1988 4748 3568 4824; baseline 0.002 -19"><span class='ocrx_word' id='word_1_856' title='bbox 1988 4759 2213 4824; x_wconf 89' lang='lat' dir='ltr'><strong>paterna</strong></span> <span class='ocrx_word' id='word_1_857' title='bbox 2240 4750 2516 4805; x_wconf 84' lang='lat' dir='ltr'><strong>furaretur</strong></span> <span class='ocrx_word' id='word_1_858' title='bbox 2540 4748 2690 4822; x_wconf 83' lang='lat' dir='ltr'><strong>(Gen.</strong></span> <span class='ocrx_word' id='word_1_859' title='bbox 2721 4748 2895 4821; x_wconf 69' lang='lat' dir='ltr'><strong>xxxx).</strong></span> <span class='ocrx_word' id='word_1_860' title='bbox 2918 4749 3027 4804; x_wconf 78' lang='lat' dir='ltr'><strong>Sed</strong></span> <span class='ocrx_word' id='word_1_861' title='bbox 3052 4758 3176 4820; x_wconf 84' lang='lat' dir='ltr'><strong>post</strong></span> <span class='ocrx_word' id='word_1_862' title='bbox 3198 4750 3345 4807; x_wconf 89' lang='lat' dir='ltr'><strong>illam</strong></span> <span class='ocrx_word' id='word_1_863' title='bbox 3376 4752 3568 4808; x_wconf 83' lang='lat' dir='ltr'><strong>admo-</strong></span> 
     </span>
    </p>
   </div>
   <div class='ocr_carea' id='block_1_106' title="bbox 1988 4843 3572 4918">
    <p class='ocr_par' dir='ltr' id='par_1_106' title="bbox 1988 4843 3572 4918">
     <span class='ocr_line' id='line_1_106' title="bbox 1988 4843 3572 4918; baseline 0.001 -17"><span class='ocrx_word' id='word_1_864' title='bbox 1988 4847 2251 4902; x_wconf 88' lang='lat' dir='ltr'><strong>nitionem</strong></span> <span class='ocrx_word' id='word_1_865' title='bbox 2278 4844 2466 4913; x_wconf 78' lang='lat' dir='ltr'><strong>Jacol),</strong></span> <span class='ocrx_word' id='word_1_866' title='bbox 2498 4846 2759 4902; x_wconf 87' lang='lat' dir='ltr'><strong>dederunt</strong></span> <span class='ocrx_word' id='word_1_867' title='bbox 2789 4858 2908 4914; x_wconf 78' lang='lat' dir='ltr'><strong>quae</strong></span> <span class='ocrx_word' id='word_1_868' title='bbox 2939 4843 3211 4903; x_wconf 84' lang='lat' dir='ltr'><strong>habebant</strong></span> <span class='ocrx_word' id='word_1_869' title='bbox 3246 4861 3261 4899; x_wconf 90' lang='lat'>:</span> <span class='ocrx_word' id='word_1_870' title='bbox 3293 4843 3437 4902; x_wconf 83' lang='lat' dir='ltr'><strong>unde</strong></span> <span class='ocrx_word' id='word_1_871' title='bbox 3479 4860 3572 4918; x_wconf 87' lang='lat' dir='ltr'><strong>ap-</strong></span> 
     </span>
    </p>
   </div>
   <div class='ocr_carea' id='block_1_107' title="bbox 1987 4932 3569 5010">
    <p class='ocr_par' dir='ltr' id='par_1_107' title="bbox 1987 4932 3569 5010">
     <span class='ocr_line' id='line_1_107' title="bbox 1987 4932 3569 5010; baseline -0.001 -17"><span class='ocrx_word' id='word_1_872' title='bbox 1987 4939 2169 5010; x_wconf 87' lang='lat' dir='ltr'><strong>paruit</strong></span> <span class='ocrx_word' id='word_1_873' title='bbox 2194 4939 2300 4994; x_wconf 91' lang='lat' dir='ltr'><strong>hoc</strong></span> <span class='ocrx_word' id='word_1_874' title='bbox 2326 4938 2406 4993; x_wconf 90' lang='lat' dir='ltr'><strong>eis</strong></span> <span class='ocrx_word' id='word_1_875' title='bbox 2436 4936 2513 4992; x_wconf 88' lang='lat' dir='ltr'><strong>ita</strong></span> <span class='ocrx_word' id='word_1_876' title='bbox 2546 4936 2749 4990; x_wconf 88' lang='lat' dir='ltr'><strong>dictum</strong></span> <span class='ocrx_word' id='word_1_877' title='bbox 2771 4949 2922 5001; x_wconf 90' lang='lat' dir='ltr'><strong>esse,</strong></span> <span class='ocrx_word' id='word_1_878' title='bbox 2956 4934 3084 5005; x_wconf 86' lang='lat' dir='ltr'><strong>quia</strong></span> <span class='ocrx_word' id='word_1_879' title='bbox 3115 4932 3325 4989; x_wconf 87' lang='lat' dir='ltr'><strong>sciebat</strong></span> <span class='ocrx_word' id='word_1_880' title='bbox 3351 4949 3447 4991; x_wconf 90' lang='lat' dir='ltr'><strong>eos</strong></span> <span class='ocrx_word' id='word_1_881' title='bbox 3470 4935 3569 4990; x_wconf 85' lang='lat' dir='ltr'><strong>ha-</strong></span> 
     </span>
    </p>
   </div>
   <div class='ocr_carea' id='block_1_108' title="bbox 1987 5026 3569 5102">
    <p class='ocr_par' dir='ltr' id='par_1_108' title="bbox 1987 5026 3569 5102">
     <span class='ocr_line' id='line_1_108' title="bbox 1987 5026 3569 5102; baseline -0.005 -11"><span class='ocrx_word' id='word_1_882' title='bbox 1987 5035 2116 5090; x_wconf 90' lang='lat' dir='ltr'><strong>bere</strong></span> <span class='ocrx_word' id='word_1_883' title='bbox 2138 5032 2227 5089; x_wconf 91' lang='lat' dir='ltr'><strong>ille</strong></span> <span class='ocrx_word' id='word_1_884' title='bbox 2254 5033 2349 5102; x_wconf 90' lang='lat' dir='ltr'><strong>qui</strong></span> <span class='ocrx_word' id='word_1_885' title='bbox 2384 5031 2610 5086; x_wconf 77' lang='lat' dir='ltr'><strong>dixerat.</strong></span> <span class='ocrx_word' id='word_1_886' title='bbox 2638 5029 2791 5084; x_wconf 89' lang='lat' dir='ltr'><strong>Nunc</strong></span> <span class='ocrx_word' id='word_1_887' title='bbox 2811 5043 2942 5084; x_wconf 83' lang='lat' dir='ltr'><strong>vero</strong></span> <span class='ocrx_word' id='word_1_888' title='bbox 2978 5038 3101 5099; x_wconf 88' lang='lat' dir='ltr'><strong>post</strong></span> <span class='ocrx_word' id='word_1_889' title='bbox 3142 5026 3284 5082; x_wconf 89' lang='lat' dir='ltr'><strong>hanc</strong></span> <span class='ocrx_word' id='word_1_890' title='bbox 3327 5027 3569 5084; x_wconf 90' lang='lat' dir='ltr'><strong>admoni-</strong></span> 
     </span>
    </p>
   </div>
   <div class='ocr_carea' id='block_1_109' title="bbox 1988 5119 3569 5192">
    <p class='ocr_par' dir='ltr' id='par_1_109' title="bbox 1988 5119 3569 5192">
     <span class='ocr_line' id='line_1_109' title="bbox 1988 5119 3569 5192; baseline -0.002 -10"><span class='ocrx_word' id='word_1_891' title='bbox 1988 5127 2194 5183; x_wconf 89' lang='lat' dir='ltr'><strong>tionem</strong></span> <span class='ocrx_word' id='word_1_892' title='bbox 2220 5126 2349 5183; x_wconf 85' lang='lat' dir='ltr'><strong>Jesu</strong></span> <span class='ocrx_word' id='word_1_893' title='bbox 2378 5125 2523 5179; x_wconf 86' lang='lat' dir='ltr'><strong>Nave</strong></span> <span class='ocrx_word' id='word_1_894' title='bbox 2553 5123 2733 5179; x_wconf 87' lang='lat' dir='ltr'><strong>nullus</strong></span> <span class='ocrx_word' id='word_1_895' title='bbox 2774 5121 2881 5179; x_wconf 87' lang='lat' dir='ltr'><strong>tale</strong></span> <span class='ocrx_word' id='word_1_896' title='bbox 2925 5119 3127 5192; x_wconf 90' lang='lat' dir='ltr'><strong>aliquid</strong></span> <span class='ocrx_word' id='word_1_897' title='bbox 3167 5119 3414 5190; x_wconf 89' lang='lat' dir='ltr'><strong>protulit.</strong></span> <span class='ocrx_word' id='word_1_898' title='bbox 3456 5121 3569 5179; x_wconf 88' lang='lat' dir='ltr'><strong>Nec</strong></span> 
     </span>
    </p>
   </div>
   <div class='ocr_carea' id='block_1_110' title="bbox 1987 5211 3565 5289">
    <p class='ocr_par' dir='ltr' id='par_1_110' title="bbox 1987 5211 3565 5289">
     <span class='ocr_line' id='line_1_110' title="bbox 1987 5211 3565 5289; baseline -0.004 -14"><span class='ocrx_word' id='word_1_899' title='bbox 1987 5227 2170 5276; x_wconf 90' lang='lat' dir='ltr'><strong>tamen</strong></span> <span class='ocrx_word' id='word_1_900' title='bbox 2198 5218 2495 5289; x_wconf 89' lang='lat' dir='ltr'><strong>putandum</strong></span> <span class='ocrx_word' id='word_1_901' title='bbox 2513 5225 2599 5273; x_wconf 90' lang='lat' dir='ltr'><strong>est</strong></span> <span class='ocrx_word' id='word_1_902' title='bbox 2627 5218 2731 5273; x_wconf 86' lang='lat' dir='ltr'><strong>hoc</strong></span> <span class='ocrx_word' id='word_1_903' title='bbox 2754 5215 2903 5270; x_wconf 87' lang='lat' dir='ltr'><strong>illum</strong></span> <span class='ocrx_word' id='word_1_904' title='bbox 2932 5211 3170 5269; x_wconf 86' lang='lat' dir='ltr'><strong>inaniter</strong></span> <span class='ocrx_word' id='word_1_905' title='bbox 3212 5212 3565 5283; x_wconf 70' lang='lat' dir='ltr'><strong>praecepisse;</strong></span> 
     </span>
    </p>
   </div>
   <div class='ocr_carea' id='block_1_111' title="bbox 1986 5301 3568 5374">
    <p class='ocr_par' dir='ltr' id='par_1_111' title="bbox 1986 5301 3568 5374">
     <span class='ocr_line' id='line_1_111' title="bbox 1986 5301 3568 5374; baseline -0.006 -5"><span class='ocrx_word' id='word_1_906' title='bbox 1986 5327 2097 5369; x_wconf 88' lang='lat' dir='ltr'><strong>non</strong></span> <span class='ocrx_word' id='word_1_907' title='bbox 2145 5312 2293 5369; x_wconf 63' lang='lat' dir='ltr'><strong>enin</strong></span> <span class='ocrx_word' id='word_1_908' title='bbox 2343 5310 2460 5365; x_wconf 87' lang='lat' dir='ltr'><strong>ait:</strong></span> <span class='ocrx_word' id='word_1_909' title='bbox 2486 5309 2555 5364; x_wconf 88' lang='lat' dir='ltr'><strong>Et</strong></span> <span class='ocrx_word' id='word_1_910' title='bbox 2576 5323 2717 5364; x_wconf 86' lang='lat' dir='ltr'><strong>nunc</strong></span> <span class='ocrx_word' id='word_1_911' title='bbox 2747 5305 2958 5363; x_wconf 84' lang='lat' dir='ltr'><strong>auferte</strong></span> <span class='ocrx_word' id='word_1_912' title='bbox 2987 5305 3116 5358; x_wconf 89' lang='lat' dir='ltr'><strong>deos</strong></span> <span class='ocrx_word' id='word_1_913' title='bbox 3154 5301 3361 5359; x_wconf 83' lang='lat' dir='ltr'><strong>alienos</strong></span> <span class='ocrx_word' id='word_1_914' title='bbox 3395 5303 3442 5359; x_wconf 88' lang='lat' dir='ltr'><strong>si</strong></span> <span class='ocrx_word' id='word_1_915' title='bbox 3476 5305 3568 5374; x_wconf 89' lang='lat' dir='ltr'><strong>qui</strong></span> 
     </span>
    </p>
   </div>
   <div class='ocr_carea' id='block_1_112' title="bbox 1985 5394 3569 5469">
    <p class='ocr_par' dir='ltr' id='par_1_112' title="bbox 1985 5394 3569 5469">
     <span class='ocr_line' id='line_1_112' title="bbox 1985 5394 3569 5469; baseline -0.007 -8"><span class='ocrx_word' id='word_1_916' title='bbox 1985 5410 2114 5461; x_wconf 86' lang='lat' dir='ltr'><strong>sunt</strong></span> <span class='ocrx_word' id='word_1_917' title='bbox 2160 5402 2219 5459; x_wconf 91' lang='lat' dir='ltr'><strong>in</strong></span> <span class='ocrx_word' id='word_1_918' title='bbox 2261 5402 2444 5469; x_wconf 85' lang='lat' dir='ltr'><strong>vobis;</strong></span> <span class='ocrx_word' id='word_1_919' title='bbox 2502 5401 2597 5457; x_wconf 88' lang='lat' dir='ltr'><strong>sed</strong></span> <span class='ocrx_word' id='word_1_920' title='bbox 2643 5399 2862 5455; x_wconf 87' lang='lat' dir='ltr'><strong>omnino</strong></span> <span class='ocrx_word' id='word_1_921' title='bbox 2915 5404 3174 5464; x_wconf 89' lang='lat' dir='ltr'><strong>tanquam</strong></span> <span class='ocrx_word' id='word_1_922' title='bbox 3222 5394 3401 5450; x_wconf 88' lang='lat' dir='ltr'><strong>sciens</strong></span> <span class='ocrx_word' id='word_1_923' title='bbox 3423 5408 3569 5463; x_wconf 88' lang='lat' dir='ltr'><strong>esse,</strong></span> 
     </span>
    </p>
   </div>
   <div class='ocr_carea' id='block_1_113' title="bbox 1993 5485 3571 5569">
    <p class='ocr_par' dir='ltr' id='par_1_113' title="bbox 1993 5485 3571 5569">
     <span class='ocr_line' id='line_1_113' title="bbox 1993 5485 3571 5569; baseline -0.006 -19"><span class='ocrx_word' id='word_1_924' title='bbox 1993 5515 2013 5550; x_wconf 74' lang='grc' dir='ltr'><strong><em>ι</em></strong></span> <span class='ocrx_word' id='word_1_925' title='bbox 2059 5498 2152 5569; x_wconf 89' lang='lat' dir='ltr'><strong>qui</strong></span> <span class='ocrx_word' id='word_1_926' title='bbox 2175 5506 2320 5564; x_wconf 80' lang='lat' dir='ltr'><strong>sunt,</strong></span> <span class='ocrx_word' id='word_1_927' title='bbox 2352 5516 2373 5551; x_wconf 86' lang='grc'>›</span> <span class='ocrx_word' id='word_1_928' title='bbox 2406 5496 2601 5567; x_wconf 91' lang='lat' dir='ltr'><strong>inquit,</strong></span> <span class='ocrx_word' id='word_1_929' title='bbox 2637 5513 2655 5545; x_wconf 76' lang='grc' dir='ltr'><strong><em>ι</em></strong></span> <span class='ocrx_word' id='word_1_930' title='bbox 2687 5494 2743 5547; x_wconf 89' lang='lat' dir='ltr'><strong>in</strong></span> <span class='ocrx_word' id='word_1_931' title='bbox 2767 5487 2943 5545; x_wconf 88' lang='lat' dir='ltr'><strong>vobis.</strong></span> <span class='ocrx_word' id='word_1_932' title='bbox 2988 5506 3009 5540; x_wconf 75' lang='grc' dir='ltr'><strong><em>ι</em></strong></span> <span class='ocrx_word' id='word_1_933' title='bbox 3047 5486 3284 5542; x_wconf 89' lang='lat' dir='ltr'><strong>Proinde</strong></span> <span class='ocrx_word' id='word_1_934' title='bbox 3305 5485 3571 5557; x_wconf 87' lang='lat' dir='ltr'><strong>propheta</strong></span> 
     </span>
    </p>
   </div>
   <div class='ocr_carea' id='block_1_114' title="bbox 1990 5576 3571 5647">
    <p class='ocr_par' dir='ltr' id='par_1_114' title="bbox 1990 5576 3571 5647">
     <span class='ocr_line' id='line_1_114' title="bbox 1990 5576 3571 5647; baseline -0.008 -2"><span class='ocrx_word' id='word_1_935' title='bbox 1990 5597 2214 5646; x_wconf 87' lang='lat' dir='ltr'><strong>sanctus</strong></span> <span class='ocrx_word' id='word_1_936' title='bbox 2243 5588 2300 5643; x_wconf 88' lang='lat' dir='ltr'><strong>in</strong></span> <span class='ocrx_word' id='word_1_937' title='bbox 2328 5588 2584 5643; x_wconf 82' lang='lat' dir='ltr'><strong>cordibus</strong></span> <span class='ocrx_word' id='word_1_938' title='bbox 2611 5597 2802 5640; x_wconf 88' lang='lat' dir='ltr'><strong>eorum</strong></span> <span class='ocrx_word' id='word_1_939' title='bbox 2842 5592 2963 5633; x_wconf 88' lang='lat' dir='ltr'><strong>esse</strong></span> <span class='ocrx_word' id='word_1_940' title='bbox 2993 5578 3252 5633; x_wconf 86' lang='lat' dir='ltr'><strong>cernebat</strong></span> <span class='ocrx_word' id='word_1_941' title='bbox 3283 5576 3571 5647; x_wconf 83' lang='lat' dir='ltr'><strong>cogitatio-</strong></span> 
     </span>
    </p>
   </div>
   <div class='ocr_carea' id='block_1_115' title="bbox 1990 5664 3572 5744">
    <p class='ocr_par' dir='ltr' id='par_1_115' title="bbox 1990 5664 3572 5744">
     <span class='ocr_line' id='line_1_115' title="bbox 1990 5664 3572 5744; baseline -0.011 -7"><span class='ocrx_word' id='word_1_942' title='bbox 1990 5696 2088 5737; x_wconf 90' lang='lat' dir='ltr'><strong>nes</strong></span> <span class='ocrx_word' id='word_1_943' title='bbox 2131 5680 2197 5735; x_wconf 89' lang='lat' dir='ltr'><strong>dc</strong></span> <span class='ocrx_word' id='word_1_944' title='bbox 2241 5678 2382 5744; x_wconf 85' lang='lat' dir='ltr'><strong>Deo,</strong></span> <span class='ocrx_word' id='word_1_945' title='bbox 2409 5676 2611 5731; x_wconf 79' lang='lat' dir='ltr'><strong>alienas</strong></span> <span class='ocrx_word' id='word_1_946' title='bbox 2642 5688 2672 5725; x_wconf 86' lang='lat' dir='ltr'><strong>a</strong></span> <span class='ocrx_word' id='word_1_947' title='bbox 2702 5672 2834 5735; x_wconf 87' lang='lat' dir='ltr'><strong>Deo,</strong></span> <span class='ocrx_word' id='word_1_948' title='bbox 2858 5677 2914 5723; x_wconf 85' lang='lat' dir='ltr'><strong>et</strong></span> <span class='ocrx_word' id='word_1_949' title='bbox 2939 5668 3085 5736; x_wconf 80' lang='lat' dir='ltr'><strong>ipsas</strong></span> <span class='ocrx_word' id='word_1_950' title='bbox 3118 5664 3446 5721; x_wconf 86' lang='lat' dir='ltr'><strong>admonebat</strong></span> <span class='ocrx_word' id='word_1_951' title='bbox 3476 5679 3572 5727; x_wconf 80' lang='lat' dir='ltr'><strong>au-</strong></span> 
     </span>
    </p>
   </div>
   <div class='ocr_carea' id='block_1_116' title="bbox 1990 5757 3573 5841">
    <p class='ocr_par' dir='ltr' id='par_1_116' title="bbox 1990 5757 3573 5841">
     <span class='ocr_line' id='line_1_116' title="bbox 1990 5757 3573 5841; baseline -0.008 -12"><span class='ocrx_word' id='word_1_952' title='bbox 1990 5773 2140 5830; x_wconf 89' lang='lat' dir='ltr'><strong>ferri.</strong></span> <span class='ocrx_word' id='word_1_953' title='bbox 2173 5770 2429 5841; x_wconf 83' lang='lat' dir='ltr'><strong>Quisquis</strong></span> <span class='ocrx_word' id='word_1_954' title='bbox 2454 5767 2598 5823; x_wconf 83' lang='lat' dir='ltr'><strong>enim</strong></span> <span class='ocrx_word' id='word_1_955' title='bbox 2626 5762 2789 5820; x_wconf 88' lang='lat' dir='ltr'><strong>talem</strong></span> <span class='ocrx_word' id='word_1_956' title='bbox 2818 5759 3025 5833; x_wconf 86' lang='lat' dir='ltr'><strong>cogitat</strong></span> <span class='ocrx_word' id='word_1_957' title='bbox 3054 5759 3227 5818; x_wconf 88' lang='lat' dir='ltr'><strong>Deum</strong></span> <span class='ocrx_word' id='word_1_958' title='bbox 3252 5757 3430 5831; x_wconf 80' lang='lat' dir='ltr'><strong>qualis</strong></span> <span class='ocrx_word' id='word_1_959' title='bbox 3457 5772 3573 5817; x_wconf 76' lang='lat' dir='ltr'><strong>non</strong></span> 
     </span>
    </p>
   </div>
  </div>
