3986 6348
434 335 578 397 “03

1077 329 1140 384 Β.
1179 327 1433 388 RABANI
1472 325 1692 387 suum
1725 322 2395 411 manummanum
2432 323 2719 413 eranum
2754 323 2934 384 rans
2960 324 3007 383 ι.

3551 326 3696 403 μω

433 460 520 510 est
546 452 711 515 Deus,
733 446 969 503 alienum
1003 443 1173 500 Deum
1200 446 1388 517 utique
1414 452 1471 502 et
1496 445 1690 501 falsum
1724 444 1781 499 in
1804 444 2012 513 cogita-
2040 444 2093 507 Α
2117 441 2210 512 qui
2247 440 2407 496 cultri
2438 441 2636 512 petrini
2685 456 2811 497 cum
2851 439 2943 496 illo
2987 436 3152 496 etiam
3195 436 3392 509 sepulti
3443 447 3608 508 sunt,
3639 448 3705 500 ut

435 544 807 611 tioneportat.
832 535 964 604 Quis
998 544 1083 590 est
1125 545 1307 589 autem
1347 534 1440 605 qui
1484 535 1565 591 sic
1607 534 1807 605 cogitet
1850 534 2021 588 Deum

434 629 887 705 quemadmodum
909 626 999 681 ille
1020 627 1141 682 est?
1168 625 1249 682 Ac
1276 641 1376 698 per
1398 626 1503 682 hoc
1533 624 1866 696 relinquetur
1887 623 2022 679 iide-

433 723 577 778 libus
621 717 859 790 quandiu
904 717 1285 789 peregrinatur
1341 731 1373 769 a
1421 714 1676 783 Domino,
1722 713 1937 770 auferre
1987 728 2020 769 a

432 811 596 869 corde
651 825 750 866 suo
790 809 1054 863 irruentia
1097 823 1232 862 vana
1260 807 1660 880 phantasmata,
1682 822 1805 879 qua:
1842 822 1901 863 se
1925 820 2016 862 co-

432 900 733 973 gitantibus
770 899 1045 973 ingerunt,
1068 897 1217 953 velut
1258 899 1383 953 talis
1431 906 1524 953 aut
1564 897 1687 954 talis
1731 898 1803 953 sit
1849 898 2016 965 Deus,

432 992 610 1064 qualis
634 992 821 1061 utique
862 1005 970 1045 non
994 998 1106 1069 est,
1136 997 1191 1047 et
1220 988 1454 1062 dirigere
1480 1005 1575 1046 cor
1600 990 1668 1045 ad
1698 989 1850 1045 illum
1880 989 2018 1045 fide-

431 1083 584 1147 liter;
620 1090 680 1137 ut
708 1080 1160 1152 quemadmodum
1187 1089 1244 1135 et
1264 1088 1529 1151 quantum
1564 1081 1723 1136 nobis
1759 1080 2019 1151 expedire

431 1176 602 1241 novit,
642 1174 758 1246 ipse
804 1188 862 1228 se
905 1171 1142 1227 insinuet
1189 1187 1287 1242 per
1332 1170 1595 1244 Spiritum
1637 1187 1813 1237 suum,
1842 1171 2015 1227 donec

432 1271 745 1320 assumatur
772 1275 932 1316 omne
978 1261 1351 1325 mendacium;
1413 1261 1554 1315 unde
1604 1260 1807 1316 dictum
1859 1268 1943 1316 est
1998 1278 2012 1315 :

436 1372 457 1403 ι
501 1352 690 1409 Omnis
711 1350 872 1405 homo
913 1350 1143 1404 mendax
1178 1347 1348 1421 (Psal.
1382 1349 1529 1420 cxv).
1576 1370 1595 1402 ›
1640 1349 1707 1403 Et
1744 1356 2016 1405 transacta

431 1458 539 1498 non
576 1440 747 1496 solum
774 1440 937 1511 impia
965 1438 1227 1507 falsitate,
1254 1454 1439 1495 verum
1466 1442 1630 1495 etiam
1657 1440 1772 1511 ipso
1799 1438 2016 1511 speculo

431 1540 489 1586 et
513 1531 824 1602 aenigmate,
850 1528 989 1584 facie
1014 1530 1083 1584 ad
1109 1528 1303 1584 faciem
1330 1544 1742 1601 cognoscamus,
1775 1530 1919 1585 sicut
1960 1537 2016 1585 et

431 1616 634 1695 cogniti
688 1638 909 1688 sumus;
963 1622 1417 1691 quemadmodum
1467 1622 1758 1693 Apostolus
1813 1622 1947 1677 dicit
1995 1637 2010 1677 :

437 1736 456 1768 ι
501 1716 761 1773 Videmus
787 1715 1063 1787 nuncper
1109 1715 1386 1788 speculum
1429 1714 1485 1771 in
1532 1714 1842 1786 ainigmate,
1882 1723 2010 1769 tunc

2120 530 2443 602 profundum
2473 532 2789 603 mysterium
2822 531 3259 587 demonstrarent
3296 530 3540 603 posteris
3573 546 3703 605 pro-

2120 619 2380 676 futurum.
2411 619 2505 676 Sic
2526 634 2656 693 ergo
2682 616 2740 677 et
2780 619 2941 676 istum
2990 617 3244 690 lapidem,
3269 634 3582 691 quanquam
3621 620 3705 677 vi-

2119 713 2351 770 sibiliter
2378 720 2665 781 statutum,
2692 710 3009 784 spiritaliter
3049 711 3309 766 debemus
3357 711 3609 783 accipere
3642 710 3702 769 in

2119 803 2486 859 testimonium
2532 801 2774 858 futurum
2812 801 3015 857 Iudaeis
3054 799 3396 871 inﬁdelibus,
3438 802 3547 859 hoc
3592 814 3701 879 est,

2118 895 2532 963 mentientibus,
2577 896 2643 953 de
2679 894 2875 968 quibus
2920 894 3053 951 dicit
3095 892 3340 965 psalmus
3372 912 3387 948 :
3425 911 3447 945 ι
3486 894 3704 951 Inimici

2118 987 2330 1043 Domini
2356 986 2567 1043 mentiti
2593 995 2722 1044 sunt
2744 987 2795 1044 ei
2821 983 2993 1059 (Paul.
3022 984 3213 1057 Lm).
3257 1004 3278 1039 ι
3321 982 3513 1067 Neque
3557 986 3705 1041 enim

2116 1078 2319 1135 frustra
2349 1095 2470 1135 eum
2492 1076 2608 1152 jam
2638 1079 2735 1136 Dei
2763 1074 2996 1135 famulus
3023 1075 3258 1151 Moyses,
3285 1076 3372 1134 vel
3393 1079 3582 1150 potius
3600 1094 3704 1150 per

2118 1171 2406 1227 eum'Deus
2419 1170 2773 1241 disposuisset
2786 1169 2855 1225 ad
2876 1169 3133 1241 populum
3158 1172 3705 1241 testamentuman

2118 1260 2174 1315 in
2218 1275 2344 1316 arca
2395 1266 2533 1325 erat,
2575 1275 2697 1330 quae
2718 1259 2878 1315 dicta
2923 1265 3007 1314 est
3033 1272 3164 1314 arca
3194 1260 3534 1327 testamenti,
3558 1270 3613 1315 et
3642 1260 3701 1317 in

2114 1350 2270 1408 libris
2312 1350 2447 1423 legis
2486 1359 2638 1408 tanta
2684 1358 3171 1413 sacramentum.
3192 1359 3255 1407 et
3280 1362 3703 1422 .mptorlm

2116 1442 2514 1513 muttiplicitate
2536 1440 2881 1513 conscriptis,
2917 1440 3312 1503 tamenetiam
3360 1444 3447 1499 hic
3484 1445 3702 1501 dictum

2116 1540 2218 1601 est,
2254 1549 2274 1586 ‹
2317 1533 2599 1605 Disposuit
2624 1531 2783 1590 Jesus
2802 1535 2874 1591 ad
2904 1533 3165 1608 populum
3211 1543 3594 1592 testamentum
3638 1538 3699 1593 in

2117 1623 2203 1679 die
2252 1621 2362 1677 illa.
2403 1644 2424 1677 ι
2459 1622 2732 1694 Repetitio
2767 1625 2964 1695 quippe
3014 1627 3331 1685 testamenti
3356 1625 3571 1685 Novum
3596 1629 3704 1685 Te-

2114 1721 2447 1771 stamentum
2478 1714 2767 1787 signiﬁcat,
2795 1715 2938 1785 quod
2967 1715 3241 1787 signiﬁcat
3276 1724 3335 1773 et
3358 1718 3706 1781 Denterono-

430 1818 612 1864 autem
646 1807 784 1863 facie
809 1807 876 1864 ad
912 1806 1141 1874 faciem;
1189 1823 1332 1862 nunc
1375 1806 1487 1861 scio
1534 1821 1603 1860 ex
1643 1815 1797 1876 parte
1822 1846 1837 1872 ,
1882 1813 2011 1860 tunc
2036 1797 2086 1867 B
2112 1803 2301 1869 mium,
2327 1804 2470 1877 quod
2501 1806 2890 1877 interpretatur
2919 1806 3156 1865 secunda
3203 1805 3311 1875 lex,
3340 1809 3489 1881 quod
3531 1810 3702 1883 signi-

428 1907 610 1955 autem
623 1914 945 1971 cognoscam
964 1899 1103 1954 sicut
1116 1906 1173 1953 et
1186 1899 1434 1970 cognitus
1453 1913 1573 1953 sum
1600 1894 1655 1969 (I
1677 1893 1800 1952 Cor.
1817 1893 1962 1970 xiii.)
1985 1917 2005 1951 ι

1014 2026 1241 2084 CAPUT
1282 2026 1421 2083 XVI.

423 2143 507 2209 De
524 2161 585 2200 eo
604 2144 748 2216 quod
770 2142 1025 2216 percussit
1048 2140 1214 2216 Jostte
1235 2140 1403 2216 (metu:
1423 2155 1603 2216 carent
1615 2141 1841 2216 Domino
1852 2139 1907 2194 in
1923 2137 2013 2216 Si-

418 2234 423 2241 ‘
498 2209 1001 2285 (themati-ipsimae
1035 2212 1213 2266 omnia
1236 2209 1392 2285 verbo
1422 2210 1629 2279 foederis
1650 2281 1657 2285 _
1677 2212 1735 2265 in
1756 2209 2014 2285 volumine

493 2283 625 2356 legis
652 2278 748 2341 Dei
780 2278 829 2338 et
849 2278 1024 2355 posuit
1064 2298 1220 2362 super
1242 2278 1741 2403 lapidemgranucm
1763 2289 1811 2335 et
1837 2278 2014 2335 subter

498 2370 747 2403 ouercam
783 2370 901 2403 una:
935 2361 1045 2403 erat
1072 2368 1129 2403 ιη
1148 2359 1451 2403 sanctuarto
1528 2366 1708 2403 omtm.

498 2370 747 2425 quercum
783 2370 901 2423 qua:
935 2361 1045 2406 erat
1072 2359 1129 2403 in
1148 2359 1451 2404 sanctuario
1477 2359 1708 2403 Domini.

463 2444 701 2529 M(lnin.)’
726 2462 745 2494 c
785 2443 1061 2499 Percussit
1085 2442 1251 2513 igitur
1278 2439 1441 2495 Josue
1480 2438 1535 2495 in
1565 2441 1651 2529 die
1687 2439 1779 2494 illo
1803 2437 2009 2507 fcedus;

414 2522 782 2606 'tﬂproposuit
828 2534 1026 2605 populo
1061 2541 1335 2603 prmcepta
1378 2540 1540 2601 atque
1581 2528 1785 2599 judicia
1833 2530 1887 2586 in
1926 2529 2013 2585 Si-

430 2645 453 2681 ι
497 2627 654 2681 ehem
689 2643 702 2677 :
737 2625 1064 2703 scripsitque
1104 2622 1287 2677 omnia
1314 2622 1479 2676 verba
1507 2621 1622 2676 haec
1656 2619 2012 2676 in'vOlumine

414 2700 457 2771 ἰ’
492 2714 628 2789 legis
653 2700 757 2772 Dei
782 2736 795 2770 ε
827 2704 884 2772 et
905 2712 1027 2771 tulit
1057 2712 1289 2787 lapidem
1315 2712 1670 2786 pergrandem
1688 2752 1704 2781 ,
1725 2712 2011 2783 posuitque

428 2806 449 2865 ἱ
491 2798 617 2865 eum
648 2806 831 2878 subter
857 2822 1117 2881 quercum
1156 2822 1279 2876 qua:
1311 2796 1431 2862 erat
1454 2806 1511 2859 in
1544 2798 2007 2867 sanctuario'Dei,

482 2898 552 2958 'et
582 2900 719 2957 dixit
754 2898 823 2957 ad
852 2888 1066 2956 omnem
1110 2890 1364 2972 populum
1401 2917 1413 2951 :
1452 2894 1531 2952 En
1581 2888 1713 2966 lapis
1760 2894 1862 2949 iste
1904 2890 2011 2948 erit

429 3013 447 3046 ι
498 2986 647 3049 vobis
683 2990 739 3048 in
782 2988 1172 3058 testimonium,
1202 2988 1346 3060 quod
1374 2988 1607 3044 audierit
1635 2984 1815 3041 omnia
1844 2984 2009 3039 verba

427 3106 447 3137 ι
499 3084 714 3155 Domini
748 3101 867 3155 qua:
893 3084 1103 3139 locutus
1126 3091 1212 3138 est
1241 3080 1414 3145 vobis,
1440 3096 1509 3134 ne
1530 3076 1671 3133 forte
1696 3082 1881 3146 postea
1913 3088 2009 3130 ne-

2113 1893 2278 1950 tica-nt
2304 1904 2361 1950 et
2383 1895 2656 1967 prioribus
2676 1894 2969 1953 contractis
2990 1896 3186 1952 tabula:
3207 1908 3504 1954 renovatae.
3521 1895 3703 1956 Multis

2112 1987 2258 2042 enim
2286 1984 2462 2061 modis
2488 1984 2902 2058 signiﬁcandum
2928 1985 3073 2058 quod
3115 2003 3224 2044 uno
3267 1987 3432 2044 modo
3472 1988 3702 2063 implen-

2113 2076 2241 2131 dum
2275 2075 2393 2132 fuit.
2442 2075 2563 2133 Jam
2597 2093 2726 2134 vero
2773 2078 2922 2149 quod
2969 2080 3064 2151 sub
3117 2078 3428 2136 terebintho
3470 2090 3702 2167 statutus

2112 2175 2195 2225 est
2220 2167 2387 2239 lapis,
2414 2169 2518 2224 hoc
2564 2166 2832 2241 signiﬁcat
2883 2171 3027 2241 quod
3071 2171 3225 2244 virga
3263 2172 3332 2227 ad
3381 2182 3599 2245 petram
3646 2166 3702 2235 ut

2113 2276 2252 2333 aqua
2280 2260 2592 2332 proflueret,
2623 2262 2751 2335 quia
2779 2278 2954 2335 neque
2986 2262 3078 2323 hic
3113 2266 3233 2341 sine
3273 2262 3426 2337 ligno
3469 2276 3699 2325 statutus

2112 2361 2197 2409 est
2224 2342 2383 2427 lapis.
2422 2340 2549 2411 Ideo
2575 2363 2757 2411 autem
2804 2356 3010 2424 subter,
3032 2404 3041 2419 ,
3060 2342 3207 2427 quia,
3241 2373 3353 2413 non
3382 2356 3602 2433 tfuisset
3632 2361 3695 2431 in

2113 2458 2273 2501 cruce
2298 2442 2587 2512 exaltatus,
2614 2446 2720 2502 nisi
2748 2446 3054 2505 humilitate
3087 2445 3366 2521 subjectus
3398 2465 3414 2503 :
3447 2448 3536 2505 vel
3561 2450 3697 2521 quod

2084 2534 2203 2613 gillo
2250 2543 2491 2605 tempore
2535 2536 2682 2607 quod
2724 2534 2784 2605 id
2834 2526 3071 2594 faciebat
3119 2533 3278 2597 Jesus
3325 2536 3502 2619 Nave,
3530 2540 3697 2595 adhuc

2111 2626 2902 2711 obumbrandumlmysterium
2946 2628 3099 2709 fuit.‘
3131 2629 3451 2697 Terebintbi
3498 2631 3696 2707 lignum

2110 2715 2488 2800 medicinalem
2515 2710 2811 2789 lacrymam
2832 2721 3082 2789 exsudat,
3099 2736 3219 2790 quae
3235 2722 3401 2776 arbor
3424 2737 3454 2775 a
3476 2719 3697 2800 Septua-

2082 2878 2085 2883 Q
2110 2796 2681 2897 ginta‘i'nterpretibus.
2705 2808 2809 2864 hoc
2837 2808 2958 2866 loco
2990 2810 3173 2881 posita
3202 2820 3305 2879 est,
3341 2812 3587 2897 quamvis
3609 2796 3692 2868 Se-

2109 2892 2347 2981 cundum
2375 2890 2510 2981 alios
2540 2899 2866 2970 interpretes
2891 2892 3125 2969 quercus
3148 2899 3386 2975 legatur.

2180 2970 2357 3063 (inim)
2402 2970 2421 3039 ἲ
2470 2989 2792 3065 Dimisitque
2819 2991 3077 3063 populum
3101 2970 3351 3064 singulos
3387 2980 3457 3049 iu‘
3479 2970 3696 3066 posses-

2086 3070 2137 3153 ξι
2182 3072 2393 3135 sionem
2434 3096 2609 3137 suam.
2657 3101 2674 3133 ι
2713 3080 2908 3137 Mirum
2947 3090 3033 3138 est
3068 3100 3200 3140 sane
3244 3085 3389 3159 quod
3422 3085 3620 3142 saltem
3640 3087 3700 3165 in

406 3174 443 3228 ἰ
490 3194 620 3253 gare
643 3146 842 3241 velitis,
866 3184 923 3229 et
951 3174 1169 3229 mentiri
1216 3170 1445 3227 Domino
1493 3168 1604 3225 Deo
1633 3175 1836 3224 vestro.
1876 3188 1894 3219 ι
1935 3165 2004 3221 Et
2110 3166 2422 3224 novissimis
2452 3170 2565 3237 suis
2590 3170 2793 3241 verbis,
2821 3170 3019 3242 quibus
3042 3146 3300 3245 populum
3323 3175 3587 3232 allocutus

424 3262 692 3339 disposuit
734 3267 891 3322 Jesus
913 3272 1295 3321 testamentum
1321 3264 1387 3318 ad
1411 3263 1664 3334 p0pulum
1691 3262 1745 3315 in
1774 3258 1866 3315 illo
1896 3259 2003 3325 die,

425 3368 482 3415 et
513 3358 659 3415 dedit
684 3357 758 3411 illi
787 3356 961 3427 legem
989 3363 1043 3409 et
1064 3354 1327 3424 judicium
1356 3352 1411 3406 in
1436 3351 1568 3415 Silo,
1600 3366 1783 3404 coram
1826 3348 2009 3403 taber-

424 3447 618 3503 naculo
646 3446 860 3502 Domini
891 3444 983 3499 Dei
1015 3444 1215 3509 Israel;
1270 3453 1325 3497 et
1367 3441 1586 3512 scripsit
1609 3439 1772 3495 verba
1809 3439 1923 3494 hinc
1950 3436 2007 3492 in

425 3522 571 3592 libro
603 3535 737 3608 legis
766 3534 863 3590 Dei
892 3554 903 3588 ε
936 3542 987 3589 et
1019 3532 1229 3604 accepit
1254 3532 1487 3604 lapidem
1514 3545 1790 3600 magnum,
1812 3538 1867 3585 et
1896 3539 2008 3585 sta-

424 3629 529 3682 tuit
555 3625 703 3682 illum
731 3618 889 3682 Jesus
927 3626 1028 3681 sub
1066 3625 1372 3681 terebintho
1424 3628 1550 3679 ante
1598 3622 1903 3677 Dominum.
1936 3619 2007 3677 Et

320 3738 326 3743 ’
421 3717 560 3774 dixit
606 3717 763 3774 Jesus
807 3706 876 3773 ad
923 3716 1179 3789 populum
1214 3731 1228 3771 :
1258 3714 1397 3771 Ecce
1425 3714 1563 3784 lapis
1590 3712 1693 3770 iste
1716 3712 1821 3770 erit
1848 3711 2005 3768 vobis

420 3808 474 3864 in
503 3809 892 3875 testimonium,
919 3807 1047 3881 quia
1086 3808 1176 3863 hic
1206 3807 1410 3862 audivit
1457 3806 1638 3861 omnia
1687 3816 1807 3875 qua}
1856 3803 2002 3858 dicta

402 3894 545 3977 'sunt
571 3890 602 3956 a
625 3900 875 3966 Domino,
899 3914 1233 3973 quzecunque
1258 3897 1469 3954 locutus
1487 3906 1569 3952 est
1593 3897 1659 3951 ad
1679 3910 1775 3952 vos
1800 3894 1961 3973 hodie
1984 3912 1998 3950 :

415 4001 470 4050 et
492 3992 581 4047 hic
600 3993 705 4049 erit
727 3993 881 4051 vobis
907 3991 959 4046 in
983 3990 1350 4046 testimonium
1375 3988 1428 4043 in
1461 3987 1770 4043 novissimis
1790 3978 1998 4052 diebus,

412 4100 541 4145 cum
564 4086 775 4142 m’entiti
816 4084 1026 4139 fueritis
1055 4083 1284 4137 Domino
1311 4081 1424 4138 Deo
1453 4087 1661 4135 vestro.‘
1681 4076 1806 4133 Haec
1837 4075 2003 4132 verba

415 4176 512 4249 qui
538 4192 644 4229 non
676 4175 729 4228 in
759 4175 1045 4244 superﬁcie
1071 4182 1279 4228 tantum
1304 4172 1561 4237 audiunt,
1599 4173 1695 4228 sed
1726 4171 2002 4240 aliquanto

416 4266 579 4321 altius
614 4270 1052 4335 perscrutantur,
1080 4279 1420 4335 nequaquam
1451 4272 1663 4319 tantum
1686 4263 1860 4318 virum
1892 4273 2001 4318 tam

414 4356 762 4428 insipientem
786 4364 979 4426 putare
1001 4355 1220 4419 debent,
1245 4361 1307 4407 ut
1332 4352 1495 4409 verba
1521 4353 1616 4411 Dei
1641 4369 1761 4423 quae
1787 4355 2001 4410 locutus

414 4458 500 4505 est
528 4448 744 4522 populo,
790 4448 1084 4504 inanimem
1117 4447 1348 4519 lapidem
1378 4447 1593 4503 audisse
1641 4444 1932 4503 crediderit
1979 4465 1992 4502 :

413 4539 506 4610 qui
528 4539 749 4595 etiamsi
768 4540 836 4595 ab
868 4538 1079 4595 artifice
1102 4538 1158 4593 in
1184 4539 1419 4594 hominis
1448 4532 1849 4594 similitudinem
1878 4534 1995 4594 elli-

415 4629 592 4699 giatus
617 4634 783 4693 esset,
812 4627 953 4683 inter
989 4629 1110 4685 illos
1137 4627 1325 4701 utique
1366 4629 1736 4700 deputarclur,
1769 4628 1837 4685 de
1885 4630 2000 4702 qui-

415 4719 523 4775 bus
550 4719 605 4773 in
637 4718 846 4790 psalmo
871 4720 1089 4776 canitur
1118 4736 1133 4775 :
1170 4739 1189 4772 ι
1219 4721 1395 4777 Aures
1428 4722 1649 4785 habent,
1673 4726 1727 4776 et
1755 4736 1864 4776 non
1910 4736 2002 4776 au-

414 4804 569 4864 dient
605 4804 788 4882 (Paul.
814 4810 1000 4882 cxm).
1031 4829 1051 4863 ›
1078 4812 1265 4883 Neque
1289 4811 1433 4867 enim
1461 4811 1603 4865 idola
1634 4811 1875 4883 gentium
1904 4825 2000 4865 au-

414 4926 536 4965 rum
557 4918 613 4966 et
638 4917 922 4982 argentum
947 4910 1058 4987 sola
1082 4929 1189 4968 non
1217 4912 1534 4976 audiunt,et
1561 4912 1605 4971 si
1633 4911 1841 4983 lapidea
1865 4911 1997 4978 sint,

416 5002 664 5057 audiunt.
696 5001 805 5058 Sed
832 5016 929 5073 per
957 5000 1100 5059 hunc
1125 5004 1362 5075 lapidem
1391 5004 1637 5076 profecto
1660 5004 1808 5060 illum
1837 5005 1997 5077 signi-

416 5093 598 5148 ﬁcavit
617 5093 715 5164 qui
736 5091 838 5148 fuit
868 5092 1005 5164 lapis
1027 5093 1338 5153 offensionis
1375 5114 1483 5155 non
1512 5096 1860 5154 credentibus
1902 5097 1996 5153 Ju-

2104 3256 2272 3317 'Josue
2320 3260 2484 3317 homo
2519 3261 2636 3327 Dei,
2666 3262 2800 3318 nihil
2830 3278 2922 3319 eos
2964 3264 3301 3336 objurgavit,
3329 3282 3391 3321 ex
3437 3281 3501 3321 eo
3543 3266 3697 3338 quod

2104 3350 2193 3407 his
2220 3350 2469 3421 gentibus
2490 3363 2849 3435 pepercerunt
2873 3368 3008 3426 quas
3029 3355 3286 3412 Dominus
3306 3340 3574 3427 usquead
3606 3355 3697 3413 in-

2108 3446 2478 3523 ternecionem
2527 3462 2652 3502 cum
2695 3434 3037 3506 anathemate
3078 3436 3384 3523 pcrdendas
3412 3466 3534 3507 esse
3557 3466 3699 3525 prte-

2107 3534 2270 3606 cepit.
2296 3533 2388 3591 Sic
2412 3536 2557 3591 enim
2585 3545 2671 3592 est
2699 3539 2989 3610 scriptum:
3031 3558 3049 3591 ‹
3082 3539 3153 3595 Et
3182 3540 3390 3597 factum
3419 3551 3524 3607 est,
3550 3548 3700 3613 post-

2107 3641 2269 3697 quam
2302 3625 2645 3683 invaluerunt
2672 3626 2769 3683 filii
2794 3627 2982 3698 lsrael,
3012 3638 3066 3687 et
3092 3629 3342 3688 fecerunt
3364 3614 3699 3689 Chananéos

2107 3715 2438 3784 obedientes,
2468 3718 2794 3776 exterminio
2819 3729 3003 3778 autem
3038 3735 3131 3778 eos
3157 3738 3265 3778 non
3292 3724 3699 3779 exterminave—

2107 3812 2238 3863 runt
2265 3806 2400 3880 (los.
2429 3809 2587 3883 xm).
2631 3831 2650 3865 ›
2683 3809 2820 3867 Nam
2855 3812 3033 3883 primo
3061 3830 3155 3870 eos
3191 3814 3248 3870 id
3288 3830 3405 3871 non
3458 3816 3703 3889 potuisse

2108 3898 2387 3970 Scriptura
2413 3908 2607 3957 testata
2640 3908 2754 3971 est;
2807 3904 2901 3960 sed
2941 3922 3086 3961 nunc
3108 3914 3469 3987 posteaquam
3495 3923 3704 3979 praeva-

2092 3990 2344 4075 ‘luerunt,
2374 3991 2448 4046 ita
2472 3999 2531 4047 ut
2552 3991 2796 4051 facerent
2817 3996 3197 4067 obaudientes,
3225 4000 3371 4069 quod
3396 4016 3505 4056 non
3535 4000 3703 4056 etiam

2106 4085 2625 4153 exterminaverunt,
2650 4087 2837 4158 utique
2881 4092 3072 4145 contra
3112 4101 3448 4163 praeceptum
3486 4089 3704 4146 Domini

2105 4175 2306 4233 factum
2338 4188 2443 4245 est,
2465 4180 2609 4253 quod
2637 4197 2745 4237 non
2764 4190 2847 4237 est
2872 4184 3123 4255 cuiquam
3150 4184 3356 4241 factum
3390 4202 3512 4242 cum
3542 4183 3704 4245 Jesus

2105 4270 2406 4326 exercitum
2435 4266 2674 4328 duceret.
2718 4272 2828 4330 Cur
2854 4291 2984 4349 ergo
3013 4293 3122 4334 non
3149 4294 3245 4334 eos
3279 4278 3595 4351 objurgavit
3627 4277 3706 4333 al-

2078 4355 2375 4433 ‘locutione
2414 4361 2727 4429 novissima,
2770 4366 2917 4436 quod
2952 4367 3008 4422 in
3045 4367 3151 4423 hoc
3182 4366 3400 4423 Domini
3428 4377 3705 4441 pnncepta

2103 4449 2474 4519 neglexerint?
2501 4450 2584 4533 An
2615 4451 2756 4510 forte
2780 4455 2923 4526 quod
2942 4457 3096 4529 prius
3122 4456 3261 4513 dixit
3288 4474 3384 4515 eos
3413 4458 3701 4530 Scriptura

2103 4555 2210 4595 non
2261 4532 2746 4616 potuisse,utique
2788 4532 3085 4620 antequam.
3114 4550 3503 4620 praevalerent,
3531 4550 3707 4606 etiam

2104 4646 2225 4688 cum
2275 4628 2685 4707 prmaluissent
2730 4638 2979 4698 timuisse
3000 4642 3258 4698 credendi
3287 4652 3440 4710 sunt,
3464 4659 3542 4699 ne
3566 4643 3714 4700 forte

2101 4730 2309 4805 paratis
2329 4731 2549 4789 obedire
2579 4731 2625 4787 si
2644 4747 2872 4806 parcere
2889 4732 3215 4802 noluissent,
3242 4732 3431 4789 acrius
3471 4749 3576 4791 eos
3617 4720 3715 4789 ad-

2102 4840 2322 4881 versum
2352 4839 2410 4881 se
2436 4841 2505 4881 ex
2532 4825 2649 4898 ipsa
2697 4825 3071 4896 desperatione
3117 4839 3363 4897 pugnare
3408 4825 3717 4901 compelle-

2102 4926 2247 4984 rent,
2272 4928 2328 4972 et
2355 4933 2449 4973 eos
2478 4932 2737 4990 superare
2786 4932 2896 4974 non
2939 4926 3185 4988 possent.
3234 4916 3397 4975 Hunc
3442 4908 3589 4992 ergo
3635 4920 3718 4975 eis

2101 5009 2399 5069 humanum
2434 5008 2712 5085 timorem
2741 5009 3002 5068 Dominus
3047 5008 3218 5066 noluit
3264 5009 3574 5083 imputare,
3604 5010 3711 5069 etsi

2103 5108 2327 5172 apparet
2354 5100 2406 5154 in
2427 5114 2494 5157 eo
2513 5101 2759 5171 quaedam
2785 5100 3118 5159 subdefectio
3140 5099 3292 5171 ﬁdei,
3308 5118 3439 5175 quae
3467 5104 3521 5159 si
3548 5100 3718 5158 fortis

415 5182 565 5248 dacis,
590 5194 647 5242 et
671 5193 825 5256 petra
866 5185 1141 5251 scandali;
1192 5188 1284 5257 qui
1331 5206 1455 5247 cum
1498 5190 1881 5262 reprobaretur
1925 5192 2005 5249 ab

412 5270 827 5342 aedificantibus,
859 5274 1033 5331 factus
1055 5283 1141 5331 est
1163 5275 1219 5331 in
1241 5286 1403 5346 caput
1423 5281 1637 5351 anguli;
1668 5296 1829 5352 quem
1854 5295 1993 5352 prae-

414 5360 667 5433 ﬁguravit
688 5373 743 5420 et
758 5365 849 5421 illa
869 5375 1023 5438 petra
1040 5381 1160 5439 quae
1187 5374 1370 5438 potum
1394 5370 1595 5426 sitienti
1622 5360 1821 5445 populo
1845 5371 1992 5446 ligno

414 5469 676 5525 percussa
711 5459 978 5531 profudit;
1026 5464 1092 5519 de
1116 5478 1223 5535 qua
1251 5462 1383 5518 dicit
1414 5462 1729 5535 Apostolus;
1767 5487 1786 5519 ‹
1831 5467 1993 5527 Bibe—

416 5544 549 5601 bant
567 5556 747 5605 autem
779 5552 845 5607 de
873 5553 1101 5622 spiritali
1123 5563 1490 5628 consequente
1522 5571 1617 5613 eos
1645 5565 1991 5631 petra,petra

419 5645 601 5693 autem
625 5649 745 5695 erat
786 5642 1033 5699 Christus
1071 5645 1122 5718 (1
1150 5646 1274 5702 Cor.
1305 5645 1383 5719 χ).
1424 5667 1443 5698 ι
1478 5645 1632 5702 Unde
1667 5658 1723 5704 et
1759 5652 1993 5707 cultellis

415 5727 644 5801 petrinis
665 5731 923 5811 populum
952 5736 1293 5795 circumcidit
1319 5738 1423 5795 iste
1460 5737 1655 5794 ductor
1689 5741 1939 5812 egregius
1972 5759 1985 5796 :

2080 5190 2156 5263 in
2179 5190 2260 5249 eis
2285 5201 2450 5259 esset,
2473 5207 2537 5249 ea
2559 5202 2917 5265 sequerentur
2956 5208 3077 5265 qua:
3124 5193 3302 5265 ipsum
3353 5194 3559 5251 Jesum
3594 5190 3726 5252 bel-

2100 5283 2304 5340 lantem
2335 5294 2519 5341 secuta
2561 5293 2706 5341 sunt.
2739 5281 2877 5352 Quia
2899 5298 3029 5341 vero
3053 5300 3162 5340 non
3191 5284 3246 5339 in
3275 5283 3358 5341 eis
3380 5292 3557 5341 tanta
3583 5285 3729 5342 ﬁdes

2080 5374 2226 5443 fuit,
2253 5375 2415 5432 etiam
2439 5391 2563 5431 cum
2609 5374 2934 5431 adversariis
2968 5374 3084 5431 suis
3125 5373 3601 5446 praevaluissent,
3627 5393 3734 5449 pu-

2100 5456 2269 5539 gnare
2295 5485 2418 5526 cum
2443 5469 2523 5527 eis
2547 5483 2718 5539 usque
2737 5470 2808 5526 ad
2832 5468 3258 5527 internecionem
3277 5483 3485 5526 eorum
3512 5470 3739 5527 timore

2068 5562 2354 5635 ,non‘ausi
2382 5571 2528 5621 sunt.
2565 5561 2736 5630 Quem
2768 5562 3040 5627 timorem,
3071 5569 3131 5617 ut
3156 5558 3300 5627 dixi,
3332 5575 3459 5617 non
3498 5562 3579 5620 de
3615 5580 3742 5621 ma-

2098 5649 2238 5717 litia,
2271 5667 2447 5722 neque
2493 5652 2559 5710 de
2602 5653 2886 5726 superbia,
2936 5652 3021 5708 vel
3067 5640 3385 5721 contemptu
3438 5657 3739 5726 praecepti

2100 5743 2385 5815 Dominici,
2413 5745 2507 5802 sed
2538 5745 2604 5803 de
2625 5746 2792 5803 animi
2813 5745 3129 5806 inﬁrmitate
3154 5744 3516 5825 venientem,
3547 5732 3745 5825 noluit

3168 6051 3200 6066 cf
