3986 6348
322 386 455 447 Ιίιῦ

1174 348 1560 445 acnuam;
1598 384 1667 442 IN
1704 346 2227 441 mamma.
2265 370 2501 440 41.113.
2543 382 2631 439 Ill.

3390 360 3558 445 'nde

314 472 404 562 {eis
428 498 692 556 Dominus
714 498 1003 570 imputare,
1025 514 1147 555 cum
1172 496 1252 557 eis
1276 517 1374 573 per
1397 500 1578 557 Iesum
1600 499 1891 555 novissima
1918 502 1972 565 Α
1995 499 2094 567 sia,
2123 500 2265 555 inter
2293 508 2487 556 caetera
2518 480 2696 557 divina
2724 480 3020 556 sanctionis
3052 500 3237 570 verba,
3269 517 3299 557 a
3319 481 3564 559 multitu-

325 582 657 661 loqueretur.
682 588 833 646 Unde
857 599 913 644 et
929 588 1215 660 Apostolus
1240 604 1254 643 :
1290 608 1309 641 ‹
1353 587 1677 654 Alexander,
1698 586 1889 657 inquit,

324 679 549 735 aerarius
582 666 754 733 multa
784 676 926 733 mala
951 679 1087 734 mihi
1111 678 1375 745 ostendit;
1407 679 1597 734 reddet
1620 675 1692 731 illi
1716 677 1894 732 Domi-

325 774 429 824 nus
458 759 755 825 secundum
799 783 963 839 opera
1005 768 1174 839 ipsius
1216 766 1303 843 (II
1332 766 1465 824 Tim.
1492 768 1587 842 iv).
1624 789 1642 821 ι
1679 764 1753 823 De
1790 752 1896 823 illis

312 866 508 939 autem
532 860 624 943 qui
646 876 767 917 eum
788 859 1321 943 periclitantem,non
1346 861 1572 927 malitia,
1590 860 1683 917 sed
1705 861 1899 939 timore

312 947 702 1027 :deseruerant,
725 948 801 1005 ita
828 948 1040 1007 loeutus
1062 958 1183 1007 est:
1221 968 1240 1000 ί
1269 942 1327 1004 In
1355 950 1529 1020 prima
1569 964 1688 1004 mea
1714 948 1900 1007 defen-

308 1020 482 1097 ‘sione
506 1034 663 1098 nemo
709 1026 843 1097 mihi
887 1040 1079 1109 adfuit,
1106 1041 1201 1097 sed
1245 1056 1435 1097 omnes
1479 1054 1566 1097 me
1607 1040 1902 1113 derelique-

276 1146 293 1154 ‘
308 1128 476 1207 (’runt'.
500 1124 629 1213 Non
659 1124 781 1191 illis”
794 1132 1091 1207 imputetur
1117 1131 1327 1209 (Ibid.).
1364 1153 1380 1186 ι
1844 1138 1849 1145 “

902 1264 1130 1323 CAPUT
1169 1265 1330 1323 XVII.

306 1377 415 1436 "De
426 1377 772 1434 Morte-Iosue
795 1387 843 1433 et
865 1377 1132 1448 sepultura
1153 1377 1286 1446 ejus,
1313 1385 1364 1430 et
1388 1376 1453 1448 de
1484 1383 1649 1448 marte
1677 1373 1906 1448 Eleazar

306 1482 345 1503 ηπ.
382 1459 449 1519 :et
468 1448 895 1519 sepultulaejus;
916 1444 1013 1503 nec
1029 1444 1197 1519 nonet
1216 1447 1285 1519 Ade
1304 1446 1504 1519 ossibus
1523 1444 1719 1519 Ioseph
1738 1455 1906 1519 transf

319 1568 349 1583 ,,
402 1514 533 1575 latis
550 1518 613 1572 de
632 1517 706 1573 1E
710 1514 863 1589 gy'pgo
893 1517 1261 1589 ειέεεηιᾳιρὶε-ξη
1293 1514 1520 1589 Sichem,
1545 1514 1772 1589 inferte
1791 1515 1906 1585 agri

304 1592 307 1599 “
400 1605 550 1658 quem
579 1583 1148 1658 entegj'a'l'lacobaﬁliis
1176 1583 1764 1655 HemorpatrisSit/zem
1787 1583 1907 1637 cen-

344 1668 351 1685 ’
403 1656 748 1712 tm'novellid
775 1658 972 1711 ovibus.
1124 1674 1127 1681 ·
1202 1664 1205 1669 '
1500 1670 1505 1677 '

1956 589 2116 647 'dine
2148 582 2402 673 (ﬁliorum
2454 592 2827 673 ministrorum
2861 592 3073 671 _Christi
3123 594 3179 649 in
3224 584 3564 652 sacramento

1953 705 1958 709 ·
1992 687 2171 743 missae
2198 704 2210 740 :
2240 684 2341 741 Hie
2360 696 2444 742 est
2468 686 2607 742 calix
2631 685 2767 741 Novi
2792 684 3142 742 'Testamcnti
3174 688 3228 743 in
3278 705 3402 746 meo
3443 705 3566 745 san-

1995 777 2175 850 guine,
2200 776 2293 847 qui
2316 791 2414 847 pro
2437 776 2593 832 vobis
2635 783 2690 830 et
2725 792 2823 847 pro
2852 775 3036 833 multis
3076 775 3381 833 ellundetur
3402 768 3461 834 in‘
3482 793 3568 835 re-

1995 860 2310 925 missionem
2328 875 2689 939 peccatorum.
2711 868 2836 924 Haee
2857 868 3281 945 quotiescunque
3305 868 3564 941 feceritis,

1996 952 2055 1017 in
2081 960 2191 1016 mei
2209 959 2526 1015 memoriam
2555 959 2786 1018 facietis.
2958 960 2963 967 '
3396 966 3401 971 ’

2069 1036 2243 1125 (lam)
2274 1068 2293 1102 ί
2328 1047 2667 1120 Servivitque
2685 1051 2851 1106 Israel
2885 1051 3113 1109 Domino
3136 1053 3348 1109 cunctis
3373 1052 3565 1110 diebus

2004 1156 2043 1221 ¢_
2069 1134 2251 1207 Iosue,
2268 1130 2323 1194 et
2342 1140 2613 1194 seniorum
2634 1140 2727 1213 qui
2751 1139 2909 1211 longo
2922 1141 3171 1196 vixerunt
3194 1149 3434 1214 tempore
3445 1154 3571 1215 post

2008 1249 2028 1284 ‹
2066 1229 2250 1311 Iosue,
2265 1241 2320 1287 et
2339 1233 2430 1302 qui
2450 1240 2712 1289 noverant
2733 1231 2914 1288 omnia
2937 1248 3099 1304 opera
3118 1234 3333 1289 Domini
3358 1250 3478 1305 qua:
3499 1234 3573 1290 fe-

2008 1347 2028 1381 ‹
2072 1336 2220 1383 eerat
2245 1328 2302 1383 in
2326 1327 2508 1382 Israel.
2544 1347 2562 1379 ι
2591 1325 2697 1401 (Ex
2716 1327 3077 1398 Adamantio.)
3106 1327 3300 1403 Beatus
3327 1327 3373 1382 is
3402 1328 3493 1399 qui
3515 1327 3570 1403 in

2004 1417 2193 1473 diebus
2214 1414 2340 1471 Iesu
2369 1416 2537 1472 servit
2554 1398 2799 1483 Domino,
2816 1416 2905 1487 qui
2920 1418 3085 1472 verbo
3106 1398 3162 1471 et
3180 1398 3439 1488 sapientia
3458 1415 3502 1484 ej
3512 1398 3574 1495 us

2005 1506 2358 1574 illuminatur,
2373 1508 2462 1578 qui
2484 1506 2768 1577 prmceptis
2788 1505 2905 1576 ejus
2928 1506 3248 1574 illustratur,
3270 1505 3360 1578 qui
3390 1498 3574 1585 exdo-

2006 1600 2177 1655 ctrina
2190 1599 2304 1669 ejus
2314 1599 2510 1669 accipit
2521 1598 2702 1653 lumen
2714 1599 2969 1655 scientiae.
2995 1597 3240 1675 Secundo
3256 1606 3435 1651 tamen
3454 1596 3572 1651 loco

2007 1701 2060 1747 et
2089 1692 2179 1746 ille
2202 1676 2491 1763 post'hunc
2519 1700 2601 1747 est
2632 1693 2850 1767 beatus,
2878 1691 2969 1760 qui
2996 1690 3049 1745 in
3080 1674 3265 1746 diebus
3284 1674 3572 1746 [seniorum

406 1748 638 1841 (1811).)ἰ
683 1766 751 1823 Et
776 1777 899 1840 post
916 1764 1034 1824 haec
1055 1772 1300 1823 mortuus
1320 1776 1402 1823 est
1421 1761 1580 1824 Iosue
1604 1765 1743 1822 ﬁlius
1764 1752 1904 1833 Nun,

2018 1782 2102 1855 qui
2132 1780 2348 1837 fuerunt
2373 1789 2496 1852 post
2523 1772 2705 1835 Iesum
2735 1770 2900 1835 servit
2927 1780 3169 1835 Domino.
3204 1766 3577 1868 Senioresqui

243 1884 249 1891 ‘
306 1850 361 1947 7".
407 1874 596 1925 servus
622 1852 1100 1927 Dominis-Centum
1127 1870 1181 1916 ει
1210 1856 1395 1949 decim]
1423 1852 1683 1917 ῧηηονίιη)
1716 1879 1729 1914 ε
1755 1875 1907 1931 εθΡθ·
1932 1850 1981 1913 Β
2008 1850 2093 1925 vel
2130 1887 2251 1945 eum
2274 1850 2401 1929 Iesu
2426 1870 2510 1925 vel
2528 1879 2659 1949 post
2692 1866 2874 1925 Iesum
2909 1866 3144 1937 fuerunt,
3178 1869 3266 1941 qui
3313 1876 3438 1953 sunt
3462 1850 3572 1923 alii

338 1970 359 2004 ι
401 1952 723 2023 lieruntque'
757 1966 878 2007 eum
928 1950 983 2006 in
1030 1950 1228 2007 ﬁnibus
1274 1944 1635 2025 possessionis
1681 1967 1825 2016 suae,
1854 1946 1917 2005 in

339 2028 373 2094 ι’
407 2030 1002 2112 Thannatbsare,quze
1037 2045 1139 2099 sita
1163 2051 1247 2099 est
1270 2038 1339 2098 in
1362 2051 1546 2117 monte
1568 2034 1857 2114 Epitraim,
1879 2059 1912 2099 a

334 2126 361 2182 ἰ
408 2131 820 2201 septentrionali
858 2126 1015 2203 parte
1043 2134 1243 2189 montis
1261 2130 1422 2191 Gaas.
1457 2154 1476 2186 ι
1507 2134 1564 2188 In
1592 2124 1912 2203 quibusdam

331 2223 473 2277 vivit
497 2219 670 2285 Iesus,
688 2223 743 2278 in
765 2224 1224 2292 quibusdamvero
1243 2216 1638 2280 defunCtusest.
1663 2222 1722 2279 ln
1746 2223 1913 2280 Paulo

333 2312 473 2391 vivit
496 2304 675 2378 Iesus,
689 2322 741 2367 et
764 2315 816 2368 in
840 2310 1002 2368 Petro
1029 2323 1085 2369 et
1116 2315 1169 2370 in
1200 2312 1305 2369 illis
1330 2314 1579 2369 omnibus
1601 2313 1691 2384 qui
1719 2313 1913 2370 merito

318 2398 561 2472 possunt
608 2399 833 2456 dicere:
877 2419 896 2453 ι
942 2402 1075 2457 Vivo
1120 2412 1320 2483 autem,
1342 2401 1456 2471 jam
1499 2418 1607 2458 non
1635 2418 1757 2476 ego,
1783 2403 1916 2460 vivit

330 2490 468 2547 vero
512 2491 761 2548 Christus
805 2492 861 2549 in
902 2508 992 2549 me
1040 2492 1183 2566 (Gal.
1211 2494 1296 2568 ιι).
1350 2493 1479 2550 Mihi
1514 2504 1707 2561 autem,
1730 2495 1915 2553 vivere

312 2576 586 2641 Christus
616 2594 719 2653 est,
748 2594 804 2642 et
830 2586 967 2645 mori
993 2587 1198 2642 lucrum
1227 2584 1394 2657 (Phil.
1418 2587 1479 2661 ι).
1515 2608 1533 2641 ι
1564 2588 1622 2643 ln
1651 2587 1769 2644 istis
1786 2604 1915 2661 ergo

332 2675 541 2731 talibus
569 2672 725 2731 Jesus
752 2677 948 2731 merito
973 2675 1157 2732 vivere
1184 2676 1397 2732 dicitur.
1423 2678 1482 2734 ln
1517 2678 1712 2749 quibus
1734 2686 1916 2734 autem

322 2756 627 2827 defunctus
659 2780 743 2828 est
779 2768 976 2828 Iesus?
1024 2768 1083 2826 ln
1125 2771 1233 2827 illis
1268 2772 1387 2829 sine
1433 2769 1597 2827 dubio
1635 2771 1727 2843 qui
1775 2786 1918 2843 saepe

326 2863 671 2936 paenitendo,
715 2872 772 2920 et
815 2865 1012 2920 iterum
1052 2863 1437 2936 delinquendo,
1461 2864 1608 2921 velut
1658 2864 1919 2920 insultare

327 2957 504 3012 morti
529 2954 656 3012 Iesu
695 2956 971 3024 dicuntur,
988 2958 1053 3012 de
1080 2957 1276 3028 quibus
1298 2958 1545 3014 scribens
1568 2959 1636 3013 ad
1664 2954 1920 3013 Hebraeos

330 3047 475 3103 dicit
490 3047 782 3119 Apostolus
809 3066 823 3103 :
859 3067 878 3100 ‹
907 3044 1141 3104 Rursum
1164 3047 1543 3120 erueiﬁgentes
1568 3048 1920 3119 sibimetipsis

308 3124 536 3195 'Filium
563 3138 679 3204 Dei,
707 3147 761 3194 et
787 3140 1021 3195 ostentui
1043 3140 1306 3195 habentes
1330 3138 1516 3213 (Hebr.
1545 3139 1644 3212 vi).
1683 3159 1703 3193 ι
1735 3138 1842 3194 Sed
1864 3134 1921 3196 et

2010 1960 2115 2015 nisi
2146 1950 2393 2031 apostoli,
2415 1948 2601 2031 quiet
2641 1958 2744 2029 ipsi
2785 1961 3002 2029 scriptis
3043 1972 3096 2014 et
3138 1948 3419 2031 praeceptis
3462 1952 3581 2014 'Suis

2011 2052 2318 2108 illuminant
2361 2052 2523 2107 corda
2553 2056 2763 2118 nostra,
2791 2054 2846 2107 et
2876 2050 3081 2107 faciunt
3117 2052 3280 2106 etiam
3321 2051 3424 2121 ipsi
3464 2050 3583 2107 dies

2012 2143 2275 2215 quosdam
2304 2144 2363 2199 in
2388 2142 2543 2200 nobis
2560 2159 2627 2198 ex
2650 2143 2738 2199 illa
2759 2143 2880 2199 luce
2898 2159 3059 2213 quam
3090 2142 3190 2212 ipsi
3219 2158 3291 2197 ex
3312 2157 3441 2207 vera
3462 2141 3584 2207 luce

2010 2234 2315 2306 partieipati
2344 2241 2488 2299 sunt,
2518 2235 2833 2289 venientes?
2862 2235 2962 2302 Qui
2995 2244 3137 2305 ergo.
3160 2233 3493 2289 illuminatur
3527 2242 3585 2289 et

2014 2315 2298 2380 instruitur
2326 2338 2393 2379 ex
2418 2322 2794 2396 apostolorum
2820 2325 3121 2396 praeceptis,
3138 2331 3191 2377 et
3214 2323 3280 2377 ad
3302 2322 3584 2378 servitium

2013 2415 2227 2471 Domini
2275 2415 2585 2485 apostolicis
2634 2415 2835 2487 regulis
2884 2400 3335 2479 instruitur,histe
3377 2416 3586 2485 estqui

2015 2509 2221 2566 servire
2248 2508 2446 2564 dicitur
2470 2508 2698 2564 Domino
2728 2507 2781 2562 in
2814 2507 3001 2564 diebus
3026 2507 3299 2563 seniorum
3338 2506 3428 2578 qui
3460 2502 3558 2561 lue
3583 2538 3592 2549 ο

2016 2607 2141 2654 runt
2158 2608 2283 2668 post
2300 2596 2505 2654 Iesum.
2924 2604 2930 2613 '
3422 2588 3425 2595 ’
3484 2594 3489 2603 ’
3548 2586 3562 2601 ”

2088 2688 2263 2763 (Isim)
2300 2707 2319 2739 ι
2356 2688 2499 2745 Ossa
2538 2703 2751 2759 quoque
2793 2703 3023 2759 .oscpn,
3050 2702 3169 2759 quae
3209 2687 3446 2743 tulerant
3491 2686 3591 2763 ﬁlii

2021 2797 2040 2831 ι
2084 2760 2251 2835 Israel
2279 2780 2343 2839 de
2371 2778 2625 2850 Egypto,
2650 2778 2973 2848 sepelierunt
2999 2778 3055 2833 in
3085 2778 3323 2845 Sichem,
3350 2778 3405 2832 in
3432 2760 3589 2851 parte

2022 2889 2043 2923 ι
2087 2871 2203 2943 agri
2232 2886 2393 2941 quem
2420 2877 2625 2927 emerat
2659 2868 2823 2925 Iacob
2852 2886 2881 2924 a
2920 2856 3061 2926 ﬁliis
3082 2868 3283 2925 Hemor
3304 2869 3477 2941 patris
3503 2866 3592 2925 Si-

2024 2983 2044 3018 (
2089 2966 2242 3021 ehem
2266 2971 2483 3020 centum
2512 2961 2737 3019 novellis
2762 2961 2970 3028 ovibus,
2999 2969 3055 3017 et
3088 2959 3191 3016 fuit
3219 2961 3272 3016 in
3292 2961 3592 3037 possessio-

2024 3074 2043 3110 ι
2088 3072 2213 3113 nem
2260 3055 2492 3111 ﬁliorum
2529 3052 2746 3125 Ioseph.
2799 3073 2818 3107 ι
2874 3050 3179 3109 Notandum
3222 3060 3400 3108 autem
3447 3052 3593 3124 quod

2019 3146 2307 3217 Iosephus,
2335 3145 2803 3217 historiographus
2844 3143 3175 3211 Iudaeorum,
3204 3144 3271 3201 de
3308 3134 3509 3215 Ioseph
3539 3136 3596 3201 et

328 3230 456 3303 ipse
502 3229 763 3287 Dominus
811 3230 868 3286 in
914 3230 1221 3303 Evangeliis
1248 3232 1316 3288 de
1341 3210 1470 3288 hoc
1515 3210 1917 3288 distinctionem
1945 3210 1990 3273 Ο
2021 3210 2427 3307 fratribus'ejus
2453 3238 2507 3291 in
2534 3210 3091 3306 Alitiquitatumlibro
3113 3210 3350 3291 secundo
3383 3210 3459 3288 ita
3480 3222 3595 3315 me-

284 3318 291 3325 ’
326 3320 761 3393 pulcherrimam
802 3320 982 3388 dedit,
1008 3338 1133 3378 cum
1168 3323 1338 3378 dicit:
1375 3341 1394 3374 ι
1432 3321 1750 3395 Quicunque
1795 3338 1921 3379 cou-

316 3400 517 3467 lessus
539 3427 626 3465 me
647 3410 810 3466 fuerit
843 3428 1026 3468 coram
1058 3414 1390 3480 hominibus,
1420 3423 1474 3469 et
1500 3429 1599 3486 ego
1620 3414 1920 3471 conﬁtebor

328 3500 467 3556 eum
498 3516 680 3556 coram
716 3500 879 3557 Patre
901 3518 1052 3570 meo,
1096 3505 1187 3574 qui
1227 3505 1281 3560 in
1307 3505 1460 3560 etelis
1479 3515 1578 3561 est.
1612 3507 1713 3574 Qui
1739 3516 1919 3563 autem

332 3593 622 3661 negaverit
652 3609 739 3649 me
765 3609 950 3651 coram
975 3592 1312 3663 hominibus,
1341 3605 1396 3652 et
1421 3612 1519 3669 ego
1552 3598 1762 3669 negabo
1796 3613 1919 3653 eum

318 3674 528 3742 coram
555 3683 717 3742 Patre
756 3702 879 3742 meo
922 3684 1139 3760 (Matth.
1168 3686 1246 3761 ι).
1282 3708 1303 3741 ι
1340 3682 1564 3743 Vidistis
1592 3689 1717 3759 quia
1746 3675 1923 3745 conli-I

302 3848 307 3857 η
334 3786 522 3834 tentes
549 3778 605 3833 in
643 3779 935 3849 semetipso
958 3777 1095 3834 dixit
1118 3768 1389 3848 conﬁteri,
1420 3780 1576 3851 quasi
1609 3781 1725 3851 ipse
1755 3780 1810 3836 in
1842 3781 1922 3839 eis

333 3871 494 3925 vivat
521 3879 578 3926 et
606 3879 859 3942 operetur
886 3887 1049 3945 opera
1077 3873 1221 3929 vitae.
1266 3873 1327 3929 In
1372 3874 1458 3929 his
1496 3882 1677 3929 autem
1706 3873 1797 3944 qui
1835 3888 1926 3929 ne-

280 3952 293 3957 “
335 3968 497 4033 gant,
523 3950 649 4016 non
679 3961 856 4016 tenuit
893 3960 1139 4017 eamdem
1178 3960 1334 4018 "verbi
1383 3963 1814 4030 similitudinem,
1863 3972 1926 4019 ut

280 4036 291 4107 ί
333 4050 574 4115 diceret,
602 4050 730 4121 quia
761 4050 853 4121 qui
888 4052 1166 4124 negaverit
1196 4052 1250 4109 in
1278 4068 1385 4122 me,
1417 4060 1473 4108 et
1502 4069 1602 4123 ego
1629 4054 1838 4125 negabo
1868 4054 1926 4109 in

332 4155 499 4207 eum;
532 4141 627 4197 sed
648 4143 742 4214 qui
768 4143 1048 4219 negaverit
1066 4160 1155 4200 me
1178 4136 1361 4201 coram
1389 4144 1719 4214 hominibus,
1740 4154 1794 4203 ct
1826 4161 1926 4219 ego

280 4238 283 4243 '
314 4229 555 4301 negabo
578 4248 701 4288 eum
727 4248 912 4289 coram
938 4232 1100 4291 Patre
1142 4252 1265 4293 meo
1282 4277 1298 4304 ,
1330 4258 1349 4290 ι
1377 4230 1438 4292 ut
1463 4228 1771 4294 esten-deret
1799 4238 1926 4309 quia

331 4320 437 4397 qui
467 4333 627 4395 negat
655 4326 872 4396 quidem
902 4343 983 4394 se,
1013 4333 1166 4383 extra
1209 4327 1390 4398 ipsum
1440 4337 1552 4395 est;
1600 4328 1691 4399 qui
1745 4338 1927 4386 autem

286 4408 299 4487 ί
332 4414 652 4483 conﬁtetur,
678 4416 733 4472 in
759 4416 877 4489 ipso
910 4424 1016 4474 est.
1059 4415 1213 4487 Quod
1250 4427 1431 4475 autem
1462 4435 1610 4476 mors
1646 4417 1774 4476 Iesu
1802 4428 1927 4490 post

331 4512 564 4562 centum
598 4514 655 4561 et
673 4505 859 4563 decem
896 4524 1068 4564 annos
1093 4524 1215 4565 esse
1238 4519 1716 4577 commemoratur,
1745 4519 1929 4568 osten-

288 4584 313 4601 ”
332 4596 425 4679 dit
445 4594 573 4666 quia
598 4610 695 4665 per
710 4606 940 4652 mortem
961 4597 1162 4653 Christi
1184 4616 1374 4656 omnes
1396 4602 1489 4671 qui
1518 4603 1770 4656 mandata
1788 4600 1927 4673 legis

331 4689 453 4743 rite
481 4694 701 4742 servant
727 4685 797 4740 ad
822 4688 1210 4744 beatitudinem
1252 4698 1377 4761 post
1418 4689 1580 4746 ﬁnem
1621 4692 1744 4747 vitae
1787 4707 1927 4763 prm-

314 4778 520 4837 'sentis
545 4779 760 4833 venturi
785 4783 913 4833 sunt
936 4788 1271 4850 perpetuam.
1302 4780 1456 4849 Quod
1482 4783 1627 4839 enim
1650 4784 1927 4854 sepultura

330 4870 466 4942 ejus
487 4867 541 4921 in
567 4866 764 4924 finibus
782 4870 1137 4940 possessionis
1170 4885 1299 4938 suae,
1335 4871 1390 4926 in
1412 4870 1849 4941 Thannathsare,
1870 4872 1926 4930 in

315 4956 533 5015 'monte
554 4950 831 5027 Ephraim,
848 4967 901 5013 et
926 4958 980 5013 in
1009 4967 1163 5030 parte
1182 4962 1382 5017 montis
1403 4961 1547 5018 Gaas
1572 4960 1696 5019 esse
1720 4964 1924 5020 deseri-

284 5066 289 5073 ·
330 5050 526 5117 biwr,
556 5048 824 5123 signiﬁcat
866 5050 1010 5122 quod
1056 5050 1112 5107 in
1158 5052 1399 5110 Ecclesia
1456 5055 1755 5123 catholica,
1803 5071 1924 5127 quae

314 5142 618 5221 possessio
650 5139 851 5197 Christi
875 5148 982 5207 est,
1004 5150 1060 5197 et
1089 5141 1181 5198 ubi
1210 5142 1418 5201 fruetus
1457 5146 1719 5201 virtutum
1762 5145 1929 5219 gigni-

333 5242 459 5297 tur,
481 5229 721 5303 quotidie
745 5231 1010 5302 passionis
1028 5222 1443 5289 Christimentio
1465 5250 1753 5291 numerose
1765 5245 1929 5307 atque

333 5324 604 5383 nobiliter
629 5323 952 5381 celebratur.
985 5324 1279 5382 Thannath
1321 5341 1450 5382 vero
1485 5327 1679 5385 civitas
1713 5326 1839 5384 Iesu
1870 5326 1927 5384 in

333 5415 495 5474 tribu
521 5415 777 5486 Ephraim
803 5422 858 5471 et
887 5416 941 5471 in
985 5413 1129 5473 Gaas
1182 5426 1366 5472 monte
1406 5418 1510 5473 sita
1558 5426 1662 5485 est,
1692 5421 1749 5474 in
1775 5417 1929 5489 cuius

286 5505 291 5509 ’
334 5508 754 5578 septentrionali
779 5507 936 5580 plaga
974 5507 1215 5579 sepultus
1245 5512 1331 5565 est
1352 5506 1665 5565 Iesusﬁlius
1683 5508 1851 5577 Nave,
1876 5519 1934 5567 et

334 5610 525 5667 usque
573 5596 733 5652 hodie
773 5594 931 5666 juxta
970 5598 1151 5654 vicum
1192 5597 1457 5653 Thannan
1481 5598 1789 5670 sepulcrum
1816 5599 1934 5671 ejus

335 5686 565 5757 insigne
584 5695 936 5743 monstratur.
972 5687 1368 5759 Interpretatur
1396 5697 1579 5745 autem
1618 5690 1934 5748 Thannath-

336 5793 479 5842 sare
502 5792 759 5838 numerus
786 5778 1111 5855 operimenti
1135 5779 1295 5863 novi._
1308 5778 1379 5839 Et
1405 5780 1647 5853 quotidie
1673 5781 1728 5865 iu
1757 5780 1934 5842 Eccle-

1949 4558 2005 4621 D

2020 3329 2198 3394 minit,
2229 3328 2412 3385 dicens
2441 3346 2454 3382 :
2486 3326 2727 3384 Mortuus
2756 3335 2839 3383 est
2879 3335 3059 3393 autem
3088 3333 3142 3381 et
3184 3325 3317 3396 ipse,
3348 3339 3473 3381 eum
3513 3320 3596 3377 v'i-

1983 3434 1987 3438 ’
2020 3423 2189 3478 sisset
2214 3435 2384 3476 annos
2421 3428 2639 3475 centum
2667 3427 2723 3475 et
2767 3418 2974 3483 decem,
2999 3417 3197 3493 virtute
3224 3404 3594 3493 mirabilis,’et

2021 3511 2199 3567 omnia
2228 3510 2435 3565 ratione
2453 3509 2763 3578 disponens,
2795 3514 3224 3577 potestatemque
3243 3520 3394 3560 suam
3416 3492 3595 3559 humi-

2021 3599 2145 3655 liter
2187 3614 2370 3670 agens.
2421 3597 2573 3665 Quod
2631 3598 2835 3667 utique
2870 3594 3177 3666 hujusmodi
3224 3594 3497 3651 felicitatis
3538 3595 3592 3650 ei

2023 3705 2188 3747 causa
2206 3688 2307 3744 fuit
2329 3689 2471 3759 apud
2494 3686 2797 3759 Egyptios,
2821 3697 2878 3743 et
2904 3687 3119 3742 aliunde
3148 3685 3357 3742 scilicet
3376 3685 3592 3740 venien-

2023 3789 2124 3848 tes,
2156 3788 2211 3836 et
2238 3779 2397 3834 talem
2435 3779 2649 3849 qualem
2676 3775 2875 3835 dudum
2913 3762 3176 3846 diximus,
3200 3768 3596 3848 passo‘ealum-

2023 3870 2191 3925 niam.
2226 3869 2421 3926 Mortui
2466 3875 2591 3924 sunt
2632 3867 2795 3923 etiam
2844 3866 2961 3938 ejus
3011 3869 3208 3923 tratres
3259 3866 3492 3923 feliciter
3538 3858 3596 3920 in

2024 3961 2258 4034 [Egypto
2287 3952 2665 4016 convenientes
2682 3999 2697 4027 ,
2727 3973 2955 4030 quorum
3001 3950 3230 4029 Corpora
3257 3964 3382 4028 post
3425 3946 3597 4011 vitam

2025 4053 2237 4110 illorum
2264 4059 2604 4121 reportantes
2639 4067 2828 4108 eorum
2873 4051 3096 4123 posteri,
3126 4049 3179 4106 in
3203 4047 3421 4106 Hebron
3447 4062 3601 4119 sepe.

2026 4136 2244 4202 lierunt.
2289 4144 2422 4202 Ossa
2470 4161 2600 4201 vero
2649 4142 2848 4214 Ioseph
2887 4130 3196 4210 novissime,
3224 4128 3442 4212 quando
3494 4140 3602 4197 lle-

2025 4235 2159 4292 braﬁ
2186 4235 2389 4307 egressi
2422 4227 2549 4290 sunt
2570 4250 2634 4290 ex
2664 4232 2919 4307 Egypto,
2948 4234 3003 4289 in
3031 4232 3391 4290 Chananzeam
3416 4247 3603 4303 repor-

2027 4337 2299 4385 taverunt.
2330 4326 2421 4384 Sic
2447 4326 2590 4385 enim
2616 4343 2710 4385 eos
2735 4328 3114 4399 conjuraverat
3137 4324 3353 4395 Ioseph.
3380 4322 3604 4395 Mystioe

2028 4429 2209 4476 autem
2233 4434 2355 4475 ossa
2393 4415 2591 4489 Ioseph
2624 4416 2932 4491 signiﬁcant
2962 4422 3193 4469 mortem
3222 4412 3602 4482 Redemptoris

2029 4509 2222 4576 nostri,
2249 4525 2412 4580 quem
2438 4509 2549 4565 veri
2572 4506 2830 4563 Israelita:
2847 4505 2914 4561 de
2942 4502 3177 4576 ZEgypto
3203 4502 3359 4586 istius
3383 4492 3596 4586 mundi,

2027 4600 2119 4656 ubi
2140 4599 2428 4657 cruciﬁxus
2451 4607 2534 4655 est
2557 4598 2851 4654 secundum
2886 4610 3128 4677 carnem,
3156 4580 3602 4677 tollentes'traus-

2028 4689 2208 4746 ferunt
2244 4690 2298 4745 in
2325 4689 2564 4757 Sichem,
2580 4689 2635 4743 in
2658 4695 2867 4761 partem
2895 4690 3010 4760 agri
3036 4674 3194 4759 quem
3212 4674 3421 4745 emerat
3438 4685 3604 4744 Iacob

2029 4770 2249 4837 eentum
2277 4779 2505 4836 novellis
2539 4779 2763 4848 ovibus;
2796 4793 2919 4835 cum
2946 4766 3213 4851 passionis
3242 4775 3360 4848 ejus
3390 4780 3604 4833 'memo—

2029 4869 2167 4926 riam
2195 4869 2436 4926 condunt
2458 4862 2512 4925 in
2551 4884 2679 4943 agro
2701 4866 2879 4925 cordis
2907 4869 3025 4936 sui;
3077 4855 3345 4940 quatenus
3386 4868 3455 4924 ad
3488 4865 3605 4937 ejus

2028 4960 2334 5032 exemplum
2384 4960 2595 5017 discant
2639 4956 2784 5016 ferre
2825 4956 3058 5026 labores,
3083 4967 3140 5016 et
3162 4944 3361 5015 habere
3387 4945 3602 5028 patien-

2026 5055 2176 5118 tiam,
2205 5054 2567 5124 operibusque
2613 5052 2769 5107 bonis
2813 5051 3091 5119 insistere;
3143 5049 3284 5122 quod
3334 5048 3606 5122 signiﬁcat

2026 5140 2285 5211 Sichem,
2328 5142 2421 5216 qui
2474 5135 2864 5213 interpretatur
2930 5144 3209 5199 humerus.
3263 5138 3419 5197 Hune
3473 5142 3605 5215 ergo

2027 5246 2216 5307 agrum
2240 5233 2408 5290 Iacob
2427 5241 2612 5290 noster
2638 5241 2856 5291 centum
2884 5234 3108 5290 novellis
3143 5231 3332 5289 ovibus
3371 5232 3427 5287 in
3472 5245 3603 5302 pos~

2027 5326 2325 5382 sessionem
2351 5324 2511 5393 emit,
2546 5327 2672 5397 quia
2698 5329 2871 5397 pretio
2909 5318 3198 5396 sanguinis
3236 5325 3319 5380 sui
3364 5324 3605 5397 possedit

2031 5415 2348 5485 Ecelesiam,
2379 5416 2471 5473 ubi
2512 5417 2752 5474 novellas
2803 5432 2931 5473 oves
2983 5430 3103 5485 quae
3137 5416 3497 5472 ascenderunt
3537 5410 3607 5474 de

2031 5506 2247 5564 lavacro
2268 5505 2449 5574 habet,
2479 5517 2541 5564 ut
2568 5508 2663 5565 ﬁat
2686 5517 2903 5564 centum
2932 5506 3115 5562 ovium
3156 5514 3342 5578 pastor
3360 5521 3484 5563 cum
3511 5506 3607 5563 an-

2035 5598 2236 5672 gelieas
2263 5608 2426 5671 atque
2453 5599 2718 5655 humanas
2744 5598 2800 5653 in
2832 5612 2932 5654 sua
2958 5606 3226 5669 potestate
3247 5588 3444 5656 retinet
3471 5612 3605 5656 eau-

2034 5691 2136 5748 las.

2110 5781 2289 5861 (ιω.)
2323 5802 2344 5838 ι
2388 5782 2615 5866 Eleazar
2632 5794 2849 5856 quoque
2869 5779 3013 5838 illius
3031 5780 3209 5845 Aaron
3231 5789 3475 5840 mortuus
3497 5768 3604 5859 est,
