3986 6348
434 353 575 414 H07

1070 351 1130 405 Β.
1170 350 1423 406 RABANI
1461 349 1685 408 MAURI
1723 328 2045 409 meumr.
2089 352 2397 411 uocum.
2441 352 2729 417 OPERUM
2761 352 2939 411 PARS
2975 353 3019 409 ι.

3561 353 3703 411 “98

439 485 461 522 ι
503 476 561 525 et
588 465 919 538 sepelierunt
942 478 1068 521 eum
1096 465 1152 520 in
1206 464 1453 520 Gabaath
1481 466 1713 522 Phincos
1755 466 1851 521 ﬁlii
1876 466 2019 536 ejus,
2045 472 2099 532 Α
2126 468 2435 523 necessario
2461 468 2894 538 subsequebatur
2917 465 3054 522 Novi
3084 464 3420 527 Testamenti
3448 468 3711 525 sacerdo-

438 580 459 614 ί
504 576 627 632 qua:
655 562 780 615 data
809 567 895 615 est
913 560 965 617 ei
990 560 1047 615 in
1069 568 1253 615 monte
1276 559 1553 630 Ephraim.
1588 581 1608 613 ι
1655 561 1809 628 Quod
1836 567 2018 617 autem

431 653 594 710 Josue
630 659 845 709 mortuo
867 653 1113 710 Eleazari
1148 664 1548 723 consequenter
1578 669 1725 710 mors
1752 670 2018 724 memora-

434 753 548 809 tur,
596 743 871 816 signiﬁcat
926 745 1070 816 quod
1111 753 1235 815 post
1281 744 1587 817 passionem
1637 742 2016 815 Redemptoris

430 835 605 891 nostri
626 850 691 891 ac
711 836 1174 892 resurrectionem
1200 835 1364 890 linem
1392 836 1601 907 accepit
1624 842 1779 891 vetns
1824 850 2013 893 sacer-

430 925 660 995 dotium,
688 935 745 984 et
781 927 1017 984 victimae
1045 925 1245 998 legales
1273 934 1661 983 consummatae
1701 932 1850 994 sunt,
1888 940 2013 983 cum

2122 562 2275 627 tium,
2298 562 2390 617 ubi
2415 561 2556 632 Agni
2578 560 2911 617 immaculati
2934 575 3066 617 caro
3096 569 3154 616 et
3176 558 3405 631 sanguis
3433 560 3491 614 in
3534 561 3711 620 sacris

2119 651 2379 707 altaribus
2401 652 2640 737 quotidie
2665 651 2909 719 oll‘ertur,
2931 660 2990 708 et
3016 650 3261 707 ﬁdelium
3285 665 3387 707 ore
3410 650 3467 706 in
3491 659 3707 721 pastum

2118 743 2423 801 animarum
2452 762 2671 801 suarum
2701 744 2991 801 salubriter
3025 742 3358 816 percipitur;
3404 752 3491 812 ut,
3510 743 3708 803 umbra

2115 834 2252 907 legis
2283 837 2593 905 recedente,
2614 837 2818 894 veritas
2836 843 3027 910 pateat
3066 833 3373 909 Evangelii,
3395 849 3502 909 per
3526 835 3708 908 ipsum

2116 927 2403 985 Dominum
2430 936 2680 987 nostrum
2697 927 2881 986 Jesum
2907 929 3211 986 Christum.

428 1086 3705 1128 ww

1008 1237 1586 1352 BEATI
1618 1236 2035 1371 ,ΕΔΒ

2113 1238 2399 1351 1N!
2476 1239 3095 1354 MAI]!!!

1155 1452 1449 1511 ABBATIS
1486 1450 1869 1512 FU’LDENSIS
1908 1450 1997 1510 ET
2034 1446 2553 1510 ARCHIEPISCOPI
2589 1449 2975 1510 MOGUNTINI

474 1846 495 1863 _
638 1617 1470 1780 COMMENTARIA
1558 1619 1691 1775 1N
1748 1618 2233 1775 manu
2319 1614 2818 1776 lUDitlUll
2897 1616 3043 1773 In
3130 1616 3494 1776 nuru;

1837 1887 2078 1967 (ANNO
2117 1888 2283 1968 est.)

1833 2012 2308 2035 ψ

1274 2114 1614 2179 EPISTOLA
1650 2116 2004 2176 HUNBERTI
2038 2116 2347 2175 EPISOOPI
2378 2116 2471 2173 AD
2502 2115 2857 2176 RABANUII.

494 2288 695 2346 lliustri
721 2286 838 2341 viro
886 2284 1188 2354 meritoque
1228 2281 1422 2353 insigni
1470 2295 1535 2335 ac
1560 2278 2010 2350 praestantissimo
2037 2278 2085 2338 B
2112 2276 2290 2349 gimus
2316 2293 2330 2330 :
2360 2274 2486 2332 Non
2516 2285 2683 2347 potest
2732 2274 2915 2330 citius
2969 2274 3224 2330 occultari
3266 2294 3436 2349 supra
3485 2290 3704 2338 mam

421 2382 593 2447 Patri,
618 2380 838 2435 [hunc
869 2376 1083 2441 Manno,
1112 2374 1458 2439 iiunssnrus,
1484 2372 1612 2427 licet
1634 2372 1904 2444 indignus,
1928 2372 2012 2427 in-

422 2472 534 2528 fula
564 2480 745 2527 tamen
775 2466 1098 2525 sacerdotali
1140 2466 1401 2535 praeditus
1429 2505 1444 2530 ,
1497 2464 2005 2522 inmarcescibilem

421 2572 641 2620 teternre
662 2562 939 2633 sospitatis
970 2562 1023 2614 in
1049 2558 1267 2615 Christo
1292 2556 1417 2612 Jesu
1449 2558 1699 2613 salutem.

491 2657 625 2729 Legi
648 2656 861 2711 litteras
891 2662 1036 2719 tuas,
1065 2651 1375 2707 dulcissime
1403 2650 1576 2705 frater
1594 2691 1608 2715 ,
1638 2665 1775 2720 quas
1821 2658 2012 2706 sancto

417 2751 683 2819 boumque
735 2744 1011 2802 memoria:
1048 2744 1195 2810 viro,
1255 2740 1522 2798 Haistulio
1574 2741 2006 2813 archiepiscopo,

418 2841 685 2913 scripsisti
713 2841 768 2897 in
794 2840 972 2896 i'ronte
1021 2837 1144 2894 libri
1176 2852 1337 2908 quem
1390 2837 1585 2893 sudore
1614 2837 1833 2909 proprio
1882 2851 2013 2907 pm-

420 2933 846 3003 drntissimoque
869 2931 1085 3003 ingenio
1114 2929 1487 3001 composuisti,
1512 2930 1581 2985 ad
1606 2927 2012 2999 praedicandum

419 3026 476 3081 in
502 3025 631 3080 anni
661 3024 871 3079 circulo
894 3023 1150 3094 populum
1183 3020 1553 3077 Christianum
1580 3039 1593 3075 :
1627 3021 1720 3092 qui
1772 3021 2017 3078 suaviter

419 3116 662 3187 disputat
693 3116 761 3170 de
793 3114 1142 3171 observantia
1171 3111 1439 3167 Dominici
1469 3112 1576 3167 diei
1627 3118 1683 3166 et
1710 3111 1777 3166 de
1806 3104 2013 3164 festivi-

422 3206 625 3263 tatibus
651 3215 987 3272 sanctorum,
1013 3222 1081 3262 ac
1101 3206 1229 3271 title,
1258 3219 1353 3274 spe
1381 3210 1436 3259 et
1464 3202 1749 3267 charitate,
1778 3214 1882 3256 nec
1903 3214 2013 3277 non

420 3296 730 3353 de‘cazteris
756 3298 1018 3352 virtutum
1040 3297 1342 3367 speciebus.
1367 3296 1637 3350 Praeterea
1668 3294 1773 3364 legi
1796 3301 1852 3348 et
1874 3292 2012 3348 alios

418 3398 536 3448 tres
557 3389 729 3446 libros
754 3404 891 3460 quos
915 3390 984 3445 ad
1023 3390 1273 3446 eumdem
1320 3387 1684 3443 venerabilem
1712 3387 1890 3441 virum
1935 3384 2015 3438 fe-

420 3478 568 3548 cisti,
596 3494 734 3552 quos
764 3479 968 3550 placuit
992 3480 1059 3535 de
1097 3479 1441 3536 institutione
1477 3478 1804 3548 clericorum
1836 3475 2012 3531 nomi-

416 3573 564 3642 nari,
593 3587 827 3644 quorum
853 3572 1061 3644 primus
1103 3570 1172 3628 de
1204 3556 1593 3628 ecclesiasticis
1627 3566 1910 3625 ordinibus
1955 3574 2013 3622 et

2111 2369 2316 2439 posita;
2351 2368 2482 2425 item
2510 2367 2615 2424 alio
2650 2367 2704 2422 in
2729 2367 2888 2424 loco:
2920 2366 3097 2423 Nemo
3120 2370 3363 2424 accendit
3391 2370 3658 2430 lucem
3679 2416 3695 2443 ,

2110 2468 2161 2515 et
2181 2460 2327 2532 ponit
2353 2476 2471 2515 m
2493 2460 2591 2515 sub
2608 2459 2806 2525 modio,
2822 2460 2914 2515 sed
2934 2462 3104 2530 magis
3124 2477 3284 2532 super
3302 2464 3696 2533 candelabrum,

2113 2553 2367 2608 ulth
2396 2551 2637 2607 omnibus
2676 2551 2770 2621 qui
2796 2552 2853 2605 in
2894 2551 3052 2608 dm
3081 2562 3224 2608 ειπι.
3251 2553 3520 2611 Auditum
3563 2557 3701 2613 enim

2114 2642 2309 2710 habeo,
2332 2656 2495 2713 super
2519 2643 2828 2713 Eptaticum
2866 2658 2966 2700 vos
3016 2644 3215 2703 iecisse
3259 2660 3602 2715 sermonem,
3644 2663 3704 2705 ac

2111 2748 2278 2806 super
2318 2732 2670 2804 Evangelium
2707 2733 2948 2793 Matthtei
2986 2733 3280 2808 Evangelia
3299 2776 3315 2801 ,
3359 2753 3464 2795 nec
3513 2752 3620 2796 non
3651 2748 3707 2795 et

2112 2840 2277 2896 super
2304 2824 2533 2896 Regum,
2558 2840 2793 2896 superna
2818 2824 3114 2896 adiuvante
3157 2829 3701 2901 gmtia,.pariterque

2112 2927 2359 2976 veterum
2386 2919 2652 2975 innitente
2676 2919 3024 2986 auctoritate,
3046 2920 3215 2977 multa
3240 2921 3453 2978 utiliter
3468 2922 3705 2978 scriben-

2090 3064 2093 3071 .
2112 3011 2183 3067 do
2202 3011 2434 3069 dictasse
2451 3018 2832 3082 :quapropter,
2852 3025 3019 3069 causa
3036 3010 3445 3080 familiaritatis,
3468 3025 3705 3071 vestram

2111 3102 2339 3158 obsecro
2364 3100 2761 3159 fraternitatem
2788 3108 2850 3158 ut
2876 3102 3013 3159 mihi
3058 3103 3303 3160 scribere
3341 3106 3585 3178 mihique
3614 3114 3706 3162 tua

2113 3192 2593 3263 dirigerestudeas
2614 3193 2895 3264 cpuscuia,
2922 3208 3046 3265 qua:
3068 3208 3140 3251 ex
3185 3203 3424 3253 veterum
3446 3199 3708 3254 ecdesia-

2110 3283 2375 3340 sticorum
2401 3285 2706 3352 sententiis,
2732 3285 2890 3355 quasi
2946 3284 3111 3343 liora
3136 3302 3209 3343 ex
3250 3288 3466 3343 diversis
3514 3290 3698 3359 pratis

2110 3372 2307 3442 electi,
2357 3374 2580 3429 domum
2624 3374 2837 3433 Domini
2882 3384 3083 3434 ornem
3116 3386 3178 3433 et
3223 3392 3596 3450 qualicunque
3634 3388 3709 3437 ‘se

2112 3475 2386 3523 amantem
2417 3467 2706 3536 decorant;
2756 3469 3035 3541 denique,
3075 3471 3205 3541 quia
3243 3471 3516 3542 postulata
3570 3473 3711 3529 mihi

2112 3560 2274 3619 credo
2292 3562 2442 3631 quod
2468 3560 2757 3629 concedas,
2794 3563 2955 3620 mitto
2978 3564 3329 3621 membranas
3379 3565 3440 3620 in
3489 3564 3705 3634 quibus,

420 3674 656 3737 quatuor
674 3664 1096 3721 charismatibus
1122 3663 1320 3720 divinis
1344 3670 1553 3718 narrat.
1582 3660 1866 3717 Secundus
1889 3674 2013 3717 con-
2038 3652 2084 3718 C
2112 3661 2263 3725 ορω,
2291 3668 2389 3711 eos
2414 3654 2649 3723 primum
2680 3654 2974 3724 suseipiam
3009 3654 3181 3712 libros
3196 3669 3339 3727 quos
3358 3670 3527 3727 super
3542 3655 3705 3727 Epta»

429 3758 569 3815 tinet
589 3758 657 3815 de
684 3756 877 3815 Oilicio
903 3757 1289 3814 canonicarum
1316 3755 1601 3821 horarum,
1629 3761 1687 3810 et
1716 3754 1785 3810 de
1811 3752 2018 3809 festivi-

419 3850 626 3905 tatibus
652 3849 842 3916 variis,
869 3848 937 3904 de
953 3846 1176 3918 ieiuniis
1198 3855 1255 3904 et
1272 3846 1634 3905 orationibus.
1670 3845 1886 3902 Tertius
1907 3859 2018 3903 non

418 3943 733 4016 ignobiliter
778 3942 1003 3999 instruit
1034 3942 1270 4013 qualiter
1327 3942 1582 3999 discenda
1634 3947 1799 4010 atque
1844 3939 2019 3995 disse-

419 4034 589 4090 renda
616 4032 897 4103 Scriptura
926 4033 1124 4088 divina:
1159 4031 1324 4104 legis,
1348 4039 1408 4088 et
1445 4031 1576 4102 quid
1620 4030 1872 4087 utilitatis
1890 4043 2019 4087 con-

421 4123 563 4178 ferat
584 4124 972 4179 ecclesiasticis
1026 4123 1337 4180 doctoribus
1383 4123 1723 4194 philosophia
1754 4123 2013 4180 humana.

421 4213 630 4282 Quibus
657 4213 934 4283 perlectis,
960 4214 1019 4267 in
1039 4222 1304 4281 quantum
1331 4217 1503 4271 nostri
1524 4214 1778 4286 ingenioli
1798 4214 1899 4270 fuit
1926 4229 2018 4271 ca-

419 4303 653 4375 pacitas,
698 4301 958 4369 intellexi,
995 4301 1117 4358 illos
1166 4302 1235 4357 de
1263 4304 1515 4360 omnibus
1538 4319 1661 4375 quae
1710 4305 2016 4360 necessaria

416 4401 550 4451 sunt
579 4401 784 4451 sancta
808 4392 907 4449 Dei
949 4391 1208 4450 Ecclesiae
1251 4392 1510 4449 laudabili
1540 4394 1913 4464 magnitudine
1960 4408 2019 4456 et

422 4488 690 4545 brevitate
714 4501 839 4544 esse
864 4486 1195 4559 complexos.
1234 4485 1401 4543 Certe
1428 4485 1484 4541 in
1512 4487 1743 4543 veritate
1776 4487 1899 4545 dico
1924 4503 2017 4544 vo-

420 4580 509 4637 bis
531 4578 662 4649 quia
687 4577 795 4635 dici
817 4593 927 4634 non
966 4586 1149 4650 potest
1173 4578 1229 4635 in
1254 4586 1458 4650 quanta
1494 4577 1773 4635 hilaritate
1818 4580 2018 4636 mentis

418 4668 726 4739 gratulatus
763 4670 967 4740 gratias
1013 4671 1101 4743 egi
1127 4670 1256 4737 Deo,
1284 4670 1377 4740 qui
1418 4677 1530 4726 tam
1600 4669 1733 4727 utile
1754 4684 1855 4727 vas
1896 4671 2016 4726 istis

425 4761 484 4817 in
515 4758 850 4829 temporibus
888 4760 944 4814 in
978 4776 1078 4816 sua
1104 4770 1293 4818 sancta
1318 4760 1562 4818 Ecclesia
1590 4762 1793 4819 habere
1822 4762 2013 4829 voluit,

421 4866 495 4909 ex
522 4865 631 4921 quo
655 4848 747 4907 ille
795 4848 890 4919 qui
915 4850 1165 4918 multum,
1193 4861 1249 4909 et
1295 4852 1386 4909 ille
1419 4854 1513 4925 qui
1560 4869 1793 4926 parvum
1825 4864 2014 4925 potum

423 4940 640 5011 quatrit,
652 4939 879 4996 haurire
898 4953 965 4995 ac
982 4939 1166 4998 bibere
1187 4943 1357 5012 possit
1381 4960 1395 5010 ;
1420 4951 1475 5000 et
1495 4958 1565 4999 ex
1588 4943 1680 4999 illo
1692 4944 1798 5011 die,
1818 4944 2011 5014 fateor,

2119 3748 2288 3803 ticum
2311 3754 2551 3805 vestrum
2572 3747 2879 3819 composuit
2905 3747 3207 3820 ingenium.
3232 3748 3357 3807 Non
3379 3758 3557 3805 tamen
3581 3763 3705 3822 pro-

2115 3845 2302 3910 pterea
2342 3838 2448 3893 ista
2492 3852 2657 3909 posco
2696 3839 2856 3909 quasi
2899 3838 3081 3897 desint
3126 3839 3287 3898 nobis
3335 3841 3495 3898 istius
3530 3840 3709 3913 operis

2117 3929 2414 4000 scriptores
2440 3946 2455 3984 :
2488 3929 2753 3987 habemus
2773 3944 3008 4001 namque
3019 3930 3328 4004 Origeuem,
3346 3931 3705 4001 Victoriam,

2116 4023 2485 4091 Ambrosium,
2517 4023 2906 4096 Hieronymum
2933 4065 2951 4091 ,
3007 4023 3353 4093 Cassianum,
3408 4025 3706 4091 lsidorum,

2114 4115 2509 4187 Augustinum,
2559 4115 2943 4187 Fulgentium,
3002 4124 3167 4188 atque
3216 4117 3535 4189 pontiﬁcem
3580 4117 3710 4172 iasi-

2115 4225 2278 4282 gnein
2297 4248 2312 4277 ,
2338 4209 2844 4281 eloquentissimum
2893 4207 3219 4280 Gregorium
3249 4218 3311 4265 et
3358 4216 3583 4264 caeteros
3605 4205 3712 4262 Pa~

2118 4310 2251 4370 tres,
2275 4318 2506 4375 quorum
2531 4302 2750 4359 nomina
2772 4316 2886 4359 non
2918 4316 3144 4360 necesse
3168 4302 3268 4358 tibi
3294 4302 3567 4358 audimus
3579 4316 3713 4357 euu-

2117 4393 2338 4451 merari.
2368 4393 2472 4461 Qui
2514 4394 2569 4448 in
2600 4398 2811 4449 tantum
2847 4402 2955 4451 tum
2988 4401 3115 4449 sum
3141 4393 3428 4450 industria
3471 4392 3697 4463 cogniti.

2116 4492 2179 4540 ut
2196 4483 2466 4539 veraciter
2493 4482 2708 4540 illorum
2745 4484 2984 4556 linguam
3009 4493 3254 4540 vestrum
3295 4485 3473 4541 dicere
3495 4484 3712 4555 possim

2112 4589 2445 4643 sennonem,
2462 4577 2743 4646 cumquod
2770 4575 2847 4631 illi
2862 4576 3001 4633 mira
3025 4576 3427 4649 pulchritudine
3452 4592 3523 4633 ac
3544 4576 3721 4633 nimia

2115 4668 2451 4741 longitudine
2472 4668 2743 4725 sermonis
2767 4667 3133 4738 proferebant,
3170 4676 3231 4723 tu
3258 4682 3447 4725 eorum
3482 4669 3722 4739 vestigia

2114 4761 2389 4831 sagaciter
2433 4761 2840 4833 prudenterque
2865 4761 3159 4832 sequendo,
3186 4761 3523 4819 cummatico
3549 4761 3725 4820 anelli.

2114 4852 2331 4923 duoque
2358 4852 2776 4924 eomprehendis
2818 4867 3111 4910 sermone:
3142 4853 3299 4911 brevi
3321 4855 3470 4910 enim
3498 4856 3723 4927 exposi-

2115 4946 2267 5002 tione
2293 4946 2591 5010 suecincta,
2613 4951 2674 5001 ut
2701 4946 2782 5001 ait
2801 4942 3042 5003 Isidorus
3066 4946 3259 5002 doctor
3280 4946 3566 5019 egregias,
3614 4962 3721 5001 non

423 5030 972 5089 multumdesideravi
984 5040 1174 5089 vestrae
1186 5034 1853 5108 familiaritatisparticeps
1867 5038 2006 5106 ﬁeri,
2035 5025 2089 5087 D
2114 5039 2321 5096 faciunt
2348 5039 2417 5094 de
2454 5037 2773 5109 prolixitate
2800 5037 3113 5107 fastidium;
3140 5040 3354 5111 prolixa
3379 5056 3516 5114 ergo
3540 5047 3595 5097 et
3622 5054 3723 5094 oc-

423 5133 486 5181 ut
507 5125 701 5181 saltem
724 5124 1016 5196 aliquando
1042 5123 1199 5196 longe
1220 5127 1431 5199 lateque
1474 5129 1586 5200 jam
1611 5130 1743 5186 olim
1763 5130 2007 5202 dispersa
2106 5132 2258 5189 culta
2283 5133 2444 5188 tmdet
2481 5131 2658 5188 oratio
2682 5173 2698 5198 ,
2749 5132 2929 5188 brevis
2957 5141 3016 5189 et
3054 5140 3248 5203 aperta
3284 5133 3527 5190 delectat
3590 5130 3730 5188 ideo

420 5219 742 5276 meruissem
799 5224 980 5274 vestra
1026 5216 1271 5286 accipere
1327 5222 1559 5291 scripta;
1607 5237 1674 5279 ac
1716 5231 2009 5293 propterea

406 5323 625 5382 paucas
650 5312 823 5369 direxi
873 5311 943 5368 ad
971 5317 1026 5366 te
1062 5308 1331 5365 litterulas
1351 5352 1367 5377 ,
1417 5312 1659 5370 fraterna
1711 5315 2010 5372 admonens

414 5398 693 5457 citaritate
718 5416 789 5458 ne
820 5402 1021 5459 mentis
1047 5416 1275 5458 acumen
1296 5401 1414 5457 otio
1458 5403 1619 5461 inerti
1664 5415 1877 5477 torpere
1912 5422 2011 5463 seu

421 5490 735 5549 obdormire
752 5493 1054 5564 permittas,
1082 5494 1177 5550 sed
1207 5493 1394 5550 sedulo
1436 5497 1787 5569 quotidieque
1826 5514 2012 5559 sacras

416 5587 717 5643 scrutando
767 5585 1118 5658 Scripturas,
1191 5588 1363 5645 fretus
1414 5588 1634 5646 Patrum
1691 5597 2014 5653 auctoritate

423 5677 840 5745 praecedentium
868 5720 883 5745 ,
934 5680 1058 5751 vigil
1102 5690 1262 5751 atque
1308 5682 1610 5738 indefessus
1654 5686 1909 5759 utilisque
1954 5689 2010 5746 in

2111 5233 2350 5281 vestram
2379 5225 2643 5296 deprecor
2680 5223 2960 5279 solertiam
2998 5230 3061 5279 ut
3087 5224 3346 5293 perlectis
3401 5226 3568 5283 istius
3610 5223 3738 5296 cpi-

2110 5317 2265 5374 stolae
2292 5316 2561 5383 litterulis,
2585 5321 2642 5370 et
2664 5315 2711 5372 si
2735 5324 2920 5372 vestra
2942 5314 3196 5372 voluntas
3242 5316 3322 5372 ita
3347 5324 3628 5389 oportere
3651 5315 3742 5388 iu-

2112 5409 2399 5474 dicaverit,
2441 5409 2680 5477 iubeatis
2713 5407 2885 5475 illam,
2920 5407 2994 5464 ob
3033 5415 3230 5464 vestrae
3276 5407 3570 5483 [nostra]
3592 5407 3744 5465 invi-

2060 5524 2069 5534 ι
2112 5515 2235 5558 cem
2268 5501 2574 5558 dilectionis
2612 5508 2668 5556 et
2701 5500 2978 5557 societatis
3012 5500 3306 5566 indicium,
3336 5506 3396 5557 in
3430 5500 3634 5559 fronte
3678 5502 3747 5560 ﬁ-

2113 5595 2239 5652 belii
2260 5610 2462 5667 ponere
2486 5610 2648 5667 quem
2687 5595 2819 5650 πηᾞί
2845 5596 3032 5667 rogavi
3056 5612 3086 5649 a
3106 5595 3262 5652 vobis
3293 5595 3651 5664 rescribere,
3685 5605 3748 5654 ut

2108 5689 2386 5760 poscentis
2411 5696 2467 5744 et
2506 5687 2815 5759 praestantis
2840 5687 3049 5758 pariter
3076 5686 3303 5743 allectus
3329 5696 3547 5758 pareat
3570 5696 3637 5745 et
3661 5688 3749 5743 et-

425 5762 825 5828 istnoDomini
847 5786 1060 5844 semper
1085 5774 1318 5844 cristas;
1362 5777 1625 5847 scriptum
1674 5794 1905 5854 namque
1930 5787 2010 5844 1ο-
2104 5784 2306 5843 fectus.
2346 5783 2775 5845 intercedentem
2810 5786 3356 5859 pronobisveetram
3409 5782 3745 5847 beatituti-
