3986 6348
281 439 420 497 “09
1238 434 1589 492 COMMENT.
1631 435 1697 490 IN
1733 435 1860 491 LIB.
1904 433 2202 491 JUDlCUM
2248 433 2336 488 ET
2377 432 2586 488 llUTH.
3412 439 3554 496 ’1110

280 565 402 610 nem
418 554 562 610 Deus
579 553 675 610 Dei
693 551 887 618 Filius,
904 553 994 623 qui
1019 553 1279 608 lienorum
1303 563 1453 608 actor
1482 560 1564 608 est
1589 553 1855 617 omnium,
1882 553 1928 613 Α
1961 556 2110 606 tuam
2131 550 2269 604 bene
2293 549 2494 616 valere,
2523 549 2696 606 dulcis
2719 549 2914 617 amice,
2942 566 3158 622 semper
3196 560 3323 621 opto
3351 568 3555 612 memo-

281 654 535 716 perpetuo
564 652 846 701 conservet
875 643 1218 698 incolumem.
1260 643 1535 714 Reliquias
1559 684 1573 709 ,
1622 641 1858 698 dilectis-
1965 655 2080 696 rem
2105 640 2274 695 nostri

282 735 433 799 sime,
463 749 597 804 quas
628 732 899 805 ﬂagitasti,
928 747 1024 803 per
1063 732 1380 802 portitorem
1413 732 1602 785 horum
1645 731 1858 801 apicum
1967 731 2147 815 Salve,
2168 739 2351 786 sancte
2379 731 2558 794 Pater,
2592 731 2892 804 meritoque
2926 733 3118 789 beatus
3144 735 3196 788 in
3225 735 3373 801 orbe,

286 1146 1342 1173 Wu—

1372 1153 3535 1180 Μ

283 826 586 890 transmisi;
613 825 681 882 de
705 824 912 894 reliquo
941 823 1083 878 scias
1118 835 1204 877 me
1230 836 1296 876 ex
1323 822 1513 878 intimo
1543 822 1744 877 mentis
1781 818 1862 876 ξιι-
2041 821 2121 882 Tu
2157 823 2320 878 decus
2347 837 2406 878 es
2434 830 2705 890 nostrum,
2733 831 2920 879 sancte
2941 823 3126 890 Pater,
3155 827 3368 880 merito.

282 915 422 972 iectu
447 922 752 986 promptum
774 927 1089 984 semperque
1115 921 1360 983 paratum
1390 913 1444 966 in
1470 911 1718 967 omnibus
1743 927 1863 982 qua:
1973 912 2056 968 Sit
2087 911 2180 966 tibi
2205 922 2354 966 certa
2381 909 2539 978 Deus,
2571 912 2666 966 tibi
2692 915 2905 969 cassida
2928 914 3175 970 Christus
3203 915 3368 980 Iesus,

283 1015 461 1063 vestra
488 1008 780 1079 praecipere
813 1005 1112 1062 decreverit
1139 1005 1423 1072 voluntas;
1466 1005 1864 1060 fraternitatem
2041 1006 2145 1072 Qui
2173 1016 2223 1060 te
2247 1014 2531 1061 conservet
2566 1022 2779 1076 semper
2801 1007 3018 1076 ubique.
3057 1008 3203 1064 Vale.

1238 1434 1330 1491 AD
1365 1433 1798 1494 HUNBERTUM
1823 1436 2226 1540 .EPISCOPUM
2266 1441 2572 1514 DlCTATA.

356 1653 582 1711 Domino
617 1651 988 1720 dilectissimo,
1005 1659 1058 1707 et
1088 1649 1236 1706 cultu
1280 1652 1661 1712 sincerissima:
1689 1657 1866 1714 chzu'i-
1891 1675 1940 1736 Β
1966 1660 2150 1725 cessit,
2171 1659 2376 1714 editum
2402 1664 2616 1714 constat
2643 1672 2658 1711 :
2690 1658 2765 1713 ita
2791 1666 2852 1713 ut
2871 1661 3066 1728 partim
3092 1661 3314 1718 Patrum
3337 1674 3557 1723 senten—

285 1752 411 1808 tatis
439 1750 590 1805 valde
609 1747 976 1820 obsequendo,
1003 1757 1166 1818 atque
1185 1747 1490 1804 venerando
1511 1748 1682 1816 Patri,
1717 1750 1862 1807 Hnn-
1971 1752 2096 1817 tias,
2126 1749 2325 1820 partim
2357 1750 2516 1804 etiam
2543 1756 2599 1802 et
2625 1749 2796 1804 nostri
2845 1764 3036 1805 sensus
3065 1752 3435 1823 exiguitatem,
3466 1758 3556 1812 ubi

286 1841 438 1897 berto
465 1843 734 1912 episcopo,
767 1839 1019 1894 Rabanus
1051 1839 1276 1910 exiguus
1301 1852 1581 1898 servorum
1627 1842 1722 1898 Dei
1753 1857 1867 1899 ser-
1967 1841 2332 1897 necessarium
2369 1839 2694 1903 existimavi,
2723 1839 2982 1909 proferat.
3015 1843 3202 1898 Vestra
3248 1859 3378 1916 ergo
3425 1861 3554 1916 prn—

285 1947 384 1988 vus
414 1933 468 1987 in
495 1932 715 1988 Christo
744 1931 995 1986 salutem.
1971 1933 2155 1989 tientia
2191 1939 2457 1990 eteorum
2479 1931 2802 2001 sapientiam
2844 1941 3004 2002 autne
3031 1934 3389 2003 eloquentiam
3443 1939 3558 1992 lau-

355 2024 606 2095 Acccptis
634 2022 832 2080 litteris
861 2024 1168 2082 sanctitatis
1194 2033 1320 2091 tuae,
1350 2039 1489 2095 quas
1541 2024 1610 2081 ad
1634 2033 1870 2097 parvxta-
1969 2023 2124 2087 dare,
2152 2030 2208 2076 et
2243 2030 2482 2078 nostram
2529 2021 2778 2076 inertiam
2823 2037 2886 2077 ac
2927 2024 3283 2080 rusticitatem
3335 2026 3560 2082 suil'erre

288 2122 393 2168 tem
420 2128 598 2170 meam
641 2114 874 2186 dirigere
903 2114 1138 2182 voluisti,
1172 2116 1328 2174 valde
1372 2117 1590 2189 gavisus
1631 2131 1775 2186 sum,
1803 2132 1870 2175 eo
1972 2116 2142 2182 novit,
2166 2116 2376 2185 scitque
2424 2115 2572 2170 illam
2614 2114 2857 2186 Apostoli
2891 2119 3215 2173 sententiam
3263 2119 3560 2190 adimplere

286 2205 427 2276 quod
457 2213 602 2260 tuam
632 2207 882 2262 solertem
914 2207 969 2264 in
1014 2209 1093 2265 eis
1119 2207 1480 2280 agnoscebant
1521 2208 1865 2276 industriam,
1971 2223 2080 2278 qua
2105 2208 2256 2274 dicit,
2283 2207 2660 2279 Supportantes
2706 2208 2922 2264 invicem
2947 2210 3004 2263 in
3045 2211 3301 2266 charitate
3341 2211 3556 2282 (Ep/tes.

284 2304 340 2351 et
371 2297 425 2351 in
457 2297 633 2351 studio
664 2296 965 2355 divinarum
996 2298 1302 2356 litterarum
1333 2300 1534 2358 ﬂorens
1557 2301 1865 2372 ingenium:
1972 2299 2082 2371 tv);
2123 2308 2182 2358 et
2205 2301 2361 2366 item,
2389 2299 2526 2355 alter
2548 2300 2784 2366 alterius,
2809 2302 3002 2371 inquit,
3031 2319 3192 2358 onera
3245 2313 3476 2374 portate,
3513 2314 3560 2358 et

286 2387 426 2442 unde
456 2403 554 2457 pro
580 2387 682 2442 hoc
725 2388 950 2460 supplex
988 2389 1216 2448 Domino
1240 2391 1442 2462 gratias
1469 2392 1594 2466 egi,
1637 2393 1763 2464 quia
1815 2399 1872 2450 et
1971 2390 2048 2447 sio
2095 2389 2445 2460 adimptebitis
2489 2389 2656 2460 legem
2689 2390 2887 2446 διινὶειὶ
2933 2391 3078 2462 (Gal.
3105 2393 3204 2464 xu).
3257 2394 3314 2447 ln
3350 2395 3560 2448 duobus

286 2477 384 2533 tibi
416 2478 562 2534 dedit
591 2478 648 2534 in
685 2478 817 2552 legis
845 2496 956 2535 sua:
997 2481 1350 2540 meditatione
1383 2482 1637 2540 devotum
1667 2482 1870 2538 habere
1971 2495 2105 2551 ergo
2137 2481 2412 2551 prioribus
2435 2484 2952 2538 commentariorum
2984 2483 3180 2541 libellis
3211 2485 3435 2541 historia
3467 2485 3557 2540 Ju-

286 2572 630 2640 exercitium,
661 2580 713 2629 ct
737 2573 932 2644 populo
963 2589 1062 2632 suo
1087 2575 1210 2630 inde
1233 2573 1451 2631 salubre
1477 2574 1756 2648 percipere
1774 2573 1872 2630 do-
1974 2575 2156 2632 dieum
2199 2589 2363 2630 sensu
2391 2574 2625 2644 mystico
2649 2576 2894 2644 exposita
2921 2576 3262 2641 continetur;
3291 2585 3345 2631 et
3373 2577 3428 2631 in
3456 2587 3562 2631 ter-

289 2670 620 2716 cumentum.
649 2661 816 2734 Igitur
846 2663 972 2734 quia
1017 2663 1317 2733 paternitas
1348 2671 1438 2722 tua
1465 2681 1499 2722 a
1546 2673 1731 2722 nostra
1755 2664 1871 2722 exi-
1971 2667 2052 2724 tio
2074 2667 2242 2733 Ruth,
2269 2681 2431 2736 quam
2457 2665 2622 2737 aliqui
2656 2675 2939 2722 auctorum
2972 2667 3108 2722 libro
3132 2667 3380 2722 iudicum
3407 2683 3562 2723 asso-

290 2751 495 2824 guitatc
532 2751 599 2807 ad
625 2752 728 2806 hoc
755 2752 1142 2828 aliquantulum
1173 2755 1390 2827 dignata
1413 2766 1496 2815 est
1518 2773 1764 2830 quaerere
1785 2773 1876 2816 εο-
1971 2759 2141 2824 ciant,
2169 2757 2334 2827 aliqui
2365 2771 2496 2814 vero
2542 2771 2786 2813 seorsum
2832 2767 3070 2828 ponunt,
3123 2773 3230 2814 non
3278 2774 3444 2829 parva
3495 2775 3562 2814 ex

291 2840 503 2908 latium,
530 2852 749 2918 propter
775 2861 1015 2903 amorem
1043 2847 1137 2906 Dei
1167 2856 1222 2906 et
1245 2848 1482 2908 vestram
1513 2850 1680 2910 etiam
1713 2852 1770 2906 in
1805 2867 1874 2910 eo
1973 2859 2136 2923 parte
2154 2850 2445 2920 explanata
2499 2851 2788 2906 invenitur.
2854 2850 2979 2906 Haec
3009 2867 3138 2922 ergo
3187 2851 3464 2920 relegens,
3518 2851 3566 2906 si

289 2933 930 3006 dilectionemhumilem,
964 2940 1016 2998 in
1043 2940 1146 3002 hoc
1174 2957 1338 3016 opere
1363 2943 1622 3016 proﬁteor
1652 2959 1741 3002 me
1781 2961 1875 3002 vo-
1979 2942 2109 3012 quid
2133 2943 2190 2998 in
2214 2942 2294 2998 eis
2319 2956 2554 3012 congrue
2583 2941 2854 2997 inveneris
2883 2942 3213 3012 expositum,
3239 2941 3312 2997 illi
3341 2942 3445 2997 hoc
3469 2941 3565 2996 tri-

287 3023 375 3078 bis
406 3040 524 3080 csse
563 3025 700 3082 velle
725 3029 1044 3090 servitorem
1070 3071 1084 3098 ,
1139 3042 1192 3092 et
1220 3035 1348 3090 boui
1396 3036 1580 3103 studii,
1611 3043 1871 3106 quantum
1901 3043 1946 3105 ρ
1978 3032 2116 3088 buas
2142 3049 2172 3088 a
2201 3048 2310 3103 quo
2332 3041 2416 3088 est
2463 3048 2624 3088 omne
2653 3033 2883 3096 bonum;
2923 3047 3044 3102 quae
3072 3040 3253 3088 autem
3281 3031 3446 3088 aliter
3486 3033 3566 3087 in-

291 3115 472 3170 divina
515 3118 685 3190 gratia
733 3121 1002 3186 annuerit,
1029 3122 1348 3184 benevolum
1395 3125 1724 3196 adiutorem;
1775 3127 1871 3182 Dei
1977 3124 2213 3188 veneris,
2251 3130 2452 3178 nostra:
2487 3122 2791 3178 infirmitati
2834 3131 2891 3177 et
2935 3123 3216 3192 imperitiae
3251 3122 3423 3193 magis
3469 3122 3564 3178 de—

295 3216 506 3264 tantum
528 3209 623 3266 ﬁat
647 3211 893 3270 voluntas
923 3214 977 3270 in
1006 3217 1312 3286 praestando
1335 3217 1608 3288 cil‘ectum,
1642 3220 1735 3290 qui
1771 3198 1869 3276 de~

1993 3223 2138 3283 putes
2163 3229 2326 3284 quam
2357 3212 2597 3279 malitiae,
2627 3221 2682 3268 et
2710 3227 2809 3282 pro
2854 3213 2956 3270 hoc
2981 3213 3124 3283 apud
3144 3213 3567 3284 omnipotentem

293 3299 372 3356 dit
395 3309 449 3355 et
473 3301 823 3358 voluntatem.
860 3304 935 3360 De
958 3314 1176 3373 caztero,
1198 3308 1321 3380 quia
1358 3309 1612 3382 dignatus
1650 3324 1711 3366 es
1743 3309 1877 3365 mihi
1981 3305 2149 3360 Deum
2175 3305 2280 3375 piis
2307 3305 2640 3361 orationibus
2663 3304 2996 3362 intervenire
3039 3305 3259 3360 studeas
3284 3344 3299 3370 ,
3352 3311 3413 3357 ut
3454 3303 3570 3373 ejus

294 3390 534 3447 scribere
558 3405 819 3460 quatenus
843 3403 1086 3452 nostrum
1111 3398 1430 3470 opusculum
1452 3414 1614 3471 super
1664 3399 1873 3471 Eptati—
1979 3409 2086 3465 ope
2108 3395 2204 3452 ﬁat
2223 3396 2490 3454 indultum
2537 3404 2702 3465 atque
2737 3403 3040 3452 correctum
3067 3435 3082 3462 ,
3128 3409 3311 3450 coram
3332 3408 3442 3464 quo
3473 3409 3571 3448 no—

292 3497 419 3538 cum
454 3483 548 3538 tibi
581 3483 892 3556 dirigerent,
922 3487 1024 3542 feci
1051 3500 1310 3558 quantum
1354 3494 1535 3562 potui,
1565 3501 1620 3548 et
1646 3493 1876 3551 novissi-
1981 3496 2112 3544 sirm
2140 3487 2472 3568 inﬁrmitatis
2492 3486 2638 3543 nullo
2659 3487 2820 3542 modo
2841 3486 2972 3540 latet
3003 3486 3402 3555 imperfectum,
3433 3483 3571 3538 sicut

297 3587 442 3626 mam
473 3581 681 3646 partem
708 3573 874 3640 illius,
896 3574 1001 3636 hoc
1021 3586 1124 3646 est,
1146 3594 1308 3648 super
1331 3578 1583 3637 Judicutu
1624 3591 1682 3635 et
1707 3582 1875 3648 Ruth,
1982 3577 2271 3634 Psalmista
2313 3586 2542 3633 testatur
2566 3577 2754 3633 dicens
2779 3594 2793 3630 :
2827 3575 3195 3646 Imperfectum
3221 3589 3393 3628 metm:
3430 3573 3574 3626 vide-

296 3677 459 3742 quam
489 3662 557 3717 ad
591 3672 784 3720 manus
809 3665 862 3720 in
890 3667 1143 3736 prmscnti
1171 3668 1356 3734 habui,
1387 3676 1480 3726 tuo
1521 3670 1727 3726 nomini
1751 3686 1880 3730 con-
1980 3679 2105 3726 runt
2139 3669 2279 3725 oculi
2303 3671 2384 3723 tui
2409 3667 2585 3740 (Psat.
2635 3667 2923 3738 cxxxvm).
2978 3666 3122 3721 Bene
3149 3679 3280 3736 ergo
3311 3665 3407 3718 tibi
3434 3679 3568 3720 con-

297 3760 566 3808 secratum
596 3755 758 3811 modo
786 3754 975 3814 direxi.
1009 3755 1255 3815 Priorum
1293 3773 1421 3819 vero
1442 3758 1702 3820 librorum
1727 3775 1880 3818 cors—
1983 3761 2153 3825 venit,
2178 3759 2630 3816 resermdissime
2676 3759 2858 3825 Pater,
2887 3766 2947 3813 ut
2980 3757 3072 3828 qui
3103 3757 3157 3810 in
3185 3755 3424 3812 Ecclesia
3450 3754 3569 3819 Dei,

301 3845 597 3904 mentarios
624 3846 727 3902 hoc
760 3855 875 3913 est,
898 3846 1246 3904 Pentateuchi
1281 3848 1482 3920 Moysi,
1507 3866 1643 3924 quos
1663 3860 1882 3922 petente
1985 3850 2084 3912 Dei
2130 3848 2308 3910 oﬂicio
2340 3849 2619 3920 iudicandi
2667 3849 2886 3910 iunctus
2923 3864 2984 3904 es
3008 3889 3022 3914 ,
3069 3847 3316 3904 Judieum
3370 3846 3569 3902 librum

301 3940 490 3987 sancto
536 3934 654 3991 viro
695 3933 972 4006 Freculfo,
1013 3951 1120 3992 non
1157 3937 1274 3997 sine
1315 3938 1498 3998 labore
1526 3940 1665 3998 edidi
1692 3979 1708 4008 ,
1765 3941 1880 4010 jam
1983 3944 2256 4004 instanter
2282 3943 2450 4014 legas,
2479 3950 2746 4002 eteorum
2768 3941 2909 4000 bona
2935 3957 3101 4012 ορετει
3143 3938 3574 4010 αῑίῐυθὶίιείθὶιι’

300 4022 402 4077 sibi
435 4023 500 4078 ad
523 4024 928 4081 rescribendum
954 4027 1250 4098 transmisi,
1283 4045 1419 4102 quos
1452 4046 1574 4088 cum
1603 4046 1880 4101 recepero,
1983 4037 2128 4097 dicis
2153 4044 2376 4096 strenue
2423 4035 2672 4098 imiteris,
2695 4033 3060 4104 populumque
3085 4033 3180 4086 Dei
3212 4031 3280 4086 ab
3333 4030 3570 4085 hostium

300 4118 576 4193 exemplar
599 4135 787 4176 eorum
822 4121 916 4182 tibi
943 4123 1204 4196 scriptum
1235 4124 1534 4180 destinabo.
1569 4124 1700 4184 Jesu
1733 4124 1885 4182 Nave
1984 4128 2138 4188 clade
2161 4127 2330 4187 armis
2367 4127 2734 4198 spiritualibus
2765 4125 3047 4189 defendas,
3073 4135 3128 4178 et
3149 4125 3304 4194 juxta
3335 4121 3577 4178 doctoris

301 4225 431 4266 vero
458 4211 846 4281 expositionem
893 4215 1048 4274 bona:
1071 4216 1347 4274 memoriae
1374 4216 1715 4284 Friduricbo,
1746 4216 1884 4276 Tra-
1985 4220 2228 4290 gentium
2265 4217 2588 4276 sententiam
2630 4232 2739 4287 qua
2773 4216 3095 4286 discipulum
3126 4214 3404 4278 instruxit,
3429 4211 3576 4268 solli-

295 4295 555 4370 jectensis
576 4301 829 4362 Ecclesiae
869 4305 1122 4380 episcopo
1141 4347 1158 4375 ,
1209 4321 1382 4380 nuper
1435 4308 1750 4373 transmisi;
1784 4308 1887 4368 hoc
1989 4312 2100 4372 cite
2123 4311 2330 4382 vigiles,
2357 4312 2445 4380 pie
2469 4310 2704 4374 labores,
2727 4324 2864 4379 opus
2891 4309 3060 4364 facias
3080 4307 3444 4377 evangelista,
3468 4307 3574 4360 mi-

303 4389 569 4457 similiter,
601 4400 660 4448 ut
687 4391 818 4448 mihi
853 4394 1122 4456 redditum
1161 4394 1326 4454 fuerit
1345 4437 1362 4464 ,
1414 4398 1462 4460 si
1488 4397 1586 4456 Dei
1631 4397 1882 4460 voluntas
1905 4395 1960 4456 D
1985 4402 2272 4464 pistorium
2296 4409 2446 4456 tuum
2475 4400 2700 4469 impleas
2728 4419 2739 4453 :
2769 4409 2831 4454 ut
2853 4414 2977 4454 cum
3013 4399 3264 4466 princeps
3297 4405 3578 4464 pastorum

303 4490 408 4549 es"
439 4483 531 4542 [ibi
562 4486 902 4542 οοωωίιῑθΐθ
947 4487 1177 4554 ουηὼος
1213 4497 1270 4546 ει
1295 4505 1404 4546 non
1431 4490 1605 4546 solum
1651 4490 1762 4558 illa,
1788 4491 1886 4553 sed
1989 4503 2051 4551 et
2072 4494 2190 4552 Rex
2215 4507 2422 4562 regum,
2464 4490 2738 4560 judexque
2760 4490 3003 4543 vivorum
3036 4495 3092 4542 et
3126 4493 3460 4540 mortuorum
3490 4499 3577 4553 ap-

303 4583 359 4630 et
386 4575 566 4630 omnia
593 4592 712 4648 quae
755 4579 823 4634 ad
847 4587 1084 4636 vestram
1126 4582 1416 4640 utilitatem
1443 4599 1475 4642 a
1504 4585 1659 4640 nobis
1698 4599 1888 4654 perve-
1991 4583 2266 4657 paruerit,
2311 4579 2472 4638 simul
2510 4595 2636 4634 eum
2676 4577 2890 4634 caeteris
2930 4573 3184 4631 Ecclesiae
3222 4574 3316 4630 Dei
3371 4573 3574 4627 sanctis

303 4663 425 4720 nire
451 4675 677 4743 possunt
727 4668 1082 4726 libentissime
1109 4672 1424 4744 impendere
1447 4675 1652 4746 cogito:
1686 4688 1744 4738 tu
1766 4687 1887 4736 tau-
1990 4672 2316 4746 Molibus
2345 4671 2612 4740 percipias
2658 4667 3159 4724 immarcescibiiem
3199 4666 3384 4738 gloriae
3432 4681 3578 4722 com-

306 4763 420 4810 tum
450 4765 690 4812 nostram
722 4757 1092 4820 infirmitatem
1131 4763 1302 4822 sacris
1330 4765 1668 4826 orationibus
1690 4774 1748 4823 et
1779 4769 1890 4838 piis
1995 4778 2149 4828 nam,
2181 4762 2474 4836 auditisque
2509 4759 2579 4818 ab
2609 4760 2730 4830 ipsa
2756 4758 2999 4812 Veritate
3037 4755 3165 4811 illud
3205 4756 3576 4826 evangelicum

301 4843 770 4905 exhortationibus
785 4848 1012 4919 releves,
1028 4852 1156 4924 quia
1175 4868 1283 4914 non
1299 4854 1474 4914 solum
1493 4857 1724 4928 propriae
1733 4861 1892 4930 egri-
1997 4851 2392 4916 testimonitltn.
2407 4863 2515 4918 (ιιιο
2534 4863 2754 4908 “CFW!”
2767 4848 2904 4902 bene
2925 4845 3264 4902 laborantem
3276 4854 3332 4900 et
3349 4844 3580 4928 ﬁdem“

301 4933 509 4989 tudinis
563 4937 824 5006 molestia,
859 4956 1048 5000 verum
1079 4944 1246 5000 etiam
1283 4932 1584 5010 communis
1629 4949 1889 5022 periculi,
1995 4941 2282 5014 pecuniam
2311 4938 2514 5000 domini
2545 4939 2628 4994 sui
2653 4944 2968 5008 erogantem
2993 4937 3178 4991 laudat
3213 4936 3438 4989 dicens:
3468 4931 3580 4984 Eu-

306 5025 455 5098 quod
499 5027 721 5084 instanti
769 5039 1009 5108 tempore
1068 5036 1242 5096 valide
1283 5039 1567 5110 imminet,
1616 5044 1893 5104 anxietate
1994 5054 2082 5111 gs,
2104 5053 2246 5102 serve
2271 5037 2400 5096 bene
2419 5041 2467 5093 ei
2495 5030 2688 5102 ﬁdelis,
2715 5033 2839 5102 quia
2877 5046 3033 5101 super
3058 5044 3228 5101 pauca
3275 5025 3424 5097 luisti
3451 5024 3581 5093 ﬁde-

307 5129 682 5191 przegravatus
720 5139 870 5194 sum;
933 5141 997 5184 ac
1045 5128 1166 5186 ideo
1214 5141 1394 5194 vestra
1443 5135 1692 5196 oratione
1727 5145 1893 5208 atque
1998 5131 2092 5199 ιιι,
2111 5147 2272 5202 supra
2295 5128 2465 5186 multa
2488 5137 2537 5182 te
2567 5125 3065 5192 constituam,intra
3109 5123 3165 5175 in
3192 5119 3446 5190 gaudium
3469 5116 3578 5170 Do-

310 5212 694 5298 omnipotentis
733 5216 828 5272 Dei
861 5218 1229 5292 misericordia
1274 5224 1508 5286 maxime
1560 5226 1794 5298 indigeo,
1821 5244 1894 5287 ne
2000 5223 2133 5282 mini
2191 5221 2270 5277 tui
2325 5219 2540 5292 (Matth.
2587 5216 2736 5289 xxv).
2801 5216 2966 5286 Cujus
3028 5211 3206 5284 gaudii
3239 5208 3582 5298 omnipotens

313 5297 559 5390 deiiciam
582 5303 637 5357 in
660 5305 1115 5384 tribulationibus,
1141 5311 1194 5366 in
1215 5297 1725 5383 necessitatibus,in
1747 5319 1894 5390 peri-
2001 5313 2168 5381 Deus,
2198 5312 2410 5372 trinitas
2437 5318 2492 5366 et
2515 5309 2745 5366 indivisa
2783 5305 2984 5371 unitas,
3001 5317 3124 5360 cum
3144 5301 3347 5356 sanctis
3373 5297 3583 5368 angelis

313 5387 454 5445 culis
481 5399 536 5446 et
556 5392 609 5448 in
641 5397 1022 5455 tentationibus
1044 5400 1290 5460 diversis.
1319 5401 1430 5460 l‘loc
1448 5419 1575 5480 ergo
1597 5387 1894 5478 scias—quia
1999 5413 2061 5468 et
2079 5405 2268 5465 electis
2292 5403 2572 5458 animabus
2597 5401 2653 5456 in
2681 5398 2890 5456 caelesti
2913 5411 3080 5466 regno
3121 5393 3284 5448 faciat
3317 5399 3368 5448 te
3393 5404 3584 5480 perpe-

310 5495 454 5552 οΡιιε
478 5485 619 5554 (ιυυά
667 5487 761 5543 libi
787 5489 1111 5562 trausmith.
1139 5509 1246 5552 non
1281 5503 1486 5556 tantum
1509 5479 1579 5552 ex
1627 5497 1894 5567 majorum
2005 5495 2226 5558 molitor
2274 5508 2395 5550 esse
2429 5492 2766 5564 participem.
2809 5485 3207 5543 Beatitudinem
3253 5491 3400 5536 tuam
3444 5479 3586 5533 bene

316 5569 478 5627 dictis
507 5588 628 5643 quae
651 5575 706 5630 in
733 5590 919 5633 eorum
963 5579 1114 5638 libris
1140 5583 1447 5655 conscripta
1473 5585 1672 5658 reperi,
1702 5588 1798 5644 sed
1824 5602 1895 5644 ex
1963 5657 1970 5664 _
2002 5587 2188 5645 valere
2212 5601 2426 5658 semper
2458 5587 2513 5642 in
2541 5585 2760 5648 Christo
2807 5590 3060 5656 optamus
3091 5621 3108 5651 ,
3159 5585 3347 5640 sancte
3385 5572 3585 5640 Pater,

313 5670 504 5722 nostro
525 5665 728 5740 labore,
754 5679 1011 5741 quantum
1034 5673 1214 5732 divina
1241 5675 1417 5755 gratia
1442 5691 1541 5735 nos
1579 5693 1742 5750 posse
1764 5694 1896 5738 con-
2005 5695 2301 5740 memorem
2334 5679 2523 5738 nostri.

1869 5923 1943 5979 Tis"
