3986 6348
1144 345 1207 404 Β.
1247 347 1500 409 RABANI
1535 350 1756 413 usus!
1795 353 2111 415 ARCIIIEP.
2152 357 2460 422 MOGUNT.
2497 365 2779 428 OPERUM
2815 371 2990 430 PARS
3029 376 3070 431 l.

3621 387 3753 445 illi

1931 602 2337 676 INCIPIUNT
3699 651 3702 654 ’

813 772 1848 906 COMMENTARIA
1931 794 2081 910 IN
2163 796 2687 922 LIBRUM
2767 807 3432 975 JUDIGUM.

483 1154 548 1186 ,τ
1741 1095 2041 1178 LIBER
2110 1103 2526 1187 PRIMUS.

1006 1366 1232 1427 CAPUT
1267 1369 1558 1432 PRIMUM.

491 1497 567 1554 De
566 1497 788 1597 'eoquod
813 1495 912 1568 filii
937 1497 1108 1582 Israel
1126 1504 1672 1597 postlmortem‘losue
1699 1509 2070 1597 consuluerunt.

554 1569 871 1651 Dominum"
884 1569 998 1651 quis
1027 1569 1213 1651 eorum
1245 1574 1356 1651 dum
1383 1577 1929 1651 co_n_tra‘_CItananwos
1952 1569 2068 1651 ﬁeri

547 1639 781 1695 deberet.
823 1639 1378 1722 Etdcminterfectione
1402 1646 1792 1722 Adonibezerclt
1839 1639 1994 1722 regis,
2020 1663 2069 1707 et

553 1710 936 1782 oppugnatione
965 1709 1385 1768 Chanana'orum
1415 1733 1476 1769 ac
1500 1717 1642 1772 urbis
1673 1709 2028 1776 Hierusalem.

555 1821 706 1892 (CAP.
732 1821 797 1892 ι.)
838 1821 964 1878 Post
1003 1833 1221 1878 mortem
1279 1826 1493 1894 Iosue,
1537 1833 1913 1888 consuluerunt
1967 1836 2068 1906 ﬁlii

486 1911 657 1970 Israel
703 1913 1004 1980 Dominum,
1041 1916 1270 1973 dicentes
1292 1934 1312 1971 .'
1347 1919 1478 1986 Quis
1521 1926 1765 1981 ascendet
1807 1938 1926 1983 ante
1974 1945 2067 1985 nos

482 2012 670 2068 contra
689 2002 1070 2072 Chanawum,
1095 2016 1144 2062 et
1167 2009 1266 2063 erit
1293 2010 1406 2065 dua:
1429 2012 1593 2068 belli?
1610 2015 1860 2088 Dixitque
1885 2019 2068 2074 Domi-

481 2112 603 2162 nus,
637 2095 811 2152 ludas
849 2098 1126 2165 ascendet;
1173 2117 1290 2155 ecce
1317 2105 1518 2159 tradidi
1565 2115 1762 2163 terram
1777 2109 1837 2163 in
1879 2127 2066 2166 manus

479 2188 615 2259 ejus.
651 2187 722 2242 Et
748 2190 826 2244 ait
853 2189 1028 2246 Judas
1065 2190 1300 2249 Simeoui
1327 2195 1484 2264 fratri
1511 2214 1608 2253 suo
1632 2214 1650 2252 :
1681 2200 1920 2256 Ascende
1945 2217 2056 2258 me-

477 2293 604 2332 cum
624 2279 688 2340 in
703 2288 840 2334 sorte
866 2296 983 2336 mea
1011 2321 1030 2348 ,
1057 2291 1107 2337 et
1136 2299 1313 2354 pugna
1361 2295 1541 2342 contra
1595 2288 1978 2360 Chanana’um,
2007 2303 2065 2348 ut

477 2376 531 2421 et
555 2384 652 2435 ego
690 2386 903 2440 pergam
951 2380 1120 2426 tecum
1153 2374 1212 2426 in
1249 2384 1388 2429 sorte
1423 2385 1535 2431 tua.
1582 2377 1654 2433 Et
1683 2379 1812 2434 abiit
1856 2397 1978 2436 cum
2004 2399 2065 2438 eo

476 2453 713 2522 Simon,
737 2460 1072 2531 ascenditque
1087 2461 1285 2531 ludas,
1308 2474 1357 2519 et
1380 2467 1600 2522 tradidit
1635 2468 1894 2527 Dominus
1919 2472 2063 2529 Cha-

475 2559 724 2602 namnam
743 2564 808 2602 ac
840 2547 1182 2608 Plterewum
1207 2555 1264 2608 in
1305 2571 1495 2612 uiantis
1524 2574 1725 2627 eorum,
1749 2569 1803 2616 et
1829 2563 2058 2636 reliqua.

477 2631 539 2689 in
569 2634 681 2692 tino
721 2635 849 2694 libri
872 2636 1005 2697 Jesu
1056 2641 1206 2700 Nave
1227 2644 1470 2704 breviter
1521 2658 1775 2706 narrator
1813 2631 2062 2723 porrexit

475 2724 770 2794 historiam
794 2743 1078 2802 quousque
1101 2733 1198 2790 lilii
1218 2735 1388 2792 lsrael
1407 2737 1480 2794 ad
1498 2739 1754 2798 colendos
1775 2743 1906 2802 deos
1931 2745 2062 2802 alie-
2087 2749 2137 2811 B

473 2831 578 2878 nos
613 2820 1062 2894 declinaverunt;
1093 2828 1150 2884 in
1176 2829 1284 2886 hoc
1319 2840 1505 2888 autem

471 2909 618 2966 redit
636 2951 652 2978 ,
707 2917 987 2983 quomodo
1036 2923 1420 2991 «insequentia
1467 2934 1622 2996 gesta
1680 2927 1884 2986 iuerint
1935 2942 2060 3003 post

468 3008 708 3060 mortem
737 3003 866 3062 Jesu
901 3006 1072 3068 Nave.
1101 3010 1221 3068 Non
1245 3029 1378 3084 ergo
1414 3018 1484 3074 ab
1509 3017 1888 3091 illo..me
1911 3021 2055 3078 inci-

466 3091 548 3160 pit
575 3091 715 3150 liber
737 3110 846 3166 quo
871 3101 1100 3170 populus
1125 3104 1195 3160 ad
1230 3104 1456 3163 colenda
1489 3108 1784 3165 simulacra
1807 3111 2051 3178 deﬂuxit,

465 3181 566 3237 sed
587 3197 621 3238 a
645 3184 920 3254 prioribus
964 3191 1298 3263 interpositis
1347 3199 1684 3268 temporibus
1736 3202 1932 3271 quibus
1987 3219 2051 3259 ea

465 3278 621 3338 gesta
635 3282 766 3330 sunt
792 3287 914 3345 post
938 3296 1059 3350 quas
1079 3283 1148 3338 ad
1192 3283 1284 3342 illa
1313 3288 1583 3356 pervenit.

455 3414 457 3418 .
545 3361 612 3420 Et
641 3363 946 3433 [acumen
973 3382 1249 3443 postquam
1271 3377 1552 3445 defunctus
1581 3390 1656 3436 est
1687 3383 1865 3452 Jesus,
1887 3389 2052 3443 inter-

465 3451 723 3522 rogabant
744 3454 1029 3522 ﬁliilsrael
1039 3460 1345 3530 Dominam,
1369 3466 1597 3524 dicentes
1621 3471 1786 3538 τρυε.
1808 3478 2054 3533 ascendet

464 3540 838 3600 nobiscumad
870 3546 1233 3608 Chattaan
1258 3555 1372 3610 dua:
1396 3559 1467 3611 ad
1497 3560 1864 3621 debellandum
1891 3572 2051 3624 eum?

460 3629 535 3686 Et
561 3633 698 3692 dixit
719 3636 982 3697 Dominus
1008 3657 1030 3696 :
1055 3644 1228 3701 ludas
1249 3652 1495 3706 ascendet
1521 3667 1544 3706 :
1563 3671 1682 3711 ecce
1707 3658 1829 3714 dedi
1853 3670 2048 3718 terram

458 3722 519 3821 in
539 3741 728 3784 mus
770 3729 958 3801 ipsius.
989 3733 1091 3794 Hic
1119 3740 1384 3810 quaeritur
1409 3751 1592 3802 utrum
1635 3749 1839 3821 aliquis
1882 3755 2049 3812 homo

458 3810 629 3875 ludas
655 3822 982 3893 uocabatur,
1019 3844 1091 3885 an
1126 3831 1300 3902 ipsum
1330 3838 1551 3906 tribum,
1596 3842 1674 3898 ita
1701 3810 1760 3900 ut
1781 3847 1936 3914 solet,
1968 3810 2046 3906 sic

457 3909 796 3980 appellavit?
821 3916 932 3975 Sed
964 3920 1040 3978 illi
1089 3925 1183 3994 qui
1237 3927 1709 4004 interrogaverunt
1753 3909 2044 3999 Dominum

453 4009 582 4071 post
612 4014 844 4066 mortem
886 4009 1018 4070 Jesu
1054 4015 1222 4087 Nave,
1255 4021 1449 4080 ducem
1496 4029 1875 4100 requirebant;
1900 4037 2042 4093 unde

1549 2833 1692 2892 libro
1719 2837 1788 2894 ad
1813 2838 2058 2896 ordhem

2092 1387 2148 1448 Α
2172 1388 2344 1446 tribus
2381 1393 2705 1462 postulasse,
2740 1399 2883 1468 quod
2925 1400 3195 1474 redderet,
3226 1423 3352 1466 cum
3387 1421 3443 1470 et
3468 1411 3549 1472 illi
3579 1415 3632 1474 in
3656 1435 3745 1478 sua

2175 1489 2319 1537 sorte
2345 1483 2545 1542 habere
2570 1487 2870 1558 inciperent
2900 1499 3287 1556 necessarium.

2242 1572 2660 1648 Inveneruntque
2702 1581 3062 1641 Adonibezec/r
3108 1589 3162 1642 in
3192 1590 3422 1661 Bezech,
3485 1609 3538 1652 et
3565 1618 3745 1673 pugna-

2170 1675 2351 1717 verunt
2399 1675 2580 1722 contra
2625 1686 2765 1738 eum,
2809 1691 2870 1727 ac
2898 1692 3263 1744 percusserunt
3313 1682 3675 1746 Chananwum
3700 1705 3742 1748 et

2171 1750 2534 1812 Phereza'um.
2573 1755 2733 1831 Fugit
2776 1773 2948 1820 autem
2987 1768 3381 1841 Adonibezech,
3413 1798 3574 1848 quem
3601 1786 3744 1838 secuti

2169 1850 2686 1921 comprehenderunt,
2702 1857 2848 1912 ca'sis
2871 1863 3259 1920 summitatibus
3280 1886 3544 1927 manuum
3569 1877 3673 1943 ejus
3691 1895 3744 1930 ac

2166 1937 2380 2006 pedum,
2406 1948 2510 1996 etc.
2547 1941 2678 2011 Quis
2728 1955 2908 2003 autem
2961 1950 3062 2006 iste
3106 1953 3525 2030 Adonibezech,
3574 1937 3744 2021 melius

2167 2041 2331 2097 quam
2361 2029 2606 2089 diabolus
2653 2034 2876 2109 intelligi
2928 2051 3147 2112 potest,
3194 2048 3365 2105 hostis
3417 2029 3670 2123 antiquus
3695 2068 3742 2112 et

2168 2117 2418 2178 inimicus
2459 2126 2636 2181 omnis
2661 2127 2928 2198 justitim,‘
2960 2137 3053 2205 qui
3087 2150 3281 2210 regnat
3313 2141 3369 2196 in
3400 2142 3632 2213 Bezecb,
3656 2149 3743 2206 hoc

2166 2217 2271 2276 est,
2295 2211 2349 2267 in
2379 2213 2589 2287 fulgore
2614 2217 2701 2273 vel
2731 2220 2785 2275 in
2816 2233 3136 2298 contemptu
3167 2247 3328 2288 vano.
3362 2211 3743 2308 interpretatur

2167 2310 2346 2358 autem
2387 2303 2785 2380 Adonibezech,
2817 2315 3058 2372 dominus
3085 2320 3343 2390 fulminis.
3378 2327 3447 2382 Et
3472 2303 3740 2400 Apostolus

2168 2394 2235 2449 de
2261 2397 2450 2453 eodem
2492 2403 2714 2473 antiquo
2743 2407 2899 2463 hoste
2936 2411 3009 2465 ita
3043 2412 3174 2468 dicit
3213 2434 3224 2468 :
3260 2415 3386 2488 Ipse
3429 2394 3569 2476 enim
3593 2422 3738 2481 Sata-

2167 2499 2264 2538 nas
2285 2490 2630 2560 transﬁgurat
2653 2511 2706 2549 se
2726 2496 2780 2550 in
2810 2499 3051 2569 angelum
3074 2501 3207 2559 lucis
3233 2504 3479 2576 (II’Cor.
3507 2512 3585 2582 η).
3615 2514 3736 2570 'l'ola

2166 2583 2345 2630 autem
2368 2577 2484 2648 ejus
2503 2586 2745 2652 potentia
2776 2595 2937 2659 atque
2964 2602 3206 2662 potestas
3231 2600 3458 2658 vanitas
3481 2577 3580 2669 est,
3596 2621 3739 2676 quem

2165 2667 2262 2724 sui
2306 2669 2461 2740 Juda,
2493 2677 2598 2733 hoc
2626 2689 2726 2744 est,
2757 2682 2860 2752 [itii
2886 2687 3248 2758 confessionis,
3283 2709 3347 2749 ac
3373 2695 3475 2752 ﬁlii
3520 2667 3740 2772 Simeon,

2164 2761 2268 2817 hoc
2297 2773 2398 2832 est,
2436 2766 2923 2841 ﬁliiexauditionis,
2955 2773 3247 2851 debellant,
3267 2800 3394 2841 cum
3429 2787 3606 2847 ﬁdeles
3631 2761 3740 2862 qui;

2163 2867 2272 2923 que
2292 2864 2446 2914 scuto
2473 2860 2594 2915 iidei
2618 2873 2782 2934 atque
2812 2869 2979 2925 armis
3009 2871 3274 2930 virtutum
3307 2887 3502 2934 contra
3530 2860 3739 2937 cumdi-

2160 2945 2384 3014 micant,
2429 2956 3059 3030 comprehendentesque
3097 2977 3221 3019 eum
3252 2969 3482 3024 cazdunt
3529 2971 3739 3028 summi-

2162 3045 2301 3093 tates
2322 3041 2577 3099 'manuum
2609 3061 2673 3102 ac
2697 3049 2918 3117 pedum,
2955 3059 3084 3109 cum
3113 3058 3415 3126 primordia
3447 3063 3596 3119 make
3622 3081 3740 3136 ope-

2161 3131 2384 3187 ratio..-is
2414 3139 2574 3205 atque
2599 3140 2823 3210 vestigia
2854 3145 3004 3212 pravi
3037 3151 3270 3221 exempli
3320 3155 3640 3214 abscindere
3664 3157 3739 3212 vi-

2157 3221 2334 3277 riliter
2358 3230 2710 3295 contendunt,
2739 3242 3005 3301 quatenus
3032 3240 3253 3312 maligni
3282 3243 3429 3301 fraus
3450 3247 3740 3304 etiicaciam

2157 3316 2454 3383 repentina:
2496 3319 2826 3392 deceptionis
2854 3342 2960 3381 non
2997 3329 3254 3398 inveniat,
3298 3349 3420 3391 cum
3455 3339 3607 3410 vigor
3651 3339 3734 3395 illi

2156 3407 2383 3461 nocendi
2413 3409 2641 3477 spiritali
2668 3412 3015 3473 dimicatione
3038 3419 3303 3478 aufertur.

2147 3514 2150 3516 ν
2229 3493 2602 3567 Oppugnantes
2626 3518 2746 3574 ergo
2790 3505 2890 3574 ﬁlii
2919 3505 3065 3565 Juda
3112 3511 3455 3572 Hierusalem
3500 3532 3736 3591 ceperunt

2151 3597 2291 3648 eam,
2328 3593 2380 3639 et
2393 3603 2757 3657 percusserunt
2786 3597 2953 3654 inore
2984 3601 3171 3671 gladii,
3205 3608 3477 3664 tradentes
3505 3621 3730 3665 cunctam

2151 3671 2392 3729 incendio
2407 3678 2686 3735 civitatem.
2719 3682 2785 3738 Et
2803 3691 3366 3770 postea‘descendentes
3380 3711 3731 3770 pugnarenmt
3792 3703 3794 3706 ’

2151 3774 2334 3821 contra
2357 3767 2737 3842 Chanana’um,
2769 3779 2859 3846 qui
2895 3765 3164 3838 habitabat
3194 3785 3248 3839 in
3279 3765 3570 3856 montanis,
3597 3799 3640 3846 et
3665 3792 3731 3845 ad

2149 3858 2440 3926 meridiem,
2473 3871 2523 3916 et
2552 3863 2607 3916 in
2636 3869 3031 3936 campestribus.
3057 3871 3396 3948 Pergensque
3417 3873 3591 3937 Iudas
3619 3900 3730 3936 ροη-
3787 3883 3792 3888 ’
3842 3942 3844 3944 ,

2149 3953 2233 3999 tra
2262 3945 2648 4020 Cbananwum,
2683 3958 2774 4028 qui
2801 3959 3071 4018 habitabat
3109 3945 3376 4025 iniEbr'on
3400 4014 3414 4037 ,
3471 3976 3620 4046 cujus
3649 3992 3730 4029 no-

2147 4053 2270 4092 men
2294 4038 2396 4108 fuit
2428 4046 2744 4116 antiquitus,
2775 4048 3142 4122 Cariatbarbe,
3186 4065 3448 4131 percussit
3489 4038 3652 4134 Sisai,
3683 4077 3727 4120 et

454 4103 680 4162 imm"?
726 4101 889 4158 “ius
921 4120 1238 4176 expressum
1293 4116 1531 4175 hominis
1577 4135 1798 4182 nomen.
1836 4126 2040 4184 Verum
2068 4109 2114 4173 (ἶ
2145 4101 2394 4198 Abiman,
2439 4143 2489 4189 et
2543 4101 2813 4207 'i'holmbr,
2845 4101 3146 4214 atque'inde
3186 4101 3457 4222 profectus
3499 4108 3721 4211 adiit’ad

454 4182 581 4222 nnis:
611 4199 716 4222 nm:
759 4191 892 4222 Ml...
925 4195 1085 4222 .1“---
1119 4204 1346 4222 _-ug,,,,
1429 4208 1462 4222 ι-
1535 4213 1548 4222 .
1598 4220 1604 4222 .
2156 4217 2167 4222 -
2227 4219 2266 4222 _,

454 4182 586 4282 quia
611 4199 722 4241 non
758 4191 894 4246 solet
924 4195 1087 4253 duces
1118 4204 1398 4262 nominare
1429 4208 1731 4282 Scriptura,
1762 4230 1887 4273 cum

452 4272 758 4334 stituuntur
780 4317 796 4345 ,
824 4282 930 4338 nisi
957 4299 1378 4350 commemorata
1405 4272 1569 4356 etiam
1604 4272 1817 4376 origine
1835 4325 2036 4380 paren-

454 4370 589 4430 tum,
619 4375 676 4424 et
698 4379 917 4428 constat
944 4386 1068 4446 post
1091 4376 1275 4438 Iesum
1301 4385 1467 4443 duces
1497 4370 1752 4451 habuisse
1777 4370 2036 4468 populum

448 4455 649 4524 Israel,
677 4477 909 4552 quorum
951 4469 1159 4539 primus
1206 4483 1291 4531 est
1329 4476 1581 4538 Othoniel
1612 4484 1756 4543 illius
1779 4455 2034 4552 .Zenez

451 4549 654 4639 rectius
675 4551 990 4627 intelligi-tur
1007 4562 1229 4620 nomine
1245 4563 1396 4624 Iuda
1418 4569 1616 4628 tribum
1645 4573 1841 4634 ludam
1866 4549 2036 4639 fuisse

447 4637 842 4731 signiﬁcatam;
873 4648 944 4704 ab
966 4649 1084 4722 ipsa
1121 4656 1268 4714 enim
1292 4659 1438 4718 tribu
1469 4665 1640 4723 voluit
1665 4637 2036 4731 Dominus

449 4729 632 4830 cipere
658 4739 864 4794 conteri
903 4742 1258 4834 (inausum.
1291 4755 1360 4811 Et
1389 4772 1515 4815 cum
1546 4765 1778 4834 populus
1808 4729 2032 4829 deduce

450 4817 858 4928 interrogasset,
1003 4836 1104 4895 hoc
1152 4841 1324 4900 valuit
1360 4817 1649 4919 responsib
1690 4855 1937 4928 Domini,
1969 4871 2030 4918 ut

454 4911 618 4966 sciret
642 4913 811 5012 Deum
857 4920 1093 4984 noluisse
1118 4933 1188 4988 ab
1213 4911 1472 4995 universo
1495 4944 1693 5012 populo
1717 4911 2030 5010 ad;

448 5015 637 5100 versus
676 5005 1030 5100 Chananaaos.
1055 5016 1198 5076 Dixit
1247 5039 1378 5098 ergo
1403 5048 1416 5084 :
1447 5005 1622 5088 ludas
1651 5005 1916 5096 ascendet.
1935 5005 2027 5100 Et

445 5092 699 5160 sequitur
741 5095 1021 5170 Scriptura
1053 5119 1282 5167 narrans
1309 5092 1336 5168 ἶ
1355 5116 1427 5172 Et
1455 5119 1591 5176 dixit
1617 5092 1794 5181 Iudas

2144 4217 2463 4278 habitatores
2510 4223 2680 4281 Dabir
2710 4232 2862 4301 cujus
2903 4251 3089 4292 nomen
3123 4217 3424 4299 velus'erat
3471 4245 3727 4302 Cariatse—

2141 4309 2288 4377 plter,
2313 4313 2369 4366 id
2395 4323 2489 4379 est,
2517 4316 2696 4373 civitas
2717 4320 3034 4382 litterarum.
3063 4327 3234 4400 Hujus
3259 4332 3364 4390 loci
3391 4335 3658 4409 Iosephus
3672 4341 3723 4394 in

2140 4400 2281 4458 libro
2334 4404 2730 4477 Autiquitatum
2774 4418 2964 4486 quinto
2995 4462 3008 4486 ,
3060 4421 3134 4477 ita
3193 4428 3444 4483 meminit
3500 4400 3720 4488 dicens:

2145 4511 2164 4544 ι
2209 4493 2356 4550 inter
2394 4498 2511 4554 haec
2563 4503 2897 4563 obsederunt
2925 4509 3379 4588 Hierosolymam,
3433 4521 3528 4578 sed
3580 4523 3724 4580 banc

2139 4586 2357 4656 quidem
2391 4589 2550 4664 longo
2579 4603 2819 4667 tempore
2846 4604 3142 4675 capientes,
3171 4586 3370 4670 omnes
3394 4617 3450 4670 in
3475 4632 3544 4674 ea
3575 4618 3726 4675 babi-

2139 4686 2316 4734 tantes
2345 4681 2756 4745 interemerunt.
2782 4691 2916 4750 Erat
2960 4700 3106 4756 enim
3135 4704 3214 4760 eis
3240 4707 3399 4764 valde
3425 4712 3616 4781 gravis
3639 4713 3728 4768 de-
3786 4779 3790 4782 ,

2133 4782 2299 4839 super
2325 4775 2556 4832 munitio
2590 4795 2891 4854 murorum,
2923 4799 2978 4844 et
3019 4791 3124 4849 loci
3171 4806 3364 4854 natura
3416 4803 3725 4862 resistendi.

2137 4857 2292 4918 Unde
2316 4873 2682 4928 castrametati
2709 4878 2910 4934 suntin
2943 4880 3144 4950 Ebrou,
3179 4896 3235 4943 et
3263 4889 3406 4947 hanc
3449 4895 3728 4968 capientes

2131 4953 2312 5008 omnia
2341 4955 2752 5019 interfecerunt.
2785 4986 2806 5019 ι
2845 4968 3273 5045 Relinquebatur
3317 4953 3723 5058 autem.genus

2133 5045 2310 5102 adhuc
2349 5049 2666 5123 gigantium,
2706 5061 2797 5130 qui
2831 5075 3059 5135 propter
3109 5073 3509 5143 magnitudines
3551 5045 3724 5148 atque

2129 5133 2332 5194 formas
2361 5139 2416 5195 in
2441 5143 2588 5200 nullo
2615 5147 2734 5205 aliis
2775 5153 3083 5214 hominibus
3112 5147 3396 5231 prorimas
3435 5169 3572 5224 ultra
3599 5186 3727 5226 mo-

2129 5226 2259 5282 dum
2299 5232 2598 5293 mirabiles.
2628 5238 2902 5302 Hactenus
2946 5264 3133 5306 eorum
3175 5269 3301 5311 ossa
3341 5269 3730 5318 monstrantur
