3986 6348
227 343 366 403 1115

852 458 1082 518 CAPUT
1119 463 1182 518 11.

297 641 386 722 qui
388 640 1090 722 percuteretﬂariatseplter.
1117 647 1338 722 thuod
1363 650 1480 704 Ama

296 711 419 782 petit
443 720 644 778 patrem
665 711 793 768 dare
824 715 924 768 sibi
945 711 1153 770 terram
1182 711 1460 789 irriguam.

297 826 473 900 (Imm)
510 829 760 902 Dixitque
803 831 965 888 Caleb
997 847 1018 888 .'
1047 831 1156 899 Qui
1186 837 1506 912 percusserit
1536 834 1797 892 Cariatse-

217 915 368 986 piter,
391 927 441 973 et
469 925 744 976 vastaoerit
778 937 912 985 eam,
960 922 1094 976 dabo
1124 924 1171 978 ei
1211 923 1381 980 Amm
1423 923 1590 993 ﬁliam
1628 943 1795 980 meam

217 1026 458 1066 uxorem.
489 1011 608 1068 iam
631 1015 734 1070 hoc
753 1023 807 1071 et
831 1015 887 1069 in
913 1014 1054 1071 libro
1080 1015 1210 1072 Jesu
1230 1017 1377 1074 Nave
1405 1033 1796 1075 commemora-

218 1109 334 1156 tum
361 1112 461 1170 est,
487 1106 580 1160 sed
603 1113 786 1161 utrum
809 1105 938 1163 Jesu
965 1109 1181 1166 vivente
1213 1110 1418 1166 factum
1449 1113 1544 1180 sit,
1565 1120 1621 1168 et
1649 1129 1796 1170 nunc

213 1208 315 1263 per
343 1197 842 1266 recapitulationem
868 1201 1183 1270 repetitum,
1200 1217 1268 1257 an
1289 1211 1412 1273 post
1424 1204 1540 1275 ejus
1563 1213 1792 1259 mortem

211 1292 564 1354 posteaquam
595 1288 796 1344 dictum
838 1299 942 1357 est,
991 1291 1164 1346 ludas
1224 1294 1502 1361 ascendet,
1542 1305 1590 1349 et
1644 1297 1794 1366 carpit

211 1372 385 1429 ludas
411 1375 670 1432 debellare
697 1377 1046 1446 Chanana'os,
1080 1383 1136 1437 in
1162 1398 1269 1454 quo
1292 1385 1430 1442 bello
1478 1385 1582 1440 ista
1611 1387 1788 1442 omnia

210 1471 363 1535 gesta
393 1477 705 1536 narrantur,
756 1473 950 1527 merito
999 1475 1292 1543 quaeritur?
1323 1477 1429 1533 Sed
1477 1480 1790 1536 credibilius

208 1567 294 1612 est
318 1569 438 1626 post
468 1569 696 1639 mortem
726 1558 854 1620 Jesu
888 1562 1112 1632 factum,
1169 1576 1295 1624 tunc
1328 1579 1506 1624 autem
1536 1586 1633 1640 per
1661 1587 1786 1642 pro-

208 1643 404 1718 lepsin,
427 1650 480 1703 id
503 1658 605 1715 est,
629 1667 727 1722 per
745 1656 1266 1726 pneoccupationem
1282 1669 1784 1727 commemoratum,

206 1742 661 1809 quemadmodum
690 1752 744 1798 et
784 1745 910 1800 alia.
962 1746 1116 1802 Nunc
1150 1750 1292 1806 enim
1333 1766 1455 1805 cum
1496 1767 1583 1806 res
1623 1762 1786 1823 gesta:

1131 432 1134 434 γ
1179 353 1529 432 causam.
1568 358 1650 422 IN,
1673 361 1810 422 Lm.
1841 362 2157 432 tUDlGUM.
2195 395 2278 426 μ.
2301 372 2505 436 no.4.

3346 385 3502 450 lilii

599 556 630 568 μ
680 567 683 568 ν
767 566 772 567 ,
829 480 1082 568 “Par”!
1119 480 1182 518 η’
1828 486 1882 548 Α
1905 480 2036 553 .‘ma-
2070 483 2396 552 Undenunc
2435 491 2726 550 subditur:
2768 492 3507 568 ρωςιωιωρίηωααοω

224 569 307 626 De
326 563 400 652 eo.~
426 568 572 654 quod
591 565 748 654 Caici:
767 563 1052 654 spopondit
1079 576 1247 654 ﬁliam
1277 594 1427 654 suam
1454 585 1801 654 uxoremjyiri
1855 641 1859 644 ι
1902 577 2030 630 dens
2062 579 2117 633 in
2142 582 2311 646 asino,
2361 582 2496 637 dixit
2525 586 2572 638 ei
2620 585 2776 640 Caleb
2807 600 2826 638 :
2880 589 3019 654 Quid
3055 563 3250 646 habes?
3275 594 3340 646 At
3382 595 3479 650 illa

1500 651 1614 719 βίία
1641 651 1798 709 θαίεθ
1898 668 2162 737 respondit
2189 669 2314 724 :Da
2333 673 2460 726 mihi
2483 651 2915 744 benedictionem,
2934 689 3128 734 terram
3153 691 3380 736 arentem
3393 683 3481 737 de-

1897 755 2022 810 disti
2042 758 2204 825 mihi;
2251 760 2320 814 da
2350 771 2399 815 et
2429 764 2683 834 irriguum
2707 769 2896 838 aquis?
2917 771 3074 826 Dedit
3099 791 3218 846 ergo
3243 776 3290 830 ei
3320 775 3477 833 Caleb
3568 827 3588 847 κ

1895 847 2150 932 irrigztfam
2193 854 2446 922 superius,
2483 853 3479 934 et‘irriguaminferiusﬁspiritualiter
3563 879 3566 886 '

1897 948 2076 996 autem
2102 943 2281 998 anima
2306 960 2467 1015 super
2487 949 2695 1003 asinam
2724 952 2900 1017 sedit,
2931 968 3053 1008 cum
3084 956 3474 1016 irrationabili-

1893 1029 1996 1086 bus
2017 1034 2196 1090 carnis
2222 1051 2334 1092 suae
2363 1038 2598 1094 motibus
2632 1041 2810 1095 anima
2838 1045 3112 1112 praesedit,
3137 1061 3257 1116 quae
3286 1051 3466 1119 suspi-

1895 1135 2024 1177 rans
2051 1138 2080 1176 a
2115 1133 2270 1200 patre
2302 1136 2499 1182 terram
2527 1131 2787 1201 irriguam
2825 1133 2978 1202 petit,
3015 1137 3141 1206 quia
3178 1150 3476 1196 acreatore

1895 1223 2082 1271 nostro
2124 1231 2248 1272 cum
2287 1235 2482 1291 magno
2520 1223 2723 1292 gemitu
2768 1227 3056 1293 quaerenda
3107 1228 3470 1300 lacrymarum
3523 1279 3529 1285 .
3563 1276 3576 1284 .

1893 1305 2088 1371 gratia.
2119 1305 2256 1362 Sunt
2282 1325 2515 1379 namque
2546 1313 2809 1378 nonnulli,
2849 1317 2943 1384 qui
2964 1314 3078 1384 jam
3102 1317 3158 1370 in
3190 1320 3330 1374 dono
3350 1336 3473 1390 per—
3565 1309 3575 1326 ’

1891 1406 2154 1464 ceperunt
2176 1397 2344 1454 libere
2388 1416 2487 1470 pro
2535 1402 2749 1472 jus’ﬁtia
2776 1404 2942 1474 laqui,
2988 1421 3275 1476 oppressos
3309 1413 3471 1480 tueri,

1891 1486 2256 1559 indigentibus
2268 1507 2515 1560 possessa
2533 1496 2790 1562 tribuere,
2815 1499 3065 1556 ardorem
3087 1501 3208 1556 ﬁdei
3233 1503 3432 1562 habere
3451 1523 3510 1572 ;_.

1891 1577 1987 1632 sed
2021 1581 2195 1636 adhuc
2220 1583 2448 1650 gratiam
2481 1585 2844 1656 lacrymarum
2871 1604 2980 1644 non
3037 1591 3256 1646 habent.
3290 1594 3355 1649 Ili
3387 1579 3514 1651 ni-‘h

1890 1669 2086 1725 mirum
2140 1680 2339 1728 terram
2389 1677 2681 1732 australem
2726 1687 2780 1733 et
2819 1688 3060 1735 arentem
3101 1682 3339 1747 habent,
3377 1687 3472 1740 sed

1891 1759 2285 1831 adhucirrigua
2309 1763 2571 1834 indigent,
2600 1767 2725 1835 quia
2750 1768 2805 1820 in
2833 1767 3265 1839 bonis’operibus
3287 1772 3468 1840 positi,

205 1831 464 1889 adversus
493 1835 823 1892 Chanaans
871 1838 1030 1893 tribui
1063 1837 1213 1895 Judae
1252 1851 1679 1910 exponerentur,
1712 1845 1786 1899 ita
1813 1837 1861 1897 B
1891 1849 2087 1918 quibus
2109 1855 2290 1922 magni
2314 1831 2479 1925 atque
2503 1831 2777 1914 ferventes
2801 1868 2946 1926 sunt,
2963 1831 3177 1932 oportet
3193 1831 3470 1930 nimirum,

202 1937 264 1978 se
298 1926 625 1981 narrationis
645 1927 778 1984 ordo
800 1929 1054 1996 continet,
1089 1931 1231 1986 inter
1251 1941 1447 1988 caetera
1467 1931 1616 1990 Iudae
1639 1934 1783 1990 facta

203 2002 416 2083 bellica,
448 2017 516 2073 de
544 2034 652 2090 quo
681 2031 803 2090 post
830 2031 1060 2078 mortem
1089 2021 1218 2080 Jesu
1256 2024 1471 2081 dixerat
1495 2026 1779 2095 Dominus,

199 2105 374 2161 ludas
400 2111 663 2166 ascendet.

275 2197 345 2251 Et
365 2211 544 2269 postea
595 2203 969 2259 descenderunt
1002 2205 1102 2275 ﬁlii
1129 2207 1274 2261 Juda
1299 2225 1532 2278 pugnare
1547 2210 1616 2263 ad
1645 2209 1783 2264 Claa-

201 2306 471 2357 nanwum,
512 2293 604 2364 qui
631 2293 901 2348 habitabat
939 2297 991 2350 in
1033 2300 1317 2364 montanis,
1367 2308 1414 2353 et
1443 2310 1702 2366 austrum,
1732 2310 1780 2354 et

201 2393 559 2453 campestrem.
585 2381 654 2438 Et
695 2387 821 2440 abiit
870 2385 1041 2441 ludas
1089 2390 1157 2442 ad
1184 2389 1546 2446 Chanana’um
1575 2392 1782 2448 inhabi-

197 2482 394 2528 tantem
443 2477 497 2528 in
532 2475 732 2542 Ebron,
778 2488 826 2531 et
852 2480 975 2532 exiit
1008 2478 1184 2536 Ebron
1210 2499 1274 2536 ea;
1299 2483 1516 2539 adverso
1545 2498 1563 2536 :
1593 2502 1782 2540 nomen

198 2575 372 2621 autem
402 2563 512 2622 erat
538 2568 716 2624 Ebron
735 2611 749 2637 ,
779 2568 1155 2638 Cariatlmrbe,
1187 2583 1233 2628 et
1257 2577 1511 2644 percussit
1547 2573 1664 2632 Sesi
1683 2617 1698 2642 ,
1729 2586 1778 2631 et

1886 1948 1947 1994 ut
1975 1950 2069 1996 aut
2114 1944 2307 2000 timore
2345 1947 2626 2016 supplicii,
2679 1959 2774 2004 aut
2809 1966 2995 2006 amore
3050 1953 3204 2023 regni
3234 1954 3471 2009 cmlestis
3507 1953 3516 1987 κ

1885 2033 2028 2090 mala
2051 2035 2236 2103 etiam,
2267 2051 2390 2107 qua:
2427 2049 2553 2095 ante
2577 2051 3045 2113 perpetraverunt,
3075 2045 3371 2114 deplorent.
3403 2046 3469 2102 Et

1885 2125 2014 2184 licet
2072 2129 2129 2186 in
2190 2133 2374 2188 multis
2425 2135 2708 2205 speciebus
2760 2141 3105 2209 compunctio
3157 2142 3506 2209 dividatur,‘

1883 2221 2100 2287 quando
2127 2223 2350 2294 είιιευιεε
2371 2241 2598 2296 qumque
2626 2244 2656 2283 a
2688 2231 3076 2298 penitentibus
3108 2232 3278 2301 culpae
3305 2231 3494 2303 plan-'
3521 2251 3526 2258 ’

1882 2317 2082 2376 guntur
2110 2327 2125 2374 ;
2158 2313 2300 2367 unde
2333 2329 2401 2368 ex
2443 2332 2573 2371 voce
2622 2333 2837 2388 quoque
2886 2321 3263 2390 poenitentium
3308 2322 3467 2379 iere-‘-
3525 2341 3528 2346 ·

1881 2397 2018 2460 mias
2043 2399 2164 2454 ait:
2204 2400 2498 2458 Divisiones
2539 2421 2812 2476 aquarum
2839 2409 3058 2463 deduxit
3093 2411 3280 2466 oculus
3317 2427 3466 2467 meus
3523 2431 3530 2445 ί

1833 2537 1836 2544 .
1881 2485 2159 2559 (Timui).
2185 2490 2760 2563 Principalitertamen
2775 2501 3252 2570 oompunctionum
3265 2515 3467 2573 genera
3529 2529 3533 2535 -

196 2660 440 2726 Abima'n,
470 2669 518 2714 et
561 2660 767 2734 Cltalmi
801 2663 939 2733 ﬁlios
974 2665 1183 2732 Enach,
1211 2676 1258 2720 et
1283 2669 1626 2726 ascenderunt
1659 2670 1780 2725 inde
1815 2717 1818 2720 .

85 2743 106 2759 ’
195 2757 268 2811 ad
292 2749 642 2813 inhabitantes
689 2757 891 2830 Dabyr.
939 2758 1144 2816 Nomen
1184 2771 1356 2816 autem
1397 2762 1599 2834 Dabyr,
1635 2763 1778 2834 quod

193 2858 458 2912 eratante
497 2849 677 2905 civitas
719 2851 1038 2926 litterarum.
1065 2850 1135 2906 Et
1162 2853 1298 2907 dixit
1325 2852 1514 2908 Caleb:
1545 2851 1779 2920 Quicun—

1881 2583 1988 2638 duo
2005 2591 2149 2650 sunt,
2172 2585 2299 2653 quia
2318 2586 2489 2642 Deum
2511 2589 2702 2644 sitiens
2728 2591 2908 2645 anima
2922 2593 3073 2662 prius
3096 2593 3295 2648 timore
3314 2605 3465 2650 com-

1879 2673 2155 2742 pungitur,
2194 2685 2318 2742 post
2348 2691 2567 2742 amore;
2619 2680 2774 2748 prius
2799 2682 2944 2734 enim
2975 2695 3100 2736 sese
3129 2683 3182 2736 in
3209 2681 3466 2754 lacrymis
3519 2689 3527 2704 "

1835 2791 1840 2814 .~
1878 2762 2067 2829 allicit,
2095 2764 2220 2832 quia
2248 2765 2402 2820 dum
2426 2767 2694 2822 malorum
2720 2781 2960 2824 suorum
2989 2771 3203 2836 recolit,
3233 2785 3330 2840 pro
3377 2769 3464 2828 his
3499 2765 3524 2804 ’ί

190 2959 291 3015 que
319 2927 626 3016 percusserit
642 2944 906 3000 civitatem
935 2943 1250 3012 litterarum,
1281 2954 1328 3000 et
1360 2948 1614 3019 acceperit
1639 2963 1773 3013 eaut,

190 3037 328 3091 dabo
356 3037 404 3092 ei
429 3035 598 3107 ﬁliam
627 3056 797 3094 meam
825 3039 884 3095 in.
903 3056 1142 3094 uxorem.
1171 3039 1396 3098 Constat
1417 3056 1546 3113 ergo
1574 3055 1644 3100 ex
1673 3043 1778 3098 hoc
1833 3105 1836 3108 ,

191 3129 382 3184 ordine
421 3138 695 3201 gestarum
719 3147 899 3187 rerum
927 3141 1036 3187 tam
1061 3133 1364 3204 perspicue,
1403 3143 1528 3204 post
1544 3143 1770 3190 mortem

188 3217 317 3294 Jesu
329 3221 434 3275 hoc
449 3237 568 3276 esse
581 3220 800 3278 factum.
818 3223 968 3304 Tunc
980 3239 1110 3280 vero
1121 3240 1245 3280 cum
1257 3226 1506 3282 civitates
1518 3216 1773 3298 datae'ipsi

188 3312 355 3370 Caleb
378 3326 950 3386 commemorarentur,
980 3333 1301 3391 progressus
1329 3329 1498 3376 estex
1525 3321 1772 3380 occasio-

187 3420 259 3460 ne
280 3414 550 3472 narrator,
585 3409 728 3476 quod
770 3417 958 3479 postea
989 3409 1196 3467 factum
1221 3418 1305 3468 est
1349 3412 1765 3482 praeoccupavit.

186 3494 511 3560 Nectamen
560 3495 762 3552 frustra
793 3501 1030 3554 arbitror
1058 3501 1162 3556 hoc
1189 3502 1257 3556 de
1298 3503 1408 3555 lilia
1448 3502 1610 3558 Caleb
1645 3504 1771 3558 data

184 3586 245 3642 in
264 3586 488 3642 victoris
513 3587 798 3656 praemium
839 3589 925 3644 his
975 3605 1201 3646 numero
1257 3591 1592 3660 Scripturam
1623 3608 1770 3648 com-

184 3690 493 3732 memorare
527 3675 778 3731 voluisse.

256 3767 376 3823 Alia
402 3768 644 3826 nascitur
672 3771 898 3840 quaestio
924 3771 990 3828 de
1019 3771 1128 3828 ﬁlia
1154 3772 1342 3840 Caleb,
1373 3773 1520 3843 quod
1545 3774 1601 3828 in
1630 3774 1769 3830 libro

1801 3183 1845 3247 C

182 3857 313 3916 Iesu
341 3858 490 3916 Nave
541 3861 620 3916 sic
648 3862 714 3917 de
761 3862 850 3917 illa
875 3863 1075 3917 dicitur
1104 3877 1120 3916 :
1150 3863 1220 3918 Et
1278 3864 1472 3933 factum
1500 3873 1599 3929 est,
1647 3880 1768 3918 cum
1827 3909 1830 3916 .

181 3949 547 4019 ingrederetur
564 3951 702 4021 ipsa,
722 3961 772 4006 et
797 3952 1075 4008 consilium
1099 3953 1281 4015 habuit
1303 3971 1424 4010 cum
1449 3972 1530 4020 eo,
1560 3956 1765 4012 dicens:

181 4023 376 4102 Petam
391 4047 592 4109 patrem
617 4058 791 4098 meum
830 4057 1039 4115 agrum,
1065 4052 1113 4099 et
1150 4043 1463 4100 exclamauit
1492 4046 1559 4099 de
1589 4048 1765 4112 asino,

180 4117 318 4200 etc.,
352 4130 442 4184 ubi
472 4145 663 4200 agrum
691 4134 829 4202 petit
860 4149 893 4188 a
934 4143 1112 4206 patre,
1149 4144 1316 4207 atque,
1339 4151 1638 4194 concessus
1655 4147 1762 4196 est.

179 4219 288 4276 Hic
309 4229 490 4276 autem
521 4222 625 4278 :Et
653 4225 850 4294 factum
877 4234 984 4292 est,
1013 4225 1216 4297 inquit,
1243 4243 1362 4284 cum
1396 4228 1767 4298 ingrederetur

176 4311 526 4381 ipse,.monuit
547 4331 662 4368 eam
679 4313 939 4384 Othonicl,
962 4325 1020 4372 ut
1030 4327 1220 4388 peteret
1233 4335 1268 4372 a
1288 4327 1435 4387 patre
1445 4335 1544 4372 suo
1554 4334 1760 4388 agrum.

179 4401 296 4460 Sed
322 4404 377 4460 in
399 4420 464 4461 eo
484 4407 628 4476 quod
645 4407 717 4464 ibi
741 4407 945 4464 dictum
970 4417 1075 4476 est,
1100 4426 1230 4472 cum
1248 4409 1612 4480 ingrederetur,
1625 4410 1759 4479 ipsa,

177 4504 242 4554 et
269 4497 359 4554 hic
383 4496 598 4565 dicitur,
630 4502 1145 4572 cum,.ingrederetur
1169 4503 1299 4574 ipse,
1344 4503 1480 4560 nihil
1538 4511 1756 4562 contra-
1783 4533 1844 4592 Β,

184 4587 334 4643 rium
374 4595 459 4646 est
497 4607 509 4643 :
567 4588 729 4656 simul
754 4591 900 4644 enim
951 4592 1392 4670 ingrediebantur
1417 4594 1582 4652 viam.
1606 4594 1760 4660 Quod

174 4692 314 4735 vero
334 4676 407 4734 ibi
435 4678 642 4734 dictum
667 4687 772 4744 est,
812 4679 1088 4734 consilium
1112 4681 1293 4736 habuit
1321 4698 1442 4736 cum
1461 4699 1542 4748 eo,
1575 4683 1628 4740 id
1651 4691 1759 4749 est,

173 4784 310 4826 cum
335 4769 451 4825 viro
483 4783 604 4834 suo,
625 4758 847 4823 dicens:
879 4768 1065 4824 Petam
1094 4779 1296 4840 patrem
1327 4787 1499 4826 meum
1548 4789 1760 4842 agrum,

172 4871 229 4919 et
311 4861 622 4916 exclamavit
681 4861 745 4917 de
795 4862 944 4916 asino
1020 4870 1073 4917 et
1119 4863 1263 4931 petiit
1286 4878 1325 4918 :v
1377 4862 1436 4918 in
1502 4877 1567 4920 eo
1616 4864 1764 4934 quod

173 4954 373 5010 habuit
395 4953 701 5020 consilium,
732 4954 809 5010 ibi
833 4955 1039 5012 monita
1081 4962 1165 5010 est
1186 4964 1249 5010 ut
1274 4963 1486 5026 peteret
1527 4971 1764 5026 quorum

173 5045 413 5101 alterum
468 5044 544 5102 ibi
594 5045 799 5101 dictum
850 5054 956 5113 est,
1012 5045 1245 5101 alterum
1290 5047 1422 5102 hic:
1470 5056 1761 5118 utrumque

172 5144 366 5190 autem
413 5131 489 5190 ita
534 5133 828 5202 diceretur,
858 5133 927 5188 Et
982 5133 1260 5192 consilium
1293 5135 1474 5190 habuit
1521 5153 1637 5206 cum
1675 5154 1758 5205 eo,

171 5227 360 5282 dicens
384 5223 606 5281 :Petam
631 5235 833 5298 patrem
862 5241 1038 5284 meum
1067 5238 1290 5296 agrum:
1321 5225 1411 5280 ille
1439 5235 1617 5282 autem
1645 5244 1763 5284 mo-

172 5316 302 5372 nuit
327 5329 468 5384 eam,
489 5325 545 5372 et
567 5316 892 5371 exclamavit
915 5315 982 5370 de
1009 5315 1181 5370 asino.
1213 5314 1386 5371 Porro
1408 5322 1588 5372 autem
1617 5318 1762 5387 quod

175 5408 257 5464 ibi
287 5409 477 5478 agrum
509 5407 743 5466 refertur
780 5409 1025 5480 petiisse,
1078 5426 1179 5467 nec
1205 5427 1403 5470 nomen
1439 5412 1612 5482 ipsius
1641 5414 1760 5485 agri

174 5497 412 5553 tacitum
440 5505 557 5566 est;
602 5500 692 5555 hic
739 5515 870 5557 vero
929 5517 1052 5558 cum
1099 5510 1506 5574 agrumpetere
1555 5502 1766 5558 monita.

172 5588 348 5646 fuerit
372 5606 403 5644 a
428 5591 545 5646 viro
565 5608 682 5658 suo,
706 5609 812 5648 non
829 5610 1019 5664 agrum
1041 5595 1264 5664 petiisse
1292 5594 1491 5650 dicitur
1521 5593 1762 5652 clamans

1856 4961 2160 5017 debuisset.

1878 2856 2089 2924 Ρθτνθιὶ
2133 2856 2396 2927 supplic“
2429 2868 2632 2915 alterna
2660 2863 3015 2931 pertimescit.
3070 2863 3141 2917 At
3177 2875 3307 2918 vero
3336 2875 3462 2919 eum

1877 2947 2046 3019 longa.
2071 2951 2324 3006 muneris
2365 2952 2907 3009 anxietudine'fnerit
2931 2953 3164 3010 formido
3200 2959 3460 3010 'eonsum-
3503 2957 3532 2986 “-

1877 3049 1992 3109 pta,
2027 3043 2278 3111 quasdam
2311 3041 2422 3112 jam
2457 3042 2521 3098 de
2544 3045 2965 3114 przesumptione
2990 3045 3162 3100 veniae
3187 3044 3455 3100 securitas
3507 3051 3528 3080 -ῑ

1877 3133 2140 3198 nascitur,
2170 3134 2224 3189 in
2249 3150 2542 3206 amorsque
2561 3131 2867 3192 antestium
2898 3136 3218 3207 gaudiorum
3241 3136 3474 3193 animus
3525 3163 3532 3178 ι

1876 3222 2270 3290 inﬂammatur;
2299 3235 2354 3280 et
2365 3227 2456 3296 qui
2478 3227 2627 3295 prius
2651 3225 2819 3282 ﬂebat
2840 3241 2909 3283 ne
2927 3229 3214 3283 duceretur
3238 3227 3458 3296 ad‘sup-

1871 3314 2114 3385 plicium,
2149 3317 2494 3385 postmodum
2517 3317 2650 3372 ﬂere
2671 3317 3016 3372 amarissime
3077 3318 3286 3388 incipit,
3315 3317 3456 3386 quia
3530 3319 3538 3354 ε

1873 3404 2120 3461 differtur
2164 3421 2196 3460 a
2236 3421 2424 3475 regno.
2473 3406 2885 3478 Contemplatur
2911 3407 3111 3463 etenim
3144 3419 3330 3472 mens,
3361 3401 3458 3476 qui

1871 3495 1979 3549 sint
2012 3496 2090 3549 illi
2147 3497 2462 3566 angelorum
2495 3497 2672 3561 chori,
2707 3511 2830 3565 qua:
2875 3498 3114 3551 societas
3134 3505 3472 3551 sanctorum,
3529 3517 3536 3528 λ

1870 3583 2156 3651 spirituum
2191 3621 2208 3647 ,
2241 3599 2360 3652 quae
2419 3582 2694 3662 maiestas.
2727 3583 2962 3638 internae
2987 3583 3216 3638 visionis
3243 3584 3361 3648 Dei,
3397 3590 3455 3637 et

1870 3672 2100 3740 amplius
2137 3673 2386 3742 plangit,
2435 3673 2563 3741 quia
2605 3689 2636 3726 a
2678 3673 2836 3727 bonis
2882 3673 3224 3742 perennibus
3259 3673 3450 3739 deest,
3521 3681 3528 3706 ί

1869 3777 2030 3832 quam
2051 3763 2226 3832 prius,
2254 3777 2376 3817 cum
2401 3763 2772 3818 mala‘aatema-
2796 3761 3074 3817 metuebat
3101 3778 3116 3827 ;
3141 3760 3448 3831 sicque-tit,

1868 3863 1930 3910 ut
1979 3856 2224 3926 perfecta
2273 3857 2618 3926 compunetio
2676 3854 2981 3912 formidinis
3031 3857 3208 3911 tradat
3261 3855 3446 3910 animo
3521 3859 3542 3892 '-

1867 3951 2216 4020 punctionem
2239 3949 2541 4008 dilectionis
2561 3989 2575 4015 ,
2603 3949 2747 4019 quod
2789 3949 2926 4005 bene
2968 3948 3026 4002 in
3049 3949 3152 4004 hac
3177 3959 3332 4003 sacra
3357 3961 3452 4003 ven
3518 3963 3545 3984 ’-

1869 4041 2097 4111 τθείᾳυε
2111 4041 2334 4096 historia
2359 4041 2588 4110 ﬁgurata
2611 4040 2922 4096 narratione
2941 4037 3290 4094 describitur.
3313 4037 3450 4104 Quia
3510 4049 3543 4086 -μ

1867 4145 2015 4202 ergo,
2046 4140 2106 4188 ut
2127 4132 2519 4199 dixi,duosunt
2543 4133 2975 4203 compunetionis
2996 4131 3386 4203 genera,‘dedlt-
3399 4131 3449 4186 ei
3499 4147 3504 4152 ·
3535 4157 3540 4172 ι

1868 4232 2020 4292 pater
2056 4241 2187 4280 suus
2222 4225 2486 4295 irriguum
2517 4225 2768 4294 superius
2795 4232 2850 4279 et
2894 4224 3160 4293 irriguum
3193 4221 3440 4278 inferius:
3519 4235 3547 4262 α

1866 4316 2132 4387 Irriguum
2159 4318 2358 4388 quippe
2386 4318 2634 4388 superius
2685 4317 2883 4388 accipit
2921 4318 3123 4383 anima,
3170 4331 3298 4371 cum
3321 4329 3444 4372 sese

1850 4408 2124 4480 ,lacrymis
2153 4408 2391 4464 cmlestis
2424 4408 2707 4464 desiderio
2730 4409 2882 4476 regni
2911 4407 3103 4475 atiligit
3133 4423 3147 4471 ;
3181 4407 3443 4475 irriguum
3535 4427 3540 4434 ο

1866 4515 1995 4554 vero
2045 4498 2271 4559 inferius
2308 4498 2538 4569 accipit‘,
2573 4513 2696 4556 cum
2738 4497 2938 4552 inferni
2981 4496 3448 4566 suppliciaiilendo
3532 4489 3544 4532 δέ

1861 4592 2219 4663 pertimescit,
2271 4597 2325 4646 et
2381 4590 2597 4658 quidem
2627 4589 2779 4657 prius
2803 4586 3052 4641 inferius.
3075 4597 3142 4641 ac
3175 4594 3300 4655 post
3325 4586 3448 4640 irri-a
3479 4609 3482 4614 -

1862 4682 2305 4754 guumvsuperius
2346 4681 2524 4745 datur,
2563 4680 2656 4735 sed
2698 4679 2838 4749 quia.
2865 4677 3459 4747 compunetiof'amoris
3541 4710 3546 4714 τ

1861 4771 2121 4843 dignitate
2147 4771 2479 4841 praeminet,
2525 4781 2750 4826 necesse
2773 4768 2876 4826 iuit
2917 4775 2978 4823 ut
2998 4767 3150 4838 prius
3173 4767 3440 4839 irriguum
3506 4785 3510 4794 ί
3541 4795 3546 4802 ~

1863 4867 2132 4938 Superius,
2181 4874 2238 4924 θι
2283 4872 2408 4935 post
2457 4863 2722 4934 irriguum
2761 4860 2989 4919 interius
3025 4859 3462 4918 oornmemorari-
3497 4873 3542 4898 ιι

2464 5046 2813 5105 CAPUTIII.
2905 5075 2932 5090 η
2995 5077 3024 5082 Α-

1866 5179 2018 5246 Quod
2059 5179 2160 5249 lilii
2183 5175 2349 5234 ϐίη(ῑή
2379 5175 2592 5249 cognati
2616 5176 2789 5249 Moysi
2810 5175 3183 5249 descenderunt
3225 5171 3288 5226 de
3316 5170 3438 5225 civi-
3470 5237 3474 5244 _
3503 5235 3508 5240 .

1932 5195 2016 5234 toa
2059 5195 2158 5242 [un
2183 5195 2349 5234 btmt‘t
2379 5195 2584 5249 cognati
2616 5195 2704 5231 MO
2742 5195 2785 5231 δι
2810 5195 3182 5231 aescenaerum
3225 5195 3288 5226 ac
3316 5195 3434 5225 cm-

1932 5259 2038 5304 tate
2063 5247 2373 5326 Palinurum
2395 5265 2511 5326 cum
2535 5247 2659 5316 [iliis
2683 5195 2845 5312 larda,
2868 5257 2916 5300 et
2939 5245 3298 5326 habitaverunt
3313 5253 3434 5326 cum

1933 5322 2027 5387 θίδν
2058 5329 2106 5374 εί
2151 5320 2290 5390 quad
2318 5319 2490 5378 ιῘυάαε
2535 5315 2794 5390 montana
2831 5315 3078 5388 possedit,
3130 5315 3450 5381 Μουσείων

1931 5390 2102 5446 delere
2132 5387 2452 5452 habitatores
2474 5387 2642 5444 vallis.
2693 5459 2696 5463 λ
2730 5437 2732 5440 .
2834 5387 2839 5388 “
2915 5437 2917 5440 1
3091 5425 3094 5430 .
3127 5437 3132 5445 ί
3163 5433 3166 5436 .
3215 5423 3219 5436 η
3259 5419 3264 5422 -
3403 5425 3426 5432 ..

1933 5502 2110 5575 (ΙΒιῐιο)
2140 5499 2269 5554 F
2296 5507 2474 5556 autem
2499 5498 2666 5554 ϐίηφί
2691 5495 2912 5568 cognati
2943 5489 3434 5564 Moy'sidescande-
3523 5507 3526 5510 ’

1862 5604 1984 5650 runt
2010 5595 2073 5649 de
2092 5593 2297 5648 civitate
2318 5590 2628 5646 Palinurum
2655 5604 2773 5642 cum
2787 5586 2912 5655 ﬁliis
2923 5584 2960 5638 1
2963 5584 3076 5638 uda
3097 5586 3155 5638 in
3173 5584 3434 5637 desertum

175 5679 252 5736 de
290 5680 569 5754 subjugali,
596 5683 739 5754 quod
767 5685 840 5739 ibi
869 5686 1069 5742 dictum
1103 5685 1170 5741 de
1211 5685 1399 5752 asino,
1430 5687 1524 5744 sed
1554 5684 1762 5744 redemv
1861 5687 2020 5741 sortis
2058 5686 2194 5754 ejus,
2228 5682 2365 5753 quod
2391 5691 2466 5736 est
2490 5681 2558 5735 ad
2583 5679 2860 5733 meridiem
2879 5677 3054 5742 Aradi,
3091 5686 3144 5730 et
3175 5674 3436 5758 habitaue-
3505 5666 3548 5710 ’θ

173 5763 426 5849 [itionem
447 5792 601 5848 aqua:
633 5777 708 5835 eo
732 5778 875 5850 quod
907 5779 964 5836 in
999 5787 1200 5839 terram
1230 5778 1401 5838 austri
1426 5779 1617 5838 fuisset
1652 5786 1765 5836 tra-

1889 5785 1994 5834 'unt.
2015 5791 2250 5839 tumea.
2286 5773 2456 5832 :Hinc
2491 5770 2838 5840 Josephus..c
2863 5767 3338 5828 Dedmntaum
3377 5767 3534 5823 eq»:-

3077 5967 3154 5991 .-,υ·
3195 5977 3230 5984 ,κς
