3986 6348
174 346 298 408 ιιιν

1115 345 1473 406 COMMENT.
1512 346 1584 403 IN
1621 346 1748 403 UB.
1789 344 2103 404 ιυυιθυιι.
2143 377 2212 388 —-
2249 346 2378 404 LIB.
2415 346 2458 404 Ι.

3283 343 3432 414 1118

233 465 557 542 notauitque
575 462 914 519 Amorrhteus
926 460 1066 532 ﬁlios
1083 462 1203 519 Dan
1229 467 1286 518 in
1306 474 1498 530 monte,
1525 479 1620 518 nec
1641 464 1733 517 de-
1760 477 1813 538 Α
1836 465 2260 534 ιιι-ίθοθθυριιιιιιο
2293 464 2756 520 commemoravit.
2794 461 2944 530 Quid.
2967 471 3056 520 est
3073 466 3221 534 quod
3251 482 3428 542 ange-

169 562 242 619 dit
265 560 341 615 eis
369 557 566 621 locum,
611 564 675 608 ut
717 554 786 609 ad
810 554 1056 624 planiora
1077 556 1466 610 descenderent.
1519 556 1586 610 Et
1610 569 1738 610 con-

167 652 437 712 tribulavit
480 649 834 706 Amorrth
864 647 1004 704 ﬁlios
1026 649 1142 703 Dan
1167 651 1221 702 in
1251 659 1451 715 monte,
1485 650 1742 718 quoniam

167 759 268 802 non
299 741 551 815 permisit
587 755 681 797 eos
707 739 1034 796 descendere
1071 740 1126 794 in
1164 740 1376 795 vallem.
1431 740 1498 794 Et
1539 741 1641 795 hoc
1670 739 1742 794 si-

166 838 388 903 militer,
419 843 512 892 aut
539 836 595 890 in
625 835 766 891 libro
791 834 922 890 Iesu
946 833 1092 888 Nave
1133 833 1562 904 praeoccupando
1593 847 1740 888 com-

165 934 512 987 memoratum
535 934 641 993 est,
682 934 779 982 aut
805 925 896 982 hic
923 925 1348 997 recapitulando.

782 1038 1010 1096 CAPUT
1048 1037 1112 1092 ν.

167 1132 312 1200 Quod
341 1129 559 1204 angelus
596 1131 810 1186 Domini
857 1131 1092 1204 ascendit
1137 1130 1201 1185 de
1233 1127 1422 1204 Galgal
1461 1130 1530 1204 ad
1568 1128 1739 1183 locum

226 1201 481 1274 ﬂentium,
503 1212 552 1257 et
579 1203 865 1274 increpavit
888 1201 1060 1257 Israel
1083 1218 1179 1274 pro
1200 1201 1424 1273 peccatis
1445 1201 1554 1256 suis
1584 1209 1740 1271 atque

226 1273 565 1344 negligentia.

219 1383 374 1456 (Car.
414 1384 499 1456 ιι.)
525 1385 872 1457 Ascenditque
901 1385 1118 1456 angelus
1141 1386 1353 1440 Domini
1385 1386 1450 1440 de
1496 1385 1737 1455 Galgalis

163 1477 230 1532 ad
265 1476 437 1534 locum
465 1479 705 1548 ﬂentium
729 1487 776 1533 et
801 1481 876 1533 ait
916 1479 1140 1533 :Eduxi
1175 1495 1266 1532 vos
1300 1479 1362 1532 de
1402 1478 1474 1531 1E
1483 1489 1664 1550 gypto,
1689 1487 1736 1533 et

156 1569 422 1625 introducti
447 1569 506 1623 in
530 1578 748 1636 terram,
793 1587 888 1641 pro
918 1588 1021 1642 qua
1050 1571 1233 1642 juravi
1268 1571 1504 1641 patribus
1532 1571 1736 1636 vestris,

155 1667 202 1715 et
255 1660 521 1730 pollicitus
564 1678 700 1727 sum,
755 1672 810 1716 ut
861 1680 965 1717 non
1007 1663 1231 1731 facerem
1282 1663 1495 1716 irritum
1525 1671 1736 1730 pactum

153 1763 322 1804 meum
339 1751 605 1806 uobiscum
632 1753 688 1805 in
714 1753 1122 1822 sempiternum;
1148 1755 1222 1807 ita
1247 1753 1534 1817 duntaxat,
1550 1761 1607 1806 ut
1633 1769 1737 1807 non

1845 557 1927 611 lus
1957 556 2169 610 Domini
2198 557 2338 611 inter
2366 565 2562 613 caetera
2589 557 2789 612 divinae
2815 558 3253 617 comminatiouis
3273 562 3427 634 dicit,

1845 645 2192 711 Quamobrem
2223 645 2368 700 nolui
2395 647 2568 702 delere
2589 663 2675 702 eos
2699 666 2730 701 a
2756 645 2892 716 facie
2920 658 3112 716 uestra,
3142 661 3200 705 ut
3235 652 3432 711 nabat-

1840 737 1907 790 tis
1943 736 2134 803 hostes,
2175 744 2224 790 et
2267 736 2342 790 dii
2383 753 2564 792 eorum
2607 738 2712 792 siut
2763 738 2904 794 vobis
2937 740 2998 795 in
3019 742 3276 810 ruinam;
3317 743 3432 804 nisi

1842 838 1902 883 ut
1952 829 2314 900 intelligamus
2364 829 2619 884 nonnulla
2665 831 2830 886 etiam
2869 831 2935 887 de
2981 832 3064 887 ira
3107 833 3205 890 Dei
3239 835 3427 894 venire

1839 923 2097 991 pecata?
2129 922 2198 978 Ut
2223 923 2370 976 enim
2397 922 2472 977 dii
2515 923 2774 994 gentium,
2811 925 2954 980 inter
2978 940 3116 994 quas
3153 943 3262 984 non
3287 943 3322 982 a
3345 943 3410 986 se

1837 1016 2226 1071 exterminatus
2261 1015 2518 1071 Israelita:
2564 1016 2813 1072 habitare
2865 1017 3174 1086 voluerunt,
3235 1031 3424 1078 essent

1841 1109 1896 1162 in
1927 1110 2006 1163 eis
2033 1109 2369 1175 scandalum,
2414 1109 2468 1164 id
2499 1118 2602 1175 est,
2654 1108 2900 1165 facerent
2928 1126 3024 1166 eos
3051 1114 3438 1174 scandalizare

1841 1200 1897 1254 in
1921 1200 2154 1255 Domino
2178 1200 2287 1255 Deo
2317 1215 2439 1266 suo,
2479 1214 2652 1270 eoque
2670 1198 2878 1256 offenso
2898 1201 3104 1270 vivere,
3137 1204 3429 1278 indignans.

1841 1293 1944 1348 hoc
1960 1292 2320 1346 comminatus
2341 1301 2425 1348 est
2446 1291 2611 1359 Deus,
2631 1292 2778 1362 quod
2797 1300 2949 1349 certe
2974 1293 3325 1353 manifestum
3339 1303 3428 1356 est

1841 1399 2098 1454 magnum
2125 1398 2248 1440 esse
2285 1395 2594 1456 peccatum.

2463 1496 2694 1554 CAPUT
2732 1495 2821 1552 VI.

1843 1609 1994 1676 Quod
2049 1609 2211 1665 Iosue
2254 1611 2502 1681 populant
2556 1611 2754 1665 dimisit
2803 1613 2859 1664 in
2913 1625 3036 1681 suas
3080 1609 3426 1681 possessiones

1910 1681 2003 1744 ire,
2049 1679 2436 1752 servieruntque
2493 1681 2753 1743 Domino,
2823 1679 3254 1752 cunctisdiebus
3310 1680 3425 1751 ejus

1911 1761 1958 1805 et
2010 1752 2274 1805 seniorum
2313 1754 2403 1822 qui
2445 1753 2600 1823 longo
2653 1761 2767 1821 post
2828 1767 2946 1806 eum
2993 1751 3235 1806 uixerunt
3296 1761 3428 1806 tent-

155 1838 379 1908 feriretis
408 1842 576 1912 fmdus
595 1861 712 1897 cum
744 1845 1128 1900 habitatoribus
1153 1856 1306 1900 terra:
1332 1846 1514 1916 hujus,
1539 1855 1587 1900 et
1614 1863 1736 1900 aras
1767 1853 1814 1913 Β
1913 1839 2056 1891 Pam

149 1946 329 1988 eorum
343 1935 740 2002 subvertentis;
771 1947 817 1991 et
845 1937 1086 1993 noluistis
1107 1939 1294 1994 audire
1321 1956 1494 1995 vocem
1520 1956 1687 1994 meam
1711 1958 1729 2006 ;

147 2037 242 2077 cur
285 2026 387 2080 hoc
417 2026 651 2095 fecistis?
691 2028 1041 2094 Quamobrem
1061 2031 1206 2084 nolui
1233 2030 1402 2085 delere
1427 2047 1513 2086 eos
1541 2048 1572 2083 a
1601 2031 1736 2100 facie

139 2123 338 2182 uestra,
367 2124 428 2170 ut
467 2118 704 2173 habeatis
750 2121 939 2186 hostes,
986 2130 1033 2175 et
1061 2122 1135 2175 dii
1174 2139 1352 2176 eorum
1384 2123 1486 2175 sint
1511 2122 1651 2175 vobis
1680 2122 1735 2174 in

142 2205 377 2260 ruinam.
401 2206 522 2262 Alia
555 2217 737 2263 autem
749 2211 928 2267 editio
950 2212 1030 2266 sic
1050 2213 1215 2266 habet
1246 2231 1260 2266 :
1287 2212 1355 2265 Et
1377 2211 1608 2265 ascendit
1633 2229 1732 2265 an-

142 2294 285 2365 gelus
307 2295 526 2352 Domini
540 2316 694 2368 super
718 2300 1022 2356 Clam/imos
1046 2312 1292 2356 montem.
1332 2302 1579 2372 Scriptor
1608 2305 1734 2359 libri

144 2389 246 2443 hoc
271 2390 494 2446 nomine
525 2392 811 2462 appellavit
837 2393 1039 2460 locum,
1091 2397 1220 2465 quia
1258 2404 1442 2466 postea
1469 2398 1728 2467 scripsit;

144 2494 268 2534 nam
301 2483 519 2552 quando
574 2483 796 2555 angelus
844 2487 1056 2540 Domini
1101 2503 1265 2557 super
1312 2504 1434 2542 cum
1467 2489 1731 2554 ascendit,

143 2570 386 2628 nondum
412 2572 492 2629 sic
519 2575 911 2644 appellabatur.
947 2577 989 2631 A
1031 2577 1335 2648 ploratione
1389 2579 1586 2650 quippe
1639 2595 1737 2634 no-

141 2677 263 2718 tuen
316 2666 550 2736 accepit,
593 2668 720 2737 quia
751 2667 938 2724 Graece
983 2667 1293 2724 Clautlnnos
1320 2671 1553 2740 ploratio
1593 2670 1734 2726 dici-

138 2761 259 2822 tur;
298 2755 379 2812 ibi
429 2757 574 2812 enim
627 2759 860 2828 populus
899 2759 1066 2825 ﬂevit,
1103 2776 1227 2815 cum
1269 2762 1507 2816 audisset
1542 2763 1611 2818 ab
1633 2763 1737 2817 hoc

140 2846 327 2920 angelo
374 2847 543 2904 verba
574 2849 788 2906 Domini
825 2851 1151 2907 vindicantis
1182 2853 1237 2906 in
1283 2870 1404 2921 eos,
1461 2855 1605 2924 quod
1657 2855 1736 2908 in-

137 2939 455 2996 obedientes
481 2941 741 3009 fuissent,
765 2945 891 3014 quia
915 2961 1021 3000 non
1051 2948 1548 3001 exterminaverunt
1569 2962 1736 3017 popu-

143 3028 221 3087 los
247 3032 552 3088 secundum
584 3044 913 3106 pne-ceptum
944 3035 1080 3104 ejus,
1100 3038 1294 3106 quibus
1313 3038 1731 3109 praevaluerunt,

139 3123 405 3197 eligentes
432 3140 525 3183 eos
550 3127 730 3184 facere
761 3129 1099 3195 tributarios,
1143 3146 1304 3200 quam
1334 3132 1648 3188 interimere
1677 3139 1734 3186 et

1909 1933 2089 2006 (Ιιιω.)
2136 1935 2342 1988 Dimisit
2391 1951 2514 2007 ergo
2570 1935 2734 1990 Iosue
2779 1934 3052 2006 populum,
3095 1942 3149 1990 st
3184 1934 3427 1989 abierunt

1839 2024 1939 2092 ﬁlii
1975 2023 2163 2089 Israel,
2205 2026 2558 2096 unusquisque
2610 2027 2668 2079 in
2715 2028 3090 2096 possessionem
3139 2039 3312 2092 suam,
3367 2030 3426 2077 ut

1839 2115 2126 2170 obtinerent
2185 2133 2324 2170 eam.
2379 2115 2494 2172 Hoc
2537 2131 2636 2187 per
2691 2116 3190 2188 recapitulationem
3241 2111 3427 2170 iterari

1839 2206 1986 2259 nulla
2036 2207 2300 2261 dubitatio
2327 2216 2432 2263 est.
2466 2207 2598 2264 Nam
2650 2217 2708 2263 et
2740 2223 2890 2264 mors
2915 2210 3086 2280 ipsius
3113 2206 3243 2264 Iesu
3274 2207 3427 2262 Nave

1839 2298 2004 2351 etiam
2043 2313 2098 2350 ιιι
2133 2299 2238 2354 hoc
2261 2299 2398 2354 libro
2444 2309 2923 2364 commemoratur,
2975 2309 3036 2355 ut
3075 2307 3336 2369 tanquam
3359 2296 3428 2354 ab

1838 2390 2062 2446 exordio
2111 2400 2307 2446 cuncta
2347 2392 2588 2448 breviter
2641 2394 3072 2459 insinuat-eatur,
3113 2407 3180 2448 ex
3212 2406 3319 2463 quo
3342 2390 3428 2446 eis

1838 2484 2098 2539 Dominus
2125 2484 2276 2539 dedit
2317 2494 2545 2551 terram,
2595 2495 2653 2540 et
2681 2486 3136 2550 quemadmodum
3172 2485 3273 2538 sub
3293 2483 3427 2553 ipsis

1835 2576 2103 2646 iudicibus
2133 2577 2404 2642 vixerunt,
2455 2592 2575 2646 quae
2617 2578 2730 2648 jam
2778 2577 3022 2648 perpessi
3051 2584 3216 2641 sunt;
3261 2582 3426 2644 atque

1839 2668 2036 2722 iterum
2066 2669 2274 2722 reditur
2318 2668 2386 2722 ad
2437 2667 2940 2737 ipsorumjudicum
2963 2667 3233 2732 ordinem,
3271 2666 3428 2721 abeo

1840 2759 1930 2828 qui
1959 2759 2167 2829 primus
2189 2766 2275 2815 est
2300 2759 2650 2814 constitutus.

1913 2853 2318 2921 Servieruntque
2349 2851 2576 2905 Domino
2615 2859 2813 2907 cunctis
2851 2851 3035 2905 diebus
3061 2850 3200 2920 ejus,
3244 2855 3295 2902 et
3338 2838 3424 2903 se-

1840 2943 2046 2996 nierum
2059 2943 2150 3013 qui
2165 2941 2316 3012 longe
2330 2951 2442 3013 post
2456 2958 2574 2995 eunt
2586 2944 2828 2996 uixerunt
2849 2950 3098 3011 tempore,
3111 2948 3160 2994 et
3173 2945 3425 2993 nouerunt

1839 3037 2016 3088 omnia
2041 3051 2199 3105 opera
2226 3035 2439 3089 Domini
2471 3052 2589 3100 qum
2614 3035 2806 3103 fecerat
2829 3043 2946 3087 eum
2971 3032 3162 3087 Israel.
3187 3030 3427 3088 Senlet

1840 3139 1969 3196 ergo
1996 3126 2226 3196 populus
2273 3126 2502 3181 Domino
2531 3127 2782 3182 omnibus
2803 3126 2997 3180 diebus
3035 3122 3187 3189 ἔθευ,
3219 3129 3274 3177 et
3301 3135 3418 3178 om-

135 3216 392 3286 perdere,
447 3219 900 3287 quemadmodum
946 3219 1189 3290 iusserat
1240 3222 1520 3277 Dominus.
1575 3222 1731 3290 Quod
1755 3213 1805 3279 C
1835 3221 1994 3275 nibus
2021 3221 2212 3276 diebus
2235 3222 2509 3277 seniorum
2543 3223 2637 3290 qui
2658 3222 2877 3276 fuerant
2903 3229 3026 3290 post
3051 3218 3255 3275 lesum.
3289 3218 3423 3274 Bea-

131 3305 244 3363 sive
272 3315 594 3380 contempto
626 3310 723 3365 Dei
755 3312 1054 3378 mandato,
1086 3313 1202 3369 sive
1242 3314 1439 3368 timore
1463 3313 1718 3378 fecerint,

132 3413 202 3454 ne
228 3399 420 3457 hostes
443 3401 730 3457 adversum
758 3419 816 3457 se
842 3405 1022 3460 acrius
1044 3422 1286 3476 pugnare
1304 3422 1403 3476 pro
1431 3406 1608 3462 salute
1633 3405 1725 3459 ob-

131 3489 379 3558 tinenda,
413 3505 576 3560 quam
599 3507 699 3561 pro
733 3494 940 3548 tributo
960 3511 1069 3548 non
1096 3496 1273 3550 dando
1301 3509 1580 3566 cogerem,
1611 3498 1728 3554 sine

133 3582 298 3640 dubio
322 3594 708 3654 peccaverunt,
739 3594 795 3640 et
840 3587 1146 3656 spernendo
1176 3588 1318 3657 quod
1347 3588 1607 3644 divinitus
1635 3591 1729 3644 im-

128 3683 384 3744 peratum
426 3683 534 3742 est,
577 3684 634 3731 et
677 3692 782 3732 non
825 3679 1201 3746 prmsumeudo
1230 3681 1377 3748 quod
1401 3696 1496 3736 eos
1516 3689 1724 3750 posset,

129 3765 218 3835 qni
242 3765 628 3836 imperaverat,
658 3767 933 3837 adjuvare.
960 3768 1113 3835 Quod
1141 3769 1261 3826 ideo
1291 3785 1388 3839 per
1414 3770 1603 3827 iesum
1634 3787 1730 3827 no-

127 3850 229 3910 luit
250 3856 338 3910 eis
366 3856 574 3923 dicere,
619 3857 665 3912 si
691 3866 873 3913 tamen
907 3874 972 3914 eo
1013 3861 1187 3916 adhuc
1209 3861 1428 3918 vivente
1445 3861 1561 3931 jam
1601 3862 1725 3918 ﬁeri

121 3953 494 4016 praeceperat,
554 3953 612 4000 et
659 3959 766 4002 non
803 3948 982 4016 potius
1019 3952 1452 4021 praeoccupando
1480 3967 1722 4008 comme-

121 4044 410 4091 moratum
453 4033 652 4100 fuerat,
687 4039 834 4107 quod
859 4039 951 4094 illo
979 4049 1196 4095 mortuo
1223 4041 1342 4096 fieri
1370 4043 1557 4114 cmpit,
1595 4045 1724 4114 quia

119 4123 227 4180 hoc
273 4123 538 4180 omnibus
564 4126 736 4181 voluit
760 4129 1092 4199 exprobrare
1127 4145 1228 4200 per
1257 4132 1504 4202 angelum
1537 4150 1549 4186 :
1582 4149 1722 4188 non-

115 4215 254 4272 dum
303 4224 494 4272 autem
521 4232 714 4275 omnes
751 4220 806 4275 id
843 4220 1117 4288 fecerant,
1153 4223 1376 4279 vivente
1416 4224 1577 4292 Jesu,
1618 4227 1722 4281 etsi

118 4307 295 4378 aliqui
342 4307 488 4365 forte
527 4307 642 4378 jam
697 4321 994 4382 coeperant.
1045 4315 1370 4371 Credibilius
1407 4323 1492 4372 est
1539 4325 1721 4373 tamen

117 4398 257 4454 nihil
287 4399 401 4455 tale
419 4399 539 4456 fieri
561 4410 798 4470 coeptum
818 4405 1032 4461 vivente
1053 4405 1181 4461 Jesu
1205 4406 1374 4474 Nave,
1401 4416 1720 4478 tantumque

117 4494 402 4546 terrarum
438 4490 541 4546 sub
569 4492 662 4547 illo
699 4497 939 4552 tenuisse
955 4497 1094 4553 ﬁlios
1121 4499 1309 4565 Israel,
1346 4512 1608 4570 quantum
1638 4503 1718 4558 eis

1835 3319 1923 3367 tus
1950 3319 2034 3367 est
2057 3312 2150 3381 qui
2181 3313 2234 3367 in
2271 3313 2460 3368 diebus
2487 3311 2613 3368 Iesu
2641 3315 2808 3368 servit
2834 3313 3096 3376 Domino,
3133 3311 3228 3381 qui
3248 3310 3418 3365 verbo

1831 3412 1887 3461 et
1911 3405 2177 3476 sapientia
2197 3404 2312 3475 ejus
2339 3406 2693 3471 illuminatur,
2729 3404 2821 3475 qui
2848 3402 3136 3473 prmceptis
3167 3400 3284 3471 eius
3305 3400 3426 3456 illu-

1831 3504 2056 3563 stratur,
2098 3497 2186 3567 qui
2219 3513 2284 3550 ex
2311 3498 2556 3551 doctrina
2581 3497 2698 3564 ejus
2725 3495 2923 3564 accipit
2952 3494 3132 3548 lumen
3151 3492 3418 3548 scientia.

1832 3587 2084 3643 Secundo
2131 3597 2310 3643 tamen
2355 3589 2475 3642 loco
2521 3597 2576 3642 et
2615 3587 2703 3641 ille
2745 3593 2870 3656 post
2905 3587 3052 3639 hunc
3082 3591 3167 3640 est
3201 3587 3416 3652 beatus,

1829 3681 1924 3751 qui
1977 3680 2028 3734 in
2076 3681 2265 3735 diebus
2310 3680 2586 3736 seniorum
2637 3679 2728 3747 qui
2773 3677 2991 3731 fuerunt
3023 3683 3147 3746 post
3196 3673 3417 3741 Iesum,

1831 3775 1999 3831 servit
2030 3773 2277 3829 Domino.
2311 3773 2590 3838 Scniores,
2631 3771 2715 3826 vel
2752 3771 2990 3840 quicum
3017 3766 3145 3824 ἔθευ
3191 3768 3275 3823 vel
3295 3773 3423 3838 post

1829 3865 2010 3922 Jcsum
2060 3866 2301 3932 fuerunt,
2355 3867 2446 3936 qui
2479 3872 2606 3920 sunt
2649 3863 2762 3930 alii,
2805 3863 2908 3917 nisi
2951 3860 3200 3932 apostoli,
3225 3860 3318 3930 qui
3363 3865 3419 3914 et

1831 3959 1931 4029 ipsi
1961 3960 2176 4030 scriptis
2207 3967 2262 4014 ct
2283 3958 2571 4029 przcceptis
2623 3957 2736 4012 suis
2775 3956 3081 4010 illuminant
3123 3953 3287 4010 corda
3327 3967 3421 4008 no-

1830 4057 1964 4115 stra,
1995 4056 2049 4103 et
2078 4049 2284 4104 faciunt
2311 4049 2477 4103 etiam
2512 4047 2612 4118 ipsi
2643 4047 2760 4103 dies
2798 4046 3062 4117 quosdam
3085 4045 3138 4099 in
3172 4044 3329 4100 nobis
3351 4035 3418 4098 ex

1827 4140 1917 4195 illa
1940 4141 2079 4207 lucc,
2104 4156 2265 4212 quam
2306 4141 2406 4210 ipsi
2436 4157 2502 4194 ex
2531 4155 2662 4195 vera
2688 4140 2808 4194 luce
2830 4137 3138 4208 participati
3173 4143 3301 4192 sunt
3323 4148 3418 4189 ve-

1828 4232 2057 4287 nientes.
2089 4233 2190 4298 Qui
2219 4247 2347 4302 ergo
2388 4231 2723 4286 illuminatur
2760 4239 2816 4284 et
2853 4229 3144 4284 instruitur
3169 4243 3236 4282 ex
3278 4239 3409 4295 apo-

1827 4323 2085 4377 stolorum
2112 4323 2416 4393 praeceptis,
2449 4331 2503 4378 et
2541 4323 2608 4377 ad
2639 4321 2920 4378 servitium
2954 4319 3168 4376 Domini
3194 4328 3416 4388 aposto-

1825 4415 1943 4470 licis
1975 4415 2172 4486 regulis
2205 4415 2491 4470 instruitur
2533 4415 2616 4470 vel
2649 4415 2987 4475 instituitur,
3040 4412 3142 4464 iste
3188 4417 3272 4464 cst
3322 4407 3416 4479 qui

1826 4507 2032 4562 servire
2057 4507 2254 4561 dicitur
2281 4507 2511 4561 Domino
2547 4507 2603 4565 in
2628 4504 2820 4558 diebus
2846 4501 3122 4557 seniorum
3171 4498 3265 4568 qui
3304 4496 3417 4554 fue-

115 4582 190 4637 Μ
216 4581 628 4638 considendum
647 4583 941 4650 sufﬁceret,
971 4590 1220 4656 quamvis
1242 4562 1302 4644 in:
1325 4562 1569 4647 sortibus
1603 4594 1720 4648 suis
1746 4562 1800 4623 Β
1826 4604 1954 4651 runt
1991 4605 2112 4665 post
2137 4597 2342 4652 desum.
2388 4596 2483 4650 Vis
2523 4603 2703 4648 autem
2730 4595 2936 4657 videre,
2977 4591 3105 4661 quia
3131 4590 3270 4645 sicut
3298 4590 3416 4646 Sal-

117 4668 398 4727 baboreut
437 4672 580 4728 unde
625 4674 924 4728 crescendo
963 4684 1019 4731 et
1055 4679 1489 4735 convalescendo
1543 4683 1719 4738 adhuc

1823 4695 1982 4741 vatur
2043 4694 2152 4740 erat
2186 4686 2281 4739 lux
2299 4701 2441 4750 vera,
2479 4701 2596 4756 qua:
2623 4683 2888 4738 illuminat
2916 4699 3118 4737 omnem
3150 4683 3412 4737 hominem

117 4763 475 4821 adversarios
531 4766 984 4822 exterminarent.
1026 4767 1258 4826 Proinde
1310 4781 1432 4840 post
1485 4782 1718 4829 mortem
1817 4780 2106 4833 venientem
2135 4779 2192 4830 in
2230 4778 2365 4831 hunc
2395 4777 2650 4830 mundum
2675 4775 2860 4848 (Joan.
2897 4773 2962 4846 ι),
2999 4776 3074 4830 ita
3098 4785 3156 4831 et
3181 4774 3412 4847 apostoli

118 4850 268 4922 Iesu,
311 4861 677 4925 posteaquam
729 4859 1129 4927 praevaluerunt
1159 4869 1216 4915 ut
1253 4863 1356 4918 hoc
1383 4873 1608 4934 possent
1638 4866 1719 4920 fa-

117 4960 261 5017 cere,
309 4947 628 5006 maluerunt
675 4966 768 5008 eos
815 4954 1019 5010 habere
1069 4958 1388 5017 tributarios
1420 4963 1717 5018 secundum

114 5040 468 5099 voluntatem
513 5055 691 5110 suam,
723 5059 888 5114 quam
929 5047 1244 5106 interimere
1285 5059 1340 5108 et
1370 5054 1597 5124 perdere
1637 5069 1720 5110 sc—

115 5137 366 5192 cundum
399 5134 737 5193 voluntatem
787 5139 923 5207 Del;
969 5150 1194 5212 propter
1221 5146 1325 5200 hoc
1371 5147 1439 5201 ad
1471 5163 1566 5204 eos
1601 5162 1721 5203 cor-

115 5225 407 5297 ripiendos
438 5228 662 5300 angelus
691 5231 890 5286 missus
920 5241 1024 5288 cst.
1069 5232 1221 5301 Quod
1241 5250 1370 5291 vero
1397 5252 1720 5296 commemo-

117 5328 303 5376 ratum
330 5328 424 5375 cst
449 5321 506 5376 in
526 5321 664 5378 libro
689 5320 822 5379 Jesu
849 5325 1015 5394 Nave,
1057 5329 1231 5398 magis
1284 5330 1536 5387 existimo
1586 5349 1718 5402 prte-

116 5411 446 5482 occupando
473 5424 977 5484 commemoratum,
1001 5419 1143 5488 quod
1164 5429 1288 5490 post
1316 5420 1432 5491 ejus
1461 5431 1712 5494 mortem,

119 5511 176 5560 et
199 5505 460 5561 futurum
484 5520 603 5563 esse
627 5507 741 5577 jam
768 5510 882 5582 ipse
908 5519 1132 5567 noverat
1163 5515 1482 5586 prophetico
1500 5517 1713 5589 spiritu,

119 5595 166 5651 si
195 5597 268 5653 ab
297 5597 400 5653 illo
423 5596 562 5654 liber
610 5603 950 5673 conscriptus
980 5612 1082 5672 est,
1131 5607 1221 5675 qui
1261 5605 1562 5678 appellatur
1589 5607 1715 5666 Jesu

117 5683 272 5745 Nave
303 5705 318 5754 ;
366 5695 426 5744 et
469 5688 516 5744 si
544 5689 613 5745 ab
649 5689 755 5746 alio
785 5695 1025 5764 scriptus
1056 5705 1162 5762 est,
1203 5696 1321 5767 jam
1359 5699 1562 5755 factum
1596 5717 1717 5758 esse

119 5780 334 5842 Sciebat
379 5790 506 5856 post
545 5792 777 5842 mortem
824 5783 948 5845 ἔθευ
989 5788 1138 5858 Nave
1185 5791 1332 5866 quod
1361 5792 1417 5850 in
1463 5793 1554 5852 illo
1577 5796 1714 5854 libro

1822 4868 1916 4925 lux
1943 4876 2098 4924 erant
2127 4869 2331 4923 mundi.
2362 4867 2420 4922 In
2449 4866 2741 4938 Evangelio
2768 4867 3032 4937 scriptum
3067 4875 3172 4933 est,
3201 4867 3414 4924 dicente

1823 4963 2051 5019 Domino
2098 4963 2166 5018 ad
2211 4977 2306 5019 eos
2333 4981 2346 5016 :
2377 4961 2483 5016 Vos
2527 4964 2649 5016 estis
2687 4962 2779 5016 tua:
2835 4962 3020 5017 mundi
3069 4961 3285 5036 (Matth.
3327 4959 3406 5032 v).

1822 5055 1978 5124 Quod
2024 5057 2069 5111 si
2111 5056 2276 5111 etiam
2325 5054 2556 5126 προδιοιὶ
2587 5063 2711 5112 sunt
2748 5055 2839 5110 lux
2871 5055 3076 5122 mundi,
3107 5055 3223 5111 sine
3246 5053 3409 5110 dubio

1817 5163 1920 5219 per
1959 5157 2226 5219 praecepta
2256 5156 2311 5204 et
2341 5150 2596 5206 mandata
2629 5164 2726 5205 sua
2748 5149 3054 5205 illuminant
3081 5143 3236 5203 nobis
3265 5143 3401 5213 dies,

1821 5241 1878 5294 in
1906 5241 2101 5309 quibus
2147 5240 2376 5297 Domino
2428 5242 2750 5297 serviamus.
2806 5240 2961 5309 Quod
2991 5243 3188 5294 "autem
3217 5236 3353 5292 dixit
3387 5254 3400 5291 :

1825 5331 2078 5390 Omnibus
2102 5334 2282 5390 diebus
2330 5335 2594 5390 seniorum
2632 5337 2721 5408 qui
2748 5335 3021 5404 longorum
3062 5331 3265 5385 dierum
3290 5328 3405 5400 fue-

1822 5434 1943 5478 runt
1983 5431 2100 5496 post
2132 5423 2338 5492 Iesum,
2389 5441 2487 5481 nec
2508 5427 2611 5482 hoc
2635 5426 2767 5481 mihi
2793 5424 2965 5479 otiose
3015 5421 3218 5476 dictum
3254 5420 3404 5477 vide-

1826 5523 1929 5582 tur,
1963 5518 2106 5586 quod
2128 5515 2347 5587 longcevi
2371 5517 2452 5573 vel
2479 5517 2752 5587 longorum
2780 5515 2984 5568 dierum
3006 5509 3262 5568 dicuntur
3280 5517 3404 5567 esse

1823 5609 2087 5674 seniores,
2129 5609 2222 5678 qui
2262 5617 2384 5680 post
2433 5607 2615 5664 Jesum
2660 5605 2900 5670 fuerunt,
2955 5611 3012 5658 et
3057 5602 3275 5674 quidem
3304 5599 3401 5657 Del

1823 5712 1904 5760 est
1934 5703 2100 5758 solius
2133 5717 2292 5758 nosse
2319 5713 2443 5775 post
2470 5703 2678 5769 Jcsum,
2729 5699 2820 5770 qui
2852 5697 3016 5755 fuerit
3053 5698 3197 5752 inter
3221 5695 3402 5753 senio-

1823 5807 1930 5864 res,
1964 5794 2057 5869 qui
2081 5793 2382 5867 longiorem
2403 5793 2550 5854 diem
2569 5791 2781 5865 fecerit,
2803 5792 2858 5853 id
2886 5798 2993 5865 θεῖ,
3019 5788 3113 5866 qui
3133 5785 3411 5884 tum.
