  <div class='ocr_page' id='page_1' title='image "/cluster/home/n/w/nwhite01/storage/ocr_20150623/108/hvd.32044015466840/568.png"; bbox 0 0 3986 6348; ppageno 0'>
   <div class='ocr_carea' id='block_1_1' title="bbox 130 346 242 406">
    <p class='ocr_par' dir='ltr' id='par_1_1' title="bbox 130 346 242 406">
     <span class='ocr_line' id='line_1_1' title="bbox 130 346 242 406; baseline -0.036 0"><span class='ocrx_word' id='word_1_1' title='bbox 130 346 242 406; x_wconf 59' lang='lat' dir='ltr'><strong>HQ!</strong></span> 
     </span>
    </p>
   </div>
   <div class='ocr_carea' id='block_1_2' title="bbox 1049 335 2375 396">
    <p class='ocr_par' dir='ltr' id='par_1_2' title="bbox 1049 335 2375 396">
     <span class='ocr_line' id='line_1_2' title="bbox 1049 335 2375 396; baseline 0.004 -6"><span class='ocrx_word' id='word_1_2' title='bbox 1049 335 1396 394; x_wconf 79' lang='lat' dir='ltr'><strong>COMMENT.</strong></span> <span class='ocrx_word' id='word_1_3' title='bbox 1438 335 1504 391; x_wconf 71' lang='grc' dir='ltr'><strong>ΙΝ</strong></span> <span class='ocrx_word' id='word_1_4' title='bbox 1544 335 1671 390; x_wconf 88' lang='lat' dir='ltr'><strong>LIB.</strong></span> <span class='ocrx_word' id='word_1_5' title='bbox 1712 335 2026 394; x_wconf 79' lang='lat' dir='ltr'><strong>JUDICUM.</strong></span> <span class='ocrx_word' id='word_1_6' title='bbox 2066 367 2135 380; x_wconf 89' lang='lat'><strong>——</strong></span> <span class='ocrx_word' id='word_1_7' title='bbox 2172 337 2300 394; x_wconf 84' lang='lat' dir='ltr'><strong>LIB.</strong></span> <span class='ocrx_word' id='word_1_8' title='bbox 2337 339 2375 396; x_wconf 88' lang='grc' dir='ltr'><strong>Ι.</strong></span> 
     </span>
    </p>
   </div>
   <div class='ocr_carea' id='block_1_3' title="bbox 3217 347 3383 413">
    <p class='ocr_par' dir='ltr' id='par_1_3' title="bbox 3217 347 3383 413">
     <span class='ocr_line' id='line_1_3' title="bbox 3217 347 3383 413; baseline 0.024 -12"><span class='ocrx_word' id='word_1_9' title='bbox 3217 347 3244 401; x_wconf 74' lang='grc'><strong>1</strong></span> <span class='ocrx_word' id='word_1_10' title='bbox 3256 349 3383 413; x_wconf 63' lang='grc' dir='ltr'><strong>ης,</strong></span> 
     </span>
    </p>
   </div>
   <div class='ocr_carea' id='block_1_4' title="bbox 125 449 3352 528">
    <p class='ocr_par' dir='ltr' id='par_1_4' title="bbox 125 449 3352 528">
     <span class='ocr_line' id='line_1_4' title="bbox 125 449 3352 528; baseline 0.001 -10"><span class='ocrx_word' id='word_1_11' title='bbox 125 458 396 521; x_wconf 72' lang='lat' dir='ltr'><strong>extollet-is,</strong></span> <span class='ocrx_word' id='word_1_12' title='bbox 426 455 469 511; x_wconf 90' lang='lat' dir='ltr'><strong>si</strong></span> <span class='ocrx_word' id='word_1_13' title='bbox 499 451 819 509; x_wconf 71' lang='lat' dir='ltr'><strong>crudelitate</strong></span> <span class='ocrx_word' id='word_1_14' title='bbox 844 452 1127 524; x_wconf 85' lang='lat' dir='ltr'><strong>grassaris,</strong></span> <span class='ocrx_word' id='word_1_15' title='bbox 1162 449 1404 520; x_wconf 84' lang='lat' dir='ltr'><strong>nunquid</strong></span> <span class='ocrx_word' id='word_1_16' title='bbox 1433 458 1586 518; x_wconf 88' lang='lat' dir='ltr'><strong>potes</strong></span> <span class='ocrx_word' id='word_1_17' title='bbox 1622 465 1678 503; x_wconf 83' lang='grc' dir='ltr'><strong>ιιι</strong></span> <span class='ocrx_word' id='word_1_18' title='bbox 1702 457 1757 514; x_wconf 82' lang='grc' dir='ltr'><strong>Α</strong></span> <span class='ocrx_word' id='word_1_19' title='bbox 1783 451 2027 506; x_wconf 81' lang='lat' dir='ltr'><strong>iecerunt</strong></span> <span class='ocrx_word' id='word_1_20' title='bbox 2048 459 2140 522; x_wconf 84' lang='lat' dir='ltr'><strong>qui</strong></span> <span class='ocrx_word' id='word_1_21' title='bbox 2166 455 2447 510; x_wconf 89' lang='lat' dir='ltr'><strong>coluerunt</strong></span> <span class='ocrx_word' id='word_1_22' title='bbox 2468 453 2695 522; x_wconf 86' lang='lat' dir='ltr'><strong>Baalim,</strong></span> <span class='ocrx_word' id='word_1_23' title='bbox 2726 462 2782 510; x_wconf 91' lang='lat' dir='ltr'><strong>et</strong></span> <span class='ocrx_word' id='word_1_24' title='bbox 2824 455 3156 528; x_wconf 86' lang='lat' dir='ltr'><strong>reliquerunt</strong></span> <span class='ocrx_word' id='word_1_25' title='bbox 3176 461 3352 522; x_wconf 78' lang='lat' dir='ltr'><strong>Deum</strong></span> 
     </span>
    </p>
   </div>
   <div class='ocr_carea' id='block_1_5' title="bbox 123 537 1675 614">
    <p class='ocr_par' dir='ltr' id='par_1_5' title="bbox 123 537 1675 614">
     <span class='ocr_line' id='line_1_5' title="bbox 123 537 1675 614; baseline -0.013 -2"><span class='ocrx_word' id='word_1_26' title='bbox 123 559 198 612; x_wconf 85' lang='lat' dir='ltr'><strong>bis</strong></span> <span class='ocrx_word' id='word_1_27' title='bbox 239 551 481 608; x_wconf 86' lang='lat' dir='ltr'><strong>omnibus</strong></span> <span class='ocrx_word' id='word_1_28' title='bbox 520 547 721 610; x_wconf 82' lang='lat' dir='ltr'><strong>dicere,</strong></span> <span class='ocrx_word' id='word_1_29' title='bbox 771 544 899 614; x_wconf 83' lang='lat' dir='ltr'><strong>quia</strong></span> <span class='ocrx_word' id='word_1_30' title='bbox 932 544 1180 599; x_wconf 75' lang='lat' dir='ltr'><strong>Christus</strong></span> <span class='ocrx_word' id='word_1_31' title='bbox 1222 542 1356 597; x_wconf 89' lang='lat' dir='ltr'><strong>vivit</strong></span> <span class='ocrx_word' id='word_1_32' title='bbox 1401 542 1456 594; x_wconf 90' lang='lat' dir='ltr'><strong>in</strong></span> <span class='ocrx_word' id='word_1_33' title='bbox 1501 540 1588 595; x_wconf 89' lang='lat' dir='ltr'><strong>te?</strong></span> <span class='ocrx_word' id='word_1_34' title='bbox 1615 537 1675 592; x_wconf 97' lang='lat' dir='ltr'><strong>Si</strong></span> 
     </span>
    </p>
   </div>
   <div class='ocr_carea' id='block_1_6' title="bbox 122 629 1675 717">
    <p class='ocr_par' dir='ltr' id='par_1_6' title="bbox 122 629 1675 717">
     <span class='ocr_line' id='line_1_6' title="bbox 122 629 1675 717; baseline -0.012 -15"><span class='ocrx_word' id='word_1_35' title='bbox 122 662 240 717; x_wconf 79' lang='lat' dir='ltr'><strong>ergo</strong></span> <span class='ocrx_word' id='word_1_36' title='bbox 275 639 619 714; x_wconf 90' lang='lat' dir='ltr'><strong>peccantibus</strong></span> <span class='ocrx_word' id='word_1_37' title='bbox 651 637 964 707; x_wconf 77' lang='lat' dir='ltr'><strong>defungitur</strong></span> <span class='ocrx_word' id='word_1_38' title='bbox 1015 635 1261 691; x_wconf 80' lang='lat' dir='ltr'><strong>Christus</strong></span> <span class='ocrx_word' id='word_1_39' title='bbox 1286 649 1388 703; x_wconf 90' lang='lat' dir='ltr'><strong>pro</strong></span> <span class='ocrx_word' id='word_1_40' title='bbox 1434 647 1500 688; x_wconf 88' lang='lat' dir='ltr'><strong>eo</strong></span> <span class='ocrx_word' id='word_1_41' title='bbox 1531 629 1675 701; x_wconf 92' lang='lat' dir='ltr'><strong>quod</strong></span> 
     </span>
    </p>
   </div>
   <div class='ocr_carea' id='block_1_7' title="bbox 121 725 1682 800">
    <p class='ocr_par' dir='ltr' id='par_1_7' title="bbox 121 725 1682 800">
     <span class='ocr_line' id='line_1_7' title="bbox 121 725 1682 800; baseline -0.013 -6"><span class='ocrx_word' id='word_1_42' title='bbox 121 737 243 796; x_wconf 86' lang='lat' dir='ltr'><strong>nihil</strong></span> <span class='ocrx_word' id='word_1_43' title='bbox 278 735 330 790; x_wconf 90' lang='lat' dir='ltr'><strong>in</strong></span> <span class='ocrx_word' id='word_1_44' title='bbox 369 733 449 788; x_wconf 88' lang='lat' dir='ltr'><strong>eis</strong></span> <span class='ocrx_word' id='word_1_45' title='bbox 468 729 697 800; x_wconf 85' lang='lat' dir='ltr'><strong>justitia,</strong></span> <span class='ocrx_word' id='word_1_46' title='bbox 736 729 870 783; x_wconf 85' lang='lat' dir='ltr'><strong>nihil</strong></span> <span class='ocrx_word' id='word_1_47' title='bbox 894 727 1175 798; x_wconf 83' lang='lat' dir='ltr'><strong>patientia,</strong></span> <span class='ocrx_word' id='word_1_48' title='bbox 1205 726 1340 780; x_wconf 88' lang='lat' dir='ltr'><strong>nihil</strong></span> <span class='ocrx_word' id='word_1_49' title='bbox 1373 725 1595 786; x_wconf 88' lang='lat' dir='ltr'><strong>veritas,</strong></span> <span class='ocrx_word' id='word_1_50' title='bbox 1623 728 1682 775; x_wconf 91' lang='lat' dir='ltr'><strong>et</strong></span> 
     </span>
    </p>
   </div>
   <div class='ocr_carea' id='block_1_8' title="bbox 118 815 1678 892">
    <p class='ocr_par' dir='ltr' id='par_1_8' title="bbox 118 815 1678 892">
     <span class='ocr_line' id='line_1_8' title="bbox 118 815 1678 892; baseline -0.006 -10"><span class='ocrx_word' id='word_1_51' title='bbox 118 827 283 883; x_wconf 85' lang='lat' dir='ltr'><strong>omnia</strong></span> <span class='ocrx_word' id='word_1_52' title='bbox 307 823 392 878; x_wconf 88' lang='lat' dir='ltr'><strong>illa</strong></span> <span class='ocrx_word' id='word_1_53' title='bbox 414 837 536 892; x_wconf 68' lang='lat' dir='ltr'><strong>qua:</strong></span> <span class='ocrx_word' id='word_1_54' title='bbox 560 820 809 876; x_wconf 82' lang='lat' dir='ltr'><strong>Christus</strong></span> <span class='ocrx_word' id='word_1_55' title='bbox 835 826 918 873; x_wconf 89' lang='lat' dir='ltr'><strong>est</strong></span> <span class='ocrx_word' id='word_1_56' title='bbox 942 826 1220 889; x_wconf 83' lang='lat' dir='ltr'><strong>operatur,</strong></span> <span class='ocrx_word' id='word_1_57' title='bbox 1256 833 1287 870; x_wconf 87' lang='lat' dir='ltr'><strong>a</strong></span> <span class='ocrx_word' id='word_1_58' title='bbox 1317 815 1524 873; x_wconf 85' lang='lat' dir='ltr'><strong>sanctis</strong></span> <span class='ocrx_word' id='word_1_59' title='bbox 1547 832 1678 873; x_wconf 89' lang='lat' dir='ltr'><strong>vero</strong></span> 
     </span>
    </p>
   </div>
   <div class='ocr_carea' id='block_1_9' title="bbox 119 908 1679 988">
    <p class='ocr_par' dir='ltr' id='par_1_9' title="bbox 119 908 1679 988">
     <span class='ocr_line' id='line_1_9' title="bbox 119 908 1679 988; baseline -0.003 -19"><span class='ocrx_word' id='word_1_60' title='bbox 119 929 434 988; x_wconf 57' lang='lat' dir='ltr'><strong>quacunque</strong></span> <span class='ocrx_word' id='word_1_61' title='bbox 464 912 620 966; x_wconf 80' lang='lat' dir='ltr'><strong>ﬁunt.</strong></span> <span class='ocrx_word' id='word_1_62' title='bbox 662 911 913 966; x_wconf 85' lang='lat' dir='ltr'><strong>Christus</strong></span> <span class='ocrx_word' id='word_1_63' title='bbox 955 917 1061 976; x_wconf 89' lang='lat' dir='ltr'><strong>est,</strong></span> <span class='ocrx_word' id='word_1_64' title='bbox 1108 909 1200 979; x_wconf 91' lang='lat' dir='ltr'><strong>qui</strong></span> <span class='ocrx_word' id='word_1_65' title='bbox 1227 924 1292 964; x_wconf 91' lang='lat' dir='ltr'><strong>ea</strong></span> <span class='ocrx_word' id='word_1_66' title='bbox 1319 908 1517 965; x_wconf 87' lang='lat' dir='ltr'><strong>dicitur</strong></span> <span class='ocrx_word' id='word_1_67' title='bbox 1548 924 1679 979; x_wconf 82' lang='lat' dir='ltr'><strong>ope—</strong></span> 
     </span>
    </p>
   </div>
   <div class='ocr_carea' id='block_1_10' title="bbox 117 1001 1678 1075">
    <p class='ocr_par' dir='ltr' id='par_1_10' title="bbox 117 1001 1678 1075">
     <span class='ocr_line' id='line_1_10' title="bbox 117 1001 1678 1075; baseline -0.006 -9"><span class='ocrx_word' id='word_1_68' title='bbox 117 1010 234 1074; x_wconf 89' lang='lat' dir='ltr'><strong>rari,</strong></span> <span class='ocrx_word' id='word_1_69' title='bbox 266 1009 404 1063; x_wconf 89' lang='lat' dir='ltr'><strong>sicut</strong></span> <span class='ocrx_word' id='word_1_70' title='bbox 438 1014 496 1060; x_wconf 89' lang='lat' dir='ltr'><strong>et</strong></span> <span class='ocrx_word' id='word_1_71' title='bbox 519 1004 807 1075; x_wconf 89' lang='lat' dir='ltr'><strong>Apostolus</strong></span> <span class='ocrx_word' id='word_1_72' title='bbox 836 1003 967 1059; x_wconf 88' lang='lat' dir='ltr'><strong>dicit</strong></span> <span class='ocrx_word' id='word_1_73' title='bbox 999 1021 1012 1057; x_wconf 92' lang='lat'><strong>:</strong></span> <span class='ocrx_word' id='word_1_74' title='bbox 1044 1001 1235 1057; x_wconf 84' lang='lat' dir='ltr'><strong>Omnia</strong></span> <span class='ocrx_word' id='word_1_75' title='bbox 1269 1017 1484 1071; x_wconf 79' lang='lat' dir='ltr'><strong>possum</strong></span> <span class='ocrx_word' id='word_1_76' title='bbox 1522 1002 1578 1054; x_wconf 85' lang='lat' dir='ltr'><strong>in</strong></span> <span class='ocrx_word' id='word_1_77' title='bbox 1617 1015 1678 1056; x_wconf 83' lang='lat' dir='ltr'><strong>eo</strong></span> 
     </span>
    </p>
   </div>
   <div class='ocr_carea' id='block_1_11' title="bbox 116 1092 1676 1176">
    <p class='ocr_par' dir='ltr' id='par_1_11' title="bbox 116 1092 1676 1176">
     <span class='ocr_line' id='line_1_11' title="bbox 116 1092 1676 1176; baseline -0.007 -18"><span class='ocrx_word' id='word_1_78' title='bbox 116 1105 196 1176; x_wconf 75' lang='lat' dir='ltr'><strong>qui</strong></span> <span class='ocrx_word' id='word_1_79' title='bbox 222 1119 301 1157; x_wconf 83' lang='lat' dir='ltr'><strong>me</strong></span> <span class='ocrx_word' id='word_1_80' title='bbox 327 1101 604 1170; x_wconf 76' lang='lat' dir='ltr'><strong>confortat,</strong></span> <span class='ocrx_word' id='word_1_81' title='bbox 637 1097 846 1153; x_wconf 81' lang='lat' dir='ltr'><strong>Christo</strong></span> <span class='ocrx_word' id='word_1_82' title='bbox 891 1095 1057 1169; x_wconf 86' lang='lat' dir='ltr'><strong>(Phil.</strong></span> <span class='ocrx_word' id='word_1_83' title='bbox 1087 1095 1197 1166; x_wconf 82' lang='lat' dir='ltr'><strong>Iv);</strong></span> <span class='ocrx_word' id='word_1_84' title='bbox 1229 1094 1503 1166; x_wconf 85' lang='lat' dir='ltr'><strong>generatio</strong></span> <span class='ocrx_word' id='word_1_85' title='bbox 1549 1092 1676 1159; x_wconf 88' lang='lat' dir='ltr'><strong>alia,</strong></span> 
     </span>
    </p>
   </div>
   <div class='ocr_carea' id='block_1_12' title="bbox 117 1186 1676 1267">
    <p class='ocr_par' dir='ltr' id='par_1_12' title="bbox 117 1186 1676 1267">
     <span class='ocr_line' id='line_1_12' title="bbox 117 1186 1676 1267; baseline -0.007 -16"><span class='ocrx_word' id='word_1_86' title='bbox 117 1211 224 1267; x_wconf 51' lang='lat' dir='ltr'><strong>quae</strong></span> <span class='ocrx_word' id='word_1_87' title='bbox 278 1208 385 1248; x_wconf 92' lang='lat' dir='ltr'><strong>non</strong></span> <span class='ocrx_word' id='word_1_88' title='bbox 417 1192 700 1264; x_wconf 77' lang='lat' dir='ltr'><strong>cognoscit</strong></span> <span class='ocrx_word' id='word_1_89' title='bbox 748 1191 1036 1244; x_wconf 90' lang='lat' dir='ltr'><strong>Dominum</strong></span> <span class='ocrx_word' id='word_1_90' title='bbox 1079 1187 1266 1244; x_wconf 73' lang='lat' dir='ltr'><strong>Iesum</strong></span> <span class='ocrx_word' id='word_1_91' title='bbox 1309 1187 1524 1257; x_wconf 78' lang='lat' dir='ltr'><strong>(Matth.</strong></span> <span class='ocrx_word' id='word_1_92' title='bbox 1560 1186 1676 1259; x_wconf 80' lang='lat' dir='ltr'><strong>xv),</strong></span> 
     </span>
    </p>
   </div>
   <div class='ocr_carea' id='block_1_13' title="bbox 117 1278 1679 1354">
    <p class='ocr_par' dir='ltr' id='par_1_13' title="bbox 117 1278 1679 1354">
     <span class='ocr_line' id='line_1_13' title="bbox 117 1278 1679 1354; baseline -0.006 -12"><span class='ocrx_word' id='word_1_93' title='bbox 117 1288 219 1354; x_wconf 88' lang='lat' dir='ltr'><strong>ipsa</strong></span> <span class='ocrx_word' id='word_1_94' title='bbox 246 1291 326 1340; x_wconf 87' lang='lat' dir='ltr'><strong>est</strong></span> <span class='ocrx_word' id='word_1_95' title='bbox 349 1282 615 1336; x_wconf 87' lang='lat' dir='ltr'><strong>malarum</strong></span> <span class='ocrx_word' id='word_1_96' title='bbox 651 1281 1059 1351; x_wconf 81' lang='lat' dir='ltr'><strong>cogitationum,</strong></span> <span class='ocrx_word' id='word_1_97' title='bbox 1094 1285 1148 1333; x_wconf 87' lang='lat' dir='ltr'><strong>et</strong></span> <span class='ocrx_word' id='word_1_98' title='bbox 1175 1278 1542 1348; x_wconf 88' lang='lat' dir='ltr'><strong>pessimarum</strong></span> <span class='ocrx_word' id='word_1_99' title='bbox 1584 1293 1679 1333; x_wconf 89' lang='lat' dir='ltr'><strong>cu-</strong></span> 
     </span>
    </p>
   </div>
   <div class='ocr_carea' id='block_1_14' title="bbox 114 1369 1676 1447">
    <p class='ocr_par' dir='ltr' id='par_1_14' title="bbox 114 1369 1676 1447">
     <span class='ocr_line' id='line_1_14' title="bbox 114 1369 1676 1447; baseline -0.004 -17"><span class='ocrx_word' id='word_1_100' title='bbox 114 1369 403 1447; x_wconf 82' lang='lat' dir='ltr'><strong>piditatum,</strong></span> <span class='ocrx_word' id='word_1_101' title='bbox 443 1389 564 1444; x_wconf 77' lang='lat' dir='ltr'><strong>qua:</strong></span> <span class='ocrx_word' id='word_1_102' title='bbox 595 1372 896 1443; x_wconf 88' lang='lat' dir='ltr'><strong>procedunt</strong></span> <span class='ocrx_word' id='word_1_103' title='bbox 922 1387 990 1426; x_wconf 78' lang='lat' dir='ltr'><strong>ex</strong></span> <span class='ocrx_word' id='word_1_104' title='bbox 1020 1371 1203 1437; x_wconf 92' lang='lat' dir='ltr'><strong>corde,</strong></span> <span class='ocrx_word' id='word_1_105' title='bbox 1250 1370 1353 1424; x_wconf 89' lang='lat' dir='ltr'><strong>ista</strong></span> <span class='ocrx_word' id='word_1_106' title='bbox 1393 1377 1479 1424; x_wconf 91' lang='lat' dir='ltr'><strong>est</strong></span> <span class='ocrx_word' id='word_1_107' title='bbox 1507 1384 1676 1439; x_wconf 76' lang='lat' dir='ltr'><strong>gene~</strong></span> 
     </span>
    </p>
   </div>
   <div class='ocr_carea' id='block_1_15' title="bbox 115 1461 1679 1536">
    <p class='ocr_par' dir='ltr' id='par_1_15' title="bbox 115 1461 1679 1536">
     <span class='ocr_line' id='line_1_15' title="bbox 115 1461 1679 1536; baseline -0.004 -13"><span class='ocrx_word' id='word_1_108' title='bbox 115 1469 263 1531; x_wconf 85' lang='lat' dir='ltr'><strong>ratio,</strong></span> <span class='ocrx_word' id='word_1_109' title='bbox 303 1482 424 1536; x_wconf 68' lang='lat' dir='ltr'><strong>quae</strong></span> <span class='ocrx_word' id='word_1_110' title='bbox 451 1481 558 1521; x_wconf 90' lang='lat' dir='ltr'><strong>non</strong></span> <span class='ocrx_word' id='word_1_111' title='bbox 597 1465 875 1536; x_wconf 84' lang='lat' dir='ltr'><strong>cognoscit</strong></span> <span class='ocrx_word' id='word_1_112' title='bbox 921 1464 1210 1520; x_wconf 88' lang='lat' dir='ltr'><strong>Dominum</strong></span> <span class='ocrx_word' id='word_1_113' title='bbox 1243 1461 1448 1529; x_wconf 81' lang='lat' dir='ltr'><strong>Jesum,</strong></span> <span class='ocrx_word' id='word_1_114' title='bbox 1500 1478 1679 1533; x_wconf 89' lang='lat' dir='ltr'><strong>neque</strong></span> 
     </span>
    </p>
   </div>
   <div class='ocr_carea' id='block_1_16' title="bbox 113 1553 1678 1630">
    <p class='ocr_par' dir='ltr' id='par_1_16' title="bbox 113 1553 1678 1630">
     <span class='ocr_line' id='line_1_16' title="bbox 113 1553 1678 1630; baseline -0.004 -15"><span class='ocrx_word' id='word_1_115' title='bbox 113 1575 238 1630; x_wconf 89' lang='lat' dir='ltr'><strong>opus</strong></span> <span class='ocrx_word' id='word_1_116' title='bbox 259 1574 514 1629; x_wconf 82' lang='lat' dir='ltr'><strong>magnum</strong></span> <span class='ocrx_word' id='word_1_117' title='bbox 546 1556 688 1626; x_wconf 89' lang='lat' dir='ltr'><strong>quod</strong></span> <span class='ocrx_word' id='word_1_118' title='bbox 720 1555 853 1611; x_wconf 81' lang='lat' dir='ltr'><strong>fecit</strong></span> <span class='ocrx_word' id='word_1_119' title='bbox 890 1555 946 1610; x_wconf 91' lang='lat' dir='ltr'><strong>in</strong></span> <span class='ocrx_word' id='word_1_120' title='bbox 973 1553 1160 1609; x_wconf 89' lang='lat' dir='ltr'><strong>Israel.</strong></span> <span class='ocrx_word' id='word_1_121' title='bbox 1194 1553 1357 1609; x_wconf 78' lang='lat' dir='ltr'><strong>Vides</strong></span> <span class='ocrx_word' id='word_1_122' title='bbox 1384 1555 1510 1624; x_wconf 88' lang='lat' dir='ltr'><strong>quia</strong></span> <span class='ocrx_word' id='word_1_123' title='bbox 1544 1567 1678 1623; x_wconf 85' lang='lat' dir='ltr'><strong>pec—</strong></span> 
     </span>
    </p>
   </div>
   <div class='ocr_carea' id='block_1_17' title="bbox 113 1645 1676 1718">
    <p class='ocr_par' dir='ltr' id='par_1_17' title="bbox 113 1645 1676 1718">
     <span class='ocr_line' id='line_1_17' title="bbox 113 1645 1676 1718; baseline -0.003 -13"><span class='ocrx_word' id='word_1_124' title='bbox 113 1658 313 1705; x_wconf 80' lang='lat' dir='ltr'><strong>catores</strong></span> <span class='ocrx_word' id='word_1_125' title='bbox 349 1663 416 1704; x_wconf 90' lang='lat' dir='ltr'><strong>eo</strong></span> <span class='ocrx_word' id='word_1_126' title='bbox 444 1662 617 1718; x_wconf 89' lang='lat' dir='ltr'><strong>usque</strong></span> <span class='ocrx_word' id='word_1_127' title='bbox 640 1647 887 1713; x_wconf 90' lang='lat' dir='ltr'><strong>veniunt,</strong></span> <span class='ocrx_word' id='word_1_128' title='bbox 929 1655 989 1701; x_wconf 90' lang='lat' dir='ltr'><strong>ut</strong></span> <span class='ocrx_word' id='word_1_129' title='bbox 1008 1655 1063 1701; x_wconf 91' lang='lat' dir='ltr'><strong>et</strong></span> <span class='ocrx_word' id='word_1_130' title='bbox 1095 1661 1232 1716; x_wconf 90' lang='lat' dir='ltr'><strong>opus</strong></span> <span class='ocrx_word' id='word_1_131' title='bbox 1259 1645 1390 1701; x_wconf 91' lang='lat' dir='ltr'><strong>illud</strong></span> <span class='ocrx_word' id='word_1_132' title='bbox 1417 1660 1676 1716; x_wconf 81' lang='lat' dir='ltr'><strong>maguum</strong></span> 
     </span>
    </p>
   </div>
   <div class='ocr_carea' id='block_1_18' title="bbox 111 1736 1671 1812">
    <p class='ocr_par' dir='ltr' id='par_1_18' title="bbox 111 1736 1671 1812">
     <span class='ocr_line' id='line_1_18' title="bbox 111 1736 1671 1812; baseline -0.004 -16"><span class='ocrx_word' id='word_1_133' title='bbox 111 1749 161 1796; x_wconf 88' lang='lat' dir='ltr'><strong>et</strong></span> <span class='ocrx_word' id='word_1_134' title='bbox 212 1740 531 1812; x_wconf 79' lang='lat' dir='ltr'><strong>praeclarum</strong></span> <span class='ocrx_word' id='word_1_135' title='bbox 581 1737 725 1809; x_wconf 87' lang='lat' dir='ltr'><strong>quod</strong></span> <span class='ocrx_word' id='word_1_136' title='bbox 770 1737 899 1794; x_wconf 85' lang='lat' dir='ltr'><strong>fecit</strong></span> <span class='ocrx_word' id='word_1_137' title='bbox 952 1737 1216 1792; x_wconf 84' lang='lat' dir='ltr'><strong>Dominus</strong></span> <span class='ocrx_word' id='word_1_138' title='bbox 1263 1736 1671 1802; x_wconf 85' lang='lat' dir='ltr'><strong>obliviscantur,</strong></span> 
     </span>
    </p>
   </div>
   <div class='ocr_carea' id='block_1_19' title="bbox 108 1826 1679 1900">
    <p class='ocr_par' dir='ltr' id='par_1_19' title="bbox 108 1826 1679 1900">
     <span class='ocr_line' id='line_1_19' title="bbox 108 1826 1679 1900; baseline -0.003 -16"><span class='ocrx_word' id='word_1_139' title='bbox 108 1831 242 1900; x_wconf 88' lang='lat' dir='ltr'><strong>quod</strong></span> <span class='ocrx_word' id='word_1_140' title='bbox 273 1829 566 1885; x_wconf 75' lang='lat' dir='ltr'><strong>cruciﬁxus</strong></span> <span class='ocrx_word' id='word_1_141' title='bbox 584 1836 668 1883; x_wconf 89' lang='lat' dir='ltr'><strong>est</strong></span> <span class='ocrx_word' id='word_1_142' title='bbox 713 1842 812 1897; x_wconf 89' lang='lat' dir='ltr'><strong>pro</strong></span> <span class='ocrx_word' id='word_1_143' title='bbox 844 1826 1084 1899; x_wconf 86' lang='lat' dir='ltr'><strong>peccatis</strong></span> <span class='ocrx_word' id='word_1_144' title='bbox 1107 1827 1333 1893; x_wconf 87' lang='lat' dir='ltr'><strong>nostris,</strong></span> <span class='ocrx_word' id='word_1_145' title='bbox 1355 1835 1410 1882; x_wconf 91' lang='lat' dir='ltr'><strong>et</strong></span> <span class='ocrx_word' id='word_1_146' title='bbox 1441 1826 1679 1882; x_wconf 80' lang='lat' dir='ltr'><strong>surrexit</strong></span> 
     </span>
    </p>
   </div>
   <div class='ocr_carea' id='block_1_20' title="bbox 107 1916 1678 1991">
    <p class='ocr_par' dir='ltr' id='par_1_20' title="bbox 107 1916 1678 1991">
     <span class='ocr_line' id='line_1_20' title="bbox 107 1916 1678 1991; baseline 0 -15"><span class='ocrx_word' id='word_1_147' title='bbox 107 1929 321 1991; x_wconf 80' lang='lat' dir='ltr'><strong>propter</strong></span> <span class='ocrx_word' id='word_1_148' title='bbox 363 1919 806 1990; x_wconf 84' lang='lat' dir='ltr'><strong>justiticationem</strong></span> <span class='ocrx_word' id='word_1_149' title='bbox 849 1926 1095 1973; x_wconf 87' lang='lat' dir='ltr'><strong>nostram</strong></span> <span class='ocrx_word' id='word_1_150' title='bbox 1134 1916 1311 1989; x_wconf 87' lang='lat' dir='ltr'><strong>(Rom.</strong></span> <span class='ocrx_word' id='word_1_151' title='bbox 1369 1917 1466 1991; x_wconf 80' lang='lat' dir='ltr'><strong>tv).</strong></span> <span class='ocrx_word' id='word_1_152' title='bbox 1525 1917 1678 1976; x_wconf 83' lang='lat' dir='ltr'><strong>Unde</strong></span> 
     </span>
    </p>
   </div>
   <div class='ocr_carea' id='block_1_21' title="bbox 105 2008 1680 2082">
    <p class='ocr_par' dir='ltr' id='par_1_21' title="bbox 105 2008 1680 2082">
     <span class='ocr_line' id='line_1_21' title="bbox 105 2008 1680 2082; baseline -0.001 -16"><span class='ocrx_word' id='word_1_153' title='bbox 105 2011 260 2066; x_wconf 86' lang='lat' dir='ltr'><strong>credo</strong></span> <span class='ocrx_word' id='word_1_154' title='bbox 305 2011 450 2082; x_wconf 89' lang='lat' dir='ltr'><strong>quod</strong></span> <span class='ocrx_word' id='word_1_155' title='bbox 475 2019 700 2081; x_wconf 78' lang='lat' dir='ltr'><strong>propter</strong></span> <span class='ocrx_word' id='word_1_156' title='bbox 733 2010 875 2066; x_wconf 87' lang='lat' dir='ltr'><strong>hanc</strong></span> <span class='ocrx_word' id='word_1_157' title='bbox 899 2008 1224 2065; x_wconf 89' lang='lat' dir='ltr'><strong>oblivionem</strong></span> <span class='ocrx_word' id='word_1_158' title='bbox 1248 2017 1500 2066; x_wconf 82' lang='lat' dir='ltr'><strong>metuens</strong></span> <span class='ocrx_word' id='word_1_159' title='bbox 1548 2025 1680 2080; x_wconf 82' lang='lat' dir='ltr'><strong>apo-</strong></span> 
     </span>
    </p>
   </div>
   <div class='ocr_carea' id='block_1_22' title="bbox 104 2102 1677 2172">
    <p class='ocr_par' dir='ltr' id='par_1_22' title="bbox 104 2102 1677 2172">
     <span class='ocr_line' id='line_1_22' title="bbox 104 2102 1677 2172; baseline -0.001 -13"><span class='ocrx_word' id='word_1_160' title='bbox 104 2105 268 2159; x_wconf 87' lang='lat' dir='ltr'><strong>stolus</strong></span> <span class='ocrx_word' id='word_1_161' title='bbox 296 2103 498 2158; x_wconf 87' lang='lat' dir='ltr'><strong>Paulus</strong></span> <span class='ocrx_word' id='word_1_162' title='bbox 520 2104 737 2158; x_wconf 85' lang='lat' dir='ltr'><strong>dicebat</strong></span> <span class='ocrx_word' id='word_1_163' title='bbox 757 2102 1021 2172; x_wconf 87' lang='lat' dir='ltr'><strong>discipulo</strong></span> <span class='ocrx_word' id='word_1_164' title='bbox 1047 2118 1146 2158; x_wconf 91' lang='lat' dir='ltr'><strong>suo</strong></span> <span class='ocrx_word' id='word_1_165' title='bbox 1168 2102 1476 2169; x_wconf 85' lang='lat' dir='ltr'><strong>Timotheo,</strong></span> <span class='ocrx_word' id='word_1_166' title='bbox 1516 2118 1677 2172; x_wconf 87' lang='lat' dir='ltr'><strong>quem</strong></span> 
     </span>
    </p>
   </div>
   <div class='ocr_carea' id='block_1_23' title="bbox 104 2191 1680 2266">
    <p class='ocr_par' dir='ltr' id='par_1_23' title="bbox 104 2191 1680 2266">
     <span class='ocr_line' id='line_1_23' title="bbox 104 2191 1680 2266; baseline -0.001 -17"><span class='ocrx_word' id='word_1_167' title='bbox 104 2196 432 2266; x_wconf 77' lang='lat' dir='ltr'><strong>pmcipuum</strong></span> <span class='ocrx_word' id='word_1_168' title='bbox 466 2193 703 2249; x_wconf 81' lang='lat' dir='ltr'><strong>habebat</strong></span> <span class='ocrx_word' id='word_1_169' title='bbox 733 2212 748 2247; x_wconf 86' lang='lat'><strong>:</strong></span> <span class='ocrx_word' id='word_1_170' title='bbox 778 2193 982 2248; x_wconf 66' lang='lat' dir='ltr'><strong>Memor</strong></span> <span class='ocrx_word' id='word_1_171' title='bbox 1031 2203 1140 2247; x_wconf 82' lang='lat' dir='ltr'><strong>esto</strong></span> <span class='ocrx_word' id='word_1_172' title='bbox 1183 2191 1449 2248; x_wconf 74' lang='lat' dir='ltr'><strong>Christum</strong></span> <span class='ocrx_word' id='word_1_173' title='bbox 1493 2193 1680 2248; x_wconf 72' lang='lat' dir='ltr'><strong>losum</strong></span> 
     </span>
    </p>
   </div>
   <div class='ocr_carea' id='block_1_24' title="bbox 106 2283 1682 2354">
    <p class='ocr_par' dir='ltr' id='par_1_24' title="bbox 106 2283 1682 2354">
     <span class='ocr_line' id='line_1_24' title="bbox 106 2283 1682 2354; baseline 0 -15"><span class='ocrx_word' id='word_1_174' title='bbox 106 2287 447 2341; x_wconf 76' lang='lat' dir='ltr'><strong>resurrexisse</strong></span> <span class='ocrx_word' id='word_1_175' title='bbox 481 2303 514 2339; x_wconf 91' lang='lat' dir='ltr'><strong>a</strong></span> <span class='ocrx_word' id='word_1_176' title='bbox 566 2285 787 2338; x_wconf 82' lang='lat' dir='ltr'><strong>mortuis</strong></span> <span class='ocrx_word' id='word_1_177' title='bbox 831 2283 917 2354; x_wconf 88' lang='grc' dir='ltr'><strong>(ΙΙ</strong></span> <span class='ocrx_word' id='word_1_178' title='bbox 962 2283 1096 2337; x_wconf 90' lang='lat' dir='ltr'><strong>Tim.</strong></span> <span class='ocrx_word' id='word_1_179' title='bbox 1138 2284 1246 2354; x_wconf 85' lang='lat' dir='ltr'><strong>ll);</strong></span> <span class='ocrx_word' id='word_1_180' title='bbox 1301 2284 1507 2339; x_wconf 86' lang='lat' dir='ltr'><strong>sciebat</strong></span> <span class='ocrx_word' id='word_1_181' title='bbox 1535 2286 1682 2340; x_wconf 88' lang='lat' dir='ltr'><strong>enim</strong></span> 
     </span>
    </p>
   </div>
   <div class='ocr_carea' id='block_1_25' title="bbox 105 2374 1683 2449">
    <p class='ocr_par' dir='ltr' id='par_1_25' title="bbox 105 2374 1683 2449">
     <span class='ocr_line' id='line_1_25' title="bbox 105 2374 1683 2449; baseline -0.001 -16"><span class='ocrx_word' id='word_1_182' title='bbox 105 2379 224 2449; x_wconf 88' lang='lat' dir='ltr'><strong>quia</strong></span> <span class='ocrx_word' id='word_1_183' title='bbox 273 2384 388 2431; x_wconf 89' lang='lat' dir='ltr'><strong>tam</strong></span> <span class='ocrx_word' id='word_1_184' title='bbox 435 2375 617 2445; x_wconf 83' lang='lat' dir='ltr'><strong>magni</strong></span> <span class='ocrx_word' id='word_1_185' title='bbox 669 2374 870 2444; x_wconf 87' lang='lat' dir='ltr'><strong>operis,</strong></span> <span class='ocrx_word' id='word_1_186' title='bbox 925 2376 1069 2445; x_wconf 91' lang='lat' dir='ltr'><strong>quod</strong></span> <span class='ocrx_word' id='word_1_187' title='bbox 1119 2375 1424 2430; x_wconf 83' lang='lat' dir='ltr'><strong>resurrexit</strong></span> <span class='ocrx_word' id='word_1_188' title='bbox 1464 2391 1494 2430; x_wconf 92' lang='lat' dir='ltr'><strong>a</strong></span> <span class='ocrx_word' id='word_1_189' title='bbox 1535 2393 1683 2432; x_wconf 86' lang='lat' dir='ltr'><strong>mor-</strong></span> 
     </span>
    </p>
   </div>
   <div class='ocr_carea' id='block_1_26' title="bbox 106 2466 1680 2540">
    <p class='ocr_par' dir='ltr' id='par_1_26' title="bbox 106 2466 1680 2540">
     <span class='ocr_line' id='line_1_26' title="bbox 106 2466 1680 2540; baseline -0.003 -14"><span class='ocrx_word' id='word_1_190' title='bbox 106 2473 225 2538; x_wconf 90' lang='lat' dir='ltr'><strong>tuis,</strong></span> <span class='ocrx_word' id='word_1_191' title='bbox 272 2469 390 2540; x_wconf 85' lang='lat' dir='ltr'><strong>ﬁeri</strong></span> <span class='ocrx_word' id='word_1_192' title='bbox 417 2467 588 2538; x_wconf 87' lang='lat' dir='ltr'><strong>possit</strong></span> <span class='ocrx_word' id='word_1_193' title='bbox 613 2466 832 2533; x_wconf 89' lang='lat' dir='ltr'><strong>oblivio,</strong></span> <span class='ocrx_word' id='word_1_194' title='bbox 864 2466 910 2521; x_wconf 85' lang='lat' dir='ltr'><strong>si</strong></span> <span class='ocrx_word' id='word_1_195' title='bbox 945 2467 1223 2538; x_wconf 81' lang='lat' dir='ltr'><strong>generatio</strong></span> <span class='ocrx_word' id='word_1_196' title='bbox 1254 2469 1531 2538; x_wconf 82' lang='lat' dir='ltr'><strong>peccatrix</strong></span> <span class='ocrx_word' id='word_1_197' title='bbox 1564 2469 1680 2523; x_wconf 89' lang='lat' dir='ltr'><strong>ori-</strong></span> 
     </span>
    </p>
   </div>
   <div class='ocr_carea' id='block_1_27' title="bbox 105 2561 810 2619">
    <p class='ocr_par' dir='ltr' id='par_1_27' title="bbox 105 2561 810 2619">
     <span class='ocr_line' id='line_1_27' title="bbox 105 2561 810 2619; baseline -0.006 -1"><span class='ocrx_word' id='word_1_198' title='bbox 105 2572 246 2618; x_wconf 83' lang='lat' dir='ltr'><strong>retur</strong></span> <span class='ocrx_word' id='word_1_199' title='bbox 269 2563 322 2618; x_wconf 82' lang='lat' dir='ltr'><strong>in</strong></span> <span class='ocrx_word' id='word_1_200' title='bbox 357 2561 542 2619; x_wconf 86' lang='lat' dir='ltr'><strong>corde.</strong></span> <span class='ocrx_word' id='word_1_201' title='bbox 807 2564 810 2566; x_wconf 54' lang='grc'>⁷</span> 
     </span>
    </p>
   </div>
   <div class='ocr_carea' id='block_1_28' title="bbox 169 2647 1682 2724">
    <p class='ocr_par' dir='ltr' id='par_1_28' title="bbox 169 2647 1682 2724">
     <span class='ocr_line' id='line_1_28' title="bbox 169 2647 1682 2724; baseline -0.003 -16"><span class='ocrx_word' id='word_1_202' title='bbox 169 2652 532 2724; x_wconf 77' lang='lat' dir='ltr'><strong>Feceruntque</strong></span> <span class='ocrx_word' id='word_1_203' title='bbox 552 2649 652 2722; x_wconf 79' lang='lat' dir='ltr'><strong>ﬁlii</strong></span> <span class='ocrx_word' id='word_1_204' title='bbox 677 2648 850 2706; x_wconf 80' lang='lat' dir='ltr'><strong>Israel</strong></span> <span class='ocrx_word' id='word_1_205' title='bbox 874 2647 1074 2705; x_wconf 86' lang='lat' dir='ltr'><strong>malum</strong></span> <span class='ocrx_word' id='word_1_206' title='bbox 1100 2650 1154 2704; x_wconf 85' lang='lat' dir='ltr'><strong>in</strong></span> <span class='ocrx_word' id='word_1_207' title='bbox 1196 2660 1474 2722; x_wconf 83' lang='lat' dir='ltr'><strong>conspectu</strong></span> <span class='ocrx_word' id='word_1_208' title='bbox 1502 2648 1682 2706; x_wconf 87' lang='lat' dir='ltr'><strong>Domi-</strong></span> 
     </span>
    </p>
   </div>
   <div class='ocr_carea' id='block_1_29' title="bbox 106 2743 1685 2812">
    <p class='ocr_par' dir='ltr' id='par_1_29' title="bbox 106 2743 1685 2812">
     <span class='ocr_line' id='line_1_29' title="bbox 106 2743 1685 2812; baseline -0.003 -12"><span class='ocrx_word' id='word_1_209' title='bbox 106 2748 173 2812; x_wconf 85' lang='lat' dir='ltr'><strong>ni,</strong></span> <span class='ocrx_word' id='word_1_210' title='bbox 214 2757 263 2800; x_wconf 78' lang='lat' dir='ltr'><strong>et</strong></span> <span class='ocrx_word' id='word_1_211' title='bbox 311 2745 603 2800; x_wconf 79' lang='lat' dir='ltr'><strong>servierunt</strong></span> <span class='ocrx_word' id='word_1_212' title='bbox 666 2743 897 2808; x_wconf 75' lang='lat' dir='ltr'><strong>Baalim,</strong></span> <span class='ocrx_word' id='word_1_213' title='bbox 941 2760 1003 2796; x_wconf 90' lang='lat' dir='ltr'><strong>ac</strong></span> <span class='ocrx_word' id='word_1_214' title='bbox 1048 2743 1357 2797; x_wconf 77' lang='lat' dir='ltr'><strong>dimiserunt</strong></span> <span class='ocrx_word' id='word_1_215' title='bbox 1403 2743 1685 2797; x_wconf 83' lang='lat' dir='ltr'><strong>Dominum</strong></span> 
     </span>
    </p>
   </div>
   <div class='ocr_carea' id='block_1_30' title="bbox 104 2835 1684 2909">
    <p class='ocr_par' dir='ltr' id='par_1_30' title="bbox 104 2835 1684 2909">
     <span class='ocr_line' id='line_1_30' title="bbox 104 2835 1684 2909; baseline -0.005 -15"><span class='ocrx_word' id='word_1_216' title='bbox 104 2838 264 2894; x_wconf 80' lang='lat' dir='ltr'><strong>Deum</strong></span> <span class='ocrx_word' id='word_1_217' title='bbox 301 2847 514 2909; x_wconf 80' lang='lat' dir='ltr'><strong>patrum</strong></span> <span class='ocrx_word' id='word_1_218' title='bbox 574 2853 809 2900; x_wconf 83' lang='lat' dir='ltr'><strong>suorum,</strong></span> <span class='ocrx_word' id='word_1_219' title='bbox 856 2835 946 2906; x_wconf 88' lang='lat' dir='ltr'><strong>qui</strong></span> <span class='ocrx_word' id='word_1_220' title='bbox 991 2835 1242 2890; x_wconf 74' lang='lat' dir='ltr'><strong>eduxerat</strong></span> <span class='ocrx_word' id='word_1_221' title='bbox 1296 2851 1382 2889; x_wconf 85' lang='lat' dir='ltr'><strong>eos</strong></span> <span class='ocrx_word' id='word_1_222' title='bbox 1429 2836 1493 2889; x_wconf 84' lang='lat' dir='ltr'><strong>de</strong></span> <span class='ocrx_word' id='word_1_223' title='bbox 1546 2843 1684 2888; x_wconf 81' lang='lat' dir='ltr'><strong>terra</strong></span> 
     </span>
    </p>
   </div>
   <div class='ocr_carea' id='block_1_31' title="bbox 105 2925 1685 2999">
    <p class='ocr_par' dir='ltr' id='par_1_31' title="bbox 105 2925 1685 2999">
     <span class='ocr_line' id='line_1_31' title="bbox 105 2925 1685 2999; baseline -0.001 -16"><span class='ocrx_word' id='word_1_224' title='bbox 105 2929 337 2999; x_wconf 62' lang='lat' dir='ltr'><strong>Egypti,</strong></span> <span class='ocrx_word' id='word_1_225' title='bbox 388 2938 436 2981; x_wconf 86' lang='lat' dir='ltr'><strong>et</strong></span> <span class='ocrx_word' id='word_1_226' title='bbox 493 2927 656 2981; x_wconf 78' lang='lat' dir='ltr'><strong>secuti</strong></span> <span class='ocrx_word' id='word_1_227' title='bbox 692 2935 813 2979; x_wconf 84' lang='lat' dir='ltr'><strong>sunt</strong></span> <span class='ocrx_word' id='word_1_228' title='bbox 861 2926 983 2980; x_wconf 84' lang='lat' dir='ltr'><strong>deos</strong></span> <span class='ocrx_word' id='word_1_229' title='bbox 1028 2925 1258 2992; x_wconf 84' lang='lat' dir='ltr'><strong>alienos,</strong></span> <span class='ocrx_word' id='word_1_230' title='bbox 1303 2926 1425 2980; x_wconf 83' lang='lat' dir='ltr'><strong>deos</strong></span> <span class='ocrx_word' id='word_1_231' title='bbox 1484 2943 1685 2997; x_wconf 86' lang='lat' dir='ltr'><strong>quoque</strong></span> 
     </span>
    </p>
   </div>
   <div class='ocr_carea' id='block_1_32' title="bbox 101 3019 1686 3091">
    <p class='ocr_par' dir='ltr' id='par_1_32' title="bbox 101 3019 1686 3091">
     <span class='ocr_line' id='line_1_32' title="bbox 101 3019 1686 3091; baseline -0.003 -15"><span class='ocrx_word' id='word_1_232' title='bbox 101 3019 860 3091; x_wconf 67' lang='lat' dir='ltr'><strong>populorumquihabitabant</strong></span> <span class='ocrx_word' id='word_1_233' title='bbox 892 3019 952 3071; x_wconf 87' lang='lat' dir='ltr'><strong>in</strong></span> <span class='ocrx_word' id='word_1_234' title='bbox 991 3020 1217 3071; x_wconf 80' lang='lat' dir='ltr'><strong>circuitu</strong></span> <span class='ocrx_word' id='word_1_235' title='bbox 1257 3034 1476 3085; x_wconf 78' lang='lat' dir='ltr'><strong>eorum;</strong></span> <span class='ocrx_word' id='word_1_236' title='bbox 1511 3029 1560 3072; x_wconf 84' lang='lat' dir='ltr'><strong>et</strong></span> <span class='ocrx_word' id='word_1_237' title='bbox 1587 3020 1686 3073; x_wconf 83' lang='lat' dir='ltr'><strong>&#39;ad-</strong></span> 
     </span>
    </p>
   </div>
   <div class='ocr_carea' id='block_1_33' title="bbox 104 3111 1686 3177">
    <p class='ocr_par' dir='ltr' id='par_1_33' title="bbox 104 3111 1686 3177">
     <span class='ocr_line' id='line_1_33' title="bbox 104 3111 1686 3177; baseline -0.001 -11"><span class='ocrx_word' id='word_1_238' title='bbox 104 3122 381 3167; x_wconf 79' lang='lat' dir='ltr'><strong>craverunt</strong></span> <span class='ocrx_word' id='word_1_239' title='bbox 405 3127 512 3177; x_wconf 81' lang='lat' dir='ltr'><strong>eos,</strong></span> <span class='ocrx_word' id='word_1_240' title='bbox 535 3121 581 3166; x_wconf 86' lang='lat' dir='ltr'><strong>et</strong></span> <span class='ocrx_word' id='word_1_241' title='bbox 624 3111 693 3164; x_wconf 86' lang='lat' dir='ltr'><strong>ad</strong></span> <span class='ocrx_word' id='word_1_242' title='bbox 726 3111 1060 3164; x_wconf 79' lang='lat' dir='ltr'><strong>iracundiam</strong></span> <span class='ocrx_word' id='word_1_243' title='bbox 1091 3112 1478 3165; x_wconf 82' lang='lat' dir='ltr'><strong>concitaverunt</strong></span> <span class='ocrx_word' id='word_1_244' title='bbox 1501 3111 1686 3165; x_wconf 76' lang='lat' dir='ltr'><strong>Domi—</strong></span> 
     </span>
    </p>
   </div>
   <div class='ocr_carea' id='block_1_34' title="bbox 105 3201 1680 3269">
    <p class='ocr_par' dir='ltr' id='par_1_34' title="bbox 105 3201 1680 3269">
     <span class='ocr_line' id='line_1_34' title="bbox 105 3201 1680 3269; baseline 0 -13"><span class='ocrx_word' id='word_1_245' title='bbox 105 3217 241 3269; x_wconf 74' lang='lat' dir='ltr'><strong>num,</strong></span> <span class='ocrx_word' id='word_1_246' title='bbox 282 3204 600 3257; x_wconf 80' lang='lat' dir='ltr'><strong>dimittentcs</strong></span> <span class='ocrx_word' id='word_1_247' title='bbox 631 3219 769 3267; x_wconf 86' lang='lat' dir='ltr'><strong>eum,</strong></span> <span class='ocrx_word' id='word_1_248' title='bbox 805 3211 851 3255; x_wconf 84' lang='lat' dir='ltr'><strong>et</strong></span> <span class='ocrx_word' id='word_1_249' title='bbox 886 3203 1166 3256; x_wconf 81' lang='lat' dir='ltr'><strong>servientes</strong></span> <span class='ocrx_word' id='word_1_250' title='bbox 1223 3201 1358 3255; x_wconf 81' lang='lat' dir='ltr'><strong>Baal</strong></span> <span class='ocrx_word' id='word_1_251' title='bbox 1388 3210 1436 3255; x_wconf 84' lang='lat' dir='ltr'><strong>et</strong></span> <span class='ocrx_word' id='word_1_252' title='bbox 1484 3203 1680 3256; x_wconf 77' lang='lat' dir='ltr'><strong>Astha-</strong></span> 
     </span>
    </p>
   </div>
   <div class='ocr_carea' id='block_1_35' title="bbox 104 3292 1684 3364">
    <p class='ocr_par' dir='ltr' id='par_1_35' title="bbox 104 3292 1684 3364">
     <span class='ocr_line' id='line_1_35' title="bbox 104 3292 1684 3364; baseline 0.002 -19"><span class='ocrx_word' id='word_1_253' title='bbox 104 3294 234 3346; x_wconf 90' lang='lat' dir='ltr'><strong>roth.</strong></span> <span class='ocrx_word' id='word_1_254' title='bbox 261 3292 383 3348; x_wconf 86' lang='lat' dir='ltr'><strong>Hoc</strong></span> <span class='ocrx_word' id='word_1_255' title='bbox 425 3293 666 3348; x_wconf 87' lang='lat' dir='ltr'><strong>ostendit</strong></span> <span class='ocrx_word' id='word_1_256' title='bbox 695 3292 821 3362; x_wconf 88' lang='lat' dir='ltr'><strong>quia</strong></span> <span class='ocrx_word' id='word_1_257' title='bbox 846 3292 919 3346; x_wconf 91' lang='lat' dir='ltr'><strong>illi</strong></span> <span class='ocrx_word' id='word_1_258' title='bbox 948 3293 1040 3362; x_wconf 91' lang='lat' dir='ltr'><strong>qui</strong></span> <span class='ocrx_word' id='word_1_259' title='bbox 1075 3293 1130 3346; x_wconf 92' lang='lat' dir='ltr'><strong>in</strong></span> <span class='ocrx_word' id='word_1_260' title='bbox 1161 3299 1402 3364; x_wconf 88' lang='lat' dir='ltr'><strong>tempore</strong></span> <span class='ocrx_word' id='word_1_261' title='bbox 1433 3293 1684 3348; x_wconf 86' lang='lat' dir='ltr'><strong>Salvato-</strong></span> 
     </span>
    </p>
   </div>
   <div class='ocr_carea' id='block_1_36' title="bbox 103 3378 1699 3458">
    <p class='ocr_par' dir='ltr' id='par_1_36' title="bbox 103 3378 1699 3458">
     <span class='ocr_line' id='line_1_36' title="bbox 103 3378 1699 3458; baseline 0.003 -20"><span class='ocrx_word' id='word_1_262' title='bbox 103 3385 176 3439; x_wconf 82' lang='lat' dir='ltr'><strong>ris</strong></span> <span class='ocrx_word' id='word_1_263' title='bbox 202 3386 471 3441; x_wconf 87' lang='lat' dir='ltr'><strong>increduli</strong></span> <span class='ocrx_word' id='word_1_264' title='bbox 494 3387 826 3440; x_wconf 82' lang='lat' dir='ltr'><strong>exstiterunt</strong></span> <span class='ocrx_word' id='word_1_265' title='bbox 843 3396 900 3440; x_wconf 89' lang='lat' dir='ltr'><strong>et</strong></span> <span class='ocrx_word' id='word_1_266' title='bbox 920 3387 1096 3456; x_wconf 87' lang='lat' dir='ltr'><strong>impii,</strong></span> <span class='ocrx_word' id='word_1_267' title='bbox 1118 3403 1294 3458; x_wconf 86' lang='lat' dir='ltr'><strong>genua</strong></span> <span class='ocrx_word' id='word_1_268' title='bbox 1319 3378 1699 3444; x_wconf 68' lang='lat' dir='ltr'><strong>curvavcrunt</strong></span> 
     </span>
    </p>
   </div>
   <div class='ocr_carea' id='block_1_37' title="bbox 104 3474 1682 3548">
    <p class='ocr_par' dir='ltr' id='par_1_37' title="bbox 104 3474 1682 3548">
     <span class='ocr_line' id='line_1_37' title="bbox 104 3474 1682 3548; baseline 0.003 -20"><span class='ocrx_word' id='word_1_269' title='bbox 104 3474 329 3542; x_wconf 87' lang='lat' dir='ltr'><strong>Baalim,</strong></span> <span class='ocrx_word' id='word_1_270' title='bbox 361 3485 418 3532; x_wconf 87' lang='lat' dir='ltr'><strong>et</strong></span> <span class='ocrx_word' id='word_1_271' title='bbox 443 3477 808 3530; x_wconf 86' lang='lat' dir='ltr'><strong>adoraveruut</strong></span> <span class='ocrx_word' id='word_1_272' title='bbox 844 3477 1154 3532; x_wconf 86' lang='lat' dir='ltr'><strong>simulacra.</strong></span> <span class='ocrx_word' id='word_1_273' title='bbox 1193 3477 1260 3530; x_wconf 81' lang='lat' dir='ltr'><strong>Hi</strong></span> <span class='ocrx_word' id='word_1_274' title='bbox 1283 3494 1416 3532; x_wconf 87' lang='lat' dir='ltr'><strong>vero</strong></span> <span class='ocrx_word' id='word_1_275' title='bbox 1443 3480 1538 3548; x_wconf 88' lang='lat' dir='ltr'><strong>qui</strong></span> <span class='ocrx_word' id='word_1_276' title='bbox 1559 3493 1682 3533; x_wconf 87' lang='lat' dir='ltr'><strong>cre-</strong></span> 
     </span>
    </p>
   </div>
   <div class='ocr_carea' id='block_1_38' title="bbox 105 3563 1684 3636">
    <p class='ocr_par' dir='ltr' id='par_1_38' title="bbox 105 3563 1684 3636">
     <span class='ocr_line' id='line_1_38' title="bbox 105 3563 1684 3636; baseline 0.002 -18"><span class='ocrx_word' id='word_1_277' title='bbox 105 3565 233 3621; x_wconf 88' lang='lat' dir='ltr'><strong>dunt</strong></span> <span class='ocrx_word' id='word_1_278' title='bbox 251 3563 310 3622; x_wconf 82' lang='lat' dir='ltr'><strong>et</strong></span> <span class='ocrx_word' id='word_1_279' title='bbox 344 3567 570 3636; x_wconf 90' lang='lat' dir='ltr'><strong>implent</strong></span> <span class='ocrx_word' id='word_1_280' title='bbox 589 3580 754 3635; x_wconf 88' lang='lat' dir='ltr'><strong>opera</strong></span> <span class='ocrx_word' id='word_1_281' title='bbox 785 3565 930 3631; x_wconf 79' lang='lat' dir='ltr'><strong>fidei,</strong></span> <span class='ocrx_word' id='word_1_282' title='bbox 966 3582 1074 3620; x_wconf 88' lang='lat' dir='ltr'><strong>non</strong></span> <span class='ocrx_word' id='word_1_283' title='bbox 1121 3577 1490 3621; x_wconf 87' lang='lat' dir='ltr'><strong>curvaverunt</strong></span> <span class='ocrx_word' id='word_1_284' title='bbox 1508 3583 1684 3636; x_wconf 84' lang='lat' dir='ltr'><strong>genua</strong></span> 
     </span>
    </p>
   </div>
   <div class='ocr_carea' id='block_1_39' title="bbox 103 3654 1681 3724">
    <p class='ocr_par' dir='ltr' id='par_1_39' title="bbox 103 3654 1681 3724">
     <span class='ocr_line' id='line_1_39' title="bbox 103 3654 1681 3724; baseline 0.001 -15"><span class='ocrx_word' id='word_1_285' title='bbox 103 3655 332 3711; x_wconf 86' lang='lat' dir='ltr'><strong>Baalim.</strong></span> <span class='ocrx_word' id='word_1_286' title='bbox 365 3655 550 3724; x_wconf 82' lang='lat' dir='ltr'><strong>Neque</strong></span> <span class='ocrx_word' id='word_1_287' title='bbox 595 3655 740 3709; x_wconf 90' lang='lat' dir='ltr'><strong>enim</strong></span> <span class='ocrx_word' id='word_1_288' title='bbox 775 3669 1006 3724; x_wconf 88' lang='lat' dir='ltr'><strong>usquam</strong></span> <span class='ocrx_word' id='word_1_289' title='bbox 1036 3654 1270 3709; x_wconf 79' lang='lat' dir='ltr'><strong>refertur</strong></span> <span class='ocrx_word' id='word_1_290' title='bbox 1312 3656 1369 3709; x_wconf 89' lang='lat' dir='ltr'><strong>in</strong></span> <span class='ocrx_word' id='word_1_291' title='bbox 1417 3657 1681 3723; x_wconf 85' lang='lat' dir='ltr'><strong>historiis,</strong></span> 
     </span>
    </p>
   </div>
   <div class='ocr_carea' id='block_1_40' title="bbox 102 3747 1678 3820">
    <p class='ocr_par' dir='ltr' id='par_1_40' title="bbox 102 3747 1678 3820">
     <span class='ocr_line' id='line_1_40' title="bbox 102 3747 1678 3820; baseline 0.003 -19"><span class='ocrx_word' id='word_1_292' title='bbox 102 3748 181 3804; x_wconf 89' lang='lat' dir='ltr'><strong>vel</strong></span> <span class='ocrx_word' id='word_1_293' title='bbox 213 3750 268 3803; x_wconf 92' lang='lat' dir='ltr'><strong>in</strong></span> <span class='ocrx_word' id='word_1_294' title='bbox 320 3748 654 3818; x_wconf 82' lang='lat' dir='ltr'><strong>evangelicis</strong></span> <span class='ocrx_word' id='word_1_295' title='bbox 678 3755 733 3802; x_wconf 88' lang='lat' dir='ltr'><strong>et</strong></span> <span class='ocrx_word' id='word_1_296' title='bbox 758 3748 814 3802; x_wconf 92' lang='lat' dir='ltr'><strong>in</strong></span> <span class='ocrx_word' id='word_1_297' title='bbox 849 3747 969 3802; x_wconf 90' lang='lat' dir='ltr'><strong>aliis</strong></span> <span class='ocrx_word' id='word_1_298' title='bbox 1002 3747 1331 3817; x_wconf 85' lang='lat' dir='ltr'><strong>quibuslibet</strong></span> <span class='ocrx_word' id='word_1_299' title='bbox 1373 3750 1678 3820; x_wconf 86' lang='lat' dir='ltr'><strong>scripturis,</strong></span> 
     </span>
    </p>
   </div>
   <div class='ocr_carea' id='block_1_41' title="bbox 101 3838 1686 3910">
    <p class='ocr_par' dir='ltr' id='par_1_41' title="bbox 101 3838 1686 3910">
     <span class='ocr_line' id='line_1_41' title="bbox 101 3838 1686 3910; baseline 0.002 -18"><span class='ocrx_word' id='word_1_300' title='bbox 101 3840 242 3909; x_wconf 91' lang='lat' dir='ltr'><strong>quod</strong></span> <span class='ocrx_word' id='word_1_301' title='bbox 289 3838 491 3910; x_wconf 82' lang='lat' dir='ltr'><strong>aliquis</strong></span> <span class='ocrx_word' id='word_1_302' title='bbox 534 3847 776 3908; x_wconf 88' lang='lat' dir='ltr'><strong>tempore</strong></span> <span class='ocrx_word' id='word_1_303' title='bbox 820 3838 1122 3895; x_wconf 86' lang='lat' dir='ltr'><strong>Salvatoris</strong></span> <span class='ocrx_word' id='word_1_304' title='bbox 1172 3855 1346 3909; x_wconf 85' lang='lat' dir='ltr'><strong>genua</strong></span> <span class='ocrx_word' id='word_1_305' title='bbox 1375 3841 1588 3895; x_wconf 82' lang='lat' dir='ltr'><strong>ﬂexerit</strong></span> <span class='ocrx_word' id='word_1_306' title='bbox 1615 3841 1686 3896; x_wconf 83' lang='lat' dir='ltr'><strong>si-</strong></span> 
     </span>
    </p>
   </div>
   <div class='ocr_carea' id='block_1_42' title="bbox 100 3931 1687 4002">
    <p class='ocr_par' dir='ltr' id='par_1_42' title="bbox 100 3931 1687 4002">
     <span class='ocr_line' id='line_1_42' title="bbox 100 3931 1687 4002; baseline 0.001 -16"><span class='ocrx_word' id='word_1_307' title='bbox 100 3934 401 3997; x_wconf 85' lang='lat' dir='ltr'><strong>mulacris;</strong></span> <span class='ocrx_word' id='word_1_308' title='bbox 462 3934 557 3986; x_wconf 87' lang='lat' dir='ltr'><strong>sed</strong></span> <span class='ocrx_word' id='word_1_309' title='bbox 587 3931 654 3986; x_wconf 88' lang='lat' dir='ltr'><strong>de</strong></span> <span class='ocrx_word' id='word_1_310' title='bbox 679 3931 788 3986; x_wconf 89' lang='lat' dir='ltr'><strong>illis</strong></span> <span class='ocrx_word' id='word_1_311' title='bbox 823 3931 1006 4000; x_wconf 88' lang='lat' dir='ltr'><strong>itaque</strong></span> <span class='ocrx_word' id='word_1_312' title='bbox 1041 3934 1144 3986; x_wconf 90' lang='lat' dir='ltr'><strong>hoc</strong></span> <span class='ocrx_word' id='word_1_313' title='bbox 1191 3932 1409 3998; x_wconf 90' lang='lat' dir='ltr'><strong>dicitur,</strong></span> <span class='ocrx_word' id='word_1_314' title='bbox 1439 3933 1532 4002; x_wconf 89' lang='lat' dir='ltr'><strong>qui</strong></span> <span class='ocrx_word' id='word_1_315' title='bbox 1559 3949 1687 4002; x_wconf 85' lang='lat' dir='ltr'><strong>pec-</strong></span> 
     </span>
    </p>
   </div>
   <div class='ocr_carea' id='block_1_43' title="bbox 99 4021 1688 4090">
    <p class='ocr_par' dir='ltr' id='par_1_43' title="bbox 99 4021 1688 4090">
     <span class='ocr_line' id='line_1_43' title="bbox 99 4021 1688 4090; baseline -0.004 -11"><span class='ocrx_word' id='word_1_316' title='bbox 99 4024 232 4079; x_wconf 81' lang='lat' dir='ltr'><strong>catis</strong></span> <span class='ocrx_word' id='word_1_317' title='bbox 257 4023 380 4078; x_wconf 87' lang='lat' dir='ltr'><strong>suis</strong></span> <span class='ocrx_word' id='word_1_318' title='bbox 403 4021 611 4076; x_wconf 88' lang='lat' dir='ltr'><strong>astricti</strong></span> <span class='ocrx_word' id='word_1_319' title='bbox 641 4029 695 4075; x_wconf 90' lang='lat' dir='ltr'><strong>et</strong></span> <span class='ocrx_word' id='word_1_320' title='bbox 712 4021 860 4075; x_wconf 84' lang='lat' dir='ltr'><strong>velut</strong></span> <span class='ocrx_word' id='word_1_321' title='bbox 885 4022 1172 4090; x_wconf 89' lang='lat' dir='ltr'><strong>compediti</strong></span> <span class='ocrx_word' id='word_1_322' title='bbox 1199 4024 1540 4080; x_wconf 86' lang='lat' dir='ltr'><strong>tenebantur.</strong></span> <span class='ocrx_word' id='word_1_323' title='bbox 1575 4024 1688 4079; x_wconf 78' lang='lat' dir='ltr'><strong>Un-</strong></span> 
     </span>
    </p>
   </div>
   <div class='ocr_carea' id='block_1_44' title="bbox 101 4110 1688 4182">
    <p class='ocr_par' dir='ltr' id='par_1_44' title="bbox 101 4110 1688 4182">
     <span class='ocr_line' id='line_1_44' title="bbox 101 4110 1688 4182; baseline 0.001 -16"><span class='ocrx_word' id='word_1_324' title='bbox 101 4112 162 4166; x_wconf 90' lang='lat' dir='ltr'><strong>de</strong></span> <span class='ocrx_word' id='word_1_325' title='bbox 189 4118 418 4166; x_wconf 83' lang='lat' dir='ltr'><strong>constat</strong></span> <span class='ocrx_word' id='word_1_326' title='bbox 445 4110 574 4179; x_wconf 90' lang='lat' dir='ltr'><strong>quia</strong></span> <span class='ocrx_word' id='word_1_327' title='bbox 602 4118 658 4165; x_wconf 88' lang='lat' dir='ltr'><strong>et</strong></span> <span class='ocrx_word' id='word_1_328' title='bbox 699 4125 798 4165; x_wconf 89' lang='lat' dir='ltr'><strong>nos</strong></span> <span class='ocrx_word' id='word_1_329' title='bbox 843 4111 1276 4181; x_wconf 87' lang='lat' dir='ltr'><strong>quotiescunque</strong></span> <span class='ocrx_word' id='word_1_330' title='bbox 1300 4126 1613 4182; x_wconf 84' lang='lat' dir='ltr'><strong>peccamus,</strong></span> <span class='ocrx_word' id='word_1_331' title='bbox 1629 4121 1688 4169; x_wconf 89' lang='lat' dir='ltr'><strong>et</strong></span> 
     </span>
    </p>
   </div>
   <div class='ocr_carea' id='block_1_45' title="bbox 103 4202 1688 4276">
    <p class='ocr_par' dir='ltr' id='par_1_45' title="bbox 103 4202 1688 4276">
     <span class='ocr_line' id='line_1_45' title="bbox 103 4202 1688 4276; baseline -0.001 -15"><span class='ocrx_word' id='word_1_332' title='bbox 103 4205 300 4276; x_wconf 82' lang='lat' dir='ltr'><strong>captivi</strong></span> <span class='ocrx_word' id='word_1_333' title='bbox 339 4203 573 4258; x_wconf 85' lang='lat' dir='ltr'><strong>dicimur</strong></span> <span class='ocrx_word' id='word_1_334' title='bbox 597 4202 654 4256; x_wconf 85' lang='lat' dir='ltr'><strong>in</strong></span> <span class='ocrx_word' id='word_1_335' title='bbox 675 4202 791 4272; x_wconf 86' lang='lat' dir='ltr'><strong>lege</strong></span> <span class='ocrx_word' id='word_1_336' title='bbox 813 4203 1045 4271; x_wconf 89' lang='lat' dir='ltr'><strong>peccati,</strong></span> <span class='ocrx_word' id='word_1_337' title='bbox 1077 4217 1249 4272; x_wconf 85' lang='lat' dir='ltr'><strong>genua</strong></span> <span class='ocrx_word' id='word_1_338' title='bbox 1275 4212 1464 4258; x_wconf 88' lang='lat' dir='ltr'><strong>nostra</strong></span> <span class='ocrx_word' id='word_1_339' title='bbox 1491 4220 1688 4260; x_wconf 77' lang='lat' dir='ltr'><strong>curva-</strong></span> 
     </span>
    </p>
   </div>
   <div class='ocr_carea' id='block_1_46' title="bbox 101 4294 1688 4362">
    <p class='ocr_par' dir='ltr' id='par_1_46' title="bbox 101 4294 1688 4362">
     <span class='ocr_line' id='line_1_46' title="bbox 101 4294 1688 4362; baseline -0.001 -8"><span class='ocrx_word' id='word_1_340' title='bbox 101 4311 226 4354; x_wconf 80' lang='lat' dir='ltr'><strong>mus</strong></span> <span class='ocrx_word' id='word_1_341' title='bbox 247 4296 483 4352; x_wconf 88' lang='lat' dir='ltr'><strong>Baalim.</strong></span> <span class='ocrx_word' id='word_1_342' title='bbox 518 4294 626 4350; x_wconf 90' lang='lat' dir='ltr'><strong>Sed</strong></span> <span class='ocrx_word' id='word_1_343' title='bbox 671 4310 777 4350; x_wconf 91' lang='lat' dir='ltr'><strong>non</strong></span> <span class='ocrx_word' id='word_1_344' title='bbox 805 4295 861 4348; x_wconf 89' lang='lat' dir='ltr'><strong>in</strong></span> <span class='ocrx_word' id='word_1_345' title='bbox 899 4296 1003 4350; x_wconf 90' lang='lat' dir='ltr'><strong>hoc</strong></span> <span class='ocrx_word' id='word_1_346' title='bbox 1020 4296 1198 4350; x_wconf 90' lang='lat' dir='ltr'><strong>vocati</strong></span> <span class='ocrx_word' id='word_1_347' title='bbox 1224 4311 1430 4362; x_wconf 90' lang='lat' dir='ltr'><strong>sumus,</strong></span> <span class='ocrx_word' id='word_1_348' title='bbox 1485 4312 1586 4352; x_wconf 89' lang='lat' dir='ltr'><strong>nec</strong></span> <span class='ocrx_word' id='word_1_349' title='bbox 1618 4297 1688 4352; x_wconf 85' lang='lat' dir='ltr'><strong>ad</strong></span> 
     </span>
    </p>
   </div>
   <div class='ocr_carea' id='block_1_47' title="bbox 104 4386 1688 4456">
    <p class='ocr_par' dir='ltr' id='par_1_47' title="bbox 104 4386 1688 4456">
     <span class='ocr_line' id='line_1_47' title="bbox 104 4386 1688 4456; baseline -0.003 -10"><span class='ocrx_word' id='word_1_350' title='bbox 104 4392 203 4446; x_wconf 85' lang='lat' dir='ltr'><strong>hoc</strong></span> <span class='ocrx_word' id='word_1_351' title='bbox 237 4388 603 4451; x_wconf 86' lang='lat' dir='ltr'><strong>credidimus,</strong></span> <span class='ocrx_word' id='word_1_352' title='bbox 647 4395 708 4440; x_wconf 91' lang='lat' dir='ltr'><strong>ut</strong></span> <span class='ocrx_word' id='word_1_353' title='bbox 763 4386 960 4439; x_wconf 87' lang='lat' dir='ltr'><strong>iterum</strong></span> <span class='ocrx_word' id='word_1_354' title='bbox 997 4387 1298 4442; x_wconf 86' lang='lat' dir='ltr'><strong>serviamus</strong></span> <span class='ocrx_word' id='word_1_355' title='bbox 1342 4395 1584 4456; x_wconf 86' lang='lat' dir='ltr'><strong>peccato,</strong></span> <span class='ocrx_word' id='word_1_356' title='bbox 1632 4398 1688 4442; x_wconf 88' lang='lat' dir='ltr'><strong>et</strong></span> 
     </span>
    </p>
   </div>
   <div class='ocr_carea' id='block_1_48' title="bbox 103 4477 1686 4552">
    <p class='ocr_par' dir='ltr' id='par_1_48' title="bbox 103 4477 1686 4552">
     <span class='ocr_line' id='line_1_48' title="bbox 103 4477 1686 4552; baseline -0.003 -13"><span class='ocrx_word' id='word_1_357' title='bbox 103 4482 300 4539; x_wconf 86' lang='lat' dir='ltr'><strong>iterum</strong></span> <span class='ocrx_word' id='word_1_358' title='bbox 335 4493 513 4552; x_wconf 85' lang='lat' dir='ltr'><strong>genua</strong></span> <span class='ocrx_word' id='word_1_359' title='bbox 562 4477 844 4534; x_wconf 87' lang='lat' dir='ltr'><strong>ﬂectamus</strong></span> <span class='ocrx_word' id='word_1_360' title='bbox 877 4478 1130 4544; x_wconf 85' lang='lat' dir='ltr'><strong>diabolo;</strong></span> <span class='ocrx_word' id='word_1_361' title='bbox 1198 4480 1293 4534; x_wconf 90' lang='lat' dir='ltr'><strong>sed</strong></span> <span class='ocrx_word' id='word_1_362' title='bbox 1323 4489 1383 4533; x_wconf 93' lang='lat' dir='ltr'><strong>ut</strong></span> <span class='ocrx_word' id='word_1_363' title='bbox 1409 4479 1686 4536; x_wconf 84' lang='lat' dir='ltr'><strong>ﬂectamus</strong></span> 
     </span>
    </p>
   </div>
   <div class='ocr_carea' id='block_1_49' title="bbox 104 4567 1687 4646">
    <p class='ocr_par' dir='ltr' id='par_1_49' title="bbox 104 4567 1687 4646">
     <span class='ocr_line' id='line_1_49' title="bbox 104 4567 1687 4646; baseline -0.003 -16"><span class='ocrx_word' id='word_1_364' title='bbox 104 4589 277 4646; x_wconf 85' lang='lat' dir='ltr'><strong>genua</strong></span> <span class='ocrx_word' id='word_1_365' title='bbox 324 4571 386 4626; x_wconf 88' lang='lat' dir='ltr'><strong>in</strong></span> <span class='ocrx_word' id='word_1_366' title='bbox 438 4569 659 4625; x_wconf 89' lang='lat' dir='ltr'><strong>nomine</strong></span> <span class='ocrx_word' id='word_1_367' title='bbox 687 4567 836 4632; x_wconf 87' lang='lat' dir='ltr'><strong>Jesu,</strong></span> <span class='ocrx_word' id='word_1_368' title='bbox 875 4569 1002 4636; x_wconf 88' lang='lat' dir='ltr'><strong>quia</strong></span> <span class='ocrx_word' id='word_1_369' title='bbox 1027 4570 1082 4622; x_wconf 87' lang='lat' dir='ltr'><strong>in</strong></span> <span class='ocrx_word' id='word_1_370' title='bbox 1122 4571 1329 4624; x_wconf 81' lang='lat' dir='ltr'><strong>nomine</strong></span> <span class='ocrx_word' id='word_1_371' title='bbox 1374 4570 1504 4625; x_wconf 82' lang='lat' dir='ltr'><strong>Jesu</strong></span> <span class='ocrx_word' id='word_1_372' title='bbox 1536 4589 1687 4626; x_wconf 83' lang='lat' dir='ltr'><strong>omne</strong></span> 
     </span>
    </p>
   </div>
   <div class='ocr_carea' id='block_1_50' title="bbox 103 4657 1686 4737">
    <p class='ocr_par' dir='ltr' id='par_1_50' title="bbox 103 4657 1686 4737">
     <span class='ocr_line' id='line_1_50' title="bbox 103 4657 1686 4737; baseline -0.003 -18"><span class='ocrx_word' id='word_1_373' title='bbox 103 4682 236 4737; x_wconf 79' lang='lat' dir='ltr'><strong>genu</strong></span> <span class='ocrx_word' id='word_1_374' title='bbox 260 4662 520 4735; x_wconf 83' lang='lat' dir='ltr'><strong>ﬂectitur,</strong></span> <span class='ocrx_word' id='word_1_375' title='bbox 550 4657 836 4714; x_wconf 64' lang='lat' dir='ltr'><strong>caelestium</strong></span> <span class='ocrx_word' id='word_1_376' title='bbox 853 4665 903 4712; x_wconf 89' lang='lat' dir='ltr'><strong>et</strong></span> <span class='ocrx_word' id='word_1_377' title='bbox 931 4658 1251 4713; x_wconf 77' lang='lat' dir='ltr'><strong>terrestrium</strong></span> <span class='ocrx_word' id='word_1_378' title='bbox 1275 4668 1322 4712; x_wconf 88' lang='lat' dir='ltr'><strong>et</strong></span> <span class='ocrx_word' id='word_1_379' title='bbox 1358 4660 1686 4728; x_wconf 81' lang='lat' dir='ltr'><strong>infernarum</strong></span> 
     </span>
    </p>
   </div>
   <div class='ocr_carea' id='block_1_51' title="bbox 105 4748 1690 4826">
    <p class='ocr_par' dir='ltr' id='par_1_51' title="bbox 105 4748 1690 4826">
     <span class='ocr_line' id='line_1_51' title="bbox 105 4748 1690 4826; baseline -0.001 -18"><span class='ocrx_word' id='word_1_380' title='bbox 105 4755 271 4826; x_wconf 81' lang='lat' dir='ltr'><strong>(Phil.</strong></span> <span class='ocrx_word' id='word_1_381' title='bbox 296 4753 360 4823; x_wconf 86' lang='grc' dir='ltr'><strong>ιι)</strong></span> <span class='ocrx_word' id='word_1_382' title='bbox 387 4769 402 4817; x_wconf 89' lang='grc'><strong>;</strong></span> <span class='ocrx_word' id='word_1_383' title='bbox 427 4761 484 4806; x_wconf 92' lang='lat' dir='ltr'><strong>et</strong></span> <span class='ocrx_word' id='word_1_384' title='bbox 517 4759 578 4804; x_wconf 90' lang='lat' dir='ltr'><strong>ut</strong></span> <span class='ocrx_word' id='word_1_385' title='bbox 603 4748 882 4804; x_wconf 88' lang='lat' dir='ltr'><strong>ﬂectamus</strong></span> <span class='ocrx_word' id='word_1_386' title='bbox 910 4764 1081 4820; x_wconf 86' lang='lat' dir='ltr'><strong>genua</strong></span> <span class='ocrx_word' id='word_1_387' title='bbox 1119 4749 1185 4802; x_wconf 86' lang='lat' dir='ltr'><strong>ad</strong></span> <span class='ocrx_word' id='word_1_388' title='bbox 1217 4748 1434 4804; x_wconf 82' lang='lat' dir='ltr'><strong>Patrem</strong></span> <span class='ocrx_word' id='word_1_389' title='bbox 1476 4751 1690 4807; x_wconf 90' lang='lat' dir='ltr'><strong>Domini</strong></span> 
     </span>
    </p>
   </div>
   <div class='ocr_carea' id='block_1_52' title="bbox 105 4841 1688 4910">
    <p class='ocr_par' dir='ltr' id='par_1_52' title="bbox 105 4841 1688 4910">
     <span class='ocr_line' id='line_1_52' title="bbox 105 4841 1688 4910; baseline -0.003 -10"><span class='ocrx_word' id='word_1_390' title='bbox 105 4847 274 4902; x_wconf 90' lang='lat' dir='ltr'><strong>nostri</strong></span> <span class='ocrx_word' id='word_1_391' title='bbox 307 4842 439 4898; x_wconf 82' lang='lat' dir='ltr'><strong>Jesu</strong></span> <span class='ocrx_word' id='word_1_392' title='bbox 465 4841 690 4905; x_wconf 84' lang='lat' dir='ltr'><strong>Christi,</strong></span> <span class='ocrx_word' id='word_1_393' title='bbox 719 4857 783 4894; x_wconf 78' lang='lat' dir='ltr'><strong>ea:</strong></span> <span class='ocrx_word' id='word_1_394' title='bbox 809 4856 910 4910; x_wconf 84' lang='lat' dir='ltr'><strong>quo</strong></span> <span class='ocrx_word' id='word_1_395' title='bbox 953 4841 1122 4894; x_wconf 86' lang='lat' dir='ltr'><strong>omnis</strong></span> <span class='ocrx_word' id='word_1_396' title='bbox 1157 4841 1444 4910; x_wconf 82' lang='lat' dir='ltr'><strong>paternitas</strong></span> <span class='ocrx_word' id='word_1_397' title='bbox 1469 4841 1522 4893; x_wconf 84' lang='lat' dir='ltr'><strong>in</strong></span> <span class='ocrx_word' id='word_1_398' title='bbox 1549 4843 1688 4896; x_wconf 77' lang='lat' dir='ltr'><strong>caelis</strong></span> 
     </span>
    </p>
   </div>
   <div class='ocr_carea' id='block_1_53' title="bbox 106 4932 1688 5004">
    <p class='ocr_par' dir='ltr' id='par_1_53' title="bbox 106 4932 1688 5004">
     <span class='ocr_line' id='line_1_53' title="bbox 106 4932 1688 5004; baseline -0.001 -11"><span class='ocrx_word' id='word_1_399' title='bbox 106 4941 231 4994; x_wconf 83' lang='lat' dir='ltr'><strong>etin</strong></span> <span class='ocrx_word' id='word_1_400' title='bbox 275 4947 423 4991; x_wconf 81' lang='lat' dir='ltr'><strong>terra</strong></span> <span class='ocrx_word' id='word_1_401' title='bbox 448 4934 748 4987; x_wconf 83' lang='lat' dir='ltr'><strong>nominatur</strong></span> <span class='ocrx_word' id='word_1_402' title='bbox 775 4933 990 5003; x_wconf 73' lang='lat' dir='ltr'><strong>(Epiros.</strong></span> <span class='ocrx_word' id='word_1_403' title='bbox 1031 4932 1136 5004; x_wconf 82' lang='lat' dir='ltr'><strong>ill).</strong></span> <span class='ocrx_word' id='word_1_404' title='bbox 1176 4933 1358 4988; x_wconf 87' lang='lat' dir='ltr'><strong>Sedet</strong></span> <span class='ocrx_word' id='word_1_405' title='bbox 1394 4936 1522 5004; x_wconf 86' lang='lat' dir='ltr'><strong>quid</strong></span> <span class='ocrx_word' id='word_1_406' title='bbox 1554 4935 1688 4991; x_wconf 89' lang='lat' dir='ltr'><strong>mihi</strong></span> 
     </span>
    </p>
   </div>
   <div class='ocr_carea' id='block_1_54' title="bbox 106 5025 1690 5101">
    <p class='ocr_par' dir='ltr' id='par_1_54' title="bbox 106 5025 1690 5101">
     <span class='ocr_line' id='line_1_54' title="bbox 106 5025 1690 5101; baseline -0.003 -14"><span class='ocrx_word' id='word_1_407' title='bbox 106 5033 325 5101; x_wconf 83' lang='lat' dir='ltr'><strong>prodest</strong></span> <span class='ocrx_word' id='word_1_408' title='bbox 351 5028 398 5082; x_wconf 89' lang='lat' dir='ltr'><strong>si</strong></span> <span class='ocrx_word' id='word_1_409' title='bbox 428 5039 602 5097; x_wconf 85' lang='lat' dir='ltr'><strong>genua</strong></span> <span class='ocrx_word' id='word_1_410' title='bbox 629 5025 873 5094; x_wconf 89' lang='lat' dir='ltr'><strong>corporis</strong></span> <span class='ocrx_word' id='word_1_411' title='bbox 912 5026 1018 5080; x_wconf 91' lang='lat' dir='ltr'><strong>mei</strong></span> <span class='ocrx_word' id='word_1_412' title='bbox 1041 5027 1108 5080; x_wconf 88' lang='lat' dir='ltr'><strong>ad</strong></span> <span class='ocrx_word' id='word_1_413' title='bbox 1135 5027 1436 5082; x_wconf 89' lang='lat' dir='ltr'><strong>orationem</strong></span> <span class='ocrx_word' id='word_1_414' title='bbox 1465 5027 1690 5083; x_wconf 86' lang='lat' dir='ltr'><strong>veniens</strong></span> 
     </span>
    </p>
   </div>
   <div class='ocr_carea' id='block_1_55' title="bbox 106 5116 1688 5183">
    <p class='ocr_par' dir='ltr' id='par_1_55' title="bbox 106 5116 1688 5183">
     <span class='ocr_line' id='line_1_55' title="bbox 106 5116 1688 5183; baseline 0.001 -11"><span class='ocrx_word' id='word_1_415' title='bbox 106 5120 318 5176; x_wconf 86' lang='lat' dir='ltr'><strong>llectam</strong></span> <span class='ocrx_word' id='word_1_416' title='bbox 351 5119 486 5182; x_wconf 93' lang='lat' dir='ltr'><strong>Deo,</strong></span> <span class='ocrx_word' id='word_1_417' title='bbox 535 5123 590 5170; x_wconf 89' lang='lat' dir='ltr'><strong>et</strong></span> <span class='ocrx_word' id='word_1_418' title='bbox 613 5129 789 5183; x_wconf 79' lang='lat' dir='ltr'><strong>genua</strong></span> <span class='ocrx_word' id='word_1_419' title='bbox 815 5116 995 5171; x_wconf 88' lang='lat' dir='ltr'><strong>cordis</strong></span> <span class='ocrx_word' id='word_1_420' title='bbox 1039 5117 1147 5170; x_wconf 89' lang='lat' dir='ltr'><strong>mei</strong></span> <span class='ocrx_word' id='word_1_421' title='bbox 1173 5116 1386 5171; x_wconf 86' lang='lat' dir='ltr'><strong>ﬂcetam</strong></span> <span class='ocrx_word' id='word_1_422' title='bbox 1431 5119 1688 5174; x_wconf 87' lang='lat' dir='ltr'><strong>diabolo?</strong></span> 
     </span>
    </p>
   </div>
   <div class='ocr_carea' id='block_1_56' title="bbox 107 5206 1686 5281">
    <p class='ocr_par' dir='ltr' id='par_1_56' title="bbox 107 5206 1686 5281">
     <span class='ocr_line' id='line_1_56' title="bbox 107 5206 1686 5281; baseline -0.003 -13"><span class='ocrx_word' id='word_1_423' title='bbox 107 5211 162 5268; x_wconf 86' lang='lat' dir='ltr'><strong>Si</strong></span> <span class='ocrx_word' id='word_1_424' title='bbox 205 5212 358 5268; x_wconf 87' lang='lat' dir='ltr'><strong>enim</strong></span> <span class='ocrx_word' id='word_1_425' title='bbox 407 5224 517 5263; x_wconf 89' lang='lat' dir='ltr'><strong>non</strong></span> <span class='ocrx_word' id='word_1_426' title='bbox 543 5215 744 5263; x_wconf 82' lang='lat' dir='ltr'><strong>stetero</strong></span> <span class='ocrx_word' id='word_1_427' title='bbox 772 5206 960 5262; x_wconf 85' lang='lat' dir='ltr'><strong>ﬁrmus</strong></span> <span class='ocrx_word' id='word_1_428' title='bbox 999 5207 1284 5262; x_wconf 89' lang='lat' dir='ltr'><strong>adversum</strong></span> <span class='ocrx_word' id='word_1_429' title='bbox 1325 5210 1550 5263; x_wconf 90' lang='lat' dir='ltr'><strong>astutias</strong></span> <span class='ocrx_word' id='word_1_430' title='bbox 1573 5210 1686 5281; x_wconf 82' lang='lat' dir='ltr'><strong>dia-</strong></span> 
     </span>
    </p>
   </div>
   <div class='ocr_carea' id='block_1_57' title="bbox 105 5301 1688 5373">
    <p class='ocr_par' dir='ltr' id='par_1_57' title="bbox 105 5301 1688 5373">
     <span class='ocr_line' id='line_1_57' title="bbox 105 5301 1688 5373; baseline -0.001 -15"><span class='ocrx_word' id='word_1_431' title='bbox 105 5303 228 5371; x_wconf 89' lang='lat' dir='ltr'><strong>boli,</strong></span> <span class='ocrx_word' id='word_1_432' title='bbox 253 5303 386 5360; x_wconf 67' lang='lat' dir='ltr'><strong>ﬂexi</strong></span> <span class='ocrx_word' id='word_1_433' title='bbox 433 5315 605 5373; x_wconf 80' lang='lat' dir='ltr'><strong>genua</strong></span> <span class='ocrx_word' id='word_1_434' title='bbox 645 5316 767 5356; x_wconf 89' lang='lat' dir='ltr'><strong>mea</strong></span> <span class='ocrx_word' id='word_1_435' title='bbox 792 5301 1039 5366; x_wconf 89' lang='lat' dir='ltr'><strong>diabolo;</strong></span> <span class='ocrx_word' id='word_1_436' title='bbox 1068 5309 1124 5354; x_wconf 91' lang='lat' dir='ltr'><strong>et</strong></span> <span class='ocrx_word' id='word_1_437' title='bbox 1148 5301 1193 5356; x_wconf 89' lang='lat' dir='ltr'><strong>si</strong></span> <span class='ocrx_word' id='word_1_438' title='bbox 1223 5316 1330 5356; x_wconf 92' lang='lat' dir='ltr'><strong>non</strong></span> <span class='ocrx_word' id='word_1_439' title='bbox 1371 5310 1688 5357; x_wconf 87' lang='lat' dir='ltr'><strong>constanter</strong></span> 
     </span>
    </p>
   </div>
   <div class='ocr_carea' id='block_1_58' title="bbox 107 5392 1687 5463">
    <p class='ocr_par' dir='ltr' id='par_1_58' title="bbox 107 5392 1687 5463">
     <span class='ocr_line' id='line_1_58' title="bbox 107 5392 1687 5463; baseline -0.004 -11"><span class='ocrx_word' id='word_1_440' title='bbox 107 5405 311 5452; x_wconf 87' lang='lat' dir='ltr'><strong>stetero</strong></span> <span class='ocrx_word' id='word_1_441' title='bbox 362 5395 618 5449; x_wconf 85' lang='lat' dir='ltr'><strong>adversus</strong></span> <span class='ocrx_word' id='word_1_442' title='bbox 643 5393 800 5459; x_wconf 89' lang='lat' dir='ltr'><strong>iram,</strong></span> <span class='ocrx_word' id='word_1_443' title='bbox 843 5392 968 5448; x_wconf 80' lang='lat' dir='ltr'><strong>ﬂexi</strong></span> <span class='ocrx_word' id='word_1_444' title='bbox 1017 5407 1185 5463; x_wconf 85' lang='lat' dir='ltr'><strong>genua</strong></span> <span class='ocrx_word' id='word_1_445' title='bbox 1219 5407 1340 5446; x_wconf 89' lang='lat' dir='ltr'><strong>mea</strong></span> <span class='ocrx_word' id='word_1_446' title='bbox 1371 5393 1486 5446; x_wconf 84' lang='lat' dir='ltr'><strong>irae.</strong></span> <span class='ocrx_word' id='word_1_447' title='bbox 1521 5392 1687 5446; x_wconf 88' lang='lat' dir='ltr'><strong>Simi-</strong></span> 
     </span>
    </p>
   </div>
   <div class='ocr_carea' id='block_1_59' title="bbox 107 5484 1688 5545">
    <p class='ocr_par' dir='ltr' id='par_1_59' title="bbox 107 5484 1688 5545">
     <span class='ocr_line' id='line_1_59' title="bbox 107 5484 1688 5545; baseline -0.002 -3"><span class='ocrx_word' id='word_1_448' title='bbox 107 5487 229 5545; x_wconf 86' lang='lat' dir='ltr'><strong>liter</strong></span> <span class='ocrx_word' id='word_1_449' title='bbox 254 5497 314 5544; x_wconf 89' lang='lat' dir='ltr'><strong>et</strong></span> <span class='ocrx_word' id='word_1_450' title='bbox 342 5488 392 5543; x_wconf 88' lang='lat' dir='ltr'><strong>si</strong></span> <span class='ocrx_word' id='word_1_451' title='bbox 428 5502 535 5542; x_wconf 89' lang='lat' dir='ltr'><strong>non</strong></span> <span class='ocrx_word' id='word_1_452' title='bbox 567 5493 880 5541; x_wconf 88' lang='lat' dir='ltr'><strong>constanter</strong></span> <span class='ocrx_word' id='word_1_453' title='bbox 900 5485 1190 5540; x_wconf 86' lang='lat' dir='ltr'><strong>adversum</strong></span> <span class='ocrx_word' id='word_1_454' title='bbox 1226 5484 1503 5540; x_wconf 87' lang='lat' dir='ltr'><strong>libidinem</strong></span> <span class='ocrx_word' id='word_1_455' title='bbox 1534 5486 1688 5539; x_wconf 84' lang='lat' dir='ltr'><strong>resti-</strong></span> 
     </span>
    </p>
   </div>
   <div class='ocr_carea' id='block_1_60' title="bbox 110 5576 1689 5648">
    <p class='ocr_par' dir='ltr' id='par_1_60' title="bbox 110 5576 1689 5648">
     <span class='ocr_line' id='line_1_60' title="bbox 110 5576 1689 5648; baseline -0.003 -13"><span class='ocrx_word' id='word_1_456' title='bbox 110 5588 244 5644; x_wconf 88' lang='lat' dir='ltr'><strong>tero,</strong></span> <span class='ocrx_word' id='word_1_457' title='bbox 273 5578 400 5634; x_wconf 72' lang='grc' dir='ltr'><strong>Πεκὶ</strong></span> <span class='ocrx_word' id='word_1_458' title='bbox 449 5577 654 5631; x_wconf 88' lang='lat' dir='ltr'><strong>libidini</strong></span> <span class='ocrx_word' id='word_1_459' title='bbox 697 5589 870 5648; x_wconf 84' lang='lat' dir='ltr'><strong>genua</strong></span> <span class='ocrx_word' id='word_1_460' title='bbox 897 5577 1078 5632; x_wconf 83' lang='lat' dir='ltr'><strong>cordis</strong></span> <span class='ocrx_word' id='word_1_461' title='bbox 1125 5576 1250 5639; x_wconf 84' lang='lat' dir='ltr'><strong>mei,</strong></span> <span class='ocrx_word' id='word_1_462' title='bbox 1292 5583 1346 5628; x_wconf 89' lang='lat' dir='ltr'><strong>et</strong></span> <span class='ocrx_word' id='word_1_463' title='bbox 1381 5576 1431 5629; x_wconf 88' lang='lat' dir='ltr'><strong>in</strong></span> <span class='ocrx_word' id='word_1_464' title='bbox 1464 5577 1689 5645; x_wconf 79' lang='lat' dir='ltr'><strong>singulis</strong></span> 
     </span>
    </p>
   </div>
   <div class='ocr_carea' id='block_1_61' title="bbox 113 5670 1688 5743">
    <p class='ocr_par' dir='ltr' id='par_1_61' title="bbox 113 5670 1688 5743">
     <span class='ocr_line' id='line_1_61' title="bbox 113 5670 1688 5743; baseline -0.002 -16"><span class='ocrx_word' id='word_1_465' title='bbox 113 5675 416 5743; x_wconf 79' lang='lat' dir='ltr'><strong>quibusque</strong></span> <span class='ocrx_word' id='word_1_466' title='bbox 446 5683 566 5739; x_wconf 65' lang='lat' dir='ltr'><strong>qua:</strong></span> <span class='ocrx_word' id='word_1_467' title='bbox 594 5673 866 5725; x_wconf 88' lang='lat' dir='ltr'><strong>contraria</strong></span> <span class='ocrx_word' id='word_1_468' title='bbox 911 5681 1039 5726; x_wconf 86' lang='lat' dir='ltr'><strong>sunt</strong></span> <span class='ocrx_word' id='word_1_469' title='bbox 1081 5671 1212 5734; x_wconf 82' lang='lat' dir='ltr'><strong>Deo,</strong></span> <span class='ocrx_word' id='word_1_470' title='bbox 1248 5671 1351 5725; x_wconf 91' lang='lat' dir='ltr'><strong>hoc</strong></span> <span class='ocrx_word' id='word_1_471' title='bbox 1391 5670 1567 5725; x_wconf 80' lang='lat' dir='ltr'><strong>facere</strong></span> <span class='ocrx_word' id='word_1_472' title='bbox 1605 5671 1688 5724; x_wconf 90' lang='lat' dir='ltr'><strong>vi-</strong></span> 
     </span>
    </p>
   </div>
   <div class='ocr_carea' id='block_1_62' title="bbox 116 5761 1690 5829">
    <p class='ocr_par' dir='ltr' id='par_1_62' title="bbox 116 5761 1690 5829">
     <span class='ocr_line' id='line_1_62' title="bbox 116 5761 1690 5829; baseline -0.003 -7"><span class='ocrx_word' id='word_1_473' title='bbox 116 5763 298 5829; x_wconf 69' lang='lat' dir='ltr'><strong>debor,</strong></span> <span class='ocrx_word' id='word_1_474' title='bbox 356 5763 458 5820; x_wconf 87' lang='lat' dir='ltr'><strong>nisi</strong></span> <span class='ocrx_word' id='word_1_475' title='bbox 496 5769 808 5818; x_wconf 86' lang='lat' dir='ltr'><strong>constanter</strong></span> <span class='ocrx_word' id='word_1_476' title='bbox 862 5772 916 5819; x_wconf 90' lang='lat' dir='ltr'><strong>et</strong></span> <span class='ocrx_word' id='word_1_477' title='bbox 943 5763 1154 5819; x_wconf 82' lang='lat' dir='ltr'><strong>fortiter</strong></span> <span class='ocrx_word' id='word_1_478' title='bbox 1180 5769 1404 5827; x_wconf 81' lang='lat' dir='ltr'><strong>stetere,</strong></span> <span class='ocrx_word' id='word_1_479' title='bbox 1429 5762 1588 5818; x_wconf 88' lang='lat' dir='ltr'><strong>sicuti</strong></span> <span class='ocrx_word' id='word_1_480' title='bbox 1610 5761 1690 5818; x_wconf 90' lang='lat' dir='ltr'><strong>illi</strong></span> 
     </span>
    </p>
   </div>
   <div class='ocr_carea' id='block_1_63' title="bbox 1779 549 3354 627">
    <p class='ocr_par' dir='ltr' id='par_1_63' title="bbox 1779 549 3354 627">
     <span class='ocr_line' id='line_1_63' title="bbox 1779 549 3354 627; baseline 0.011 -31"><span class='ocrx_word' id='word_1_481' title='bbox 1779 552 1994 614; x_wconf 85' lang='lat' dir='ltr'><strong>patrum</strong></span> <span class='ocrx_word' id='word_1_482' title='bbox 2041 561 2284 613; x_wconf 87' lang='lat' dir='ltr'><strong>suorum,</strong></span> <span class='ocrx_word' id='word_1_483' title='bbox 2339 549 2431 617; x_wconf 92' lang='lat' dir='ltr'><strong>qui</strong></span> <span class='ocrx_word' id='word_1_484' title='bbox 2460 549 2647 604; x_wconf 85' lang='lat' dir='ltr'><strong>eduxit</strong></span> <span class='ocrx_word' id='word_1_485' title='bbox 2674 549 2793 604; x_wconf 85' lang='lat' dir='ltr'><strong>illos</strong></span> <span class='ocrx_word' id='word_1_486' title='bbox 2820 550 2885 604; x_wconf 90' lang='lat' dir='ltr'><strong>de</strong></span> <span class='ocrx_word' id='word_1_487' title='bbox 2933 560 3080 608; x_wconf 88' lang='lat' dir='ltr'><strong>terra</strong></span> <span class='ocrx_word' id='word_1_488' title='bbox 3108 553 3354 627; x_wconf 61' lang='lat' dir='ltr'><strong>Egypti.</strong></span> 
     </span>
    </p>
   </div>
   <div class='ocr_carea' id='block_1_64' title="bbox 1780 633 3356 710">
    <p class='ocr_par' dir='ltr' id='par_1_64' title="bbox 1780 633 3356 710">
     <span class='ocr_line' id='line_1_64' title="bbox 1780 633 3356 710; baseline 0.013 -22"><span class='ocrx_word' id='word_1_489' title='bbox 1780 633 1897 689; x_wconf 86' lang='lat' dir='ltr'><strong>Non</strong></span> <span class='ocrx_word' id='word_1_490' title='bbox 1920 635 2086 706; x_wconf 83' lang='lat' dir='ltr'><strong>igitur</strong></span> <span class='ocrx_word' id='word_1_491' title='bbox 2130 647 2378 706; x_wconf 86' lang='lat' dir='ltr'><strong>putemus</strong></span> <span class='ocrx_word' id='word_1_492' title='bbox 2409 641 2554 710; x_wconf 88' lang='lat' dir='ltr'><strong>quod</strong></span> <span class='ocrx_word' id='word_1_493' title='bbox 2603 642 2883 698; x_wconf 88' lang='lat' dir='ltr'><strong>videamur</strong></span> <span class='ocrx_word' id='word_1_494' title='bbox 2925 646 3216 704; x_wconf 84' lang='lat' dir='ltr'><strong>simulacra</strong></span> <span class='ocrx_word' id='word_1_495' title='bbox 3244 665 3356 708; x_wconf 86' lang='lat' dir='ltr'><strong>non</strong></span> 
     </span>
    </p>
   </div>
   <div class='ocr_carea' id='block_1_65' title="bbox 1779 725 3358 797">
    <p class='ocr_par' dir='ltr' id='par_1_65' title="bbox 1779 725 3358 797">
     <span class='ocr_line' id='line_1_65' title="bbox 1779 725 3358 797; baseline 0.009 -16"><span class='ocrx_word' id='word_1_496' title='bbox 1779 725 1979 792; x_wconf 84' lang='lat' dir='ltr'><strong>colere,</strong></span> <span class='ocrx_word' id='word_1_497' title='bbox 2007 737 2290 797; x_wconf 89' lang='lat' dir='ltr'><strong>propterea</strong></span> <span class='ocrx_word' id='word_1_498' title='bbox 2327 729 2444 783; x_wconf 70' lang='lat' dir='ltr'><strong>haac</strong></span> <span class='ocrx_word' id='word_1_499' title='bbox 2488 746 2596 785; x_wconf 90' lang='lat' dir='ltr'><strong>non</strong></span> <span class='ocrx_word' id='word_1_500' title='bbox 2619 732 2786 787; x_wconf 91' lang='lat' dir='ltr'><strong>etiam</strong></span> <span class='ocrx_word' id='word_1_501' title='bbox 2810 736 2879 788; x_wconf 91' lang='lat' dir='ltr'><strong>ad</strong></span> <span class='ocrx_word' id='word_1_502' title='bbox 2905 745 3222 792; x_wconf 88' lang='lat' dir='ltr'><strong>nostrorum</strong></span> <span class='ocrx_word' id='word_1_503' title='bbox 3257 739 3358 795; x_wconf 86' lang='lat' dir='ltr'><strong>ali-</strong></span> 
     </span>
    </p>
   </div>
   <div class='ocr_carea' id='block_1_66' title="bbox 1779 818 3357 898">
    <p class='ocr_par' dir='ltr' id='par_1_66' title="bbox 1779 818 3357 898">
     <span class='ocr_line' id='line_1_66' title="bbox 1779 818 3357 898; baseline 0.01 -29"><span class='ocrx_word' id='word_1_504' title='bbox 1779 830 1914 886; x_wconf 90' lang='lat' dir='ltr'><strong>quos</strong></span> <span class='ocrx_word' id='word_1_505' title='bbox 1939 818 2228 887; x_wconf 86' lang='lat' dir='ltr'><strong>pertinere.</strong></span> <span class='ocrx_word' id='word_1_506' title='bbox 2260 818 2635 888; x_wconf 88' lang='lat' dir='ltr'><strong>Unusquisque</strong></span> <span class='ocrx_word' id='word_1_507' title='bbox 2662 823 2805 891; x_wconf 90' lang='lat' dir='ltr'><strong>quod</strong></span> <span class='ocrx_word' id='word_1_508' title='bbox 2832 839 2945 894; x_wconf 65' lang='lat' dir='ltr'><strong>prae</strong></span> <span class='ocrx_word' id='word_1_509' title='bbox 2970 827 3182 883; x_wconf 66' lang='lat' dir='ltr'><strong>caeteris</strong></span> <span class='ocrx_word' id='word_1_510' title='bbox 3205 828 3357 898; x_wconf 87' lang='lat' dir='ltr'><strong>colit,</strong></span> 
     </span>
    </p>
   </div>
   <div class='ocr_carea' id='block_1_67' title="bbox 1779 908 3356 984">
    <p class='ocr_par' dir='ltr' id='par_1_67' title="bbox 1779 908 3356 984">
     <span class='ocr_line' id='line_1_67' title="bbox 1779 908 3356 984; baseline 0.011 -23"><span class='ocrx_word' id='word_1_511' title='bbox 1779 908 1921 975; x_wconf 85' lang='lat' dir='ltr'><strong>quod</strong></span> <span class='ocrx_word' id='word_1_512' title='bbox 1941 922 2105 976; x_wconf 90' lang='lat' dir='ltr'><strong>super</strong></span> <span class='ocrx_word' id='word_1_513' title='bbox 2123 909 2305 964; x_wconf 88' lang='lat' dir='ltr'><strong>omnia</strong></span> <span class='ocrx_word' id='word_1_514' title='bbox 2332 910 2564 964; x_wconf 87' lang='lat' dir='ltr'><strong>miratur</strong></span> <span class='ocrx_word' id='word_1_515' title='bbox 2577 919 2634 966; x_wconf 88' lang='lat' dir='ltr'><strong>et</strong></span> <span class='ocrx_word' id='word_1_516' title='bbox 2661 913 2856 984; x_wconf 73' lang='lat' dir='ltr'><strong>diligit,</strong></span> <span class='ocrx_word' id='word_1_517' title='bbox 2880 916 2984 972; x_wconf 90' lang='lat' dir='ltr'><strong>hoc</strong></span> <span class='ocrx_word' id='word_1_518' title='bbox 3009 918 3055 972; x_wconf 91' lang='lat' dir='ltr'><strong>ei</strong></span> <span class='ocrx_word' id='word_1_519' title='bbox 3081 919 3223 976; x_wconf 90' lang='lat' dir='ltr'><strong>Deus</strong></span> <span class='ocrx_word' id='word_1_520' title='bbox 3249 930 3356 978; x_wconf 87' lang='lat' dir='ltr'><strong>est.</strong></span> 
     </span>
    </p>
   </div>
   <div class='ocr_carea' id='block_1_68' title="bbox 1779 1000 3358 1081">
    <p class='ocr_par' dir='ltr' id='par_1_68' title="bbox 1779 1000 3358 1081">
     <span class='ocr_line' id='line_1_68' title="bbox 1779 1000 3358 1081; baseline 0.009 -26"><span class='ocrx_word' id='word_1_521' title='bbox 1779 1000 2020 1072; x_wconf 87' lang='lat' dir='ltr'><strong>Denique</strong></span> <span class='ocrx_word' id='word_1_522' title='bbox 2044 1002 2148 1058; x_wconf 90' lang='lat' dir='ltr'><strong>hoc</strong></span> <span class='ocrx_word' id='word_1_523' title='bbox 2190 1011 2274 1058; x_wconf 88' lang='lat' dir='ltr'><strong>est</strong></span> <span class='ocrx_word' id='word_1_524' title='bbox 2314 1004 2458 1072; x_wconf 88' lang='lat' dir='ltr'><strong>quod</strong></span> <span class='ocrx_word' id='word_1_525' title='bbox 2502 1012 2631 1060; x_wconf 88' lang='lat' dir='ltr'><strong>ante</strong></span> <span class='ocrx_word' id='word_1_526' title='bbox 2675 1007 2857 1062; x_wconf 89' lang='lat' dir='ltr'><strong>omnia</strong></span> <span class='ocrx_word' id='word_1_527' title='bbox 2900 1017 2956 1064; x_wconf 89' lang='lat' dir='ltr'><strong>et</strong></span> <span class='ocrx_word' id='word_1_528' title='bbox 2987 1025 3149 1081; x_wconf 86' lang='lat' dir='ltr'><strong>super</strong></span> <span class='ocrx_word' id='word_1_529' title='bbox 3177 1016 3358 1070; x_wconf 87' lang='lat' dir='ltr'><strong>omnia</strong></span> 
     </span>
    </p>
   </div>
   <div class='ocr_carea' id='block_1_69' title="bbox 1779 1092 3360 1165">
    <p class='ocr_par' dir='ltr' id='par_1_69' title="bbox 1779 1092 3360 1165">
     <span class='ocr_line' id='line_1_69' title="bbox 1779 1092 3360 1165; baseline 0.009 -22"><span class='ocrx_word' id='word_1_530' title='bbox 1779 1105 1877 1161; x_wconf 90' lang='lat' dir='ltr'><strong>per</strong></span> <span class='ocrx_word' id='word_1_531' title='bbox 1903 1092 2216 1146; x_wconf 89' lang='lat' dir='ltr'><strong>mandatum</strong></span> <span class='ocrx_word' id='word_1_532' title='bbox 2249 1107 2406 1148; x_wconf 85' lang='lat' dir='ltr'><strong>suum</strong></span> <span class='ocrx_word' id='word_1_533' title='bbox 2434 1093 2578 1149; x_wconf 89' lang='lat' dir='ltr'><strong>Deus</strong></span> <span class='ocrx_word' id='word_1_534' title='bbox 2603 1095 2848 1165; x_wconf 87' lang='lat' dir='ltr'><strong>deposcit</strong></span> <span class='ocrx_word' id='word_1_535' title='bbox 2874 1099 2942 1154; x_wconf 88' lang='lat' dir='ltr'><strong>ab</strong></span> <span class='ocrx_word' id='word_1_536' title='bbox 2965 1101 3183 1157; x_wconf 87' lang='lat' dir='ltr'><strong>homine</strong></span> <span class='ocrx_word' id='word_1_537' title='bbox 3212 1120 3227 1156; x_wconf 90' lang='lat'><strong>:</strong></span> <span class='ocrx_word' id='word_1_538' title='bbox 3259 1104 3360 1158; x_wconf 67' lang='lat' dir='ltr'><strong>Di-</strong></span> 
     </span>
    </p>
   </div>
   <div class='ocr_carea' id='block_1_70' title="bbox 1780 1181 3359 1263">
    <p class='ocr_par' dir='ltr' id='par_1_70' title="bbox 1780 1181 3359 1263">
     <span class='ocr_line' id='line_1_70' title="bbox 1780 1181 3359 1263; baseline 0.01 -28"><span class='ocrx_word' id='word_1_539' title='bbox 1780 1181 1924 1252; x_wconf 84' lang='lat' dir='ltr'><strong>liges,</strong></span> <span class='ocrx_word' id='word_1_540' title='bbox 1955 1183 2150 1251; x_wconf 89' lang='lat' dir='ltr'><strong>inquit,</strong></span> <span class='ocrx_word' id='word_1_541' title='bbox 2177 1184 2461 1241; x_wconf 85' lang='lat' dir='ltr'><strong>Dominum</strong></span> <span class='ocrx_word' id='word_1_542' title='bbox 2483 1187 2652 1243; x_wconf 82' lang='lat' dir='ltr'><strong>Deum</strong></span> <span class='ocrx_word' id='word_1_543' title='bbox 2677 1198 2826 1244; x_wconf 82' lang='lat' dir='ltr'><strong>tuum</strong></span> <span class='ocrx_word' id='word_1_544' title='bbox 2855 1207 2919 1246; x_wconf 79' lang='lat' dir='ltr'><strong>ea;</strong></span> <span class='ocrx_word' id='word_1_545' title='bbox 2939 1200 3046 1246; x_wconf 91' lang='lat' dir='ltr'><strong>toto</strong></span> <span class='ocrx_word' id='word_1_546' title='bbox 3071 1196 3226 1250; x_wconf 86' lang='lat' dir='ltr'><strong>corde</strong></span> <span class='ocrx_word' id='word_1_547' title='bbox 3246 1205 3359 1263; x_wconf 86' lang='lat' dir='ltr'><strong>tuo,</strong></span> 
     </span>
    </p>
   </div>
   <div class='ocr_carea' id='block_1_71' title="bbox 1781 1275 3358 1355">
    <p class='ocr_par' dir='ltr' id='par_1_71' title="bbox 1781 1275 3358 1355">
     <span class='ocr_line' id='line_1_71' title="bbox 1781 1275 3358 1355; baseline 0.01 -30"><span class='ocrx_word' id='word_1_548' title='bbox 1781 1281 1830 1326; x_wconf 87' lang='lat' dir='ltr'><strong>et</strong></span> <span class='ocrx_word' id='word_1_549' title='bbox 1855 1288 1920 1326; x_wconf 74' lang='lat' dir='ltr'><strong>ea;</strong></span> <span class='ocrx_word' id='word_1_550' title='bbox 1944 1282 2053 1327; x_wconf 88' lang='lat' dir='ltr'><strong>tota</strong></span> <span class='ocrx_word' id='word_1_551' title='bbox 2087 1275 2264 1330; x_wconf 89' lang='lat' dir='ltr'><strong>anima</strong></span> <span class='ocrx_word' id='word_1_552' title='bbox 2301 1286 2412 1343; x_wconf 85' lang='lat' dir='ltr'><strong>tua,</strong></span> <span class='ocrx_word' id='word_1_553' title='bbox 2467 1286 2516 1330; x_wconf 85' lang='lat' dir='ltr'><strong>et</strong></span> <span class='ocrx_word' id='word_1_554' title='bbox 2540 1295 2606 1332; x_wconf 72' lang='lat' dir='ltr'><strong>ea:</strong></span> <span class='ocrx_word' id='word_1_555' title='bbox 2650 1280 2772 1334; x_wconf 81' lang='lat' dir='ltr'><strong>totis</strong></span> <span class='ocrx_word' id='word_1_556' title='bbox 2812 1281 3010 1335; x_wconf 81' lang='lat' dir='ltr'><strong>viribus</strong></span> <span class='ocrx_word' id='word_1_557' title='bbox 3039 1284 3142 1337; x_wconf 77' lang='lat' dir='ltr'><strong>tuis</strong></span> <span class='ocrx_word' id='word_1_558' title='bbox 3177 1282 3358 1355; x_wconf 80' lang='lat' dir='ltr'><strong>(Deut.</strong></span> 
     </span>
    </p>
   </div>
   <div class='ocr_carea' id='block_1_72' title="bbox 1779 1360 3358 1442">
    <p class='ocr_par' dir='ltr' id='par_1_72' title="bbox 1779 1360 3358 1442">
     <span class='ocr_line' id='line_1_72' title="bbox 1779 1360 3358 1442; baseline 0.011 -27"><span class='ocrx_word' id='word_1_559' title='bbox 1779 1360 1878 1433; x_wconf 78' lang='lat' dir='ltr'><strong>vr),</strong></span> <span class='ocrx_word' id='word_1_560' title='bbox 1924 1377 2306 1434; x_wconf 82' lang='lat' dir='ltr'><strong>praeoccupare</strong></span> <span class='ocrx_word' id='word_1_561' title='bbox 2339 1367 2738 1436; x_wconf 87' lang='lat' dir='ltr'><strong>quodammodo</strong></span> <span class='ocrx_word' id='word_1_562' title='bbox 2765 1384 2895 1440; x_wconf 84' lang='lat' dir='ltr'><strong>erga</strong></span> <span class='ocrx_word' id='word_1_563' title='bbox 2921 1385 2981 1427; x_wconf 89' lang='lat' dir='ltr'><strong>se</strong></span> <span class='ocrx_word' id='word_1_564' title='bbox 3013 1373 3246 1442; x_wconf 88' lang='lat' dir='ltr'><strong>cupiens</strong></span> <span class='ocrx_word' id='word_1_565' title='bbox 3275 1384 3358 1432; x_wconf 78' lang='grc' dir='ltr'><strong>ιο-</strong></span> 
     </span>
    </p>
   </div>
   <div class='ocr_carea' id='block_1_73' title="bbox 1779 1457 3358 1534">
    <p class='ocr_par' dir='ltr' id='par_1_73' title="bbox 1779 1457 3358 1534">
     <span class='ocr_line' id='line_1_73' title="bbox 1779 1457 3358 1534; baseline 0.007 -24"><span class='ocrx_word' id='word_1_566' title='bbox 1779 1464 1866 1511; x_wconf 91' lang='lat' dir='ltr'><strong>tos</strong></span> <span class='ocrx_word' id='word_1_567' title='bbox 1894 1457 2141 1511; x_wconf 80' lang='lat' dir='ltr'><strong>humanae</strong></span> <span class='ocrx_word' id='word_1_568' title='bbox 2164 1459 2362 1513; x_wconf 89' lang='lat' dir='ltr'><strong>mentis</strong></span> <span class='ocrx_word' id='word_1_569' title='bbox 2396 1459 2638 1525; x_wconf 72' lang='lat' dir='ltr'><strong>affectus,</strong></span> <span class='ocrx_word' id='word_1_570' title='bbox 2671 1469 2729 1517; x_wconf 89' lang='lat' dir='ltr'><strong>et</strong></span> <span class='ocrx_word' id='word_1_571' title='bbox 2753 1462 2931 1518; x_wconf 86' lang='lat' dir='ltr'><strong>sciens</strong></span> <span class='ocrx_word' id='word_1_572' title='bbox 2959 1463 3085 1534; x_wconf 91' lang='lat' dir='ltr'><strong>quia</strong></span> <span class='ocrx_word' id='word_1_573' title='bbox 3119 1466 3264 1534; x_wconf 93' lang='lat' dir='ltr'><strong>quod</strong></span> <span class='ocrx_word' id='word_1_574' title='bbox 3289 1479 3358 1521; x_wconf 82' lang='lat' dir='ltr'><strong>ex</strong></span> 
     </span>
    </p>
   </div>
   <div class='ocr_carea' id='block_1_74' title="bbox 1779 1547 3479 1625">
    <p class='ocr_par' dir='ltr' id='par_1_74' title="bbox 1779 1547 3479 1625">
     <span class='ocr_line' id='line_1_74' title="bbox 1779 1547 3479 1625; baseline 0.007 -21"><span class='ocrx_word' id='word_1_575' title='bbox 1779 1555 1894 1604; x_wconf 82' lang='lat' dir='ltr'><strong>toto</strong></span> <span class='ocrx_word' id='word_1_576' title='bbox 1913 1547 2316 1620; x_wconf 79' lang='lat' dir='ltr'><strong>dilexeritquis,</strong></span> <span class='ocrx_word' id='word_1_577' title='bbox 2339 1559 2477 1608; x_wconf 75' lang='lat' dir='ltr'><strong>etex</strong></span> <span class='ocrx_word' id='word_1_578' title='bbox 2492 1561 2604 1607; x_wconf 90' lang='lat' dir='ltr'><strong>tota</strong></span> <span class='ocrx_word' id='word_1_579' title='bbox 2625 1553 2828 1620; x_wconf 86' lang='lat' dir='ltr'><strong>anima,</strong></span> <span class='ocrx_word' id='word_1_580' title='bbox 2870 1564 3034 1625; x_wconf 88' lang='lat' dir='ltr'><strong>atque</strong></span> <span class='ocrx_word' id='word_1_581' title='bbox 3058 1572 3126 1612; x_wconf 80' lang='lat' dir='ltr'><strong>ex</strong></span> <span class='ocrx_word' id='word_1_582' title='bbox 3148 1559 3276 1614; x_wconf 90' lang='lat' dir='ltr'><strong>totis</strong></span> <span class='ocrx_word' id='word_1_583' title='bbox 3289 1560 3366 1615; x_wconf 82' lang='lat' dir='ltr'><strong>vi-</strong></span> <span class='ocrx_word' id='word_1_584' title='bbox 3465 1585 3479 1600; x_wconf 88' lang='lat'><strong>-</strong></span> 
     </span>
    </p>
   </div>
   <div class='ocr_carea' id='block_1_75' title="bbox 1780 1641 3363 1722">
    <p class='ocr_par' dir='ltr' id='par_1_75' title="bbox 1780 1641 3363 1722">
     <span class='ocr_line' id='line_1_75' title="bbox 1780 1641 3363 1722; baseline 0.009 -27"><span class='ocrx_word' id='word_1_585' title='bbox 1780 1641 1950 1707; x_wconf 87' lang='lat' dir='ltr'><strong>ribus,</strong></span> <span class='ocrx_word' id='word_1_586' title='bbox 1981 1641 2088 1698; x_wconf 93' lang='lat' dir='ltr'><strong>hoc</strong></span> <span class='ocrx_word' id='word_1_587' title='bbox 2115 1644 2166 1698; x_wconf 91' lang='lat' dir='ltr'><strong>ei</strong></span> <span class='ocrx_word' id='word_1_588' title='bbox 2223 1646 2367 1702; x_wconf 90' lang='lat' dir='ltr'><strong>Deus</strong></span> <span class='ocrx_word' id='word_1_589' title='bbox 2387 1654 2490 1702; x_wconf 90' lang='lat' dir='ltr'><strong>est.</strong></span> <span class='ocrx_word' id='word_1_590' title='bbox 2542 1645 2852 1704; x_wconf 84' lang='lat' dir='ltr'><strong>Notandum</strong></span> <span class='ocrx_word' id='word_1_591' title='bbox 2884 1651 3030 1706; x_wconf 89' lang='lat' dir='ltr'><strong>enim</strong></span> <span class='ocrx_word' id='word_1_592' title='bbox 3085 1655 3230 1722; x_wconf 91' lang='lat' dir='ltr'><strong>quod</strong></span> <span class='ocrx_word' id='word_1_593' title='bbox 3257 1654 3363 1711; x_wconf 73' lang='lat' dir='ltr'><strong>alia</strong></span> 
     </span>
    </p>
   </div>
   <div class='ocr_carea' id='block_1_76' title="bbox 1781 1733 3366 1801">
    <p class='ocr_par' dir='ltr' id='par_1_76' title="bbox 1781 1733 3366 1801">
     <span class='ocr_line' id='line_1_76' title="bbox 1781 1733 3366 1801; baseline 0.008 -13"><span class='ocrx_word' id='word_1_594' title='bbox 1781 1733 1949 1789; x_wconf 85' lang='lat' dir='ltr'><strong>editio</strong></span> <span class='ocrx_word' id='word_1_595' title='bbox 1968 1734 2114 1790; x_wconf 89' lang='lat' dir='ltr'><strong>hunc</strong></span> <span class='ocrx_word' id='word_1_596' title='bbox 2162 1735 2341 1792; x_wconf 89' lang='lat' dir='ltr'><strong>locum</strong></span> <span class='ocrx_word' id='word_1_597' title='bbox 2379 1737 2459 1794; x_wconf 89' lang='lat' dir='ltr'><strong>sic</strong></span> <span class='ocrx_word' id='word_1_598' title='bbox 2487 1738 2652 1795; x_wconf 87' lang='lat' dir='ltr'><strong>habet</strong></span> <span class='ocrx_word' id='word_1_599' title='bbox 2678 1757 2692 1793; x_wconf 90' lang='lat'><strong>:</strong></span> <span class='ocrx_word' id='word_1_600' title='bbox 2719 1739 2788 1793; x_wconf 90' lang='lat' dir='ltr'><strong>Et</strong></span> <span class='ocrx_word' id='word_1_601' title='bbox 2837 1741 3126 1797; x_wconf 80' lang='lat' dir='ltr'><strong>seruierunt</strong></span> <span class='ocrx_word' id='word_1_602' title='bbox 3154 1744 3294 1799; x_wconf 73' lang='lat' dir='ltr'><strong>Baai</strong></span> <span class='ocrx_word' id='word_1_603' title='bbox 3315 1754 3366 1801; x_wconf 84' lang='lat' dir='ltr'><strong>et</strong></span> 
     </span>
    </p>
   </div>
   <div class='ocr_carea' id='block_1_77' title="bbox 1708 1801 3365 1907">
    <p class='ocr_par' dir='ltr' id='par_1_77' title="bbox 1708 1801 3365 1907">
     <span class='ocr_line' id='line_1_77' title="bbox 1708 1801 3365 1907; baseline 0.009 -29"><span class='ocrx_word' id='word_1_604' title='bbox 1708 1801 1758 1864; x_wconf 78' lang='grc' dir='ltr'><strong>Β</strong></span> <span class='ocrx_word' id='word_1_605' title='bbox 1783 1826 2099 1883; x_wconf 81' lang='lat' dir='ltr'><strong>Astartibus.</strong></span> <span class='ocrx_word' id='word_1_606' title='bbox 2154 1827 2305 1885; x_wconf 90' lang='lat' dir='ltr'><strong>Solet</strong></span> <span class='ocrx_word' id='word_1_607' title='bbox 2342 1830 2446 1886; x_wconf 89' lang='lat' dir='ltr'><strong>diei</strong></span> <span class='ocrx_word' id='word_1_608' title='bbox 2474 1831 2605 1886; x_wconf 85' lang='lat' dir='ltr'><strong>Baal</strong></span> <span class='ocrx_word' id='word_1_609' title='bbox 2634 1848 2832 1889; x_wconf 86' lang='lat' dir='ltr'><strong>nomen</strong></span> <span class='ocrx_word' id='word_1_610' title='bbox 2857 1849 2976 1890; x_wconf 85' lang='lat' dir='ltr'><strong>esse</strong></span> <span class='ocrx_word' id='word_1_611' title='bbox 3006 1836 3147 1906; x_wconf 86' lang='lat' dir='ltr'><strong>apud</strong></span> <span class='ocrx_word' id='word_1_612' title='bbox 3175 1843 3365 1907; x_wconf 78' lang='lat' dir='ltr'><strong>gentes</strong></span> 
     </span>
    </p>
   </div>
   <div class='ocr_carea' id='block_1_78' title="bbox 1778 1917 3368 2000">
    <p class='ocr_par' dir='ltr' id='par_1_78' title="bbox 1778 1917 3368 2000">
     <span class='ocr_line' id='line_1_78' title="bbox 1778 1917 3368 2000; baseline 0.01 -28"><span class='ocrx_word' id='word_1_613' title='bbox 1778 1917 1996 1974; x_wconf 89' lang='lat' dir='ltr'><strong>illarum</strong></span> <span class='ocrx_word' id='word_1_614' title='bbox 2012 1920 2249 1990; x_wconf 88' lang='lat' dir='ltr'><strong>partium</strong></span> <span class='ocrx_word' id='word_1_615' title='bbox 2271 1919 2442 1989; x_wconf 85' lang='lat' dir='ltr'><strong>Jovis,</strong></span> <span class='ocrx_word' id='word_1_616' title='bbox 2475 1923 2711 1980; x_wconf 73' lang='lat' dir='ltr'><strong>Astartes</strong></span> <span class='ocrx_word' id='word_1_617' title='bbox 2730 1934 2916 1981; x_wconf 89' lang='lat' dir='ltr'><strong>autem</strong></span> <span class='ocrx_word' id='word_1_618' title='bbox 2948 1925 3197 1996; x_wconf 78' lang='lat' dir='ltr'><strong>Iunonis,</strong></span> <span class='ocrx_word' id='word_1_619' title='bbox 3221 1935 3368 2000; x_wconf 85' lang='lat' dir='ltr'><strong>quod</strong></span> 
     </span>
    </p>
   </div>
   <div class='ocr_carea' id='block_1_79' title="bbox 1779 2009 3368 2085">
    <p class='ocr_par' dir='ltr' id='par_1_79' title="bbox 1779 2009 3368 2085">
     <span class='ocr_line' id='line_1_79' title="bbox 1779 2009 3368 2085; baseline 0.008 -20"><span class='ocrx_word' id='word_1_620' title='bbox 1779 2016 1837 2066; x_wconf 86' lang='lat' dir='ltr'><strong>et</strong></span> <span class='ocrx_word' id='word_1_621' title='bbox 1864 2009 2046 2082; x_wconf 85' lang='lat' dir='ltr'><strong>lingua</strong></span> <span class='ocrx_word' id='word_1_622' title='bbox 2083 2012 2290 2069; x_wconf 86' lang='lat' dir='ltr'><strong>Punica</strong></span> <span class='ocrx_word' id='word_1_623' title='bbox 2325 2023 2549 2085; x_wconf 88' lang='lat' dir='ltr'><strong>putatur</strong></span> <span class='ocrx_word' id='word_1_624' title='bbox 2575 2017 2862 2074; x_wconf 88' lang='lat' dir='ltr'><strong>ostendere</strong></span> <span class='ocrx_word' id='word_1_625' title='bbox 2903 2037 2918 2074; x_wconf 92' lang='lat'><strong>:</strong></span> <span class='ocrx_word' id='word_1_626' title='bbox 2947 2034 3072 2076; x_wconf 86' lang='lat' dir='ltr'><strong>nam</strong></span> <span class='ocrx_word' id='word_1_627' title='bbox 3103 2021 3232 2076; x_wconf 83' lang='lat' dir='ltr'><strong>Baal</strong></span> <span class='ocrx_word' id='word_1_628' title='bbox 3267 2022 3368 2078; x_wconf 88' lang='lat' dir='ltr'><strong>Pu-</strong></span> 
     </span>
    </p>
   </div>
   <div class='ocr_carea' id='block_1_80' title="bbox 1783 2103 3363 2179">
    <p class='ocr_par' dir='ltr' id='par_1_80' title="bbox 1783 2103 3363 2179">
     <span class='ocr_line' id='line_1_80' title="bbox 1783 2103 3363 2179; baseline 0.008 -21"><span class='ocrx_word' id='word_1_629' title='bbox 1783 2103 1892 2160; x_wconf 88' lang='lat' dir='ltr'><strong>nici</strong></span> <span class='ocrx_word' id='word_1_630' title='bbox 1939 2105 2194 2160; x_wconf 85' lang='lat' dir='ltr'><strong>videntur</strong></span> <span class='ocrx_word' id='word_1_631' title='bbox 2227 2106 2410 2162; x_wconf 88' lang='lat' dir='ltr'><strong>dicere</strong></span> <span class='ocrx_word' id='word_1_632' title='bbox 2465 2109 2782 2179; x_wconf 88' lang='lat' dir='ltr'><strong>Dominum,</strong></span> <span class='ocrx_word' id='word_1_633' title='bbox 2839 2113 2980 2168; x_wconf 90' lang='lat' dir='ltr'><strong>unde</strong></span> <span class='ocrx_word' id='word_1_634' title='bbox 3018 2112 3363 2170; x_wconf 84' lang='lat' dir='ltr'><strong>Baalsamem</strong></span> 
     </span>
    </p>
   </div>
   <div class='ocr_carea' id='block_1_81' title="bbox 1782 2195 3368 2275">
    <p class='ocr_par' dir='ltr' id='par_1_81' title="bbox 1782 2195 3368 2275">
     <span class='ocr_line' id='line_1_81' title="bbox 1782 2195 3368 2275; baseline 0.009 -27"><span class='ocrx_word' id='word_1_635' title='bbox 1782 2195 1940 2264; x_wconf 86' lang='lat' dir='ltr'><strong>quasi</strong></span> <span class='ocrx_word' id='word_1_636' title='bbox 1965 2195 2254 2252; x_wconf 89' lang='lat' dir='ltr'><strong>Dominum</strong></span> <span class='ocrx_word' id='word_1_637' title='bbox 2305 2199 2427 2254; x_wconf 74' lang='grc' dir='ltr'><strong>οωΙὶ</strong></span> <span class='ocrx_word' id='word_1_638' title='bbox 2471 2201 2851 2275; x_wconf 86' lang='lat' dir='ltr'><strong>intelliguntur</strong></span> <span class='ocrx_word' id='word_1_639' title='bbox 2901 2206 3115 2274; x_wconf 88' lang='lat' dir='ltr'><strong>dicere;</strong></span> <span class='ocrx_word' id='word_1_640' title='bbox 3171 2223 3368 2262; x_wconf 84' lang='lat' dir='ltr'><strong>samem</strong></span> 
     </span>
    </p>
   </div>
   <div class='ocr_carea' id='block_1_82' title="bbox 1783 2286 3366 2363">
    <p class='ocr_par' dir='ltr' id='par_1_82' title="bbox 1783 2286 3366 2363">
     <span class='ocr_line' id='line_1_82' title="bbox 1783 2286 3366 2363; baseline 0.011 -25"><span class='ocrx_word' id='word_1_641' title='bbox 1783 2286 1979 2354; x_wconf 90' lang='lat' dir='ltr'><strong>quippe</strong></span> <span class='ocrx_word' id='word_1_642' title='bbox 2009 2288 2150 2356; x_wconf 90' lang='lat' dir='ltr'><strong>apud</strong></span> <span class='ocrx_word' id='word_1_643' title='bbox 2171 2304 2268 2344; x_wconf 89' lang='lat' dir='ltr'><strong>eos</strong></span> <span class='ocrx_word' id='word_1_644' title='bbox 2295 2291 2419 2346; x_wconf 66' lang='lat' dir='ltr'><strong>caali</strong></span> <span class='ocrx_word' id='word_1_645' title='bbox 2448 2294 2809 2363; x_wconf 84' lang='lat' dir='ltr'><strong>appellantur.</strong></span> <span class='ocrx_word' id='word_1_646' title='bbox 2859 2295 3002 2352; x_wconf 80' lang='lat' dir='ltr'><strong>Juno</strong></span> <span class='ocrx_word' id='word_1_647' title='bbox 3031 2309 3214 2353; x_wconf 88' lang='lat' dir='ltr'><strong>autem</strong></span> <span class='ocrx_word' id='word_1_648' title='bbox 3247 2300 3366 2355; x_wconf 87' lang='lat' dir='ltr'><strong>sine</strong></span> 
     </span>
    </p>
   </div>
   <div class='ocr_carea' id='block_1_83' title="bbox 1783 2375 3370 2458">
    <p class='ocr_par' dir='ltr' id='par_1_83' title="bbox 1783 2375 3370 2458">
     <span class='ocr_line' id='line_1_83' title="bbox 1783 2375 3370 2458; baseline 0.009 -28"><span class='ocrx_word' id='word_1_649' title='bbox 1783 2375 2122 2433; x_wconf 88' lang='lat' dir='ltr'><strong>dubitatione</strong></span> <span class='ocrx_word' id='word_1_650' title='bbox 2167 2378 2371 2435; x_wconf 89' lang='lat' dir='ltr'><strong>abillis</strong></span> <span class='ocrx_word' id='word_1_651' title='bbox 2408 2381 2668 2438; x_wconf 82' lang='lat' dir='ltr'><strong>Astaroth</strong></span> <span class='ocrx_word' id='word_1_652' title='bbox 2715 2396 2962 2441; x_wconf 89' lang='lat' dir='ltr'><strong>vocatur.</strong></span> <span class='ocrx_word' id='word_1_653' title='bbox 3005 2388 3073 2442; x_wconf 88' lang='lat' dir='ltr'><strong>Et</strong></span> <span class='ocrx_word' id='word_1_654' title='bbox 3099 2387 3370 2458; x_wconf 89' lang='lat' dir='ltr'><strong>quomodo</strong></span> 
     </span>
    </p>
   </div>
   <div class='ocr_carea' id='block_1_84' title="bbox 1785 2465 3372 2545">
    <p class='ocr_par' dir='ltr' id='par_1_84' title="bbox 1785 2465 3372 2545">
     <span class='ocr_line' id='line_1_84' title="bbox 1785 2465 3372 2545; baseline 0.009 -25"><span class='ocrx_word' id='word_1_655' title='bbox 1785 2465 1905 2522; x_wconf 65' lang='lat' dir='ltr'><strong>ista:</strong></span> <span class='ocrx_word' id='word_1_656' title='bbox 1931 2466 2130 2538; x_wconf 73' lang='lat' dir='ltr'><strong>lingua:</strong></span> <span class='ocrx_word' id='word_1_657' title='bbox 2175 2485 2285 2525; x_wconf 92' lang='lat' dir='ltr'><strong>non</strong></span> <span class='ocrx_word' id='word_1_658' title='bbox 2309 2472 2540 2528; x_wconf 87' lang='lat' dir='ltr'><strong>multum</strong></span> <span class='ocrx_word' id='word_1_659' title='bbox 2582 2475 2727 2531; x_wconf 81' lang='lat' dir='ltr'><strong>inter</strong></span> <span class='ocrx_word' id='word_1_660' title='bbox 2753 2489 2814 2531; x_wconf 84' lang='lat' dir='ltr'><strong>se</strong></span> <span class='ocrx_word' id='word_1_661' title='bbox 2842 2477 3119 2545; x_wconf 77' lang='lat' dir='ltr'><strong>diﬂ‘erunt,</strong></span> <span class='ocrx_word' id='word_1_662' title='bbox 3173 2480 3372 2535; x_wconf 86' lang='lat' dir='ltr'><strong>merito</strong></span> 
     </span>
    </p>
   </div>
   <div class='ocr_carea' id='block_1_85' title="bbox 1785 2558 3369 2641">
    <p class='ocr_par' dir='ltr' id='par_1_85' title="bbox 1785 2558 3369 2641">
     <span class='ocr_line' id='line_1_85' title="bbox 1785 2558 3369 2641; baseline 0.008 -29"><span class='ocrx_word' id='word_1_663' title='bbox 1785 2558 2025 2614; x_wconf 90' lang='lat' dir='ltr'><strong>creditur</strong></span> <span class='ocrx_word' id='word_1_664' title='bbox 2071 2559 2159 2615; x_wconf 92' lang='lat' dir='ltr'><strong>hic</strong></span> <span class='ocrx_word' id='word_1_665' title='bbox 2213 2562 2283 2616; x_wconf 89' lang='lat' dir='ltr'><strong>de</strong></span> <span class='ocrx_word' id='word_1_666' title='bbox 2338 2561 2463 2618; x_wconf 86' lang='lat' dir='ltr'><strong>ﬂliis</strong></span> <span class='ocrx_word' id='word_1_667' title='bbox 2498 2564 2666 2621; x_wconf 86' lang='lat' dir='ltr'><strong>Israel</strong></span> <span class='ocrx_word' id='word_1_668' title='bbox 2705 2566 2812 2622; x_wconf 91' lang='lat' dir='ltr'><strong>hoc</strong></span> <span class='ocrx_word' id='word_1_669' title='bbox 2850 2567 3034 2624; x_wconf 88' lang='lat' dir='ltr'><strong>dicere</strong></span> <span class='ocrx_word' id='word_1_670' title='bbox 3061 2568 3369 2641; x_wconf 82' lang='lat' dir='ltr'><strong>Scriptura,</strong></span> 
     </span>
    </p>
   </div>
   <div class='ocr_carea' id='block_1_86' title="bbox 1785 2645 3372 2728">
    <p class='ocr_par' dir='ltr' id='par_1_86' title="bbox 1785 2645 3372 2728">
     <span class='ocr_line' id='line_1_86' title="bbox 1785 2645 3372 2728; baseline 0.009 -28"><span class='ocrx_word' id='word_1_671' title='bbox 1785 2645 1928 2716; x_wconf 89' lang='lat' dir='ltr'><strong>quod</strong></span> <span class='ocrx_word' id='word_1_672' title='bbox 1954 2646 2087 2704; x_wconf 86' lang='lat' dir='ltr'><strong>Baal</strong></span> <span class='ocrx_word' id='word_1_673' title='bbox 2111 2651 2422 2706; x_wconf 85' lang='lat' dir='ltr'><strong>servierunt</strong></span> <span class='ocrx_word' id='word_1_674' title='bbox 2441 2661 2500 2708; x_wconf 90' lang='lat' dir='ltr'><strong>et</strong></span> <span class='ocrx_word' id='word_1_675' title='bbox 2528 2653 2860 2722; x_wconf 83' lang='lat' dir='ltr'><strong>Astartibus,</strong></span> <span class='ocrx_word' id='word_1_676' title='bbox 2899 2659 3027 2728; x_wconf 85' lang='lat' dir='ltr'><strong>quia</strong></span> <span class='ocrx_word' id='word_1_677' title='bbox 3051 2659 3171 2714; x_wconf 71' lang='lat' dir='ltr'><strong>iovi</strong></span> <span class='ocrx_word' id='word_1_678' title='bbox 3196 2657 3372 2715; x_wconf 15' lang='lat' dir='ltr'><strong>eteiu-</strong></span> 
     </span>
    </p>
   </div>
   <div class='ocr_carea' id='block_1_87' title="bbox 1786 2735 3374 2814">
    <p class='ocr_par' dir='ltr' id='par_1_87' title="bbox 1786 2735 3374 2814">
     <span class='ocr_line' id='line_1_87' title="bbox 1786 2735 3374 2814; baseline 0.008 -24"><span class='ocrx_word' id='word_1_679' title='bbox 1786 2736 2036 2794; x_wconf 75' lang='lat' dir='ltr'><strong>nauibus.</strong></span> <span class='ocrx_word' id='word_1_680' title='bbox 2069 2735 2180 2794; x_wconf 82' lang='lat' dir='ltr'><strong>Nec</strong></span> <span class='ocrx_word' id='word_1_681' title='bbox 2213 2752 2432 2796; x_wconf 86' lang='lat' dir='ltr'><strong>movere</strong></span> <span class='ocrx_word' id='word_1_682' title='bbox 2459 2740 2640 2808; x_wconf 87' lang='lat' dir='ltr'><strong>debet,</strong></span> <span class='ocrx_word' id='word_1_683' title='bbox 2671 2744 2816 2812; x_wconf 89' lang='lat' dir='ltr'><strong>quod</strong></span> <span class='ocrx_word' id='word_1_684' title='bbox 2848 2759 2961 2799; x_wconf 88' lang='lat' dir='ltr'><strong>non</strong></span> <span class='ocrx_word' id='word_1_685' title='bbox 2984 2746 3374 2814; x_wconf 61' lang='lat' dir='ltr'><strong>dixitAstartia,</strong></span> 
     </span>
    </p>
   </div>
   <div class='ocr_carea' id='block_1_88' title="bbox 1787 2828 3370 2908">
    <p class='ocr_par' dir='ltr' id='par_1_88' title="bbox 1787 2828 3370 2908">
     <span class='ocr_line' id='line_1_88' title="bbox 1787 2828 3370 2908; baseline 0.008 -26"><span class='ocrx_word' id='word_1_686' title='bbox 1787 2828 1844 2884; x_wconf 89' lang='lat' dir='ltr'><strong>id</strong></span> <span class='ocrx_word' id='word_1_687' title='bbox 1871 2828 2214 2896; x_wconf 73' lang='lat' dir='ltr'><strong>estlunoni,</strong></span> <span class='ocrx_word' id='word_1_688' title='bbox 2269 2833 2365 2888; x_wconf 88' lang='lat' dir='ltr'><strong>sed</strong></span> <span class='ocrx_word' id='word_1_689' title='bbox 2405 2840 2662 2903; x_wconf 86' lang='lat' dir='ltr'><strong>tanquam</strong></span> <span class='ocrx_word' id='word_1_690' title='bbox 2705 2836 2891 2892; x_wconf 63' lang='lat' dir='ltr'><strong>multa:</strong></span> <span class='ocrx_word' id='word_1_691' title='bbox 2939 2838 3049 2893; x_wconf 78' lang='lat' dir='ltr'><strong>sint</strong></span> <span class='ocrx_word' id='word_1_692' title='bbox 3106 2837 3370 2908; x_wconf 68' lang='lat' dir='ltr'><strong>Iunones;</strong></span> 
     </span>
    </p>
   </div>
   <div class='ocr_carea' id='block_1_89' title="bbox 1786 2921 3372 2993">
    <p class='ocr_par' dir='ltr' id='par_1_89' title="bbox 1786 2921 3372 2993">
     <span class='ocr_line' id='line_1_89' title="bbox 1786 2921 3372 2993; baseline 0.007 -19"><span class='ocrx_word' id='word_1_693' title='bbox 1786 2921 2070 2991; x_wconf 85' lang='lat' dir='ltr'><strong>pluraliter</strong></span> <span class='ocrx_word' id='word_1_694' title='bbox 2126 2922 2231 2978; x_wconf 85' lang='lat' dir='ltr'><strong>hoc</strong></span> <span class='ocrx_word' id='word_1_695' title='bbox 2296 2938 2498 2980; x_wconf 89' lang='lat' dir='ltr'><strong>nomen</strong></span> <span class='ocrx_word' id='word_1_696' title='bbox 2549 2926 2764 2993; x_wconf 87' lang='lat' dir='ltr'><strong>posuit;</strong></span> <span class='ocrx_word' id='word_1_697' title='bbox 2815 2927 2882 2982; x_wconf 90' lang='lat' dir='ltr'><strong>ad</strong></span> <span class='ocrx_word' id='word_1_698' title='bbox 2953 2928 3372 2985; x_wconf 77' lang='lat' dir='ltr'><strong>simulacrorum</strong></span> 
     </span>
    </p>
   </div>
   <div class='ocr_carea' id='block_1_90' title="bbox 1787 3013 3372 3092">
    <p class='ocr_par' dir='ltr' id='par_1_90' title="bbox 1787 3013 3372 3092">
     <span class='ocr_line' id='line_1_90' title="bbox 1787 3013 3372 3092; baseline 0.006 -24"><span class='ocrx_word' id='word_1_699' title='bbox 1787 3013 1940 3068; x_wconf 88' lang='lat' dir='ltr'><strong>enim.</strong></span> <span class='ocrx_word' id='word_1_700' title='bbox 1975 3014 2379 3072; x_wconf 85' lang='lat' dir='ltr'><strong>multitudinem</strong></span> <span class='ocrx_word' id='word_1_701' title='bbox 2424 3015 2618 3076; x_wconf 74' lang='lat' dir='ltr'><strong>referri</strong></span> <span class='ocrx_word' id='word_1_702' title='bbox 2655 3018 2826 3074; x_wconf 87' lang='lat' dir='ltr'><strong>voluit</strong></span> <span class='ocrx_word' id='word_1_703' title='bbox 2849 3019 3204 3087; x_wconf 84' lang='lat' dir='ltr'><strong>intellectum,</strong></span> <span class='ocrx_word' id='word_1_704' title='bbox 3235 3035 3372 3092; x_wconf 49' lang='lat' dir='ltr'><strong>quos</strong></span> 
     </span>
    </p>
   </div>
   <div class='ocr_carea' id='block_1_91' title="bbox 1790 3104 3370 3176">
    <p class='ocr_par' dir='ltr' id='par_1_91' title="bbox 1790 3104 3370 3176">
     <span class='ocr_line' id='line_1_91' title="bbox 1790 3104 3370 3176; baseline 0.006 -18"><span class='ocrx_word' id='word_1_705' title='bbox 1790 3104 1950 3158; x_wconf 84' lang='lat' dir='ltr'><strong>modo</strong></span> <span class='ocrx_word' id='word_1_706' title='bbox 1980 3106 2399 3176; x_wconf 88' lang='lat' dir='ltr'><strong>unumquodque</strong></span> <span class='ocrx_word' id='word_1_707' title='bbox 2425 3105 2652 3163; x_wconf 69' lang='lat' dir='ltr'><strong>lunonis</strong></span> <span class='ocrx_word' id='word_1_708' title='bbox 2703 3108 3060 3165; x_wconf 79' lang='lat' dir='ltr'><strong>simulacrum</strong></span> <span class='ocrx_word' id='word_1_709' title='bbox 3087 3108 3247 3166; x_wconf 69' lang='lat' dir='ltr'><strong>Juno</strong></span> <span class='ocrx_word' id='word_1_710' title='bbox 3271 3127 3370 3168; x_wconf 88' lang='lat' dir='ltr'><strong>vo-</strong></span> 
     </span>
    </p>
   </div>
   <div class='ocr_carea' id='block_1_92' title="bbox 1791 3197 3376 3271">
    <p class='ocr_par' dir='ltr' id='par_1_92' title="bbox 1791 3197 3376 3271">
     <span class='ocr_line' id='line_1_92' title="bbox 1791 3197 3376 3271; baseline 0.004 -19"><span class='ocrx_word' id='word_1_711' title='bbox 1791 3197 2040 3262; x_wconf 84' lang='lat' dir='ltr'><strong>cabatur,</strong></span> <span class='ocrx_word' id='word_1_712' title='bbox 2089 3212 2153 3252; x_wconf 88' lang='lat' dir='ltr'><strong>ac</strong></span> <span class='ocrx_word' id='word_1_713' title='bbox 2179 3213 2282 3267; x_wconf 79' lang='lat' dir='ltr'><strong>per:</strong></span> <span class='ocrx_word' id='word_1_714' title='bbox 2322 3198 2427 3253; x_wconf 91' lang='lat' dir='ltr'><strong>hoc</strong></span> <span class='ocrx_word' id='word_1_715' title='bbox 2474 3207 2553 3255; x_wconf 91' lang='lat' dir='ltr'><strong>tot</strong></span> <span class='ocrx_word' id='word_1_716' title='bbox 2581 3197 2842 3265; x_wconf 84' lang='lat' dir='ltr'><strong>Junones,</strong></span> <span class='ocrx_word' id='word_1_717' title='bbox 2893 3209 3026 3271; x_wconf 91' lang='lat' dir='ltr'><strong>quot</strong></span> <span class='ocrx_word' id='word_1_718' title='bbox 3074 3201 3376 3258; x_wconf 67' lang='lat' dir='ltr'><strong>simulacra</strong></span> 
     </span>
    </p>
   </div>
   <div class='ocr_carea' id='block_1_93' title="bbox 1785 3287 3375 3358">
    <p class='ocr_par' dir='ltr' id='par_1_93' title="bbox 1785 3287 3375 3358">
     <span class='ocr_line' id='line_1_93' title="bbox 1785 3287 3375 3358; baseline 0.005 -16"><span class='ocrx_word' id='word_1_719' title='bbox 1785 3287 2009 3358; x_wconf 80' lang='lat' dir='ltr'><strong>intelligi</strong></span> <span class='ocrx_word' id='word_1_720' title='bbox 2036 3289 2221 3343; x_wconf 87' lang='lat' dir='ltr'><strong>voluit.</strong></span> <span class='ocrx_word' id='word_1_721' title='bbox 2272 3289 2564 3345; x_wconf 76' lang='lat' dir='ltr'><strong>Varietatis</strong></span> <span class='ocrx_word' id='word_1_722' title='bbox 2595 3299 2778 3346; x_wconf 85' lang='lat' dir='ltr'><strong>autem</strong></span> <span class='ocrx_word' id='word_1_723' title='bbox 2813 3307 2980 3348; x_wconf 85' lang='lat' dir='ltr'><strong>causa</strong></span> <span class='ocrx_word' id='word_1_724' title='bbox 3003 3294 3260 3350; x_wconf 76' lang='lat' dir='ltr'><strong>existimo</strong></span> <span class='ocrx_word' id='word_1_725' title='bbox 3285 3294 3375 3350; x_wconf 83' lang='lat' dir='ltr'><strong>Jo-</strong></span> 
     </span>
    </p>
   </div>
   <div class='ocr_carea' id='block_1_94' title="bbox 1785 3379 3377 3453">
    <p class='ocr_par' dir='ltr' id='par_1_94' title="bbox 1785 3379 3377 3453">
     <span class='ocr_line' id='line_1_94' title="bbox 1785 3379 3377 3453; baseline 0.007 -21"><span class='ocrx_word' id='word_1_726' title='bbox 1785 3391 1906 3434; x_wconf 86' lang='lat' dir='ltr'><strong>vem</strong></span> <span class='ocrx_word' id='word_1_727' title='bbox 1936 3379 2302 3450; x_wconf 80' lang='lat' dir='ltr'><strong>singulariter,</strong></span> <span class='ocrx_word' id='word_1_728' title='bbox 2334 3380 2603 3438; x_wconf 72' lang='lat' dir='ltr'><strong>iunonem</strong></span> <span class='ocrx_word' id='word_1_729' title='bbox 2648 3383 2932 3453; x_wconf 88' lang='lat' dir='ltr'><strong>pluraliter</strong></span> <span class='ocrx_word' id='word_1_730' title='bbox 2982 3400 3377 3443; x_wconf 87' lang='lat' dir='ltr'><strong>commemora-</strong></span> 
     </span>
    </p>
   </div>
   <div class='ocr_carea' id='block_1_95' title="bbox 1785 3471 3374 3545">
    <p class='ocr_par' dir='ltr' id='par_1_95' title="bbox 1785 3471 3374 3545">
     <span class='ocr_line' id='line_1_95' title="bbox 1785 3471 3374 3545; baseline 0.007 -21"><span class='ocrx_word' id='word_1_731' title='bbox 1785 3486 1847 3525; x_wconf 89' lang='lat' dir='ltr'><strong>re</strong></span> <span class='ocrx_word' id='word_1_732' title='bbox 1874 3471 2130 3527; x_wconf 87' lang='lat' dir='ltr'><strong>voluisse.</strong></span> <span class='ocrx_word' id='word_1_733' title='bbox 2162 3471 2304 3527; x_wconf 86' lang='lat' dir='ltr'><strong>Nam</strong></span> <span class='ocrx_word' id='word_1_734' title='bbox 2326 3475 2518 3532; x_wconf 83' lang='lat' dir='ltr'><strong>eadem</strong></span> <span class='ocrx_word' id='word_1_735' title='bbox 2560 3490 2726 3529; x_wconf 88' lang='lat' dir='ltr'><strong>causa</strong></span> <span class='ocrx_word' id='word_1_736' title='bbox 2752 3476 3114 3545; x_wconf 90' lang='lat' dir='ltr'><strong>plurimorum</strong></span> <span class='ocrx_word' id='word_1_737' title='bbox 3144 3481 3374 3535; x_wconf 78' lang='lat' dir='ltr'><strong>simula—</strong></span> 
     </span>
    </p>
   </div>
   <div class='ocr_carea' id='block_1_96' title="bbox 1787 3561 3372 3635">
    <p class='ocr_par' dir='ltr' id='par_1_96' title="bbox 1787 3561 3372 3635">
     <span class='ocr_line' id='line_1_96' title="bbox 1787 3561 3372 3635; baseline 0.006 -21"><span class='ocrx_word' id='word_1_738' title='bbox 1787 3576 2003 3617; x_wconf 82' lang='lat' dir='ltr'><strong>crurum</strong></span> <span class='ocrx_word' id='word_1_739' title='bbox 2030 3563 2194 3616; x_wconf 89' lang='lat' dir='ltr'><strong>etiam</strong></span> <span class='ocrx_word' id='word_1_740' title='bbox 2214 3561 2376 3618; x_wconf 83' lang='lat' dir='ltr'><strong>Jovcs</strong></span> <span class='ocrx_word' id='word_1_741' title='bbox 2404 3564 2688 3633; x_wconf 88' lang='lat' dir='ltr'><strong>pluraliter</strong></span> <span class='ocrx_word' id='word_1_742' title='bbox 2719 3565 2825 3619; x_wconf 89' lang='lat' dir='ltr'><strong>dici</strong></span> <span class='ocrx_word' id='word_1_743' title='bbox 2862 3576 3105 3635; x_wconf 89' lang='lat' dir='ltr'><strong>possent.</strong></span> <span class='ocrx_word' id='word_1_744' title='bbox 3131 3568 3245 3623; x_wconf 79' lang='lat' dir='ltr'><strong>Hoc</strong></span> <span class='ocrx_word' id='word_1_745' title='bbox 3271 3584 3372 3623; x_wconf 84' lang='lat' dir='ltr'><strong>au-</strong></span> 
     </span>
    </p>
   </div>
   <div class='ocr_carea' id='block_1_97' title="bbox 1786 3654 3369 3725">
    <p class='ocr_par' dir='ltr' id='par_1_97' title="bbox 1786 3654 3369 3725">
     <span class='ocr_line' id='line_1_97' title="bbox 1786 3654 3369 3725; baseline 0.006 -17"><span class='ocrx_word' id='word_1_746' title='bbox 1786 3661 1920 3717; x_wconf 88' lang='lat' dir='ltr'><strong>tem,</strong></span> <span class='ocrx_word' id='word_1_747' title='bbox 1970 3654 2021 3708; x_wconf 92' lang='lat' dir='ltr'><strong>id</strong></span> <span class='ocrx_word' id='word_1_748' title='bbox 2051 3663 2154 3718; x_wconf 89' lang='lat' dir='ltr'><strong>est,</strong></span> <span class='ocrx_word' id='word_1_749' title='bbox 2184 3655 2405 3710; x_wconf 90' lang='lat' dir='ltr'><strong>nomine</strong></span> <span class='ocrx_word' id='word_1_750' title='bbox 2427 3656 2626 3725; x_wconf 86' lang='lat' dir='ltr'><strong>plurali</strong></span> <span class='ocrx_word' id='word_1_751' title='bbox 2665 3656 2929 3725; x_wconf 76' lang='lat' dir='ltr'><strong>Iunones,</strong></span> <span class='ocrx_word' id='word_1_752' title='bbox 2963 3660 3018 3715; x_wconf 87' lang='lat' dir='ltr'><strong>in</strong></span> <span class='ocrx_word' id='word_1_753' title='bbox 3049 3659 3257 3717; x_wconf 67' lang='lat' dir='ltr'><strong>Grmcis</strong></span> <span class='ocrx_word' id='word_1_754' title='bbox 3287 3678 3369 3720; x_wconf 57' lang='lat' dir='ltr'><strong>sea</strong></span> 
     </span>
    </p>
   </div>
   <div class='ocr_carea' id='block_1_98' title="bbox 1786 3743 3372 3816">
    <p class='ocr_par' dir='ltr' id='par_1_98' title="bbox 1786 3743 3372 3816">
     <span class='ocr_line' id='line_1_98' title="bbox 1786 3743 3372 3816; baseline 0.006 -17"><span class='ocrx_word' id='word_1_755' title='bbox 1786 3745 2021 3800; x_wconf 88' lang='lat' dir='ltr'><strong>cundum</strong></span> <span class='ocrx_word' id='word_1_756' title='bbox 2069 3743 2423 3814; x_wconf 80' lang='lat' dir='ltr'><strong>Septuaginta</strong></span> <span class='ocrx_word' id='word_1_757' title='bbox 2465 3747 2790 3816; x_wconf 87' lang='lat' dir='ltr'><strong>reperimus,</strong></span> <span class='ocrx_word' id='word_1_758' title='bbox 2844 3749 2900 3803; x_wconf 90' lang='lat' dir='ltr'><strong>in</strong></span> <span class='ocrx_word' id='word_1_759' title='bbox 2945 3750 3154 3806; x_wconf 88' lang='lat' dir='ltr'><strong>Latinis</strong></span> <span class='ocrx_word' id='word_1_760' title='bbox 3188 3763 3372 3809; x_wconf 86' lang='lat' dir='ltr'><strong>autem</strong></span> 
     </span>
    </p>
   </div>
   <div class='ocr_carea' id='block_1_99' title="bbox 1787 3835 3373 3910">
    <p class='ocr_par' dir='ltr' id='par_1_99' title="bbox 1787 3835 3373 3910">
     <span class='ocr_line' id='line_1_99' title="bbox 1787 3835 3373 3910; baseline 0.004 -18"><span class='ocrx_word' id='word_1_761' title='bbox 1787 3835 2140 3907; x_wconf 81' lang='lat' dir='ltr'><strong>singulariter</strong></span> <span class='ocrx_word' id='word_1_762' title='bbox 2167 3845 2320 3903; x_wconf 88' lang='lat' dir='ltr'><strong>erat;</strong></span> <span class='ocrx_word' id='word_1_763' title='bbox 2373 3853 2604 3908; x_wconf 89' lang='lat' dir='ltr'><strong>quorum</strong></span> <span class='ocrx_word' id='word_1_764' title='bbox 2633 3839 2689 3893; x_wconf 89' lang='lat' dir='ltr'><strong>in</strong></span> <span class='ocrx_word' id='word_1_765' title='bbox 2716 3839 2811 3894; x_wconf 89' lang='lat' dir='ltr'><strong>illo</strong></span> <span class='ocrx_word' id='word_1_766' title='bbox 2840 3840 2934 3910; x_wconf 89' lang='lat' dir='ltr'><strong>qui</strong></span> <span class='ocrx_word' id='word_1_767' title='bbox 2983 3855 3091 3897; x_wconf 89' lang='lat' dir='ltr'><strong>non</strong></span> <span class='ocrx_word' id='word_1_768' title='bbox 3135 3844 3373 3900; x_wconf 81' lang='lat' dir='ltr'><strong>habebat</strong></span> 
     </span>
    </p>
   </div>
   <div class='ocr_carea' id='block_1_100' title="bbox 1789 3928 3369 4003">
    <p class='ocr_par' dir='ltr' id='par_1_100' title="bbox 1789 3928 3369 4003">
     <span class='ocr_line' id='line_1_100' title="bbox 1789 3928 3369 4003; baseline 0.003 -18"><span class='ocrx_word' id='word_1_769' title='bbox 1789 3928 2140 3999; x_wconf 82' lang='lat' dir='ltr'><strong>Septuaginta</strong></span> <span class='ocrx_word' id='word_1_770' title='bbox 2187 3930 2710 3999; x_wconf 88' lang='lat' dir='ltr'><strong>interpretationem,</strong></span> <span class='ocrx_word' id='word_1_771' title='bbox 2763 3930 2858 3987; x_wconf 90' lang='lat' dir='ltr'><strong>scd</strong></span> <span class='ocrx_word' id='word_1_772' title='bbox 2881 3946 2946 3986; x_wconf 84' lang='lat' dir='ltr'><strong>ex</strong></span> <span class='ocrx_word' id='word_1_773' title='bbox 2974 3932 3204 3990; x_wconf 68' lang='lat' dir='ltr'><strong>Hebraeo</strong></span> <span class='ocrx_word' id='word_1_774' title='bbox 3229 3943 3369 4003; x_wconf 80' lang='lat' dir='ltr'><strong>erat,</strong></span> 
     </span>
    </p>
   </div>
   <div class='ocr_carea' id='block_1_101' title="bbox 1785 4023 3372 4095">
    <p class='ocr_par' dir='ltr' id='par_1_101' title="bbox 1785 4023 3372 4095">
     <span class='ocr_line' id='line_1_101' title="bbox 1785 4023 3372 4095; baseline 0.006 -18"><span class='ocrx_word' id='word_1_775' title='bbox 1785 4023 2046 4080; x_wconf 86' lang='lat' dir='ltr'><strong>Astaroth</strong></span> <span class='ocrx_word' id='word_1_776' title='bbox 2089 4023 2335 4094; x_wconf 88' lang='lat' dir='ltr'><strong>legimus,</strong></span> <span class='ocrx_word' id='word_1_777' title='bbox 2385 4039 2489 4079; x_wconf 91' lang='lat' dir='ltr'><strong>nec</strong></span> <span class='ocrx_word' id='word_1_778' title='bbox 2538 4024 2686 4090; x_wconf 86' lang='lat' dir='ltr'><strong>Baal,</strong></span> <span class='ocrx_word' id='word_1_779' title='bbox 2741 4026 2836 4080; x_wconf 86' lang='lat' dir='ltr'><strong>sed</strong></span> <span class='ocrx_word' id='word_1_780' title='bbox 2879 4027 3105 4082; x_wconf 88' lang='lat' dir='ltr'><strong>Baalim.</strong></span> <span class='ocrx_word' id='word_1_781' title='bbox 3146 4028 3304 4095; x_wconf 80' lang='lat' dir='ltr'><strong>Quod</strong></span> <span class='ocrx_word' id='word_1_782' title='bbox 3325 4029 3372 4086; x_wconf 86' lang='lat' dir='ltr'><strong>sl</strong></span> 
     </span>
    </p>
   </div>
   <div class='ocr_carea' id='block_1_102' title="bbox 1789 4115 3372 4189">
    <p class='ocr_par' dir='ltr' id='par_1_102' title="bbox 1789 4115 3372 4189">
     <span class='ocr_line' id='line_1_102' title="bbox 1789 4115 3372 4189; baseline 0.004 -19"><span class='ocrx_word' id='word_1_783' title='bbox 1789 4117 1927 4172; x_wconf 78' lang='lat' dir='ltr'><strong>forte</strong></span> <span class='ocrx_word' id='word_1_784' title='bbox 1957 4115 2108 4170; x_wconf 86' lang='lat' dir='ltr'><strong>aliud</strong></span> <span class='ocrx_word' id='word_1_785' title='bbox 2149 4117 2202 4170; x_wconf 92' lang='lat' dir='ltr'><strong>iu</strong></span> <span class='ocrx_word' id='word_1_786' title='bbox 2227 4115 2456 4171; x_wconf 67' lang='lat' dir='ltr'><strong>Hebrma</strong></span> <span class='ocrx_word' id='word_1_787' title='bbox 2499 4124 2553 4170; x_wconf 90' lang='lat' dir='ltr'><strong>et</strong></span> <span class='ocrx_word' id='word_1_788' title='bbox 2608 4116 2741 4188; x_wconf 80' lang='lat' dir='ltr'><strong>Syra</strong></span> <span class='ocrx_word' id='word_1_789' title='bbox 2774 4117 2955 4189; x_wconf 77' lang='lat' dir='ltr'><strong>lingua</strong></span> <span class='ocrx_word' id='word_1_790' title='bbox 3013 4120 3236 4175; x_wconf 86' lang='lat' dir='ltr'><strong>nomina</strong></span> <span class='ocrx_word' id='word_1_791' title='bbox 3266 4122 3372 4177; x_wconf 81' lang='lat' dir='ltr'><strong>ista</strong></span> 
     </span>
    </p>
   </div>
   <div class='ocr_carea' id='block_1_103' title="bbox 1789 4206 3373 4278">
    <p class='ocr_par' dir='ltr' id='par_1_103' title="bbox 1789 4206 3373 4278">
     <span class='ocr_line' id='line_1_103' title="bbox 1789 4206 3373 4278; baseline 0.003 -16"><span class='ocrx_word' id='word_1_792' title='bbox 1789 4208 2120 4278; x_wconf 82' lang='lat' dir='ltr'><strong>signiﬁcant,</strong></span> <span class='ocrx_word' id='word_1_793' title='bbox 2141 4207 2278 4261; x_wconf 89' lang='lat' dir='ltr'><strong>deos</strong></span> <span class='ocrx_word' id='word_1_794' title='bbox 2313 4215 2496 4262; x_wconf 84' lang='lat' dir='ltr'><strong>tamen</strong></span> <span class='ocrx_word' id='word_1_795' title='bbox 2535 4206 2670 4262; x_wconf 83' lang='lat' dir='ltr'><strong>alios</strong></span> <span class='ocrx_word' id='word_1_796' title='bbox 2707 4208 2877 4264; x_wconf 83' lang='lat' dir='ltr'><strong>fuisse</strong></span> <span class='ocrx_word' id='word_1_797' title='bbox 2905 4219 3145 4277; x_wconf 85' lang='lat' dir='ltr'><strong>constat,</strong></span> <span class='ocrx_word' id='word_1_798' title='bbox 3177 4222 3232 4266; x_wconf 88' lang='lat' dir='ltr'><strong>et</strong></span> <span class='ocrx_word' id='word_1_799' title='bbox 3272 4211 3373 4266; x_wconf 78' lang='lat' dir='ltr'><strong>fal-</strong></span> 
     </span>
    </p>
   </div>
   <div class='ocr_carea' id='block_1_104' title="bbox 1790 4298 3374 4368">
    <p class='ocr_par' dir='ltr' id='par_1_104' title="bbox 1790 4298 3374 4368">
     <span class='ocr_line' id='line_1_104' title="bbox 1790 4298 3374 4368; baseline 0.003 -15"><span class='ocrx_word' id='word_1_800' title='bbox 1790 4314 1898 4363; x_wconf 89' lang='lat' dir='ltr'><strong>sos,</strong></span> <span class='ocrx_word' id='word_1_801' title='bbox 1929 4300 2124 4368; x_wconf 88' lang='lat' dir='ltr'><strong>quibus</strong></span> <span class='ocrx_word' id='word_1_802' title='bbox 2154 4298 2321 4352; x_wconf 86' lang='lat' dir='ltr'><strong>Israel</strong></span> <span class='ocrx_word' id='word_1_803' title='bbox 2365 4299 2571 4354; x_wconf 85' lang='lat' dir='ltr'><strong>servire</strong></span> <span class='ocrx_word' id='word_1_804' title='bbox 2601 4316 2707 4354; x_wconf 90' lang='lat' dir='ltr'><strong>non</strong></span> <span class='ocrx_word' id='word_1_805' title='bbox 2765 4301 2970 4356; x_wconf 89' lang='lat' dir='ltr'><strong>debuit.</strong></span> <span class='ocrx_word' id='word_1_806' title='bbox 3018 4301 3089 4356; x_wconf 88' lang='lat' dir='ltr'><strong>Et</strong></span> <span class='ocrx_word' id='word_1_807' title='bbox 3121 4304 3374 4358; x_wconf 62' lang='lat' dir='ltr'><strong>adorare-</strong></span> 
     </span>
    </p>
   </div>
   <div class='ocr_carea' id='block_1_105' title="bbox 1790 4387 3374 4460">
    <p class='ocr_par' dir='ltr' id='par_1_105' title="bbox 1790 4387 3374 4460">
     <span class='ocr_line' id='line_1_105' title="bbox 1790 4387 3374 4460; baseline 0.003 -20"><span class='ocrx_word' id='word_1_808' title='bbox 1790 4397 1933 4452; x_wconf 84' lang='lat' dir='ltr'><strong>runt,</strong></span> <span class='ocrx_word' id='word_1_809' title='bbox 1966 4387 2162 4456; x_wconf 89' lang='lat' dir='ltr'><strong>inquit,</strong></span> <span class='ocrx_word' id='word_1_810' title='bbox 2202 4387 2324 4441; x_wconf 78' lang='lat' dir='ltr'><strong>deos</strong></span> <span class='ocrx_word' id='word_1_811' title='bbox 2357 4387 2554 4442; x_wconf 79' lang='lat' dir='ltr'><strong>alienos</strong></span> <span class='ocrx_word' id='word_1_812' title='bbox 2587 4389 2711 4442; x_wconf 83' lang='lat' dir='ltr'><strong>deos</strong></span> <span class='ocrx_word' id='word_1_813' title='bbox 2745 4393 2976 4459; x_wconf 86' lang='lat' dir='ltr'><strong>gentium</strong></span> <span class='ocrx_word' id='word_1_814' title='bbox 2996 4431 3010 4455; x_wconf 96' lang='lat'><strong>,</strong></span> <span class='ocrx_word' id='word_1_815' title='bbox 3061 4391 3148 4460; x_wconf 89' lang='lat' dir='ltr'><strong>qui</strong></span> <span class='ocrx_word' id='word_1_816' title='bbox 3179 4393 3234 4444; x_wconf 84' lang='lat' dir='ltr'><strong>in</strong></span> <span class='ocrx_word' id='word_1_817' title='bbox 3269 4393 3374 4445; x_wconf 86' lang='lat' dir='ltr'><strong>cir-</strong></span> 
     </span>
    </p>
   </div>
   <div class='ocr_carea' id='block_1_106' title="bbox 1790 4480 3374 4551">
    <p class='ocr_par' dir='ltr' id='par_1_106' title="bbox 1790 4480 3374 4551">
     <span class='ocr_line' id='line_1_106' title="bbox 1790 4480 3374 4551; baseline 0.003 -18"><span class='ocrx_word' id='word_1_818' title='bbox 1790 4481 1934 4535; x_wconf 83' lang='lat' dir='ltr'><strong>cuitu</strong></span> <span class='ocrx_word' id='word_1_819' title='bbox 1967 4480 2198 4551; x_wconf 86' lang='lat' dir='ltr'><strong>ipsorum</strong></span> <span class='ocrx_word' id='word_1_820' title='bbox 2219 4489 2393 4546; x_wconf 88' lang='lat' dir='ltr'><strong>erant,</strong></span> <span class='ocrx_word' id='word_1_821' title='bbox 2443 4489 2490 4534; x_wconf 88' lang='lat' dir='ltr'><strong>et</strong></span> <span class='ocrx_word' id='word_1_822' title='bbox 2515 4481 2586 4533; x_wconf 85' lang='lat' dir='ltr'><strong>ad</strong></span> <span class='ocrx_word' id='word_1_823' title='bbox 2610 4482 2946 4534; x_wconf 84' lang='lat' dir='ltr'><strong>iracundiam</strong></span> <span class='ocrx_word' id='word_1_824' title='bbox 2981 4483 3374 4538; x_wconf 80' lang='lat' dir='ltr'><strong>concitaverunt</strong></span> 
     </span>
    </p>
   </div>
   <div class='ocr_carea' id='block_1_107' title="bbox 1789 4573 3375 4644">
    <p class='ocr_par' dir='ltr' id='par_1_107' title="bbox 1789 4573 3375 4644">
     <span class='ocr_line' id='line_1_107' title="bbox 1789 4573 3375 4644; baseline 0.001 -15"><span class='ocrx_word' id='word_1_825' title='bbox 1789 4574 2094 4629; x_wconf 84' lang='lat' dir='ltr'><strong>Dominum.</strong></span> <span class='ocrx_word' id='word_1_826' title='bbox 2122 4573 2257 4628; x_wconf 80' lang='lat' dir='ltr'><strong>Vide</strong></span> <span class='ocrx_word' id='word_1_827' title='bbox 2279 4580 2541 4643; x_wconf 89' lang='lat' dir='ltr'><strong>quantum</strong></span> <span class='ocrx_word' id='word_1_828' title='bbox 2573 4573 2776 4627; x_wconf 80' lang='lat' dir='ltr'><strong>faciant</strong></span> <span class='ocrx_word' id='word_1_829' title='bbox 2795 4580 3040 4641; x_wconf 85' lang='lat' dir='ltr'><strong>peccata,</strong></span> <span class='ocrx_word' id='word_1_830' title='bbox 3063 4582 3124 4628; x_wconf 87' lang='lat' dir='ltr'><strong>ut</strong></span> <span class='ocrx_word' id='word_1_831' title='bbox 3145 4588 3375 4644; x_wconf 76' lang='lat' dir='ltr'><strong>peccan-</strong></span> 
     </span>
    </p>
   </div>
   <div class='ocr_carea' id='block_1_108' title="bbox 1791 4665 3372 4736">
    <p class='ocr_par' dir='ltr' id='par_1_108' title="bbox 1791 4665 3372 4736">
     <span class='ocr_line' id='line_1_108' title="bbox 1791 4665 3372 4736; baseline 0.003 -16"><span class='ocrx_word' id='word_1_832' title='bbox 1791 4675 1876 4720; x_wconf 90' lang='lat' dir='ltr'><strong>tes</strong></span> <span class='ocrx_word' id='word_1_833' title='bbox 1920 4665 2069 4719; x_wconf 89' lang='lat' dir='ltr'><strong>illum</strong></span> <span class='ocrx_word' id='word_1_834' title='bbox 2095 4665 2149 4718; x_wconf 91' lang='lat' dir='ltr'><strong>in</strong></span> <span class='ocrx_word' id='word_1_835' title='bbox 2180 4680 2286 4733; x_wconf 87' lang='lat' dir='ltr'><strong>quo</strong></span> <span class='ocrx_word' id='word_1_836' title='bbox 2317 4681 2424 4718; x_wconf 90' lang='lat' dir='ltr'><strong>non</strong></span> <span class='ocrx_word' id='word_1_837' title='bbox 2450 4665 2623 4719; x_wconf 90' lang='lat' dir='ltr'><strong>solum</strong></span> <span class='ocrx_word' id='word_1_838' title='bbox 2671 4665 2768 4720; x_wconf 84' lang='lat' dir='ltr'><strong>irae</strong></span> <span class='ocrx_word' id='word_1_839' title='bbox 2804 4665 2986 4722; x_wconf 88' lang='lat' dir='ltr'><strong>nullus</strong></span> <span class='ocrx_word' id='word_1_840' title='bbox 3013 4665 3241 4723; x_wconf 72' lang='lat' dir='ltr'><strong>aﬂ‘ectus</strong></span> <span class='ocrx_word' id='word_1_841' title='bbox 3264 4677 3372 4736; x_wconf 89' lang='lat' dir='ltr'><strong>est,</strong></span> 
     </span>
    </p>
   </div>
   <div class='ocr_carea' id='block_1_109' title="bbox 1793 4755 3374 4825">
    <p class='ocr_par' dir='ltr' id='par_1_109' title="bbox 1793 4755 3374 4825">
     <span class='ocr_line' id='line_1_109' title="bbox 1793 4755 3374 4825; baseline 0.003 -14"><span class='ocrx_word' id='word_1_842' title='bbox 1793 4757 1886 4811; x_wconf 88' lang='lat' dir='ltr'><strong>sed</strong></span> <span class='ocrx_word' id='word_1_843' title='bbox 1915 4770 1983 4809; x_wconf 91' lang='lat' dir='ltr'><strong>ne</strong></span> <span class='ocrx_word' id='word_1_844' title='bbox 2037 4755 2175 4809; x_wconf 89' lang='lat' dir='ltr'><strong>alius</strong></span> <span class='ocrx_word' id='word_1_845' title='bbox 2223 4755 2438 4824; x_wconf 87' lang='lat' dir='ltr'><strong>quidem</strong></span> <span class='ocrx_word' id='word_1_846' title='bbox 2484 4756 2759 4825; x_wconf 89' lang='lat' dir='ltr'><strong>passibilis</strong></span> <span class='ocrx_word' id='word_1_847' title='bbox 2795 4767 2993 4824; x_wconf 90' lang='lat' dir='ltr'><strong>motus,</strong></span> <span class='ocrx_word' id='word_1_848' title='bbox 3037 4773 3139 4814; x_wconf 89' lang='lat' dir='ltr'><strong>nos</strong></span> <span class='ocrx_word' id='word_1_849' title='bbox 3169 4761 3234 4814; x_wconf 89' lang='lat' dir='ltr'><strong>ad</strong></span> <span class='ocrx_word' id='word_1_850' title='bbox 3264 4761 3374 4816; x_wconf 61' lang='lat' dir='ltr'><strong>ira.</strong></span> 
     </span>
    </p>
   </div>
   <div class='ocr_carea' id='block_1_110' title="bbox 1794 4849 3375 4923">
    <p class='ocr_par' dir='ltr' id='par_1_110' title="bbox 1794 4849 3375 4923">
     <span class='ocr_line' id='line_1_110' title="bbox 1794 4849 3375 4923; baseline 0.003 -19"><span class='ocrx_word' id='word_1_851' title='bbox 1794 4849 2044 4904; x_wconf 83' lang='lat' dir='ltr'><strong>cundiam</strong></span> <span class='ocrx_word' id='word_1_852' title='bbox 2094 4864 2392 4919; x_wconf 86' lang='lat' dir='ltr'><strong>provocare</strong></span> <span class='ocrx_word' id='word_1_853' title='bbox 2418 4849 2682 4904; x_wconf 86' lang='lat' dir='ltr'><strong>dicamur.</strong></span> <span class='ocrx_word' id='word_1_854' title='bbox 2723 4851 2924 4904; x_wconf 83' lang='lat' dir='ltr'><strong>Verum</strong></span> <span class='ocrx_word' id='word_1_855' title='bbox 2968 4851 3055 4905; x_wconf 86' lang='lat' dir='ltr'><strong>ille</strong></span> <span class='ocrx_word' id='word_1_856' title='bbox 3089 4862 3375 4923; x_wconf 86' lang='lat' dir='ltr'><strong>permanet</strong></span> 
     </span>
    </p>
   </div>
   <div class='ocr_carea' id='block_1_111' title="bbox 1791 4941 3373 5012">
    <p class='ocr_par' dir='ltr' id='par_1_111' title="bbox 1791 4941 3373 5012">
     <span class='ocr_line' id='line_1_111' title="bbox 1791 4941 3373 5012; baseline 0.003 -18"><span class='ocrx_word' id='word_1_857' title='bbox 1791 4941 2142 4995; x_wconf 88' lang='lat' dir='ltr'><strong>immutabilis</strong></span> <span class='ocrx_word' id='word_1_858' title='bbox 2173 4942 2228 4995; x_wconf 88' lang='lat' dir='ltr'><strong>in</strong></span> <span class='ocrx_word' id='word_1_859' title='bbox 2261 4955 2356 4995; x_wconf 88' lang='lat' dir='ltr'><strong>sua</strong></span> <span class='ocrx_word' id='word_1_860' title='bbox 2389 4948 2599 5006; x_wconf 87' lang='lat' dir='ltr'><strong>natura,</strong></span> <span class='ocrx_word' id='word_1_861' title='bbox 2652 4957 2755 4997; x_wconf 88' lang='lat' dir='ltr'><strong>nec</strong></span> <span class='ocrx_word' id='word_1_862' title='bbox 2789 4957 3026 5012; x_wconf 88' lang='lat' dir='ltr'><strong>unquam</strong></span> <span class='ocrx_word' id='word_1_863' title='bbox 3067 4943 3161 4999; x_wconf 84' lang='lat' dir='ltr'><strong>irae</strong></span> <span class='ocrx_word' id='word_1_864' title='bbox 3192 4946 3373 4999; x_wconf 77' lang='lat' dir='ltr'><strong>turba-</strong></span> 
     </span>
    </p>
   </div>
   <div class='ocr_carea' id='block_1_112' title="bbox 1791 5031 3366 5105">
    <p class='ocr_par' dir='ltr' id='par_1_112' title="bbox 1791 5031 3366 5105">
     <span class='ocr_line' id='line_1_112' title="bbox 1791 5031 3366 5105; baseline 0.003 -20"><span class='ocrx_word' id='word_1_865' title='bbox 1791 5040 1880 5085; x_wconf 90' lang='lat' dir='ltr'><strong>tur</strong></span> <span class='ocrx_word' id='word_1_866' title='bbox 1919 5031 2242 5098; x_wconf 84' lang='lat' dir='ltr'><strong>aﬂ&#39;ectibus;</strong></span> <span class='ocrx_word' id='word_1_867' title='bbox 2299 5049 2397 5103; x_wconf 83' lang='lat' dir='ltr'><strong>ego</strong></span> <span class='ocrx_word' id='word_1_868' title='bbox 2440 5042 2619 5087; x_wconf 88' lang='lat' dir='ltr'><strong>autem</strong></span> <span class='ocrx_word' id='word_1_869' title='bbox 2673 5048 2771 5103; x_wconf 88' lang='lat' dir='ltr'><strong>per</strong></span> <span class='ocrx_word' id='word_1_870' title='bbox 2817 5049 2881 5089; x_wconf 86' lang='lat' dir='ltr'><strong>ea</strong></span> <span class='ocrx_word' id='word_1_871' title='bbox 2933 5051 3053 5105; x_wconf 68' lang='lat' dir='ltr'><strong>qua:</strong></span> <span class='ocrx_word' id='word_1_872' title='bbox 3097 5035 3366 5104; x_wconf 88' lang='lat' dir='ltr'><strong>delinquo,</strong></span> 
     </span>
    </p>
   </div>
   <div class='ocr_carea' id='block_1_113' title="bbox 1792 5123 3367 5194">
    <p class='ocr_par' dir='ltr' id='par_1_113' title="bbox 1792 5123 3367 5194">
     <span class='ocr_line' id='line_1_113' title="bbox 1792 5123 3367 5194; baseline 0.003 -18"><span class='ocrx_word' id='word_1_873' title='bbox 1792 5123 1930 5176; x_wconf 89' lang='lat' dir='ltr'><strong>iram</strong></span> <span class='ocrx_word' id='word_1_874' title='bbox 1986 5123 2115 5176; x_wconf 89' lang='lat' dir='ltr'><strong>mihi</strong></span> <span class='ocrx_word' id='word_1_875' title='bbox 2147 5125 2258 5192; x_wconf 90' lang='lat' dir='ltr'><strong>ipse</strong></span> <span class='ocrx_word' id='word_1_876' title='bbox 2310 5124 2606 5188; x_wconf 90' lang='lat' dir='ltr'><strong>conscisco,</strong></span> <span class='ocrx_word' id='word_1_877' title='bbox 2670 5125 2810 5179; x_wconf 89' lang='lat' dir='ltr'><strong>sicut</strong></span> <span class='ocrx_word' id='word_1_878' title='bbox 2853 5125 2994 5179; x_wconf 85' lang='lat' dir='ltr'><strong>dixit</strong></span> <span class='ocrx_word' id='word_1_879' title='bbox 3025 5125 3367 5194; x_wconf 84' lang='lat' dir='ltr'><strong>Apostolus:</strong></span> 
     </span>
    </p>
   </div>
   <div class='ocr_carea' id='block_1_114' title="bbox 1791 5214 3370 5283">
    <p class='ocr_par' dir='ltr' id='par_1_114' title="bbox 1791 5214 3370 5283">
     <span class='ocr_line' id='line_1_114' title="bbox 1791 5214 3370 5283; baseline 0.001 -16"><span class='ocrx_word' id='word_1_880' title='bbox 1791 5214 1922 5267; x_wconf 76' lang='lat' dir='ltr'><strong>Hrec</strong></span> <span class='ocrx_word' id='word_1_881' title='bbox 1963 5215 2069 5283; x_wconf 82' lang='lat' dir='ltr'><strong>ipse</strong></span> <span class='ocrx_word' id='word_1_882' title='bbox 2108 5215 2602 5279; x_wconf 82' lang='lat' dir='ltr'><strong>doces,-secundum</strong></span> <span class='ocrx_word' id='word_1_883' title='bbox 2653 5215 2898 5270; x_wconf 84' lang='lat' dir='ltr'><strong>duritiem</strong></span> <span class='ocrx_word' id='word_1_884' title='bbox 2945 5227 3120 5269; x_wconf 82' lang='lat' dir='ltr'><strong>autent</strong></span> <span class='ocrx_word' id='word_1_885' title='bbox 3149 5226 3295 5269; x_wconf 86' lang='lat' dir='ltr'><strong>tuam</strong></span> <span class='ocrx_word' id='word_1_886' title='bbox 3321 5225 3370 5270; x_wconf 85' lang='lat' dir='ltr'><strong>et</strong></span> 
     </span>
    </p>
   </div>
   <div class='ocr_carea' id='block_1_115' title="bbox 1789 5304 3373 5376">
    <p class='ocr_par' dir='ltr' id='par_1_115' title="bbox 1789 5304 3373 5376">
     <span class='ocr_line' id='line_1_115' title="bbox 1789 5304 3373 5376; baseline 0.002 -19"><span class='ocrx_word' id='word_1_887' title='bbox 1789 5304 2224 5373; x_wconf 74' lang='lat' dir='ltr'><strong>corimpwnitens</strong></span> <span class='ocrx_word' id='word_1_888' title='bbox 2269 5305 2609 5370; x_wconf 83' lang='lat' dir='ltr'><strong>thesaurisas,</strong></span> <span class='ocrx_word' id='word_1_889' title='bbox 2643 5305 2836 5376; x_wconf 87' lang='lat' dir='ltr'><strong>inquit,</strong></span> <span class='ocrx_word' id='word_1_890' title='bbox 2883 5305 2974 5358; x_wconf 83' lang='lat' dir='ltr'><strong>tibi</strong></span> <span class='ocrx_word' id='word_1_891' title='bbox 3003 5306 3111 5374; x_wconf 80' lang='lat' dir='ltr'><strong>ipse</strong></span> <span class='ocrx_word' id='word_1_892' title='bbox 3149 5305 3288 5358; x_wconf 85' lang='lat' dir='ltr'><strong>iram</strong></span> <span class='ocrx_word' id='word_1_893' title='bbox 3316 5305 3373 5360; x_wconf 81' lang='lat' dir='ltr'><strong>in</strong></span> 
     </span>
    </p>
   </div>
   <div class='ocr_carea' id='block_1_116' title="bbox 1789 5394 3371 5467">
    <p class='ocr_par' dir='ltr' id='par_1_116' title="bbox 1789 5394 3371 5467">
     <span class='ocr_line' id='line_1_116' title="bbox 1789 5394 3371 5467; baseline 0.001 -18"><span class='ocrx_word' id='word_1_894' title='bbox 1789 5396 1872 5450; x_wconf 85' lang='lat' dir='ltr'><strong>die</strong></span> <span class='ocrx_word' id='word_1_895' title='bbox 1916 5397 2032 5460; x_wconf 63' lang='lat' dir='ltr'><strong>ira},</strong></span> <span class='ocrx_word' id='word_1_896' title='bbox 2074 5405 2120 5449; x_wconf 87' lang='lat' dir='ltr'><strong>et</strong></span> <span class='ocrx_word' id='word_1_897' title='bbox 2141 5395 2467 5450; x_wconf 69' lang='lat' dir='ltr'><strong>revelatiom&#39;s</strong></span> <span class='ocrx_word' id='word_1_898' title='bbox 2491 5397 2618 5464; x_wconf 80' lang='lat' dir='ltr'><strong>iusti</strong></span> <span class='ocrx_word' id='word_1_899' title='bbox 2655 5397 2851 5467; x_wconf 83' lang='lat' dir='ltr'><strong>judicii</strong></span> <span class='ocrx_word' id='word_1_900' title='bbox 2885 5396 3006 5460; x_wconf 82' lang='lat' dir='ltr'><strong>Dei,</strong></span> <span class='ocrx_word' id='word_1_901' title='bbox 3047 5396 3138 5466; x_wconf 83' lang='lat' dir='ltr'><strong>qui</strong></span> <span class='ocrx_word' id='word_1_902' title='bbox 3189 5394 3371 5450; x_wconf 79' lang='lat' dir='ltr'><strong>reddet</strong></span> 
     </span>
    </p>
   </div>
   <div class='ocr_carea' id='block_1_117' title="bbox 1795 5485 3370 5558">
    <p class='ocr_par' dir='ltr' id='par_1_117' title="bbox 1795 5485 3370 5558">
     <span class='ocr_line' id='line_1_117' title="bbox 1795 5485 3370 5558; baseline 0.001 -18"><span class='ocrx_word' id='word_1_903' title='bbox 1795 5489 2072 5558; x_wconf 85' lang='lat' dir='ltr'><strong>unicuique</strong></span> <span class='ocrx_word' id='word_1_904' title='bbox 2096 5488 2378 5542; x_wconf 82' lang='lat' dir='ltr'><strong>secundum</strong></span> <span class='ocrx_word' id='word_1_905' title='bbox 2400 5505 2554 5556; x_wconf 80' lang='lat' dir='ltr'><strong>opera</strong></span> <span class='ocrx_word' id='word_1_906' title='bbox 2576 5507 2675 5542; x_wconf 85' lang='lat' dir='ltr'><strong>sua</strong></span> <span class='ocrx_word' id='word_1_907' title='bbox 2701 5488 2876 5558; x_wconf 85' lang='lat' dir='ltr'><strong>(Rom.</strong></span> <span class='ocrx_word' id='word_1_908' title='bbox 2907 5485 2991 5557; x_wconf 86' lang='grc' dir='ltr'><strong>ιι).</strong></span> <span class='ocrx_word' id='word_1_909' title='bbox 3014 5487 3370 5544; x_wconf 73' lang='lat' dir='ltr'><strong>Irritaverunt</strong></span> 
     </span>
    </p>
   </div>
   <div class='ocr_carea' id='block_1_118' title="bbox 1793 5577 3368 5650">
    <p class='ocr_par' dir='ltr' id='par_1_118' title="bbox 1793 5577 3368 5650">
     <span class='ocr_line' id='line_1_118' title="bbox 1793 5577 3368 5650; baseline -0.001 -15"><span class='ocrx_word' id='word_1_910' title='bbox 1793 5595 1922 5650; x_wconf 84' lang='lat' dir='ltr'><strong>ergo</strong></span> <span class='ocrx_word' id='word_1_911' title='bbox 1975 5579 2260 5633; x_wconf 89' lang='lat' dir='ltr'><strong>Dominum</strong></span> <span class='ocrx_word' id='word_1_912' title='bbox 2324 5579 2392 5633; x_wconf 90' lang='lat' dir='ltr'><strong>ad</strong></span> <span class='ocrx_word' id='word_1_913' title='bbox 2456 5579 2812 5641; x_wconf 88' lang='lat' dir='ltr'><strong>iracundiam,</strong></span> <span class='ocrx_word' id='word_1_914' title='bbox 2859 5586 2915 5631; x_wconf 91' lang='lat' dir='ltr'><strong>et</strong></span> <span class='ocrx_word' id='word_1_915' title='bbox 2965 5577 3368 5648; x_wconf 87' lang='lat' dir='ltr'><strong>dereliqucrunt</strong></span> 
     </span>
    </p>
   </div>
   <div class='ocr_carea' id='block_1_119' title="bbox 1793 5668 3367 5735">
    <p class='ocr_par' dir='ltr' id='par_1_119' title="bbox 1793 5668 3367 5735">
     <span class='ocr_line' id='line_1_119' title="bbox 1793 5668 3367 5735; baseline -0.001 -11"><span class='ocrx_word' id='word_1_916' title='bbox 1793 5671 1984 5735; x_wconf 90' lang='lat' dir='ltr'><strong>Deum,</strong></span> <span class='ocrx_word' id='word_1_917' title='bbox 2031 5681 2084 5725; x_wconf 88' lang='lat' dir='ltr'><strong>et</strong></span> <span class='ocrx_word' id='word_1_918' title='bbox 2135 5671 2419 5726; x_wconf 88' lang='lat' dir='ltr'><strong>coluerunt</strong></span> <span class='ocrx_word' id='word_1_919' title='bbox 2467 5671 2596 5724; x_wconf 85' lang='lat' dir='ltr'><strong>Baal</strong></span> <span class='ocrx_word' id='word_1_920' title='bbox 2639 5679 2694 5723; x_wconf 91' lang='lat' dir='ltr'><strong>et</strong></span> <span class='ocrx_word' id='word_1_921' title='bbox 2739 5669 3056 5732; x_wconf 76' lang='lat' dir='ltr'><strong>Astarthen,</strong></span> <span class='ocrx_word' id='word_1_922' title='bbox 3105 5676 3159 5723; x_wconf 89' lang='lat' dir='ltr'><strong>et</strong></span> <span class='ocrx_word' id='word_1_923' title='bbox 3195 5668 3367 5728; x_wconf 81' lang='lat' dir='ltr'><strong>iratus</strong></span> 
     </span>
    </p>
   </div>
   <div class='ocr_carea' id='block_1_120' title="bbox 1790 5758 3369 5824">
    <p class='ocr_par' dir='ltr' id='par_1_120' title="bbox 1790 5758 3369 5824">
     <span class='ocr_line' id='line_1_120' title="bbox 1790 5758 3369 5824; baseline -0.002 -5"><span class='ocrx_word' id='word_1_924' title='bbox 1790 5772 1875 5819; x_wconf 87' lang='lat' dir='ltr'><strong>est</strong></span> <span class='ocrx_word' id='word_1_925' title='bbox 1902 5761 2086 5820; x_wconf 80' lang='lat' dir='ltr'><strong>furore</strong></span> <span class='ocrx_word' id='word_1_926' title='bbox 2126 5762 2384 5820; x_wconf 87' lang='lat' dir='ltr'><strong>Dominus</strong></span> <span class='ocrx_word' id='word_1_927' title='bbox 2431 5762 2488 5818; x_wconf 87' lang='lat' dir='ltr'><strong>in</strong></span> <span class='ocrx_word' id='word_1_928' title='bbox 2523 5760 2687 5818; x_wconf 84' lang='lat' dir='ltr'><strong>Israel</strong></span> <span class='ocrx_word' id='word_1_929' title='bbox 2709 5768 2766 5816; x_wconf 90' lang='lat' dir='ltr'><strong>et</strong></span> <span class='ocrx_word' id='word_1_930' title='bbox 2789 5759 3014 5817; x_wconf 88' lang='lat' dir='ltr'><strong>tradidit</strong></span> <span class='ocrx_word' id='word_1_931' title='bbox 3040 5773 3134 5818; x_wconf 82' lang='lat' dir='ltr'><strong>eos</strong></span> <span class='ocrx_word' id='word_1_932' title='bbox 3160 5758 3217 5816; x_wconf 87' lang='lat' dir='ltr'><strong>in</strong></span> <span class='ocrx_word' id='word_1_933' title='bbox 3248 5770 3369 5824; x_wconf 72' lang='lat' dir='ltr'><strong>ma-</strong></span> 
     </span>
    </p>
   </div>
  </div>
