3986 6348
604 295 748 355 “23

1279 288 1340 343 B.
1381 285 1634 343 RABANI
1673 284 1893 343 MAURI
1932 279 2251 339 ARCHIEP.
2290 277 2603 339 MOGUNT.
2638 279 2925 339 OPERUM
2959 280 3139 339 PARS
3175 284 3217 337 l.

3744 293 3870 355 ωδ

604 422 706 464 nus
733 401 1123 476 diripientium.
1139 399 1389 467 Quandiu
1425 398 1546 469 quis
1564 399 1678 454 Deo
1699 398 1888 463 servit,
1931 410 2038 451 non
2069 403 2181 448 tra-
2206 396 2259 455 A
2282 402 2434 463 genta
2475 402 2526 447 et
2569 410 2700 449 auro
2750 395 2998 466 redempti
3041 396 3191 464 estis,
3215 399 3307 453 sed
3348 401 3590 470 ρτειίοεο
3631 412 3867 481 mm

604 500 749 555 ditur
781 498 834 551 in
862 509 1055 548 manus
1085 491 1490 562 diripientium;
1523 505 1645 545 cum
1678 497 1859 543 autem
1882 487 2183 556 derelique-

602 592 673 646 rit
698 589 893 651 Deum,
925 592 977 638 et
1005 583 1211 639 servire
1249 583 1477 651 ett-perit
1506 581 1850 653 passionibus
1878 580 2013 643 suis,
2054 586 2187 633 tunc

601 683 885 742 diciturde
915 694 1001 743 eo,
1037 678 1163 748 quia
1210 676 1436 731 tradidit
1481 692 1604 731 cum
1633 676 1778 733 Deus
1801 675 1857 730 in
1903 673 2184 744 passiones

602 773 928 847 ignominiae.
983 771 1052 826 Et
1104 771 1341 825 iterum:
1370 767 1611 822 Tradidit
1657 782 1743 822 eos
1799 768 1852 821 in
1910 765 2181 837 reprobum

599 884 843 933 sensum,
870 874 926 920 ut
979 863 1177 934 faciant
1207 878 1270 915 ea
1309 876 1425 932 qua:
1462 876 1567 914 non
1595 861 1924 915 conveniunt.
1958 855 2184 926 Quare?

602 960 742 1027 Quia
790 955 972 1027 repleti
1018 960 1160 1018 sunt,
1191 950 1386 1022 inquit,
1415 949 1557 1004 omni
1599 949 1897 1020 iniquitate,
1928 948 2183 1019 nequitia,

600 1048 969 1120 fornicatione,
996 1042 1243 1108 avaritia,
1263 1048 1319 1097 et
1338 1039 1549 1095 caeteris
1576 1040 1828 1095 omnibus
1848 1053 1970 1109 qua:
1997 1039 2184 1095 dicun-

2284 484 2407 553 agni
2433 485 2758 541 immaculati
2783 486 2833 559 (Ι
2865 485 3009 542 Petr.
3033 487 3095 558 ι).
3111 487 3168 543 lu
3186 501 3414 561 argento
3439 496 3599 549 enim
3625 501 3863 569 propheta

2283 588 2500 630 omnem
2529 576 2814 645 pecuniam
2844 578 3188 652 signiﬁcavit,
3217 582 3311 637 ubi
3345 584 3463 641 ait:
3494 584 3630 640 Non
3650 606 3765 644 cum
3791 612 3861 647 ar-

2282 676 2434 736 gento
2462 668 2785 725 redimemini
2802 688 2821 736 ;
2850 673 3105 742 quoniam
3140 676 3314 744 pretio
3342 678 3599 748 quidem,
3627 685 3862 754 sanguine

2285 758 2512 825 Christi,
2535 776 2642 816 non
2678 770 2855 817 tamen
2901 763 3076 834 pretio
3120 765 3435 835 pecuniario
3485 767 3857 835 fuerantredi.

2283 853 2483 908 mendi.
2527 855 2584 909 In
2609 870 2674 910 eo
2697 856 2839 925 quod
2866 855 3125 913 Dominus
3146 858 3279 914 dicit
3305 877 3319 912 :
3349 859 3418 914 Et
3444 878 3553 932 ego
3579 880 3686 918 non
3720 883 3857 939 φρο-

2285 960 2407 998 nam
2454 946 2664 1017 auferre
2692 947 2859 1001 virum
2885 965 2919 1003 a
2948 946 3087 1018 [acie
3113 950 3346 1021 ipsorum
3389 951 3455 1007 de
3485 953 3726 1024 gentibus
3748 974 3856 1025 quas

2285 1035 2490 1108 reliquit
2531 1037 2679 1107 ﬁlius
2721 1038 2893 1105 Nave,
2925 1050 2973 1095 et
3011 1041 3214 1097 dimisit
3254 1044 3324 1098 ad
3370 1048 3691 1102 tentandum
3726 1052 3856 1107 ineis

600 1151 689 1197 tur
713 1139 891 1213 (Rom.
924 1137 986 1209 t).
1032 1134 1261 1190 Sicutet
1285 1132 1376 1189 hic
1414 1132 1601 1200 modo,
1640 1132 1729 1204 qui
1758 1133 2072 1197 servierunt,
2096 1130 2183 1186 in-
2286 1124 2473 1194 Israel,
2508 1127 2555 1183 si
2605 1128 2948 1185 observabant
2996 1131 3132 1186 viam
3176 1130 3413 1203 Domini,
3446 1136 3606 1190 abire
3644 1138 3853 1211 iam,

600 1236 737 1305 qui"
792 1240 841 1286 et
877 1229 1232 1285 “domum”,
1272 1225 1487 1281 Βααηηι
1535 1234 1584 1281 οι
1622 1225 1925 1290 Asan-men,
1966 1224 2183 1279 ιι-ηάίάει
2282 1219 2723 1290 quemadmodum
2768 1221 3127 1277 custodierunt
3171 1234 3347 1295 patres
3392 1242 3709 1297 eorum,an
3748 1250 3850 1289 non.

600 1324 719 1380 illos
768 1321 913 1377 Deus
950 1320 1009 1375 in
1050 1317 1292 1373 matribus
1333 1315 1713 1387 diripientium,
1761 1323 1808 1369 et
1839 1314 2011 1383 factus
2027 1322 2103 1367 est
2130 1313 2186 1369 in
2286 1308 2354 1362 Et
2384 1311 2579 1365 dimisit
2606 1310 2863 1367 Dominus
2891 1324 3063 1384 gentes
3105 1316 3221 1383 has,
3249 1326 3306 1372 ut
3350 1336 3454 1373 non
3494 1321 3725 1391 auferret
3754 1322 3853 1380 illas

600 1413 840 1468 manibus
862 1410 1199 1464 inimicorum
1231 1422 1468 1462 suorum.
1501 1404 1617 1461 Hoc
1640 1419 1773 1476 ergo
1814 1405 1973 1460 modo
1997 1402 2186 1459 iutclli—
2287 1408 2430 1466 tunc,
2454 1410 2502 1455 et
2533 1418 2635 1455 non
2665 1401 2885 1456 tradidit
2912 1403 3033 1457 illas
3054 1405 3107 1459 in
3135 1422 3325 1461 manus
3342 1407 3513 1476 Iesu;
3534 1413 3674 1468 satis
3692 1422 3853 1469 osten-

598 1503 832 1575 gendum
862 1508 946 1557 est
971 1498 1141 1555 Deum
1164 1497 1381 1553 tradere
1409 1511 1547 1566 quos
1573 1496 1762 1564 tradit,
1778 1511 1887 1552 non
1915 1494 2042 1564 quia
2068 1493 2186 1564 ipse
2288 1492 2433 1547 ditur
2479 1507 2643 1547 causa
2698 1508 2866 1564 quare
2913 1511 3020 1553 non
3070 1495 3233 1553 Iesus
3282 1514 3477 1557 omnes
3524 1503 3646 1558 illas
3688 1516 3855 1577 gentes

599 1599 783 1654 tradat
808 1595 1077 1667 aliquem.
1099 1592 1283 1650 sedes
1306 1605 1372 1647 eo
1392 1589 1538 1662 quod
1559 1589 1885 1661 derelinquit
1913 1588 2184 1660 indignos,
2287 1583 2537 1639 bellando
2568 1584 2854 1649 deleverit;
2885 1588 3012 1659 quia
3062 1588 3166 1646 hoc
3194 1590 3241 1645 si
3274 1591 3451 1660 ﬂeret,
3485 1611 3596 1651 non
3639 1608 3781 1653 esset
3814 1600 3855 1654 in

597 1702 693 1744 cos
722 1685 933 1744 scilicet
986 1699 1081 1754 qui
1113 1697 1173 1738 se
1217 1695 1327 1738 non
1355 1681 1429 1737 ita
1461 1679 1717 1739 excolunt
1739 1687 1847 1735 eta
1872 1678 2018 1734 vitiis
2056 1693 2185 1749 pur-
2286 1673 2481 1744 quibus
2525 1676 2613 1732 isti
2657 1677 3043 1747 probarentur.
3082 1678 3385 1739 Potuerunt
3431 1696 3626 1742 autem
3671 1706 3780 1745 esse
3802 1689 3854 1743 ad

599 1785 752 1851 gout,
774 1786 836 1833 ut
862 1776 1092 1833 libenter
1125 1775 1181 1830 iu
1208 1774 1289 1831 eis
1307 1772 1519 1829 habitet
1540 1771 1701 1827 Deus.
1744 1770 1864 1842 Ipso
1885 1769 2185 1842 refugiente
2209 1763 2261 1831 Β
2287 1765 2578 1821 utilitatem
2608 1767 2871 1840 ipsorum,
2900 1770 2945 1826 si
2971 1770 3163 1827 tentati
3194 1774 3249 1829 in
3278 1775 3375 1841 eis,
3410 1792 3532 1832 non
3564 1778 3768 1850 reprobi
3792 1781 3855 1834 in-

597 1878 761 1940 atque
787 1874 1065 1924 avertente
1093 1881 1154 1921 se
1178 1865 1247 1919 ab
1271 1863 1475 1928 anima,
1518 1878 1637 1934 quae
1667 1862 1724 1919 in
1750 1861 2091 1918 immunditia
2122 1876 2186 1921 ac
2290 1858 2636 1926 venirentur;
2670 1860 2858 1931 eisque
2906 1860 3100 1918 talibus
3130 1864 3365 1921 inventis
3406 1867 3610 1937 quales
3634 1886 3723 1924 eos
3760 1885 3855 1925 esse

595 1964 747 2019 vitiis
792 1961 971 2034 posita
1008 1967 1112 2025 est,
1140 1958 1343 2015 tradita
1369 1956 1568 2013 dicitur
1592 1972 1659 2011 ex
1685 1970 1751 2011 eo
1777 1954 1920 2025 quod
1945 1954 2058 2010 Deo
2084 1968 2183 2008 va-

597 2071 700 2112 cua
742 2052 1034 2119 invenitur,
1094 2057 1149 2107 et
1181 2048 1450 2105 invaditur
1499 2063 1529 2102 a
1569 2046 1761 2119 spiritu
1805 2060 2059 2115 nequam.
2116 2044 2183 2100 Et

596 2144 722 2201 ideo
750 2158 849 2199 nos
873 2156 1085 2199 summo
1109 2139 1290 2197 studio
1318 2136 1620 2210 vigilemus,
1661 2145 1716 2193 ct
1739 2136 2055 2192 festinemus
2084 2151 2183 2195 nos

596 2248 831 2306 purgare
856 2247 888 2289 a
912 2230 1059 2287 vitiis
1099 2238 1154 2286 et
1179 2227 1630 2301 concupiscentiis
1676 2226 1863 2292 malis,
1911 2235 1971 2281 ut
2013 2228 2181 2281 Deum

595 2325 744 2382 intra
772 2340 873 2381 nos
892 2333 1076 2381 tenere
1095 2323 1385 2395 possimus,
1431 2328 1486 2376 et
1505 2329 1564 2376 ut
1587 2321 1831 2375 habitare
1855 2320 2106 2389 dignetur
2125 2319 2181 2374 in

590 2416 771 2483 nobis,
794 2416 922 2471 dum
945 2414 1247 2473 delectatur
1269 2420 1323 2468 et
1346 2411 1557 2467 actibus
1576 2417 1631 2467 et
1653 2410 1995 2467 sermonibus
2012 2417 2069 2465 et
2089 2425 2180 2465 co—

591 2508 944 2582 gitationibus
970 2506 1195 2565 nostris.

1177 2660 1407 2719 CAPUT
1446 2660 1576 2718 VIII.

589 2800 745 2871 Quod
785 2799 959 2856 iratus
1000 2799 1259 2859 Dominus
1292 2808 1476 2855 contra
1521 2796 1712 2871 Israel,
1743 2796 1961 2871 tradidit
2006 2813 2092 2871 eos
2122 2798 2177 2853 in

657 2886 847 2954 manus
878 2872 1268 2954 diripientium;
1298 2870 1413 2954 sed,
1436 2871 1510 2925 eis
1541 2869 1927 2954 paenitentibus,
1956 2870 2178 2954 suscita-

656 2943 730 2997 vit
746 2944 959 3068 manu
976 2938 1186 3015 iudices
1229 2940 1318 3014 qui
1347 2938 1627 2995 liberarent
1652 2956 1738 3013 eos
1767 2939 1832 2994 de
1861 2939 2175 2994 vastantium

656 3029 744 3068 ma
905 3052 920 3068 .

2288 1949 2487 2006 debere
2512 1961 2847 2023 prmceperat
2876 1954 3155 2021 Dominus,
3171 1953 3285 2025 jam
3312 1967 3513 2027 gentes
3566 1959 3667 2015 illa:
3712 1956 3856 2015 aufer-

2287 2052 2478 2099 rentur
2506 2060 2535 2099 a
2568 2044 2706 2100 facie
2734 2060 2945 2112 eorum,
2976 2046 3021 2102 si
3052 2046 3127 2101 ita
3175 2048 3442 2117 viverent,
3478 2066 3586 2107 nec
3620 2053 3760 2107 hellis
3781 2068 3854 2107 eos

2286 2132 2530 2189 exerceri
2579 2142 2871 2205 Oporteret.
2925 2136 3103 2192 Verba
3136 2139 3283 2192 enim
3329 2137 3561 2194 Domini
3589 2141 3691 2196 huc
3717 2157 3854 2211 usque

2287 2226 2601 2298 accipienda
2629 2236 2786 2283 sunt:
2813 2225 3037 2300 Propter
3076 2230 3216 2303 quod
3251 2241 3403 2284 tanta
3445 2231 3721 2305 dereliquit
3753 2250 3852 2307 gent

2285 2315 2395 2371 hwc
2422 2325 2785 2372 testamentum
2827 2334 3021 2385 meum,
3064 2321 3206 2391 quor!
3250 2321 3510 2376 mandari
3536 2324 3767 2393 patribus
3788 2339 3856 2377 co-

2284 2423 2425 2474 rum,
2450 2417 2495 2463 et
2528 2425 2629 2462 non
2667 2407 2971 2463 obedierunt
3019 2410 3129 2464 voci
3172 2426 3338 2476 mete;
3363 2420 3416 2466 et
3443 2428 3542 2482 ego
3590 2430 3693 2470 non
3726 2429 3854 2484 appo-

2285 2514 2408 2552 nam
2440 2498 2650 2568 auferre
2677 2500 2856 2571 pirum
2887 2518 2918 2553 a
2946 2500 3082 2569 facie
3116 2502 3378 2571 ipsorum,
3407 2502 3463 2557 id
3509 2512 3596 2559 est
3634 2505 3858 2560 adversa-

2284 2592 2445 2647 rium.
2482 2591 2689 2649 Caetera
2715 2608 2846 2648 vero
2876 2594 3041 2649 verba
3065 2596 3351 2666 scriptoris
3382 2606 3538 2661 sunt,
3570 2600 3857 2669 exponentis

2282 2682 2424 2737 unde
2455 2682 2651 2738 dixerit
2681 2684 2941 2740 Dominus
2987 2702 3093 2741 non
3142 2701 3203 2742 se
3242 2687 3563 2744 ablaturum
3607 2689 3774 2745 virum
3804 2691 3863 2746 de

2280 2775 2532 2847 gentibus
2579 2791 2716 2848 quas
2758 2777 3045 2848 dereliquit
3092 2775 3248 2834 Iesus
3295 2779 3443 2835 filius
3474 2779 3642 2837 Nave.
3675 2781 3857 2837 Deinde

2282 2867 2396 2938 subj
2405 2884 2610 2940 ungcns
2631 2886 2735 2941 qua
2753 2887 2917 2927 causa
2939 2870 3320 2944 dereliquerit:
3347 2872 3422 2927 Et
3442 2874 3666 2942 dimisit,
3685 2874 3862 2947 inquit,

2283 2962 2353 3016 ad
2381 2962 2688 3017 tentandum
2712 2962 2902 3031 Israel,
2930 2964 2978 3018 si
3002 2964 3276 3020 observant
3302 2965 3446 3021 viam
3474 2967 3715 3033 Domini,
3738 2968 3860 3021 abire

2282 3054 2337 3107 in
2379 3071 2460 3121 ea,
2490 3055 2931 3127 quemadmodum
2963 3056 3325 3111 custodierunt
3357 3067 3539 3128 patres
3582 3076 3784 3125 eorum,
3806 3074 3865 3112 an

658 3143 838 3216 (lum)
860 3143 1143 3216 Iratusque
1157 3143 1414 3199 Dominus
1437 3150 1620 3197 contra
1638 3141 1829 3209 Israel,
1845 3142 2065 3196 tradidit
2089 3159 2177 3197 eos
2202 3124 2251 3190 (ἶ
2285 3162 2385 3200 non
2400 3165 2420 3213 ,-
2460 3124 2554 3203 eos
2577 3146 2766 3202 volens
2803 3145 3030 3218 intelligi
3063 3156 3247 3218 patres
3273 3124 3584 3206 custodisse
3611 3149 3753 3205 viam

589 3235 645 3289 in
663 3250 850 3289 manus
870 3234 1249 3304 diripientium,
1268 3235 1357 3305 qui
1384 3243 1627 3304 ceperunt
1648 3248 1738 3287 eos
1761 3240 1810 3287 et
1833 3232 2175 3287 vendiderunt

585 3324 820 3379 hostibus
847 3325 935 3394 qui
964 3323 1268 3378 habitabant
1300 3339 1392 3394 per
1425 3338 1642 3394 gyrum;
1674 3338 1766 3377 nec
1792 3330 2073 3392 potuerunt
2097 3338 2177 3376 re-

586 3415 770 3471 sistere
801 3413 1119 3470 adversariis
1148 3414 1283 3480 suis,
1309 3413 1399 3468 sed
1423 3429 1729 3484 quocunque
1750 3428 1962 3485 pergere
1985 3411 2178 3467 voluis-

584 3515 718 3574 sent,
750 3522 938 3562 manus
968 3505 1183 3561 Domini
1223 3514 1334 3560 erat
1364 3521 1521 3576 super
1547 3520 1653 3571 eos,
1682 3506 1818 3559 sicut
1845 3503 2049 3560 locutus
2076 3514 2173 3573 est,

584 3607 633 3655 et
650 3597 850 3669 juravit
875 3598 983 3665 eis;
1010 3606 1059 3652 et
1078 3597 1403 3653 vehementer
1424 3596 1598 3668 amicti
1622 3605 1765 3651 sunt.
1794 3594 2175 3667 Suscitavitque

585 3685 841 3748 Dominus
855 3688 1066 3760 judices
1087 3688 1176 3761 qui
1204 3688 1483 3743 liberarent
1512 3704 1598 3742 eos
1623 3686 1688 3741 de
1712 3688 2028 3743 vastantium
2056 3703 2173 3741 ma-

585 3781 761 3849 nibus,
784 3781 873 3837 sed
904 3797 997 3836 nec
1025 3780 1144 3837 illos
1167 3779 1354 3835 audire
1392 3778 1688 3846 voluerunt,
1714 3779 2033 3850 fornicantes
2055 3795 2174 3833 cum

584 3874 686 3928 diis
722 3871 934 3941 alienis,
955 3880 1004 3928 et
1047 3872 1327 3927 adorantes
1371 3886 1478 3938 eos,
1509 3872 1610 3925 cito
1651 3871 1992 3926 deseruerunt
2035 3871 2174 3927 viam

580 3982 675 4038 per
710 3980 869 4038 quam
904 3963 1125 4036 ingressi
1150 3962 1359 4034 fuerant
1382 3972 1556 4035 patres
1594 3977 1797 4029 eorum,
1827 3970 1876 4015 et
1902 3959 2175 4019 audientes

583 4056 836 4113 mandata
875 4054 1111 4123 Domini,
1138 4056 1316 4112 omnia
1358 4055 1525 4126 fecere
1559 4054 1850 4121 contmria,
1873 4063 1928 4110 et
1950 4064 2169 4111 caetera.

586 4147 706 4203 Alia
741 4157 923 4206 autem
956 4149 1122 4205 editio
1151 4149 1231 4205 sic
1259 4148 1426 4206 habet
1452 4165 1467 4205 :
1491 4147 1561 4204 Et
1602 4149 1832 4205 vendidit
1861 4167 1948 4205 eos
1974 4150 2032 4204 in
2053 4167 2171 4205 ma-

2282 3235 2434 3302 mini,
2466 3236 2556 3308 qui
2592 3236 2955 3293 fueruntcum
2995 3235 3143 3305 Iesu,
3184 3238 3237 3293 id
3271 3248 3353 3295 est
3388 3254 3453 3295 eo
3497 3249 3754 3311 tempore
3775 3255 3864 3311 quo

2282 3326 2371 3382 ille
2409 3327 2641 3383 vivebat.
2672 3326 3091 3383 Generationem
3130 3329 3316 3400 quippe
3350 3328 3585 3384 alteram
3622 3332 3865 3402 superius

2281 3417 2469 3473 retulit
2514 3418 2821 3474 surrexisse
2846 3426 2972 3490 post
3001 3418 3121 3475 illos
3148 3418 3239 3489 qui
3264 3418 3518 3474 vixerant
3557 3435 3691 3474 cum
3730 3418 3863 3484 Iesu,

2282 3518 2335 3565 ct
2364 3509 2433 3563 ab
2462 3508 2593 3581 ipsis
2618 3508 2849 3581 coepisse
2884 3510 3348 3582 transgressiones
3383 3526 3507 3582 qua
3537 3509 3866 3567 oﬂ‘endemnt

2282 3599 2590 3667 Dominum,
2644 3616 2746 3670 pro
2790 3600 2988 3671 quibus
3036 3600 3332 3667 tentandis,
3360 3601 3416 3657 id
3451 3610 3542 3658 est
3564 3602 3863 3673 probandis,

2279 3689 2483 3746 relictae
2513 3689 2730 3745 fuerant
2761 3699 2981 3761 gentes,
3012 3705 3110 3746 nec
3138 3692 3521 3746 exterminata:
3545 3706 3645 3762 per
3669 3689 3862 3747 Iesum.

2277 3776 2483 3835 Deinde
2507 3794 2576 3836 ne
2604 3787 2887 3853 putaretur
2911 3778 3015 3835 hoc
3037 3776 3196 3837 Iesus
3216 3779 3451 3836 consilio
3472 3795 3593 3847 suo,
3614 3788 3863 3852 tanquam

2278 3872 2536 3939 humano,
2564 3871 2758 3945 egisse,
2786 3879 2846 3928 ut
2876 3879 3063 3946 gentes
3109 3870 3216 3929 illa:
3258 3871 3723 3944 relinquerentur,
3752 3872 3865 3926 sub-

2270 3962 2453 4037 jungit
2482 3964 2759 4036 Scriptura
2783 3982 2796 4019 :
2824 3962 2893 4019 Et
2921 3964 3119 4019 dimisit
3160 3963 3423 4020 Dominus
3472 3975 3651 4036 gentes
3679 3964 3792 4029 has,
3814 3971 3863 4016 at

2279 4073 2381 4109 non
2410 4054 2637 4124 auferret
2664 4053 2786 4110 illas
2811 4054 3081 4121 celeriter;
3118 4063 3166 4109 et
3196 4071 3301 4109 non
3326 4054 3553 4109 tradidit
3572 4069 3666 4108 eas
3684 4054 3739 4106 in
3767 4068 3866 4106 tne-

2278 4164 2377 4201 nus
2406 4144 2555 4201 Iesu.
2594 4146 2801 4202 Deinde
2827 4146 3110 4217 sequitur:
3136 4144 3205 4200 Et
3254 4146 3338 4201 lue
3373 4156 3549 4217 gentes
3587 4158 3724 4215 quas
3755 4141 3864 4197 reﬁ-

586 4257 713 4295 num
764 4240 1099 4295 inimicorum
1148 4256 1364 4296 suorum
1408 4243 1465 4296 in
1507 4242 1747 4297 circuitu.
1811 4242 1991 4311 Quaeri
2036 4243 2174 4301 solet
2274 4239 2387 4311 quit
2421 4237 2598 4305 Iesus,
2633 4249 2689 4294 ut
2711 4248 2935 4295 tentaret
2963 4238 3019 4293 in
3047 4238 3122 4293 eis
3151 4235 3328 4292 Israel
3353 4254 3528 4292 omnes
3553 4236 3649 4307 qui
3680 4235 3867 4289 nescie-

584 4345 754 4403 quare
798 4327 1035 4385 dixerit:
1069 4327 1335 4396 Vendidit,
1367 4337 1625 4401 tanquam
1674 4331 1890 4401 aliquod
1938 4333 2171 4403 pretium
2275 4339 2399 4385 runt
2422 4331 2599 4384 omnia
2628 4328 2763 4383 bella
2804 4327 3103 4384 Chanaan:
3127 4344 3313 4382 verum
3341 4336 3549 4398 propter
3572 4324 3864 4396 generatio-

574 4422 918 4497 intelligatur
957 4421 1179 4478 datum?
1208 4418 1316 4478 Sed
1350 4430 1406 4478 et
1434 4420 1490 4477 in
1518 4419 1734 4477 Psalmo
1762 4421 1957 4493 legitur
1981 4442 1993 4477 :
2031 4421 2168 4478 Ven-
2195 4490 2239 4497 _
2278 4439 2368 4477 nes
2395 4423 2631 4493 ﬁliorum
2654 4421 2846 4491 Israel,
2869 4421 3052 4476 docere
3074 4418 3193 4474 illos
3217 4418 3425 4473 bellum.
3450 4416 3578 4471 Erat
3604 4430 3745 4487 ergo
3770 4415 3866 4470 ista

582 4490 1036 4587 didistiipopulum
1067 4523 1216 4570 tuum
1256 4514 1370 4570 sine
1393 4513 1558 4586 pretio
1590 4510 1706 4586 (Ps.
1731 4490 1906 4586 xuii).
1939 4514 2008 4569 Et
2031 4490 2251 4586 apudD
2275 4490 2441 4572 causa
2485 4513 2539 4569 in
2589 4530 2778 4571 eorum
2826 4511 3204 4576 tentationem,
3236 4518 3299 4567 ut
3327 4508 3523 4564 bellare
3564 4507 3865 4567 discerent,

583 4608 905 4678 prophetam
930 4626 944 4663 :
972 4606 1148 4664 Gratis
1177 4608 1370 4664 uenditi
1410 4609 1554 4675 estis,
1579 4618 1628 4663 et
1670 4625 1772 4664 non
1812 4626 1931 4664 cum
1956 4620 2171 4680 argento
2274 4611 2330 4669 id
2357 4618 2461 4677 est,
2491 4617 2549 4667 ut
2578 4616 2731 4669 tanta
2754 4605 2957 4683 pietate
2987 4612 3041 4669 et
3063 4598 3372 4663 obedientia
3401 4600 3537 4671 legis
3562 4597 3667 4655 Dei
3710 4598 3867 4655 bella-

585 4696 913 4754 redimemini
947 4696 1101 4771 (Isai.
1128 4696 1247 4771 ut).
1295 4697 1476 4765 Quare
1499 4712 1632 4770 ergo
1655 4698 1878 4767 venditi,
1909 4699 1957 4755 si
1984 4701 2168 4771 gratis,
2276 4711 2417 4768 rent,
2443 4709 2649 4772 quanta
2692 4709 2882 4772 patres
2924 4713 3113 4755 eorum
3160 4696 3254 4771 qui
3297 4695 3524 4753 Domino
3554 4693 3679 4749 Deo
3709 4693 3866 4749 etiam

585 4797 643 4846 et
670 4788 783 4845 sine
804 4791 990 4862 pretio,
1014 4799 1195 4849 etnon
1215 4793 1396 4864 potius
1418 4790 1638 4848 donati?
1659 4793 1741 4848 An
1764 4793 1903 4849 forte
1926 4792 2171 4866 Scriptu-

586 4897 776 4941 rarum
820 4881 1018 4938 locutio
1062 4894 1168 4951 est,
1194 4892 1256 4941 ut
1294 4884 1545 4941 venditus
1589 4886 1755 4941 etiam
1799 4888 1891 4957 qui
1937 4888 2170 4944 donatur

584 4977 691 5037 dici
716 4973 922 5048 possit?
945 4973 1045 5031 Hic
1070 4984 1250 5033 autem
1275 4993 1465 5034 sensus
1491 4985 1575 5034 est
1596 4979 1831 5048 optimus
1857 4980 1911 5033 in
1933 4996 1999 5036 eo
2021 4980 2166 5050 quod

585 5070 788 5126 dictum
810 5075 897 5126 est
922 5084 936 5121 :
962 5062 1140 5121 Gratis
1164 5070 1353 5125 uenditi
1374 5072 1532 5137 estis;
1563 5078 1618 5127 et
1642 5088 1653 5123 :
1687 5069 1980 5126 Vendidisti
2004 5091 2168 5145 popu-

584 5158 695 5215 lum
726 5167 874 5214 tuum
899 5157 1011 5213 sine
1046 5158 1212 5228 pretio
1234 5176 1253 5214 :
1274 5162 1401 5230 quia
1427 5162 1503 5218 illi
1542 5162 1740 5233 quibus
1766 5164 2035 5221 tradidisti
2078 5181 2168 5236 po-

582 5252 791 5325 pulum,
833 5250 987 5322 impii
1025 5248 1265 5317 tuerunt,
1293 5268 1397 5309 non
1425 5253 1597 5311 Deum
1624 5255 1851 5312 colendo
1876 5257 2017 5315 tradi
2062 5258 2165 5314 sibi

582 5341 740 5400 illum
780 5342 1036 5415 populum
1070 5352 1406 5410 memorant,
1434 5352 1495 5399 ut
1539 5345 1655 5416 ipse
1688 5345 1862 5402 cultus
1907 5354 2167 5419 tanquam

584 5435 820 5507 pretium
840 5433 1134 5491 videretur.
1159 5431 1313 5501 Quod
1333 5447 1463 5489 vero
1484 5436 1685 5493 dictum
1710 5446 1812 5504 est,
1845 5435 2025 5511 Neque
2047 5455 2167 5495 cum

586 5537 802 5601 argento
834 5528 1193 5595 redimemini;
1223 5542 1331 5583 non
1379 5526 1472 5592 ait,
1502 5545 1662 5599 neque
1707 5548 1825 5586 cum
1857 5534 2045 5603 pretio,
2071 5533 2167 5590 sed

590 5641 753 5696 neque
782 5641 902 5679 cum
932 5634 1167 5696 argento,
1201 5634 1261 5680 ut
1286 5623 1523 5695 pretium
1562 5626 1945 5698 raicmptionis
1974 5630 2167 5686 intelli-

586 5724 778 5784 gatur:
801 5716 961 5799 quale
1001 5717 1132 5781 dicit
1170 5716 1446 5790 apostolus
1492 5713 1684 5771 Petrus
1710 5736 1724 5772 :
1749 5719 1871 5777 Non
1903 5722 2040 5777 enim
2078 5739 2166 5777 ar-

2272 4795 2522 4852 bellando
2570 4794 3063 4866 placueruntmon
3108 4789 3237 4862 quia
3280 4787 3515 4861 optabile
3554 4786 3869 4858 aliquidest

2272 4888 2494 4954 bellum,
2522 4887 2618 4942 sed
2658 4886 2785 4957 quia
2814 4885 2988 4955 pietas
3024 4881 3311 4941 laudabilis
3338 4887 3392 4938 et
3416 4881 3472 4935 in
3511 4878 3683 4935 bello.
3720 4878 3869 4947 Quod

2275 4988 2456 5036 autem
2479 4977 2744 5049 sequitur,
2779 4975 2971 5030 Verum
2997 4975 3087 5046 qui
3113 4983 3235 5029 ante
3255 4971 3374 5028 illos
3401 4980 3570 5037 erant,
3597 4987 3707 5023 non
3740 4970 3868 5024 scie-

2274 5078 2398 5124 runt
2429 5067 2549 5124 illas
2560 5085 2582 5133 ;
2609 5066 2739 5138 quid
2769 5065 2873 5120 nisi
2903 5073 3091 5138 gentes
3134 5062 3249 5119 vult
3296 5060 3533 5130 intelligi,
3568 5073 3729 5127 quas
3778 5075 3869 5115 ne-

2274 5164 2516 5221 scierunt
2564 5160 2815 5219 bellando
2856 5159 2950 5232 qui
2994 5158 3214 5214 fuerunt
3256 5164 3381 5212 ante
3420 5157 3561 5215 istos,
3616 5167 3869 5227 quorum

2276 5254 2585 5321 tentationi,
2613 5254 2717 5310 hoc
2753 5259 2837 5309 est
2883 5249 3188 5322 probationi
3214 5249 3412 5305 relicta:
3439 5244 3604 5302 sunt?
3654 5245 3870 5302 Deinde

2275 5359 2705 5405 commemorans
2752 5357 2871 5414 quae
2914 5342 3053 5409 sint,
3079 5342 3340 5413 quinque,
3369 5337 3559 5409 inquit,
3597 5339 3866 5408 satrapis:

2269 5439 2682 5510 alienigenarum
2707 5450 2725 5489 :
2748 5451 2882 5509 quas
2910 5435 2968 5491 in
2991 5433 3144 5491 libris
3178 5433 3488 5508 Regnorum
3515 5430 3869 5488 manifestius

2267 5530 2542 5602 exprimit.
2585 5528 2846 5601 Satrapiae
2888 5536 3071 5584 autem
3100 5525 3355 5583 dicuntur
3394 5524 3548 5595 quasi
3580 5538 3765 5596 parva
3794 5538 3866 5577 re

2268 5643 2391 5697 gna,
2421 5626 2616 5696 quibus
2645 5632 2891 5695 satrapes
2917 5631 3223 5694 prmerant:
3251 5618 3393 5692 quod
3428 5634 3639 5675 nomen
3674 5619 3739 5673 in
3770 5616 3868 5672 illis

2268 5722 2513 5791 partibus
2548 5719 2828 5791 cujusdam
2854 5720 3078 5779 honoris
3105 5727 3207 5786 est,
3232 5717 3346 5773 sive
3373 5714 3495 5769 fuit.
3522 5712 3600 5768 Et
3630 5728 3861 5771 orum.
