3986 6348
184 307 313 368 1125

1128 248 1482 354 connexi.
1522 293 1588 347 IN
1629 293 1753 348 ua.
1793 291 2108 350 suntcum.
2147 316 2218 334 -
2254 291 2381 348 LIB.
2409 291 2448 346 ι.

3277 290 3420 348 1126

177 425 359 498 inquit,
403 421 762 477 Chananwum
780 458 795 485 ,
825 423 873 472 et
905 415 1200 480 Sidonium,
1231 424 1278 469 ct
1307 414 1518 467 Eurum
1545 412 1747 466 mltuth
1776 413 1825 473 Α
1850 418 1934 465 ret
1957 425 2068 464 eos.
2102 410 2170 464 Et
2193 409 2320 480 quia
2346 408 2446 479 ipsi
2470 408 2525 463 in
2561 405 2790 463 excelsis
2811 410 3079 464 montium
3101 410 3263 482 impie
3287 426 3418 484 age-

177 526 361 572 tantem
393 509 648 563 Libanum
690 518 811 561 ante
831 515 1059 560 montem
1097 504 1329 559 Ilermon
1359 521 1518 574 usque
1544 503 1610 556 ad
1639 501 1742 555 Ca-

185 602 411 661 boemath
438 600 558 671 (pro
583 612 691 669 quo
719 596 909 668 Aquila
959 597 1340 667 interpretatus
1369 603 1471 658 est,
1506 592 1745 646 introitus

179 691 406 764 Ematlt),
440 701 488 745 et
517 690 716 760 factum
745 698 838 754 est,
870 697 923 741 ut
951 697 1234 741 tentaretur
1277 687 1333 739 in
1374 686 1496 754 ipsis
1540 681 1745 737 Israel:

181 798 430 855 tanquam
461 783 666 836 diceret
692 799 704 833 :
728 779 840 834 Hoc
873 786 1049 832 autem
1078 778 1276 832 factum
1305 785 1405 840 est,
1432 782 1489 827 ut
1518 782 1750 828 tentare-

179 887 262 933 tur
286 877 337 931 in
363 874 492 944 ipsis
519 871 684 926 Israel
707 888 721 926 :
745 871 896 934 scire,
924 871 972 922 si
996 867 1212 921 atulient
1237 867 1485 919 mamlata
1518 861 1747 926 Domini,

177 983 281 1022 non
308 973 366 1020 ut
392 964 554 1018 sciret
593 962 733 1017 Deus
775 960 1014 1014 omnium
1054 957 1318 1028 cognitor,
1351 955 1515 1010 etiam
1544 953 1751 1008 futuro-

176 1071 314 1121 rum,
345 1054 441 1111 sed
469 1060 529 1106 ut
553 1051 752 1106 scirent
781 1049 903 1120 ipsi,
927 1058 981 1103 et
1017 1063 1112 1102 sua
1157 1045 1486 1102 conscientia
1514 1043 1597 1097 vel
1631 1041 1748 1113 glo-

176 1147 462 1207 riarentur,
495 1141 576 1195 vel
603 1140 1073 1206 convincerentur,
1099 1145 1279 1192 utrum
1323 1135 1570 1190 audirent
1600 1147 1754 1188 man-

178 1237 298 1290 data
328 1233 562 1296 Domini,
590 1246 708 1300 quae
730 1229 1003 1285 mandavit
1031 1229 1274 1298 patribus
1299 1241 1488 1282 eorum
1510 1227 1566 1280 in
1589 1240 1753 1280 manu

179 1325 361 1396 Moysi.
415 1323 679 1390 Quoniam
721 1336 849 1394 ergo
893 1319 1220 1376 manifestati
1266 1319 1365 1373 sibi
1409 1326 1532 1374 sunt
1556 1331 1664 1371 non
1697 1328 1754 1370 se

178 1415 445 1470 obcdiisse
487 1415 598 1470 Deo
628 1413 679 1467 in
708 1413 793 1467 his
822 1413 1070 1482 gentibus
1105 1425 1225 1481 qua:
1261 1409 1326 1464 ad
1356 1425 1542 1464 eorum
1584 1414 1756 1462 tenta-

179 1509 407 1571 tioncm,
455 1505 507 1561 id
555 1514 641 1560 est
685 1505 1126 1559 exercitationem
1170 1511 1334 1572 atque
1382 1501 1755 1572 probationem

179 1597 390 1649 fuerant
429 1593 721 1656 derelictae,
752 1599 1038 1661 propterea
1083 1591 1216 1645 dixit
1261 1591 1402 1644 Deus
1442 1588 1524 1644 vel
1564 1589 1649 1642 illa
1701 1589 1760 1643 in

178 1684 372 1754 quibus
413 1691 596 1753 aperte
629 1682 825 1737 missus
854 1681 1075 1751 angelus
1121 1688 1173 1735 et
1217 1679 1430 1734 locutus
1472 1694 1759 1748 expressus

1847 501 1980 555 bant
2013 502 2064 554 in
2103 501 2462 567 Altissimum,
2492 508 2778 570 propterea
2805 503 2872 558 ab
2901 501 3017 570 ipso
3045 503 3095 558 in
3141 506 3416 563 humilita-

1851 601 1955 647 tem
1987 592 2290 646 traduntnr.
2340 591 2446 647 Sed
2492 593 2615 646 nolo
2653 600 2808 662 putes
2851 594 2975 663 quia
3018 610 3146 667 erga
3173 599 3428 668 antiquos

1849 685 2181 742 Solummodo
2205 693 2321 738 erat
2350 686 2466 739 haec
2512 685 2692 739 divina
2736 686 3091 754 providentia,
3129 697 3189 742 ut
3218 705 3311 745 eos
3331 693 3425 761 qui

1851 776 2012 847 impie
2037 778 2413 834 exaltabantur
2444 777 2682 834 traderet
2725 778 3110 844 humiliandos,
3144 788 3202 836 et
3222 781 3424 837 salubri

1851 867 2132 922 medicina:
2179 866 2419 932 ratione,‘
2438 868 2709 922 contraria
2757 869 3041 925 contrariis
3086 881 3422 928 curarentur.

1853 959 2002 1016 Nunc
2039 969 2220 1016 autem
2259 961 2614 1030 omnipotenti
2641 961 2756 1016 Deo
2782 977 2909 1032 erga
2937 962 3232 1018 Ecclesium
3271 979 3426 1024 suam

1853 1050 1919 1109 de
1943 1049 2246 1118 hujusmodi
2273 1049 2564 1105 salubritas
2589 1051 2964 1120 providentiae,
2989 1060 3074 1107 est
3097 1053 3262 1108 etiam
3284 1068 3425 1107 nunc

1853 1139 2068 1194 Chusau
2097 1138 2432 1205 Rasatbaim,
2468 1155 2561 1194 rex
2587 1140 3002 1211 Mesopotamiae,
3033 1143 3119 1198 cui
3147 1144 3433 1200 traduntur

1853 1229 2197 1286 humilianch
2220 1239 2275 1285 et
2299 1229 2592 1302 allligendae
2617 1232 2812 1288 anima:
2834 1249 2976 1302 quae,
3001 1233 3308 1292 Christiana
3337 1237 3434 1292 hu-

1855 1325 2084 1381 militate
2113 1334 2442 1395 contempta,
2472 1327 2526 1380 in
2561 1327 2870 1397 superbiam
2899 1342 2958 1383 se
2985 1337 3148 1397 atque
3175 1344 3436 1399 arrogan-

1867 1412 1998 1468 tiam
2029 1413 2320 1481 dederunt;
2348 1415 2592 1470 odiosum
2627 1416 2759 1470 satis
2801 1425 2884 1470 est
2911 1416 2964 1470 in
3007 1426 3298 1488 conspectu
3339 1419 3436 1474 Dei

1858 1511 2123 1580 superbire
2146 1510 2334 1566 vitium
2355 1529 2370 1576 ;
2395 1512 2544 1581 quia,
2564 1512 2710 1566 sicut
2737 1512 3012 1580 Scriptura
3030 1511 3190 1567 dicit:
3215 1511 3438 1568 Initium

1860 1605 2154 1659 discedendi
2183 1622 2216 1658 (ι
2244 1605 2352 1659 Deo
2379 1605 2618 1675 superbia
2649 1603 2820 1675 (Eccl.
2851 1603 2933 1676 χ).
2975 1604 3046 1660 Et
3068 1604 3264 1660 iterum
3307 1605 3437 1660 alibi

1865 1693 2148 1764 Scriptura
2173 1694 2335 1749 dicit:
2364 1694 2504 1748 Deus
2530 1694 2764 1764 superbis
2792 1696 3005 1759 resistit,
3027 1695 3309 1750 humilibus
3338 1713 3437 1750 au-

177 1785 275 1839 est,
311 1785 368 1832 et
389 1776 550 1847 paulo
591 1783 738 1840 ante,
767 1775 859 1829 ubi
887 1775 962 1828 ait
989 1791 1002 1828 :
1027 1773 1248 1843 Propter
1275 1772 1414 1842 quod
1441 1780 1585 1825 tanta.
1611 1770 1758 1826 dere-

1881 1802 1959 1840 em
2004 1786 2094 1839 dat
2144 1786 2367 1855 gratiam
2396 1785 2449 1854 (I
2477 1783 2624 1840 Petr.
2659 1786 2734 1856 v).
2769 1784 2826 1842 Si
2856 1786 2976 1854 quis
3016 1786 3213 1857 igitur,
3238 1785 3441 1841 Christi

176 1869 326 1940 liquit
363 1884 486 1938 gens
519 1867 628 1920 lure
675 1871 1039 1920 testamentum
1084 1878 1251 1916 meum
1276 1903 1290 1928 ,
1330 1861 1467 1933 quod
1514 1861 1760 1914 mandavi

174 1959 413 2028 patribus
453 1973 654 2023 eorum,
690 1965 737 2010 et
767 1955 1069 2008 obedieruut
1113 1955 1222 2008 voci
1257 1969 1416 2017 metu;
1451 1962 1496 2004 et
1538 1968 1629 2021 ego
1660 1967 1763 2003 non

174 2065 440 2120 apponam
469 2047 677 2116 auferre
704 2048 868 2100 virum
898 2062 928 2098 α
968 2044 1103 2114 facie
1145 2045 1395 2114 ipsorum.
1429 2041 1645 2097 Dictum
1682 2049 1767 2096 est

173 2148 363 2195 autem
394 2139 448 2192 in
477 2137 896 2193 Deuteronomio
922 2150 985 2189 ex
1018 2151 1249 2206 persona
1295 2133 1391 2188 Dei
1436 2133 1661 2203 loquens
1701 2133 1765 2187 de

174 2227 298 2283 istis
339 2228 590 2297 gentibus
615 2225 976 2281 adversariis:
1011 2225 1131 2278 Non
1161 2225 1371 2294 ejiciam
1395 2221 1512 2276 illos
1545 2223 1597 2274 in
1628 2237 1764 2275 anno

176 2336 307 2384 uno,
336 2336 401 2373 ne
445 2319 538 2386 ﬁat
578 2328 717 2371 terra
755 2317 979 2380 deserta,
1007 2325 1054 2369 et
1090 2312 1500 2384 multiplicemur
1526 2313 1582 2366 in
1604 2320 1651 2366 te
1678 2313 1764 2365 bc-

178 2411 294 2464 διξαὶ
329 2409 490 2478 ferte;
519 2407 776 2479 paulatim
821 2407 975 2462 etiam
1007 2405 1124 2460 illos
1151 2406 1412 2475 auferam,
1445 2404 1607 2458 donec
1632 2403 1767 2456 mul-

179 2499 578 2569 tiplicemini,et
622 2497 948 2570 crescetiset
997 2496 1307 2550 lnvreditetis
1349 2503 1539 2548 terram
1587 2493 1766 2564 (Deut.

178 2591 298 2660 vn).
333 2589 558 2643 Poterat
600 2589 741 2644 hanc
781 2588 1194 2657 promissionem
1226 2601 1380 2640 suam
1420 2600 1640 2639 servare
1667 2585 1769 2638 Do-

178 2681 362 2736 minus
394 2694 524 2750 erga
545 2679 875 2740 obedientes,
902 2686 963 2731 ut
992 2676 1369 2731 exterminatio
1391 2674 1630 2747 gentium
1657 2674 1771 2728 illa-

177 2785 318 2834 rum,
353 2768 726 2824 crescentibus
768 2766 1076 2822 lsraeliticis
1122 2766 1400 2835 partibus,
1435 2765 1605 2830 ﬁeret,
1646 2780 1771 2819 cum

177 2873 369 2915 eorum
405 2858 698 2914 multitudo
723 2867 917 2920 terras,
946 2859 1086 2911 unde
1112 2855 1406 2911 adversarii
1449 2854 1774 2909 extermina-

176 2957 400 3015 rentur,
436 2950 678 3003 desertas
724 2963 844 3004 esse
889 2963 997 3002 non
1049 2948 1338 3001 desineret.
1398 2944 1548 3012 Quod
1592 2955 1773 2998 autem

178 3043 295 3098 ait:
327 3042 422 3097 Ne
457 3040 869 3111 multiplicemur
902 3039 1022 3092 inde
1067 3038 1242 3092 bestia:
1291 3037 1450 3106 ferte;
1492 3035 1687 3089 mirum
1729 3035 1775 3088 si

1865 1875 2164 1932 humilitate
2183 1876 2456 1945 despecta,
2475 1875 2567 1945 qui
2592 1884 2812 1946 propter
2829 1889 3088 1940 nos,eum
3111 1877 3254 1930 Deus
3275 1883 3439 1941 esset,

1866 1965 2028 2020 homo
2053 1964 2229 2020 factus
2253 1973 2357 2030 est,
2388 1973 2444 2019 et
2472 1964 2774 2020 bumiliavit
2804 1981 2862 2020 se
2886 1981 3056 2034 usque
3090 1966 3158 2022 ad
3188 1974 3442 2032 mortem,

1867 2057 2143 2113 extollitur
2170 2066 2224 2110 et
2247 2056 2465 2111 effertur
2487 2057 2554 2113 ad
2579 2066 2895 2128 potestates,
2919 2057 3180 2127 atquead
3206 2057 3442 2128 dignita-

1869 2153 1951 2201 tes
1979 2146 2160 2200 sasculi
2204 2146 2433 2214 prosilit,
2459 2155 2516 2201 et
2548 2155 2694 2202 artes
2719 2147 2913 2217 quibus
2941 2147 3062 2202 haec
3079 2147 3295 2216 assequi
3321 2147 3448 2202 niti-

1869 2242 1986 2301 tur,
2017 2236 2180 2290 etiam
2217 2237 2264 2291 si
2291 2244 2478 2291 contra
2512 2235 2672 2290 [idem
2718 2245 2774 2291 et
2819 2236 3133 2307 religionem
3175 2237 3308 2303 sint,
3339 2251 3448 2291 nou

1871 2326 2068 2396 refugit
2089 2342 2192 2391 nec
2219 2327 2504 2394 horrescit,
2532 2329 2819 2385 dummodo
2845 2331 2988 2399 quod
3014 2330 3164 2399 cupit
3185 2330 3448 2394 obtineat,

1871 2418 1997 2472 inde
2021 2417 2200 2472 evenit
2224 2429 2284 2471 ut
2308 2416 2472 2472 faciat
2501 2417 2792 2486 malignum
2816 2418 2870 2471 in
2897 2426 3186 2487 conspectu
3214 2417 3447 2472 Domini.

1873 2508 1941 2562 Et
1969 2516 2317 2578 posteaquam
2343 2524 2582 2562 summas
2613 2508 2866 2578 indeptus
2893 2510 3055 2565 fuerit
3081 2508 3278 2565 infulas
3301 2516 3456 2580 pote-

1873 2605 2093 2663 statum,
2116 2606 2169 2652 ct
2198 2599 2265 2651 ad
2295 2598 2408 2666 ipsa
2435 2598 2699 2665 superbia:
2730 2597 2939 2666 fastigia
2966 2613 3176 2652 summa
3202 2611 3458 2654 conscen-

1875 2686 2034 2751 derit,
2063 2685 2186 2740 inde
2209 2685 2448 2755 deiectus
2477 2687 2708 2740 traditur
2731 2687 2857 2740 huic
2878 2686 3093 2741 Chusau
3115 2687 3453 2753 Rasathaim,

1874 2778 1968 2833 uni
2010 2777 2214 2832 scilicet
2256 2792 2323 2831 ex
2373 2777 2514 2831 aeris
2559 2777 2925 2847 principibus,
2955 2778 3096 2832 sicut
3122 2777 3294 2832 ctalii
3321 2777 3434 2831 Pha

1877 2871 2129 2933 raoui,et
2173 2869 2262 2922 alii
2307 2867 2548 2932 Chiram,
2579 2876 2638 2922 ut
2682 2868 2932 2922 humilict
2973 2868 3248 2940 eum,qui
3294 2867 3464 2925 nimis

1879 2959 2057 3014 fuerat
2083 2959 2370 3024 exaltatus,
2395 2967 2452 3012 ut
2473 2956 2690 3027 adligat,
2711 2964 2770 3011 ut
2787 2965 3056 3023 conterat,
3073 2958 3246 3014 donec
3271 2956 3462 3027 resipi-

1882 3062 2017 3118 scat,
2038 3061 2092 3106 et
2117 3060 2323 3122 qumrat
2341 3052 2646 3118 Dominum,
2668 3051 2780 3121 qui,
2809 3067 2932 3106 cum
2958 3059 3105 3107 esset
3131 3052 3186 3106 in
3207 3052 3462 3123 superbia

178 3152 288 3193 ιιοίὶ
336 3135 602 3192 “eum”
641 3131 1039 3202 quo‘lammo‘lo
1081 3130 1402 3199 ουΡίάίίθιεδ
1443 3136 1499 3183 ει
1524 3127 1775 3182 “Nam”
1803 3137 1848 3200 C
1881 3156 1935 3202 et
1974 3145 2208 3202 elatione
2247 3146 2596 3212 constitutus,
2622 3145 2906 3216 ignorabat
2951 3145 3256 3202 Dominum.
3307 3144 3468 3201 Nunc

181 3227 419 3299 intelligi
471 3225 670 3287 voluit,
701 3240 819 3294 qua;
863 3223 1036 3277 solent
1081 3223 1147 3275 de
1196 3220 1478 3290 repentino
1524 3232 1779 3272 successu

183 3329 423 3374 terrenae
450 3316 728 3372 felicitatis
754 3315 1009 3370 existere.
1039 3312 1223 3384 Neque
1253 3313 1398 3366 enim
1438 3310 1580 3365 Deus
1607 3309 1778 3364 homi-

185 3428 283 3468 nes
316 3411 689 3467 exterminare
717 3415 954 3479 poterat,
984 3415 1040 3461 et
1081 3406 1284 3462 bestias
1321 3419 1427 3458 non
1465 3411 1702 3473 poterat,
1727 3409 1780 3455 et

185 3511 442 3580 perdere,
476 3505 562 3560 vel
588 3504 740 3575 pasci
763 3503 942 3573 potius
981 3517 1088 3556 non
1123 3501 1456 3571 permittere.

800 3651 1026 3708 CAPUT
1083 3650 1172 3706 IX.

187 3775 268 3829 De
289 3789 352 3826 eo
374 3769 513 3831 quod
529 3768 697 3823 iratus
710 3766 969 3821 Dominus
988 3779 1083 3831 pro
1103 3761 1394 3831 malefactis
1417 3759 1784 3831 Israelitarum

262 3830 488 3898 tradidit
516 3857 602 3893 eos
626 3840 679 3891 in
709 3853 898 3889 manus
930 3830 1143 3888 Chusau
1174 3830 1479 3886 Rasotltaim
1511 3833 1645 3901 regis
1675 3830 1789 3884 Με-

263 3911 581 3982 sOpotamia:
599 3950 614 3973 ,
641 3905 1096 3982 servieruntqueei
1118 3913 1234 3956 octo
1264 3903 1565 3982 amrin-sed
1598 3902 1786 3982 iterum

269 3971 394 4038 cu'm
420 3971 774 4032 clamauerunt
809 3976 875 4028 ad
893 3971 1198 4038 Dominum,
1224 3973 1491 4027 suscitavit
1515 3973 1590 4026 eis
1617 3971 1790 4026 salva-

267 4061 460 4114 torem,
481 4058 528 4103 et
558 4048 795 4101 liberavit
818 4063 928 4110 eos,
954 4060 1045 4114 per
1070 4040 1312 4096 Otltoniel
1342 4041 1596 4109 videlicet,
1617 4041 1788 4110 [ilium

265 4122 461 4186 Cenez,
498 4119 716 4189 fratrem
748 4115 904 4171 Caleb
935 4115 1208 4167 minorem.

265 4277 429 4350 (Cap.
465 4272 570 4344 ut.)
609 4271 798 4341 Itaque
822 4267 924 4339 filii
947 4264 1119 4322 Israel
1147 4265 1514 4319 habitaverunt
1543 4262 1598 4316 in
1620 4260 1794 4315 medio

192 4366 530 4430 Chanantvi,
561 4373 609 4418 et
649 4361 846 4426 Etltwi,
887 4369 935 4413 et
977 4356 1305 4420 Amorrlwei,
1350 4363 1396 4408 et
1429 4352 1696 4415 Plterezei,
1743 4360 1792 4405 et

193 4461 374 4527 Evasi,
413 4467 459 4512 et
485 4454 740 4520 Jebusazi,
772 4461 818 4507 et
862 4451 1124 4504 duxerunt
1175 4460 1362 4500 uxores
1409 4443 1547 4513 ﬁlias
1586 4459 1791 4506 eorum,

1881 3254 2012 3308 ergo
2039 3238 2094 3292 hi
2144 3237 2236 3308 qui
2287 3237 2573 3291 traduntur
2615 3251 2714 3306 pro
2753 3243 2978 3305 peccato
3016 3235 3073 3290 in
3117 3234 3468 3290 tribulatione

1881 3331 2044 3402 positi
2065 3372 2079 3396 ,
2108 3332 2387 3384 videamus
2429 3328 2556 3398 quid
2599 3328 2837 3382 faciunt?
2885 3327 3017 3384 Illud
3044 3327 3287 3397 profecto
3317 3325 3463 3396 quad

1883 3424 2144 3493 scriptum
2188 3430 2274 3480 est
2307 3440 2320 3476 :
2357 3421 2425 3476 Et
2473 3421 2828 3476 clamauerunt
2872 3420 2940 3474 ad
2987 3420 3311 3488 Dominum,
3340 3433 3466 3475 cum

1885 3515 2304 3578 tribularentur;
2329 3521 2376 3566 et
2397 3512 2460 3565 de
2482 3510 2878 3566 necessitatibus
2895 3525 3078 3564 eorum
3095 3509 3331 3564 liberavit
3356 3525 3466 3574 eos,

1884 3618 1933 3662 et
1979 3607 2160 3660 eduxit
2186 3623 2271 3662 eos
2307 3605 2370 3660 de
2400 3605 2620 3658 tenebris
2646 3613 2695 3657 et
2725 3603 2912 3656 umbra
2941 3603 3144 3666 mortis,
3185 3611 3235 3656 et
3261 3601 3470 3656 uincula

1886 3714 2066 3752 eorum
2108 3696 2331 3768 disrupit
2379 3693 2553 3766 (Psal.
2583 3695 2717 3765 ενι).
2768 3693 2878 3750 Sed
2924 3692 3230 3761 abjiciatur,
3261 3708 3470 3762 quaeso,

1888 3790 1958 3845 ab
1985 3790 2132 3844 omni
2171 3791 2272 3843 hac
2300 3796 2488 3843 sancta
2533 3785 2811 3849 Ecclesia,
2848 3792 2905 3840 et
2950 3785 3224 3854 praecipue
3267 3785 3336 3840 ab
3384 3784 3474 3839 his

1889 3881 1982 3951 qui
2031 3881 2340 3936 mutistrant
2387 3879 2440 3934 in
2486 3877 2720 3943 sanctis,
2769 3875 2903 3932 odor
2948 3875 3053 3930 iste
3103 3874 3476 3943 deterrimus,

1892 3988 1953 4034 ut
1995 3978 2301 4047 possimus,
2354 3975 2497 4031 sicut
2549 3973 2748 4029 Paulus
2803 3970 3047 4037 dicebat,
3109 3969 3248 4028 efﬁci
3298 3969 3476 4026 bonus

1891 4071 2025 4126 odor
2057 4068 2255 4124 Christi
2301 4065 2396 4136 (ΙΙ
2447 4065 2569 4120 Cor.
2614 4063 2708 4133 ιι),
2746 4077 2815 4118 ne
2862 4061 3006 4118 forte
3049 4061 3317 4118 irascatur
3361 4059 3475 4116 Do-

1893 4161 2095 4224 minus,
2115 4166 2169 4214 et
2191 4156 2258 4212 ad
2284 4155 2617 4212 iracundiam
2638 4166 2996 4224 provocemus
3015 4161 3264 4210 sanctum
3284 4149 3476 4216 Israel,

1895 4263 1950 4310 et
1986 4251 2163 4306 tradat
2186 4265 2284 4304 nos
2309 4249 2364 4303 in
2385 4262 2576 4302 manus
2601 4244 2821 4301 Chusau
2850 4241 3197 4308 Rasatliaim,
3216 4249 3276 4297 ut
3304 4241 3480 4297 humi-

1896 4341 2123 4406 litatem,
2157 4354 2318 4410 quam
2347 4337 2402 4393 in
2446 4336 2676 4392 scientia
2711 4333 2911 4389 Christi
2941 4333 3139 4388 docere
3172 4331 3476 4397 debuimus,

1897 4435 1952 4489 in
1998 4430 2355 4501 correptionis
2397 4436 2598 4484 nostrae
2645 4424 2990 4482 tribulatione
3033 4422 3324 4478 discamus.
3367 4419 3480 4476 Sed

193 4505 374 4527 ...ν-..η
415 4505 457 4512 --
776 4505 809 4507 μ
1409 4505 1418 4513 .

192 4557 408 4629 ipsique
441 4550 581 4619 ﬁlias
609 4564 735 4603 suas
775 4563 954 4600 eorum
980 4544 1104 4612 ﬁliis
1139 4542 1495 4606 tradiderunt,
1527 4548 1574 4593 et
1604 4539 1792 4594 servie-
1818 4505 1874 4568 Β
1899 4525 2018 4628 Vide
2045 4523 2335 4625 benignum
2379 4519 2686 4618 Βοωίῐξυιῐξν
2711 4510 3136 4629 misericordia?
3168 4523 3298 4612 θωξλ
3323 4523 3478 4629 ξθνθῖ

193 4657 321 4705 sunt
357 4646 463 4699 diis
493 4656 694 4706 eorum,
721 4637 1052 4706 feceruntque
1076 4634 1276 4688 malum
1299 4635 1356 4686 in
1383 4640 1660 4701 conspectu
1684 4630 1793 4684 Do-

192 4740 356 4804 mini,
384 4744 434 4790 et
461 4731 608 4787 obliti
627 4740 747 4785 sunt
769 4727 866 4783 Dei
889 4728 992 4791 sui,
1007 4724 1284 4779 servientes
1305 4721 1515 4776 Baetim
1537 4729 1586 4775 et
1607 4721 1796 4774 Ast/ta-

192 4831 340 4888 rotlt.
368 4826 403 4879 Ι
408 4833 652 4894 ratusque
678 4829 753 4875 est
779 4819 1034 4874 Dominus
1061 4824 1247 4872 contra
1279 4811 1470 4876 Israel,
1500 4819 1547 4863 et
1575 4810 1794 4864 tradidit

192 4939 284 4979 eos
317 4921 380 4973 in
408 4931 568 4969 manu
613 4911 828 4968 Chusau
875 4907 1187 4966 Rasathaim
1216 4905 1351 4976 regis
1379 4901 1802 4972 Mesopotamiaa,

193 5007 600 5076 εετυίεηιηειιιιε
648 5004 698 5056 ei
737 5011 850 5056 acto
905 4999 1078 5053 annis.
1137 4995 1362 5064 Quando
1409 4992 1656 5049 fecerunt
1700 4990 1799 5046 ﬁlii

195 5102 372 5164 Israel
405 5097 705 5167 malignum
730 5094 785 5150 in
813 5099 1103 5162 conspectu
1124 5090 1254 5156 Dei,
1286 5096 1342 5144 et
1367 5085 1518 5143 obliti
1544 5084 1803 5141 suntDe-

198 5197 340 5255 mini
371 5191 472 5248 Dei
502 5189 604 5254 sui,
638 5203 702 5244 ac
724 5187 1094 5258 relinquentes
1114 5197 1239 5238 eum
1266 5181 1574 5236 servierunt.
1595 5177 1810 5233 Baalim

200 5298 261 5346 et
285 5285 434 5342 lucis
453 5281 753 5356 gentilium,
773 5288 903 5335 tunc
925 5277 1370 5334 thesaurizantes
1385 5273 1489 5328 sibi
1512 5272 1644 5342 ipsis
1665 5272 1802 5326 iram

202 5377 406 5437 traditi
450 5383 578 5430 sunt
595 5373 742 5443 justo
769 5372 865 5428 Dei
886 5369 1089 5439 judicio
1117 5369 1170 5422 in
1199 5381 1394 5422 manus
1435 5364 1800 5428 inimicorum,

204 5469 517 5529 secundum
562 5467 678 5523 haec
716 5482 836 5537 qua:
885 5477 1126 5535 praesens
1170 5459 1330 5516 lectio
1369 5456 1682 5514 declaravit.
1734 5453 1804 5509 In

207 5578 432 5629 manus,
450 5562 644 5630 inquit,
666 5557 879 5614 Chusau
902 5555 1211 5611 Rasatltaim
1234 5553 1367 5622 regis
1391 5550 1447 5603 Μ
1450 5548 1799 5619 εδοροταηιὶαξ.

210 5657 610 5726 interpretatur
654 5662 832 5705 autem
878 5649 1096 5704 Chusau
1147 5643 1462 5700 Rasathaim
1508 5639 1802 5694 humiliatio

211 5762 441 5814 eorum;
471 5743 656 5802 traditi
683 5751 809 5800 sunt
833 5759 962 5814 ergo
988 5743 1042 5798 in
1068 5755 1261 5797 manus
1289 5736 1405 5808 ejus
1437 5734 1528 5805 qui
1555 5732 1805 5790 humilia-

1899 4618 2059 4673 ritate
2099 4614 2437 4676 miscentem,
2467 4618 2523 4664 et
2561 4607 2730 4677 ipsius
2771 4619 2947 4675 pinna:
2992 4603 3222 4660 modum
3243 4600 3393 4672 iusta
3421 4610 3481 4659 et

1900 4705 2152 4764 clementi
2199 4701 2519 4758 liberatione
2561 4703 2901 4768 pensantem.
2933 4692 3050 4748 Non
3070 4693 3126 4749 in
3153 4701 3478 4764 perpetuum

1901 4798 2127 4856 tradidit
2166 4795 2570 4864 delinquentes;
2615 4790 2713 4845 sed
2759 4793 2984 4859 quanto,
3007 4784 3206 4856 inquit,
3233 4792 3480 4857 tempore

1902 4892 2208 4949 servierunt
2237 4885 2464 4951 Baalim,
2497 4891 2648 4939 tanto
2673 4879 2913 4936 servient
2937 4877 3100 4934 etiam
3125 4875 3342 4934 Chusau
3372 4877 3481 4932 Ra-

1903 4983 2159 5050 sathaim,
2188 4981 2292 5036 hoc
2332 4985 2418 5034 est
2449 4983 2572 5032 octo
2601 4972 2776 5028 annis.
2810 4971 2968 5027 Disce
2993 4970 3110 5025 haec
3137 4976 3188 5024 et
3217 4976 3292 5033 tu,
3322 4983 3357 5024 ο
3383 4983 3480 5024 au-

1903 5078 2064 5143 ditor,
2097 5073 2340 5145 quisquis
2381 5070 2470 5125 ille
2498 5084 2581 5134 es,
2607 5065 2700 5137 qui
2731 5064 2828 5119 tibi
2866 5062 3118 5120 conscius
3145 5075 3206 5116 es
3247 5059 3476 5129 alicujus

1904 5171 2128 5235 erroris,
2155 5176 2218 5225 et.
2243 5173 2449 5237 quanto
2481 5172 2723 5232 tempore
2761 5172 2972 5214 errasse
2997 5164 3051 5211 te
3078 5153 3243 5218 nosti,
3271 5160 3478 5223 quanto

1907 5271 2145 5331 tempore
2193 5253 2484 5325 deliquisti,
2510 5258 2658 5306 tanto
2707 5246 3059 5305 nihilominus
3098 5249 3342 5313 tempore
3379 5242 3480 5296 hu-

1904 5353 2053 5410 milia
2084 5351 2318 5420 teipsum
2340 5347 2396 5401 in
2424 5345 2554 5410 Deo,
2581 5350 2636 5398 et
2658 5338 2956 5398 satisfacito
2981 5335 3030 5390 ei
3057 5334 3110 5389 in
3137 5334 3488 5390 confessione-

1906 5441 2253 5517 poenitentiae.
2304 5437 2420 5492 Non
2467 5441 2751 5504 exspectes
2798 5437 2860 5484 ut
2899 5424 3144 5483 humiliet
3175 5433 3226 5480 te
3261 5425 3479 5480 Chusau

1907 5515 2246 5598 Dasathaim,
2275 5539 2328 5585 et
2353 5529 2525 5585 invito
2551 5522 2845 5580 necessitas
2873 5525 3194 5588 extorqueat
3213 5515 3480 5586 pteniten-

1907 5635 2059 5694 tiam,
2084 5629 2178 5685 sed
2225 5628 2338 5696 ipse
2380 5619 2616 5695 praeveni
2655 5613 2875 5672 tortoris
2913 5610 3071 5667 istius
3096 5623 3320 5674 manus;
3353 5606 3482 5676 quia

1909 5727 1953 5781 si
1983 5723 2171 5793 teipse
2197 5712 2584 5776 entendaveris,
2610 5708 2655 5764 si
2685 5715 2736 5762 te
2763 5703 2876 5775 ipse
2899 5703 3230 5769 correxeris,
3248 5698 3370 5771 pius
3397 5703 3487 5754 est
