3986 6348
462 276 606 338 1127
1140 267 1203 322 Β.
1238 261 1498 322 ΙὶΑΒΑΝἰ
1534 258 1760 320 MAUI’J
1797 253 2052 315 ARCHIE

2161 252 2469 313 MOGUNT.
2510 252 2802 314 OPERUM
2834 251 3017 310 PARS
3051 253 3096 309 Ι.
3624 254 3791 313 “18

462 403 609 461 Deus
628 403 685 454 et
707 389 1037 455 misericors,
1061 385 1153 458 qui
1172 383 1465 441 vindictam
1488 386 1753 452 temperet
1770 377 1840 432 ab
1864 388 1930 431 eo
1951 371 2044 443 qui
2070 372 2124 433 Α
2146 386 2278 445 ergo
2313 382 2371 431 et
2416 374 2577 430 hodie
2608 373 2961 430 ecclesiarum
3008 370 3272 440 omnium,
3300 386 3425 444 quae
3468 383 3627 431 sunt
3674 376 3785 434 sub

463 492 610 551 mam
651 482 962 561 panitendo
1004 477 1267 550 praevenit
1310 473 1362 548 (ι
1395 474 1518 530 Cor.
1549 471 1633 543 ιι).
1681 470 1789 525 Sed
1827 466 2047 561 et-illud
2146 480 2307 533 cono,
2343 481 2509 537 quam
2547 465 2767 537 plurimi
2807 466 3039 561 judices,
3076 467 3275 536 quibus
3313 465 3606 536 judicium
3661 485 3779 527 non

464 559 885 641 considaemus,
913 571 1042 642 quia
1080 568 1253 624 donec
1300 565 1567 622 servirent
1612 562 1831 619 Cbusan
1874 559 2048 615 Itasa-
2146 562 2322 617 solum
2350 575 2533 617 rerum
2558 568 2835 632 gestarum
2856 560 3041 615 datum
3070 570 3177 626 est,
3202 559 3298 616 sed
3324 570 3381 617 et
3407 564 3779 622 animarum.

465 674 633 732 ιιωίω
664 670 722 725 bl
747 667 842 739 qui
872 663 1054 721 traditi
1083 662 1300 718 fuerant
1328 672 1427 729 pro
1453 654 1680 719 delictis,
1700 662 1767 709 .et
1792 665 1901 708 non
1930 649 2046 706 cla~
2148 650 2351 708 Verum
2378 651 2564 709 nescio
2592 652 2639 709 si
2664 652 2789 723 quis
2812 653 2885 708 sit
2908 651 3037 708 talis
3075 652 3335 709 Ecclesiae
3356 654 3565 726 iudex,
3598 670 3778 727 quem

465 772 677 823 marent
697 761 766 816 ad
785 756 1091 820 Dominum,
1107 768 1268 809 nemo
1293 751 1588 807 suscitatus
1615 753 1698 803 est
1716 746 1809 816 qui
1836 757 2048 800 scrvare

464 870 558 913 eos
589 858 794 926 posset.
846 846 982 903 Cum
1031 859 1160 900 vero
1209 840 1579 897 clamaverunt
1618 836 1686 891 ad
1736 833 2045 926 Dominum,

466 922 609 1002 tunc
627 939 909 1000 suscitavit
931 936 1192 993 Dominus
1216 933 1546 991 salvatorem
1565 926 1753 991 Israel,
1785 933 1843 982 et
1872 922 2047 981 salva-

464 1036 542 1091 vit
569 1050 683 1090 eos.
714 1031 1047 1088 Salvatorem
1078 1033 1257 1082 autem
1288 1023 1422 1079 dicit
1454 1019 1727 1087 Othoniel,
1757 1017 1851 1089 qui
1879 1017 2049 1072 inter-

462 1133 710 1200 pretatur
733 1133 932 1194 tentpus
955 1119 1085 1174 mihi
1126 1116 1237 1172 Dei.

537 1217 605 1272 Et
659 1215 1015 1270 clamauerunt
1067 1208 1136 1263 ad
1182 1207 1488 1270 Dominum,
1517 1204 1607 1275 qui
1655 1202 1924 1259 suscitavit
1971 1201 2049 1256 eis

464 1307 798 1370 salvatorem,
827 1311 876 1357 et
908 1300 1142 1355 liberavit
1169 1314 1256 1352 eos
1275 1337 1290 1365 ,
1321 1293 1566 1351 Othoniel
1590 1292 1850 1357 videlicet,
1876 1290 2049 1360 ﬁlium

466 1398 653 1464 Cenes,
688 1396 906 1466 fratrem
930 1390 1087 1446 Caleb
1112 1390 1402 1454 minorem;
1428 1386 1630 1456 fuitque
1660 1384 1714 1438 in
1747 1399 1807 1439 eo
1831 1382 2048 1453 spiritus

463 1486 700 1552 Domini,
731 1493 779 1539 et
799 1482 1062 1555 judicavit
1103 1479 1307 1547 Israel;
1332 1493 1572 1550 egressus
1596 1484 1671 1531 est
1701 1474 1771 1531 ad
1795 1489 2046 1545 pugnam,
2152 1475 2343 1532 tbaim.
2384 1476 2456 1532 Et
2479 1483 2602 1547 post
2629 1476 2747 1531 haec
2771 1474 2905 1532 dicit
2944 1476 3077 1547 quia
3110 1476 3322 1548 quievit
3356 1484 3505 1533 terra
3546 1478 3662 1535 sub
3694 1493 3766 1535 eo

464 1591 512 1638 et
538 1576 756 1634 tradidit
782 1574 1041 1630 Dominus
1060 1573 1117 1626 in
1136 1586 1324 1625 manus
1343 1569 1459 1640 ejus
1481 1567 1695 1623 Chusan
1716 1564 2042 1628 Rasatltaint,
2142 1567 2329 1639 judice
2372 1568 2732 1641 quadraginta
2761 1569 2939 1625 annis.
2975 1568 3141 1625 Vides
3178 1583 3346 1640 quam
3373 1568 3533 1641 larga
3561 1580 3656 1627 est
3679 1571 3764 1627 di-

464 1687 635 1743 regem
665 1666 857 1739 Syriis,
890 1674 939 1719 et
971 1662 1226 1735 oppressit
1244 1676 1363 1715 eum
1379 1676 1397 1725 ;
1432 1657 1725 1729 quievitque
1752 1664 1894 1711 terra
1914 1669 2048 1723 ηια-
2076 1728 2122 1743 _
2150 1658 2278 1715 vina
2304 1658 2624 1716 clementia?
2643 1657 2782 1715 Octo
2805 1659 2964 1714 annis
2992 1656 3089 1713 ﬁlii
3113 1657 3281 1715 Israel
3309 1658 3638 1715 servierunt
3662 1676 3762 1732 pro

464 1728 730 1833 ἀγλαίηιᾶ
744 1728 918 1813 annis.
951 1728 1056 1811 Per
1080 1754 1225 1810 hunc
1252 1728 1506 1810 Othoniel
1528 1748 1678 1819 prior
1706 1746 1796 1803 ille
1819 1745 2048 1817 populus
2074 1728 2127 1788 Β
2152 1750 2445 1808 multorum
2486 1749 2735 1817 delictis;
2765 1749 3125 1822 quadraginta
3154 1764 3329 1806 annos
3354 1765 3463 1821 pro
3484 1728 3761 1824 unius—ju-

464 1855 534 1911 de
576 1851 842 1911 servitute
886 1846 1207 1907 humilitatis
1234 1852 1454 1914 ereptus
1492 1852 1597 1908 est,
1644 1848 1701 1896 et
1726 1838 1941 1896 reddita
1967 1844 2055 1894 est
2153 1843 2301 1901 stitia
2345 1842 2402 1898 in
2446 1857 2581 1914 pace
2624 1842 2943 1914 perdurant.
2992 1840 3371 1915 Quadraginta
3397 1856 3581 1898 annos
3608 1844 3762 1913 quie-

2149 745 2373 814 dignum
2419 742 2584 800 iaciat
2626 745 2769 800 Deus
2813 745 3009 815 spiritu
3055 759 3157 800 suo
3200 744 3415 815 replere
3435 788 3451 813 ,
3500 759 3572 802 ut
3625 749 3777 804 sicut

2149 833 2399 891 Othoniel
2423 833 2545 901 iste,
2574 835 2883 891 testimonio
2897 833 3191 906 Scriptum
3212 835 3507 894 decoratus
3540 849 3659 905 est,
3693 841 3772 897 ita

2148 925 2316 982 etiam
2340 926 2464 997 ipsi,
2490 926 2557 981 de
2586 926 2779 997 quibus
2804 928 2911 982 hoc
2938 934 3212 998 optamus,
3242 926 3340 984 Dei
3370 930 3769 987 testimonium

2149 1025 2481 1075 mereantur.
2527 1017 2621 1073 Ait
2645 1033 2777 1090 ergo
2802 1036 2815 1074 :
2838 1018 2909 1073 Et
2952 1018 3125 1089 factus
3165 1026 3240 1072 est
3280 1020 3506 1089 spiritus
3541 1021 3770 1076 Domini

2148 1126 2305 1180 super
2329 1125 2472 1176 eum,
2500 1118 2552 1163 et
2582 1109 2849 1180 judicavit
2875 1108 3070 1175 Israel,
3097 1119 3146 1164 et
3182 1110 3313 1163 exiit
3347 1111 3419 1164 ad
3453 1111 3683 1178 bellum,
3716 1123 3767 1169 et

2149 1201 2368 1255 tradidit
2412 1200 2671 1257 Dominus
2698 1202 2754 1256 in
2781 1218 2969 1256 manus
3009 1202 3127 1271 ejus
3170 1202 3391 1259 Chusan
3418 1198 3765 1260 Rosa/mins

2150 1308 2342 1363 regem.
2373 1293 2555 1360 Quare
2582 1293 2720 1349 hoc?
2761 1291 2901 1360 Quia
2928 1293 3151 1364 spiritus
3183 1293 3399 1350 Domini
3425 1304 3551 1351 erat
3577 1295 3642 1351 in
3666 1311 3766 1363 eo,

2152 1393 2209 1440 et
2252 1382 2558 1440 conlortata
2586 1392 2670 1440 est
2715 1398 2912 1440 manus
2947 1384 3067 1454 ejus
3113 1400 3278 1456 super
3315 1384 3534 1442 σιω
3569 1386 3764 1444 Rasa-

465 1960 572 2018 pax
596 1943 813 2016 populo,
841 1955 1004 2014 quam
1045 1938 1296 2010 superbia
1320 1937 1518 1994 dudum
1555 1942 1611 1991 et
1637 1933 1851 1991 diversa
1878 1929 2053 2003 plebis

465 2032 712 2091 facinora
756 2032 1028 2106 lugavere.
1078 2030 1278 2087 Verum
1323 2027 1583 2101 quoniam
1612 2024 1850 2081 diximus
1893 2022 2053 2094 spiri-

467 2127 668 2185 tualcm
695 2118 983 2198 quemdam
1019 2137 1179 2195 posse
1218 2120 1445 2193 intelligi
1484 2118 1707 2175 Chusan
1733 2114 2052 2171 Rasatbaim

467 2232 674 2289 regem,
702 2224 759 2273 ct
791 2229 960 2270 unum
986 2214 1052 2269 de
1079 2211 1407 2269 adversariis
1440 2218 1498 2265 et
1520 2208 1665 2265 aeris
1689 2206 2052 2279 potestatibus

464 2308 791 2380 principem,
813 2305 888 2360 ita
908 2318 1247 2375 consequens
1272 2302 1405 2359 mihi
1432 2301 1664 2366 videtur,
1690 2299 1858 2353 etiam
1884 2295 2054 2352 Otho-

466 2397 663 2453 nielem
691 2398 878 2463 istum,
909 2396 1004 2467 qui
1047 2395 1115 2450 ad
1144 2392 1482 2448 liberandum
1528 2388 1783 2461 populum
1822 2387 2051 2444 suscita-

467 2494 557 2540 tus
602 2491 719 2551 est,
746 2498 865 2539 esse
909 2497 1076 2537 unum
1124 2480 1358 2551 aliquem
1408 2480 1475 2535 de
1520 2476 1711 2533 militia
1745 2474 1955 2532 caelesti
1997 2481 2053 2530 et

468 2576 862 2648 archangelicis
885 2576 1100 2641 turmis,
1131 2575 1221 2647 qui
1250 2574 1319 2628 ad
1363 2570 1743 2627 adminiculum
1769 2571 2053 2624 mittuntur

466 2686 681 2736 eorum,
714 2669 804 2741 qui
839 2667 1197 2723 hwreditatem
1237 2667 1450 2737 capiunt
1492 2663 1680 2719 salutis
1712 2661 1871 2734 (Heb.
1902 2661 1970 2733 ι),
1995 2669 2051 2716 et

466 2770 591 2818 sunt
620 2759 798 2832 angeli
840 2758 1137 2815 salvatorcs
1162 2798 1181 2825 ,
1204 2757 1296 2827 qui
1325 2765 1381 2812 ct
1406 2757 1463 2810 in
1490 2752 1791 2811 Otbonielis
1824 2763 1880 2809 et
1907 2751 2053 2808 tht

465 2854 650 2926 specie
700 2853 1083 2926 designantur;
1113 2848 1264 2920 quia,
1310 2848 1450 2905 sicut
1494 2862 1635 2919 smpe
1688 2844 2046 2910 ostendimus,

466 2963 577 3003 non
622 2945 798 3002 solum
824 2960 855 2999 a
880 2942 1170 3000 contrariis
1197 2939 1487 2997 virtutibus
1521 2939 1922 3010 impugnamur,
1955 2935 2050 2991 sed

466 3046 523 3095 et
550 3036 745 3094 divina:
788 3037 1055 3107 bonaeque
1102 3033 1332 3090 virtutes
1382 3032 1451 3088 ad
1498 3031 1758 3086 auxilium
1803 3037 2050 3086 nostrum

468 3128 760 3183 mittuntur
789 3141 819 3180 a
846 3125 1095 3181 Domino.
1153 3124 1444 3180 Videamus
1494 3129 1676 3177 tamen
1721 3122 1844 3192 quis
1886 3119 2049 3175 fuerit

469 3216 573 3273 iste
597 3212 872 3282 Othoniel,
891 3214 1043 3285 cujus
1068 3212 1304 3280 familiae,
1322 3211 1474 3283 cujus
1497 3212 1823 3268 nobilitatis?
1848 3209 2048 3280 Filius,

470 3308 674 3379 inquit,
702 3303 891 3370 Cenes,
924 3305 1088 3374 frater
1116 3302 1295 3370 Caleb,
1319 3304 1462 3358 illius
1481 3303 1766 3358 laudabilis
1794 3312 1850 3359 ct
1879 3301 2051 3357 admiv

470 3397 628 3454 randi
679 3396 785 3451 viri
826 3393 991 3450 Caleb
1016 3433 1032 3461 ,
1080 3393 1173 3464 qui
1214 3392 1317 3448 fuit
1358 3408 1541 3449 comes
1583 3400 1638 3447 ct
1689 3394 1868 3448 socius
1922 3391 2050 3448 Iesu

469 3487 649 3554 Nave,
693 3487 761 3542 de
798 3502 936 3557 quo,
966 3491 1128 3555 prout
1172 3484 1487 3557 potuimus,
1531 3483 1586 3538 iu
1631 3483 1743 3539 suis
1771 3482 1904 3539 locis
1930 3498 2052 3553 qua:

469 3581 585 3635 visa
634 3584 761 3634 sunt
805 3576 1178 3632 disseruimus.
1227 3574 1368 3642 Quid
1414 3589 1542 3646 ergo
1593 3574 1722 3629 dicit
1771 3572 2051 3644 Scriptura

471 3676 537 3731 de
584 3675 690 3730 isto
739 3670 1025 3729 Othoniel?
1066 3676 1421 3747 posteaquam
1470 3670 1632 3735 dixit,
1681 3670 1808 3741 quia
1853 3669 2051 3725 clamav

468 3774 651 3824 verunt
711 3768 811 3839 ﬁlii
864 3767 1036 3823 Israel
1089 3766 1160 3821 ad
1201 3766 1520 3833 Dominum,
1571 3764 1742 3835 factus
1803 3750 1918 3831 est,
1970 3764 2055 3819 in-

471 3859 608 3931 quit,
663 3859 877 3930 spiritus
931 3855 1144 3913 Domini
1194 3872 1349 3929 super
1392 3854 1656 3921 Othoniel,
1699 3863 1748 3908 et
1791 3854 2054 3924 judicavit

470 3949 662 4007 Israel.
710 3948 875 4006 Putas
912 3958 998 4006 est
1031 3949 1086 4004 in
1127 3948 1284 4005 nobis
1321 3947 1536 4019 aliquis,
1569 3945 1663 4018 qui
1702 3944 1779 4001 ita
1815 3945 2053 4001 validum

471 4050 529 4097 et
552 4042 627 4096 ita
650 4041 853 4112 justum
881 4040 1172 4097 clamorem
1197 4037 1412 4094 emittat
1438 4037 1507 4093 ad
1531 4037 1702 4093 Deum
1726 4075 1742 4104 ,
1770 4044 1831 4091 ut
1861 4035 2054 4107 dignus

473 4132 548 4189 sit
572 4132 839 4197 exaudiri,
865 4140 922 4186 et
946 4138 1223 4186 mereatur
1247 4130 1480 4201 populus
1508 4130 1755 4201 accipere
1788 4128 2052 4201 judicem,

474 4231 530 4279 et
554 4221 717 4276 talem
736 4220 976 4289 judicem
1003 4234 1161 4289 quem
1187 4220 1411 4289 spiritus
1436 4219 1530 4275 Dei
1552 4220 1775 4291 repleat,
1804 4229 1865 4275 ut
1885 4220 2058 4292 possit

477 4323 687 4370 rectum
719 4319 905 4367 tenere
919 4308 1217 4382 judicium?
1241 4310 1386 4365 unde
1414 4318 1470 4365 et
1494 4311 1632 4367 liber
1664 4313 1782 4383 ipse
1801 4312 2053 4367 Iudicum

2152 1931 2296 1989 visse
2352 1940 2552 1987 terram
2604 1930 2982 2003 promissionis
3031 1945 3064 1984 a
3102 1929 3258 1986 bellis
3309 1931 3415 1987 sub
3468 1928 3762 1989 Othoniele

2147 2023 2334 2094 judice
2358 2023 2640 2095 Scriptura
2663 2031 2913 2091 testatur,
2927 2033 3187 2094 quantum
3223 2025 3499 2096 temporis
3523 2025 3759 2096 primor-

2154 2114 2242 2169 dia
2271 2113 2742 2187 Romani
2758 2114 2859 2169 sub
2878 2113 3052 2169 Numa
3074 2113 3345 2186 Pompilio
3372 2115 3758 2172 tantummodo

2152 2221 2282 2277 rege
2308 2214 2497 2278 pacata
2526 2206 2730 2262 habere
2754 2213 3068 2277 potuerunt.
3106 2204 3216 2260 Sed
3236 2203 3377 2277 quid
3408 2205 3617 2261 dicitur
3638 2214 3757 2276 post

2153 2300 2305 2357 haec?
2348 2299 2420 2356 Et
2448 2300 2725 2370 defunctus
2753 2309 2850 2365 est,
2880 2300 3078 2371 inquit,
3112 2296 3364 2354 Othoniel
3390 2299 3538 2368 ﬁlius
3562 2298 3755 2356 Cenes.

2153 2389 2291 2447 Rem
2343 2392 2502 2449 video
2547 2389 2927 2463 periculosam.
2987 2389 3286 2447 Defunctus
3332 2397 3425 2447 est
3480 2389 3754 2448 Otbouiel.

2154 2482 2369 2552 Quare?
2399 2484 2665 2556 Quiajam
2683 2484 2943 2556 indignus
2966 2491 3091 2541 erat
3114 2482 3371 2556 populus,
3402 2485 3504 2556 qui
3533 2484 3756 2541 haberet

2146 2572 2389 2644 judicem
2420 2576 2603 2634 talem.

2226 2666 2469 2738 Denique
2503 2668 2559 2723 in
2608 2667 3071 2739 consequentibus
3123 2666 3257 2723 dicit
3303 2667 3404 2725 illo
3441 2668 3750 2726 defuncto:

2153 2756 2225 2812 Et
2272 2757 2598 2828 adjecerunt,
2649 2759 2848 2830 inquit,
2887 2758 2989 2829 ﬁlii
3037 2757 3210 2815 Israel
3239 2760 3420 2830 facere
3463 2759 3665 2816 malum
3700 2761 3760 2816 in

2155 2857 2435 2921 conspectu
2463 2848 2699 2906 Domini.

2769 2962 3000 3021 CAPUT
3048 2963 3119 3019 Χ.

2078 3082 2124 3148 α
2155 3072 2236 3129 De
2286 3089 2349 3130 eo
2397 3076 2538 3148 quod
2575 3082 2873 3148 peccantem
2924 3074 3098 3148 Israel
3132 3078 3353 3132 tradidit
3389 3077 3665 3135 Dominus
3702 3082 3758 3133 iis

2223 3160 2386 3217 manu
2410 3145 2585 3217 Eglon
2618 3147 2753 3217 regis
2783 3145 2965 3217 Moab,
2993 3146 3086 3201 sed
3110 3164 3198 3202 eos
3232 3151 3425 3203 iterum
3446 3150 3761 3204 misericor-

2224 3216 2360 3270 diter
2408 3215 2643 3270 liberavit
2678 3215 2781 3286 ‘per
2824 3215 2974 3286 Aod,
3024 3216 3195 3286 lilium
3229 3217 3428 3283 Hisne,
3460 3218 3760 3275 anteidea;-

2223 3294 2382 3351 trum,
2408 3286 2497 3357 qui
2519 3284 2782 3357 interfecit
2805 3284 3001 3358 Eglon.

2224 3396 2401 3471 (Imm)
2426 3396 2498 3451 Et
2518 3397 2834 3468 confortavit
2858 3398 3117 3454 Dominus
3138 3399 3330 3472 Eglon,
3364 3416 3545 3471 regem
3571 3399 3756 3469 Hm,

2154 3489 2431 3545 adversum
2454 3488 2649 3546 Israel.
2677 3489 2974 3547 Considera
2996 3492 3125 3564 quia
3152 3507 3253 3563 pro
3277 3506 3346 3549 eo
3370 3490 3521 3563 quod
3548 3492 3757 3564 indigni

2152 3589 2309 3639 erant
2352 3580 2467 3651 jam
2498 3582 2702 3639 habere
2747 3584 3047 3655 principem
3093 3583 3287 3653 talem,
3333 3594 3621 3656 propterea
3656 3602 3758 3642 au-

2153 3673 2328 3729 fertur
2376 3675 2447 3731 ab
2479 3673 2560 3730 eis
2607 3673 2783 3730 bonus
2834 3675 3033 3746 judex;
3088 3684 3146 3731 et
3177 3682 3305 3746 quia
3346 3675 3592 3733 fecerunt
3636 3692 3758 3732 ma-

2153 3762 2361 3835 lignum
2413 3763 2470 3820 in
2512 3771 2812 3835 conspectu
2849 3764 3090 3833 Domini,
3117 3766 3400 3823 excitatur
3452 3767 3535 3823 eis
3577 3766 3757 3825 hostis

2152 3854 2446 3927 pessimus,
2472 3854 2666 3926 Eglon,
2698 3868 2797 3910 rex
2826 3854 3004 3911 Moab.
3030 3855 3197 3913 Vides
3222 3857 3355 3929 quia
3404 3865 3590 3914 nostra
3626 3872 3755 3929 pec-

2155 3954 2280 4003 cata
2306 3946 2452 4003 vires
2471 3944 2720 4003 hostibus
2739 3947 3012 4018 praebent;
3054 3955 3113 4003 et
3144 3948 3369 4018 (pando
3401 3963 3505 4004 nos
3521 3947 3753 4007 facimus

2156 4039 2452 4111 malignum
2508 4037 2565 4092 in
2618 4046 2912 4109 conspectu
2964 4038 3207 4106 Domini,
3258 4050 3315 4094 et
3363 4039 3748 4110 delinquimus,

2158 4137 2288 4186 tunc
2324 4135 2717 4185 convertuntur
2740 4143 2774 4183 a
2798 4128 3030 4185 Domino
3054 4128 3361 4185 adversarii
3386 4131 3574 4195 nostri,
3612 4138 3752 4188 tunc

2157 4221 2304 4278 vires
2347 4218 2638 4277 contrariis
2671 4221 2889 4276 dantur.
2929 4218 3045 4275 Hoc
3091 4219 3210 4276 sive
3268 4221 3567 4276 sectandum
3602 4220 3755 4278 litte-

2159 4326 2277 4368 ram
2304 4326 2537 4381 quseras,
2577 4310 2653 4366 ita
2701 4309 2967 4375 invenies,
3010 4309 3140 4379 quia
3172 4302 3286 4366 n'on
3312 4309 3751 4379 invalescu'wt;

477 4406 696 4473 dicitur,
719 4412 774 4462 et
814 4403 1196 4460 describuntur
1224 4401 1280 4457 in
1306 4416 1373 4457 eo
1412 4401 1623 4473 judices
1650 4404 1740 4474 qui
1777 4401 2057 4471 judicave-
2078 4442 2134 4504 Β
2158 4403 2273 4459 sive
2325 4404 2380 4458 in
2431 4402 2711 4473 spiritibus
2762 4401 3103 4468 consideres,
3161 4400 3419 4457 similiter
3457 4402 3759 4459 contrarie

474 4506 603 4557 runt
629 4495 905 4568 populum.
934 4493 1089 4551 Sicut
1115 4494 1261 4550 enim
1284 4492 1375 4548 alii
1396 4493 1521 4550 libri
1562 4493 1765 4566 Regum
1804 4494 2057 4550 dicuntur

476 4590 563 4645 vel
609 4588 938 4658 Regnorum,
968 4588 1024 4644 in
1076 4587 1272 4658 quibus
1319 4586 1642 4642 describitur
1683 4587 2057 4658 unusquisque

481 4693 668 4750 regum
698 4678 966 4747 quomodo
1008 4676 1318 4750 regnaverit
1350 4686 1407 4731 et
1433 4677 1564 4747 quid
1588 4678 1791 4749 egerit,
1822 4678 1898 4733 ita
1919 4686 1974 4733 et
2000 4679 2057 4733 in

480 4772 583 4827 hoc
611 4767 792 4823 libello
829 4777 979 4841 gesta
1012 4768 1255 4838 iudicum
1295 4769 1624 4835 referuntur,
1649 4777 1706 4825 et
1733 4769 2058 4826 describitur

480 4874 589 4920 non
618 4862 793 4919 solum
815 4861 861 4917 si
887 4862 1016 4930 quid
1041 4864 1108 4919 ab
1133 4863 1214 4920 eis
1238 4872 1385 4920 recte
1408 4872 1465 4919 et
1486 4861 1692 4920 utiliter
1710 4871 1925 4934 gestum
1948 4872 2052 4933 est,

479 4972 669 5014 verum
695 4962 750 5012 et
779 4955 826 5012 si
850 4954 980 5026 quid
1009 4955 1347 5026 culpabiliter
1379 4958 1675 5013 admissum
1704 4964 1808 5014 est.
1837 4956 1948 5013 Cur
1982 4966 2056 5013 ta-

479 5062 603 5103 men
649 5054 943 5115 utrumque
985 5042 1310 5117 descriptum
1344 5047 1417 5103 sit
1441 5047 1490 5104 si
1517 5045 1779 5120 requiris,
1806 5055 1869 5104 ut
1912 5062 2057 5105 nunc

479 5137 736 5196 Ecclesiae
759 5135 1032 5208 principes
1053 5133 1140 5189 vel
1163 5135 1370 5206 judices
1383 5138 1727 5208 pervideutes
1754 5152 1821 5195 ea
1842 5152 1964 5208 qum
1987 5136 2058 5193 ab

483 5229 567 5285 bis
590 5227 930 5285 laudabiliter
953 5231 1105 5299 gesta
1129 5234 1272 5293 sunt,
1285 5229 1527 5297 priorum
1547 5238 1850 5302 sequantur
1876 5243 2060 5286 exem-

381 5394 384 5401 ἢ
479 5319 598 5391 pla;
624 5320 669 5375 si
697 5336 805 5390 qua
830 5335 962 5376 vero
990 5319 1044 5374 in
1069 5317 1175 5373 illis
1202 5316 1502 5387 culpantur,
1536 5332 1595 5376 ut
1633 5322 1725 5378 isti
1752 5329 1980 5378 caveant
2001 5329 2059 5378 et

485 5411 771 5469 declinent.
800 5410 993 5483 Magna
1021 5426 1152 5485 ergo
1171 5409 1290 5465 laus
1310 5411 1467 5480 primi
1490 5411 1648 5482 huius
1664 5414 1864 5485 judicis
1890 5414 2058 5471 Otho-

2158 4496 2390 4550 virtutes
2431 4508 2540 4549 non
2578 4492 2971 4549 invalescenent
3005 4490 3295 4548 adversum
3328 4506 3450 4559 nos,
3485 4506 3590 4549 nec
3632 4493 3758 4566 ipse

2159 4587 2407 4646 diabolus
2455 4588 2513 4644 in
2550 4586 2707 4644 nobis
2730 4586 2939 4659 aliquid
2973 4585 3316 4657 praevaleret,
3373 4587 3483 4642 nisi
3526 4588 3579 4643 ei
3606 4588 3759 4644 vires

2160 4696 2227 4737 ex
2256 4681 2459 4737 nostris
2494 4679 2644 4735 vitiis
2672 4680 3077 4750 prmbcremus;
3121 4678 3280 4734 valde
3311 4677 3567 4735 inﬁrmus
3604 4686 3759 4737 esset

2160 4774 2449 4829 adversum
2488 4785 2609 4835 nos,
2644 4771 2752 4826 nisi
2821 4784 2921 4826 nos
2967 4784 3093 4825 eum
3126 4768 3324 4826 fortem
3362 4770 3420 4825 in
3471 4772 3760 4842 peccando

2160 4864 2484 4929 faceremus,
2535 4869 2592 4918 et
2630 4861 2736 4917 nisi
2788 4876 2886 4933 per
2928 4867 3153 4932 peccata
3202 4869 3393 4917 nostra
3435 4862 3621 4918 locum
3671 4866 3760 4921 in-

2162 4956 2414 5013 troeundi
2441 4962 2497 5011 et
2526 4953 2840 5011 dominandi
2864 4955 3131 5010 inveniret
3164 4954 3224 5009 in
3243 4954 3423 5010 nobis.
3446 4953 3753 5024 Propoerca

2163 5048 2399 5119 denique
2433 5055 2489 5103 et
2513 5046 2804 5119 Apostolus
2851 5055 3149 5119 praemonet
3188 5046 3419 5104 dicens:
3449 5046 3620 5102 Nolite
3656 5047 3757 5104 lo—

2163 5156 2284 5195 cum
2318 5138 2449 5194 dare
2476 5137 2687 5193 diabolo
2716 5137 2937 5211 (Ephes.
2982 5137 3081 5211 ιν).
3115 5137 3273 5195 Sicut
3297 5147 3353 5194 et
3375 5139 3461 5195 hic
3479 5137 3644 5193 modo
3670 5138 3765 5197 le-

2164 5232 2364 5305 gimus,
2401 5230 2528 5302 quia
2575 5237 2953 5301 posteaquam
2984 5230 3233 5286 fecerunt
3262 5230 3361 5286 lilii
3410 5230 3570 5287 Israel
3624 5246 3761 5289 ma-

2163 5323 2370 5396 lignum
2390 5323 2446 5380 in
2464 5312 2761 5394 conspectu
2782 5322 3022 5389 Domini,
3041 5322 3221 5378 locum
3232 5323 3501 5379 dederunt
3514 5323 3764 5384 diabolo.

2165 5418 2506 5476 Confortavit
2543 5417 2689 5474 enim
2737 5416 2997 5473 Dominus
3045 5416 3236 5489 Eglon,
3266 5432 3449 5489 regem
3483 5416 3675 5483 Moab,
3710 5426 3771 5475 et

483 5505 593 5562 nicl
648 5505 881 5561 refertur
904 5545 920 5572 ,
950 5506 1092 5576 quod
1145 5504 1370 5578 spiritus
1419 5503 1515 5559 Dci
1564 5504 1737 5561 factus
1770 5517 1856 5564 est
1899 5522 2063 5580 super
2168 5510 2411 5582 adiunxit
2452 5511 2502 5568 ei
2543 5525 2733 5568 omnes
2782 5511 2923 5567 ﬁlios
2972 5510 3148 5567 Amon
3193 5518 3249 5568 et
3290 5511 3573 5567 Amalech.
3634 5511 3768 5568 Non

487 5606 633 5660 eum,
660 5602 717 5649 et
741 5610 839 5664 per
868 5594 1115 5664 spiritum
1150 5595 1246 5652 Dei
1269 5592 1547 5667 judicabat
1575 5593 1762 5663 Israel,
1788 5599 1934 5669 quod
1961 5613 2063 5669 ego
2169 5604 2368 5670 solum,
2398 5604 2594 5674 inquit,
2622 5604 2737 5674 ipse
2770 5602 3110 5659 confortatus
3128 5610 3213 5659 est
3238 5616 3306 5658 ex
3329 5602 3575 5672 peccatis
3620 5600 3770 5657 tilio—

489 5682 557 5743 (ιθ
585 5684 690 5741 alio
733 5687 966 5758 quodam
1015 5688 1215 5748 dictum
1262 5705 1372 5749 non
1422 5686 1577 5746 valde
1627 5691 1865 5749 memini.
1924 5694 2064 5751 Sunt
2170 5711 2293 5753 rum
2335 5694 2524 5764 Israel,
2569 5695 2666 5753 sed
2696 5694 3146 5768 etadjunguntur
3170 5693 3221 5753 ei
3267 5695 3403 5753 socii
3423 5704 3676 5767 nequam
3699 5705 3768 5750 ex
