3986 6348
239 354 372 458 also

1187 403 1537 463 COMMENT.
1576 403 1645 460 IN
1680 402 1809 461 LIB.
1846 398 2163 460 JUDICUM.
2202 430 2275 444 -
2309 403 2438 460 LIB.
2475 404 2518 460 l.
2608 428 2611 435 -

3344 400 3481 464 itte

186 508 211 599 "
238 488 357 570 ﬁliis
380 513 609 575 Ammon
636 522 691 573 et
716 516 978 575 Amalech
995 559 1012 586 ,
1045 521 1284 593 quicum
1306 524 1428 593 ipso
1454 523 1660 592 pariter
1699 523 1800 577 im-
1826 513 1879 577 A
1902 530 2024 585 qum
2049 517 2278 572 vastatis
2310 514 2583 590 Egyptiis
2614 525 2671 573 et
2694 518 3003 589 prostratis,
3052 516 3192 577 [ilics
3216 519 3382 578 lsrael
3414 526 3484 581 de

192 608 199 615 '
233 617 470 681 pugnent
503 609 686 682 Israel.
746 611 823 669 Et
872 614 1190 681 servierunt,
1241 615 1438 685 inquit,
1479 614 1595 683 ﬁlii-
1634 613 1806 668 Israel
1905 607 2034 680 jug'o
2064 610 2342 665 Servitutis
2368 610 2575 667 eduxit.
2613 604 2877 667 Similiter
2910 628 3125 684 quoque
3158 616 3324 671 etiam
3352 617 3483 673 illud

237 696 425 773 Eglon,
472 704 585 774 regi
610 701 790 771 Moab,
835 705 1128 775 quindecim
1162 707 1338 761 annis.
1395 706 1634 762 Observa
1682 706 1809 775 quia

178 776 183 871 ί
236 785 398 871 etiam
428 806 711 851 mensuras
736 808 912 864 pmnae
944 795 1149 853 indicat
1175 794 1458 867 Scriptura
1490 797 1703 863 divina;
1733 794 1807 850 ibi

190 946 193 949 λ
236 874 565 967 communis,
606 890 664 940 et
694 883 784 941 hic
809 885 998 951 decem
1020 894 1078 942 et
1102 885 1341 957 quinque
1391 886 1543 940 dicit.-
1584 885 1807 941 Certum

235 982 316 1028 est
345 979 526 1030 autem
568 975 713 1045 quod
743 978 1038 1039 secundum
1088 978 1301 1048 peccati
1346 977 1567 1034 modum
1590 984 1648 1033 et
1679 990 1810 1033 oon-

233 1064 556 1123 versationis
583 1073 783 1124 nostrae
810 1083 1039 1135 moram,
1084 1070 1251 1125 etiam
1278 1069 1655 1141 castigationis
1670 1076 1809 1125 tem-

231 1172 363 1228 pora
391 1159 773 1217 terminantur.
802 1161 1163 1220 Transierunt
1196 1165 1342 1219 enim
1394 1164 1490 1221 isti
1536 1163 1725 1220 decem
1752 1170 1811 1219 et

212 1236 467 1319 quinque
493 1251 618 1305 anni
647 1251 949 1319 servitutis,
981 1261 1037 1310 et
1082 1269 1191 1309 non
1221 1252 1477 1320 refertur,
1511 1253 1655 1323 quod
1701 1252 1812 1309 cia-

232 1342 501 1398 maverint
546 1343 614 1398 ad
640 1344 951 1412 Dominum,
988 1346 1077 1400 vel
1106 1347 1365 1402 conversi
1391 1347 1503 1401 sint
1538 1361 1569 1400 a
1604 1345 1811 1401 malitia

231 1448 359 1500 sua;
393 1434 490 1491 sed
528 1444 652 1506 post
689 1437 877 1493 decem
916 1445 972 1493 et
999 1438 1237 1508 quinque
1265 1452 1436 1494 annos
1457 1438 1653 1494 iterum
1678 1438 1832 1494 dici-~

230 1533 335 1593 tur,
380 1526 508 1594 quia
542 1525 918 1593 clamaverunt
952 1506 1050 1583 lilii
1078 1506 1268 1584 Israel
1298 1529 1365 1584 ad
1392 1528 1701 1595 Dominum,
1755 1536 1813 1583 et
1902 1532 2033 1578 mm
2063 1521 2327 1592 producat
2350 1530 2419 1579 ex
2472 1523 2644 1580 oculis
2682 1514 2822 1579 sient
2857 1523 2945 1579 ille
2980 1523 3073 1595 qui
3108 1506 3364 1580 dicebat;-
3395 1510 3494 1578 La-

227 1616 513 1695 suscitavit
567 1617 647 1675 eis
683 1617 942 1675 Dominus
981 1620 1125 1677 Deus
1176 1620 1505 1676 salvatorem
1548 1621 1712 1687 Aoth,
1750 1618 1812 1675 li-

224 1707 358 1764 lium
409 1709 571 1775 Gera,
602 1710 705 1767 ﬁlii
721 1709 939 1779 Iemini,
971 1712 1153 1770 virum
1207 1712 1625 1770 ambidextrum.
1668 1713 1811 1769 Ecce

1909 699 2145 755 refertur
2170 701 2225 755 in
2246 701 2511 770 historiis,
2538 703 2680 774 quod
2702 704 2801 760 sub
2823 700 2949 777 rege
2968 704 3315 778 Assyriorum
3345 706 3484 765 Sen-

1911 790 2171 845 nacherib
2192 791 2414 862 angelus
2438 792 2650 848 Ι)οωίΠί
2672 795 2925 861 mittitur,
2955 796 3049 866 qui
3074 797 3229 853 caesis
3255 796 3355 854 sub
3375 813 3486 855 una

1909 889 2073 935 nocte
2082 888 2136 936 et
2152 884 2440 952 prostratis
2456 893 2675 940 centum
2696 888 2969 958 octoginta
2991 890 3227 961 quinque
3246 884 3486 947 millibus

1908 968 2165 1039 hostium,
2194 981 2249 1028 et
2261 976 2452 1057 urbem
2478 974 2544 1032 de
2570 976 2870 1045 obsidione,
2888 987 2941 1034 et
2955 981 3211 1049 populum
3230 982 3295 1037 de
3311 983 3489 1038 immi-

1908 1066 2060 1121 nenti
2080 1064 2342 1123 liberaret
2362 1065 2584 1125 interitu
2618 1064 2673 1141 (Ι
2687 1066 2727 1122 ν
2750 1058 3051 1144 Βεθζχιχ).
3069 1073 3147 1128 Ita
3171 1089 3300 1146 ergo
3325 1076 3487 1131 etiam

1909 1177 2053 1218 nunc
2067 1163 2257 1217 eadem
2277 1164 2671 1233 consequentia
2693 1164 2951 1220 debemus
2976 1167 3275 1233 advertere,
3303 1169 3428 1237 quia
3443 1166 3489 1222 si

1910 1252 2127 1323 quando
2153 1252 2253 1324 pro
2288 1251 2524 1323 peccatis
2556 1254 2778 1311 nostris
2833 1255 2888 1310 in
2923 1257 3290 1326 captivitatem
3325 1258 3491 1313 tradi—
3534 1323 3541 1336 '

1910 1348 2055 1407 mur,
2084 1341 2380 1398 clamemus
2408 1342 2478 1397 ad
2503 1342 2815 1410 Dominum,
2838 1344 3133 1400 clamemus
3176 1355 3357 1401 autem
3383 1363 3489 1403 non
3522 1374 3531 1424 θ

3512 1478 3537 1533 ι.

1908 1613 2039 1670 rabo
2082 1629 2175 1685 per
2214 1613 2448 1685 singulas
2493 1625 2665 1671 noctes
2707 1615 2920 1684 lectum,
2971 1617 3215 1689 lacrymis
3270 1574 3544 1672 stratum:g

1909 1704 2083 1760 areum
2110 1706 2291 1778 rigabo
2318 1702 2492 1777 (Psal.
2520 1704 2619 1779 vi).
2650 1705 2709 1763 Si
2732 1707 2809 1763 ita
2844 1708 3213 1764 convertimur
3243 1724 3271 1762 a
3309 1707 3493 1774 malis,

1910 1440 2006 1488 Ore
2027 1432 2121 1488 sed
2148 1438 2350 1500 mente,
2394 1434 2470 1489 ita
2498 1441 2559 1488 ut
2587 1433 2740 1490 dolor
2774 1434 2954 1490 cordis
2977 1435 3182 1491 fontem
3224 1432 3492 1507 laeryrna-

223 1788 403 1872 qualis
451 1812 536 1860 est
560 1805 671 1875 iste
703 1805 796 1874 qui
825 1806 1123 1863 suscitatur
1170 1807 1238 1864 ad
1260 1806 1582 1864 sanandum
1607 1806 1802 1862 Israel!
1828 1788 1873 1875 ‘_
1912 1804 1974 1852 ut
1994 1796 2138 1851 ultra
2171 1811 2281 1851 non
2329 1794 2707 1869 contingamus
2743 1798 2919 1864 mala;
2945 1799 2991 1853 si
3032 1798 3107 1853 ita
3137 1794 3434 1855 desinimus
3463 1814 3497 1852 a

223 1892 373 1971 Nihil
410 1872 575 1953 habet.
602 1897 671 1959 in,
784 1897 1093 1966 sinistrum,
1117 1900 1217 1955 sed
1252 1908 1541 1969 aramque
1590 1912 1809 1954 manum
1836 1872 1893 1933 Β
1913 1889 2192 1959 superbia,
2214 1897 2276 1944 ut
2294 1889 2437 1944 ultra
2458 1889 2593 1944 nihil
2614 1888 2927 1961 Superbum,
2960 1890 3093 1945 nihil
3121 1906 3382 1971 arrogans
3409 1905 3498 1945 sa-

204 1985 477 2051 ,dextram
526 1988 724 2054 liabet;
775 1989 881 2045 hoc
925 1998 1011 2046 est
1036 1990 1183 2046 enim
1211 1992 1358 2061 quod
1376 1991 1591 2046 dicitur
1641 1988 1812 2044 ambi—

221 2075 438 2149 dexter.
464 2076 668 2150 Dignus
688 2094 816 2136 vere
845 2081 1031 2152 populi
1051 2083 1324 2153 princeps,
1352 2093 1408 2139 et
1433 2081 1693 2139 Ecclesiae
1712 2081 1810 2137 Ju-

190 2244 193 2247 _
221 2165 357 2235 dex,
380 2168 473 2238 qui
495 2168 628 2225 nihil
645 2178 773 2239 agat
784 2171 1088 2239 sinistrum,
1118 2171 1273 2241 cujus
1291 2173 1438 2243 quod
1463 2174 1576 2243 agit
1594 2172 1810 2247 dextra,

194 2258 436 2315 .nesciat
467 2260 710 2328 sinistra,
738 2263 796 2319 in
817 2270 1048 2333 utraque
1070 2272 1228 2333 parte
1268 2272 1369 2329 est,
1404 2264 1461 2317 in
1487 2263 1594 2318 ﬁde
1621 2263 1814 2318 dexter

214 2365 328 2425 est,
358 2358 416 2412 in
463 2358 679 2416 actibus
719 2358 910 2418 dexter
951 2367 1056 2425 est,
1096 2360 1232 2416 nihil
1262 2358 1423 2416 habet
1474 2361 1542 2415 de
1582 2358 1690 2415 illis
1719 2358 1812 2430 qui

219 2450 563 2508 collocantur
592 2467 624 2507 a
666 2452 926 2519 sinistris,
958 2453 1155 2522 quibus
1190 2453 1391 2508 dicitur
1422 2467 1437 2505 :
1466 2451 1731 2506 Discedite
1779 2467 1814 2504 a

218 2560 326 2609 me,
361 2543 589 2614 operarii
622 2544 941 2615 iniquitatis,
966 2546 1140 2599 nescio
1181 2560 1270 2599 vos
1297 2540 1515 2616 (Matth;
1556 2545 1676 2613 vn).
1730 2536 1812 2596 Ite

217 2633 276 2686 in
303 2634 482 2703 ignem
511 2641 782 2699 (sternam,
812 2650 965 2705 quem
1006 2636 1322 2705 prwparavit
1360 2634 1503 2688 Deus
1530 2632 1738 2688 diabolo
1765 2641 1814 2687 et

220 2722 430 2795 angelis
470 2723 584 2792 ejus
627 2722 844 2796 (Matth.
876 2723 1028 2795 xxv).
1066 2723 1223 2791 Quod
1273 2724 1482 2779 scilicet
1520 2724 1576 2778 in
1613 2720 1814 2778 talibus

218 2823 277 2883 et
318 2814 494 2872 simili
535 2830 868 2885 praesumere
894 2824 1047 2885 puto,
1098 2816 1242 2886 quod
1270 2816 1566 2871 secundum
1599 2815 1816 2884 spirita-

217 2906 335 2963 lem
376 2906 814 2977 intelligentiam,
845 2918 901 2964 et
936 2910 1108 2964 sancti
1140 2923 1329 2965 omnes
1366 2909 1691 2964 ambidextri
1735 2907 1816 2964 di-

217 3007 448 3063 cantur,
477 3006 533 3053 et
559 3013 590 3053 e
614 2999 893 3054 contrario
930 3000 1177 3057 diabolus
1202 3008 1257 3054 et
1289 3000 1565 3070 principes
1588 2998 1729 3069 ejus,
1767 3000 1814 3056 si

216 3091 329 3147 dici
359 3099 563 3161 potest,
594 3092 951 3148 ambisinistri
978 3093 1233 3149 dicuntur
1263 3111 1276 3147 :
1305 3100 1480 3149 totum
1500 3093 1644 3151 enim
1669 3091 1815 3162 quod

210 3188 401 3255 agunt
447 3182 727 3238 sinistrum
765 3190 868 3248 est,
905 3191 1076 3240 totum
1100 3199 1443 3254 perversum,
1479 3190 1653 3239 totum
1700 3183 1812 3254 igni

216 3286 438 3332 aeterno
467 3291 593 3331 cum
619 3276 707 3332 his
727 3277 820 3346 qui
851 3290 885 3330 a
916 3276 1152 3332 sinistris
1185 3284 1312 3332 sunt
1344 3278 1675 3347 deputatum.
1706 3275 1813 3332 Sed

215 3366 514 3422 videamus
550 3367 680 3436 quid
711 3367 821 3438 agit
842 3368 934 3423 hic
961 3366 1303 3424 ambidexter
1318 3368 1505 3439 judex.
1533 3366 1818 3424 Miserum-

213 3474 324 3531 que
357 3456 488 3527 filiis
518 3456 690 3511 Israel
737 3472 830 3527 per
873 3476 993 3512 eum
1036 3476 1257 3514 munera
1295 3460 1468 3530 Eglon
1498 3463 1604 3532 regi
1633 3461 1813 3529 Moab,

212 3550 312 3620 qui
344 3548 475 3618 fecit
524 3547 625 3602 sibi
662 3546 897 3617 gladium
927 3549 1205 3619 ancipitem
1233 3550 1506 3603 habentem
1552 3551 1609 3603 in
1645 3552 1815 3605 medio

213 3635 481 3709 capulum
514 3635 852 3706 longitudinis
888 3636 1079 3706 palma
1108 3654 1315 3704 manus,
1346 3646 1397 3693 et
1431 3640 1694 3693 accinctus
1741 3650 1817 3694 est

213 3744 280 3782 eo
307 3726 495 3782 subter
532 3743 717 3798 sagum
746 3727 802 3782 in
841 3727 1026 3783 dextro
1074 3728 1291 3797 femore,
1314 3733 1370 3784 et
1399 3735 1617 3784 caetera.
1653 3728 1816 3786 Vides

213 3819 361 3892 quia
392 3819 644 3874 dextrum
688 3826 775 3874 est
797 3834 958 3874 omne
1000 3819 1144 3889 quod
1178 3819 1317 3890 gerit
1345 3820 1486 3875 Aoth
1516 3820 1607 3875 hic
1645 3818 1819 3873 ambi-

210 3910 453 3974 dexter,
485 3917 543 3964 et
572 3909 823 3967 manibus
856 3909 1049 3963 dexter
1093 3916 1198 3975 est,
1247 3918 1302 3964 et
1344 3909 1573 3978 pedibus
1630 3909 1821 3963 dexter

210 4014 330 4075 est.
356 4002 427 4058 In
443 4002 653 4059 temore
667 4003 817 4058 enim
843 4002 1037 4057 dextro
1072 4001 1308 4069 gladium
1333 4008 1532 4071 portat,
1554 4008 1618 4055 ut
1637 3998 1820 4056 veniat

209 4080 290 4155 ad
339 4108 537 4163 rusgem~
583 4092 762 4157 Moab,
799 4100 856 4148 et
893 4091 1185 4147 interﬁciat
1210 4105 1355 4147 eum.
1405 4090 1727 4147 Dixeramus
1747 4092 1819 4145 'in

211 4177 608 4259 superioribus
640 4182 789 4253 quod
820 4182 915 4237 isti
935 4197 1070 4251 quos
1095 4181 1163 4235 ad
1197 4181 1423 4235 salutem
1444 4181 1629 4251 populi
1654 4189 1714 4236 et
1749 4182 1818 4236 ad

208 4277 577 4335 liberandum
616 4275 757 4332 ﬁlios
792 4275 959 4332 Israel
997 4276 1263 4331 suscitare
1294 4273 1511 4330 dicitur
1545 4276 1689 4332 Deus
1712 4274 1820 4330 sal-

208 4378 460 4425 vatores
519 4366 607 4423 vel
654 4365 889 4435 judices,
934 4366 1228 4437 imaginem
1280 4364 1460 4420 ferant
1512 4365 1817 4435 aliquorum

209 4456 543 4533 principum
581 4469 649 4511 ex
689 4456 899 4513 caelesti
940 4455 1137 4511 militia
1161 4463 1217 4511 et
1253 4468 1609 4525 supernarum
1647 4455 1819 4510 virtu-

1912 1976 2124 2051 piamus
2155 1996 2169 2033 :
2196 1980 2367 2035 mittit
2392 1980 2557 2036 etiam
2583 1981 2739 2036 nobis
2766 1980 3028 2037 Dominus
3056 1968 3310 2037 virtutem
3343 1996 3495 2038 suam

1911 2072 2213 2140 caelestem,
2236 2088 2335 2144 per
2358 2084 2523 2144 “quam
2553 2070 2850 2130 liberemur
2874 2090 2905 2128 a
2926 2074 3057 2145 jugo
3084 2076 3361 2131 servitutis
3380 2070 3500 2128 dia-

1911 2165 2123 2233 bolicae,
2167 2172 2287 2236 qlia:
2324 2167 2498 2221 virtus
2536 2167 2719 2222 omnia
2748 2182 2847 2237 pro
2876 2166 3034 2223 nobis
3074 2174 3197 2239 agat
3231 2169 3423 2223 dextra
3443 2174 3501 2222 et

1913 2268 2195 2326 prospera,
2228 2272 2348 2327 quae
2372 2256 2540 2313 faciat
2574 2274 2675 2315 nos
2705 2256 3011 2329 relinquere
3037 2259 3182 2315 viam
3218 2258 3498 2315 sinistram

1914 2358 2035 2416 quae
2061 2349 2209 2403 ducit
2236 2348 2291 2403 in
2326 2346 2704 2419 perditionem,
2754 2356 2811 2406 et
2837 2360 3056 2407 revocet
3081 2365 3181 2406 nos
3211 2351 3279 2405 ad
3312 2364 3501 2404 veram

1913 2440 2082 2508 viam,
2113 2442 2264 2496 illum
2291 2442 2384 2512 qui
2424 2440 2555 2497 dicit
2584 2460 2598 2495 :
2633 2440 2747 2512 Ego
2781 2458 2900 2496 sum
2943 2442 3044 2508 via,
3105 2443 3291 2496 veritas
3321 2450 3370 2496 et
3398 2441 3504 2496 vita

1915 2531 2096 2604 (Joan.
2128 2534 2267 2605 xlv),
2313 2531 2591 2588 Christum
2648 2528 2833 2588 Iesum
2884 2527 3191 2587 Dominum
3230 2539 3499 2587 nostrum.

1913 2622 2094 2690 Quaeri
2137 2631 2315 2693 potest
2364 2632 2546 2678 utrum
2595 2625 2856 2678 mentitus
2899 2623 3066 2679 fuerit
3118 2622 3259 2677 Aoth
3312 2623 3500 2693 judex,

1915 2713 2129 2782 quando
2151 2712 2351 2767 occidit
2388 2710 2560 2782 Eglon
2604 2726 2784 2782 regem
2812 2710 2986 2766 Moab.
3014 2711 3151 2767 Cum
3180 2712 3322 2766 enim
3355 2713 3504 2767 solus

1914 2804 2019 2859 soli
2071 2802 2419 2858 insidiaretur
2465 2808 2527 2856 ut
2578 2817 2702 2857 eum
2746 2810 3077 2872 percuteret,
3132 2803 3235 2858 hoc
3274 2801 3351 2856 illi
3376 2802 3501 2858 ait:

1925 2894 2151 2950 Verbum
2198 2893 2460 2949 occultum
2506 2892 2636 2947 mihi
2679 2902 2759 2948 est
2801 2894 2869 2947 ad
2900 2902 2967 2959 te,
3004 2910 3131 2960 rex;
3164 2901 3226 2947 ut
3267 2892 3355 2947 ille
3384 2910 3414 2948 a
3445 2907 3504 2949 se

1915 3002 2106 3047 omnes
2131 2992 2224 3061 qui
2265 3005 2390 3046 cum
2420 2989 2513 3045 illo
2541 2989 2776 3056 fuerant,
2804 2998 3128 3045 removeret.
3190 2988 3341 3057 Quod
3377 3006 3499 3045 cum

1917 3080 2120 3138 factum
2146 3089 2311 3147 esset,
2360 3076 2560 3137 iterum
2600 3077 2738 3134 dixit
2760 3078 2945 3134 Aoth:
2983 3076 3207 3139 Verbum
3249 3077 3347 3132 Dei
3376 3079 3506 3135 mihi

1918 3177 1988 3230 ad
2015 3186 2080 3244 te,
2108 3188 2218 3230 rex.
2253 3173 2359 3229 Sed
2383 3180 2566 3243 potest
2592 3186 2700 3227 non
2722 3184 2844 3227 esse
2864 3169 3227 3236 mendacium,
3262 3169 3506 3240 quandov

1920 3268 2138 3339 quidem
2162 3265 2317 3323 verbi
2360 3264 2581 3320 nomine
2612 3263 2749 3320 solet
2781 3263 2947 3318 etiam
2984 3260 3188 3317 factum
3230 3262 3507 3332 appellare

1921 3358 2220 3429 Scriptura,
2265 3364 2321 3412 et
2369 3370 2561 3411 revera
2610 3354 2686 3408 ita
2732 3361 2867 3409 erat.
2924 3351 3079 3419 Quod
3128 3359 3310 3407 autem
3344 3351 3504 3421 dixit,

1898 3452 2153 3509 ‘Verbum
2188 3450 2310 3517 Dei,
2352 3450 2762 3522 intelligendum
2786 3456 2870 3503 est
2910 3448 3016 3503 hoc
3042 3447 3119 3502 illi
3141 3446 3313 3503 Deum
3343 3455 3403 3503 ut
3426 3446 3507 3503 fa-

1918 3557 2068 3605 ceret
2101 3546 2448 3620 prtncepisse,
2487 3545 2579 3615 qui
2621 3561 2743 3601 eum
2782 3543 2980 3617 populo
3027 3559 3126 3600 suo
3171 3545 3509 3601 excitaverat

1920 3644 2267 3707 salvatorem,
2315 3641 2455 3696 sicut
2485 3638 2592 3695 illis
2631 3638 2962 3709 temporibus
2999 3638 3124 3692 talia
3151 3636 3270 3693 ﬁeri
3305 3636 3504 3692 divini-

1919 3745 2007 3789 tus
2026 3731 2329 3803 oportebat.
2384 3729 2516 3785 Item
2556 3730 2753 3784 merito
2800 3728 3061 3798 qum-itur
3104 3729 3375 3796 quomodo
3414 3743 3505 3783 se-

1919 3823 2154 3878 cundum
2196 3819 2341 3875 LXX
2382 3819 2540 3876 exilis
2566 3818 2721 3873 valde
2749 3833 2848 3872 rex
2886 3816 3057 3890 Eglon
3083 3815 3269 3884 fuerit,
3294 3825 3349 3872 et
3375 3832 3506 3873 con-

1921 3914 2144 3969 cluserit
2172 3912 2339 3983 adeps
2366 3909 2585 3976 vulnus,
2632 3911 2849 3979 quando
2890 3925 3182 3980 percussus
3238 3917 3338 3965 est.
3395 3908 3504 3965 Sed

1920 4002 2330 4075 intelligendum
2376 4007 2460 4056 est
2511 4015 2577 4055 ea
2613 3999 2885 4055 locutione
2923 3999 3145 4065 dictum,
3179 4015 3286 4071 qua
3314 3999 3504 4057 solete

1920 4096 2197 4155 contrario
2247 4092 2474 4165 intelligi
2527 4110 2541 4145 :
2598 4092 2738 4147 sicut
2775 4092 2973 4148 dicitur
3002 4092 3178 4157 lucus,
3216 4093 3361 4164 quod
3392 4092 3500 4149 mi—

1919 4186 2068 4245 nime
2087 4186 2286 4250 luceat,
2314 4190 2370 4241 et
2395 4183 2671 4239 abundare
2694 4182 3071 4254 respondetur,
3097 4184 3239 4254 quod
3264 4200 3373 4241 non
3394 4192 3503 4252 est,

1920 4288 1975 4336 et
2002 4276 2280 4336 benedixit
2327 4275 2443 4348 regi
2472 4290 2569 4347 pro
2608 4270 2907 4341 maledixit,
2959 4274 3100 4329 sicut
3130 4275 3392 4345 scriptum
3420 4281 3507 4331 est

1921 4371 1977 4427 in
2002 4370 2143 4425 libro
2184 4368 2495 4439 Regnorum
2522 4364 2586 4420 de
2610 4363 2863 4419 Nabutte.
2893 4362 3029 4416 Nam
3064 4364 3116 4417 in
3154 4379 3217 4417 ca
3240 4364 3505 4433 interpre-

1900 4463 2146 4529 -,tatione,
2176 4472 2298 4530 quae
2322 4474 2431 4513 non
2458 4456 2750 4512 secundum
2775 4453 3145 4523 Septuaginta,
3178 4453 3274 4508 sed
3298 4469 3367 4510 ex
3396 4452 3503 4510 lle-

214 4559 367 4615 tum,
409 4560 546 4617 quas
575 4546 645 4600 ad
671 4547 973 4610 Subsidium
1000 4546 1143 4601 Deus
1169 4546 1384 4601 emittat
1407 4558 1595 4603 eorum
1622 4547 1716 4617 qui
1750 4548 1818 4602 ad
1842 4568 1898 4630 Ῑ)
1922 4555 2072 4611 bram
2099 4559 2204 4619 est,
2234 4551 2308 4607 ita
2336 4547 2643 4604 invenimus
2680 4563 2694 4600 :
2733 4543 2867 4599 Erat
2904 4553 3078 4598 autem
3098 4543 3270 4617 Eglon
3294 4563 3502 4604 crassus

208 4658 291 4699 se,
306 4648 440 4697 toto
467 4636 634 4693 corde
661 4635 1031 4702 clamaverint,
1062 4644 1117 4691 et
1145 4651 1246 4705 per
1263 4637 1675 4695 conversionem
1700 4646 1821 4708 pm-i

210 4730 485 4789 nitentite
510 4728 748 4785 divinam
767 4743 897 4798 erga
938 4741 1001 4782 se
1040 4726 1383 4783 clementiam
1414 4726 1682 4783 ﬂexerint.
1711 4728 1819 4784 Sed

207 4825 331 4880 hoc
358 4835 442 4877 ne
481 4827 873 4889 praesumptum
916 4818 1056 4887 apud
1081 4816 1361 4874 auditores
1381 4817 1633 4872 videatur
1659 4833 1691 4872 a
1724 4834 1822 4874 no-

209 4917 330 4982 bis,
367 4912 635 4967 debemus
652 4922 720 4963 ex
736 4906 1143 4977 Scripturarnm
1160 4908 1217 4963 id
1235 4907 1559 4963 auctoritate
1580 4907 1818 4964 ﬁrmare.

209 5005 519 5075 Scriptum
550 5008 636 5055 est
663 4998 725 5055 in
742 4997 928 5054 Exodo
972 4999 1101 5067 quia
1125 5004 1307 5067 patres
1330 4985 1504 5052 nostri
1529 4996 1627 5052 ﬁlii
1655 4996 1823 5054 Israel

210 5111 358 5153 cum
396 5089 574 5147 multo
620 5096 863 5159 tempore
888 5087 949 5142 in
988 5085 1262 5158 Egyptiis
1288 5095 1346 5142 et
1388 5086 1660 5143 Pharaoni
1706 5088 1823 5161 regi

212 5185 523 5245 dirissima
544 5182 600 5237 in
617 5180 717 5236 luti
738 5188 795 5237 et
810 5180 999 5237 lateris
1020 5178 1359 5236 confectione
1374 5180 1695 5248 servissent,
1716 5181 1825 5236 clu-

213 5284 542 5341 maveruut,
571 5273 766 5343 inquit,
794 5272 864 5328 ad
894 5271 1197 5338 Dominum,
1229 5271 1308 5327 ita
1330 5278 1396 5327 ut
1418 5272 1535 5342 ipse
1563 5272 1824 5331 Dominus

213 5371 458 5427 diceret
504 5383 518 5419 :
567 5364 783 5431 Clamor
826 5363 1061 5433 ﬁliorum
1114 5362 1288 5419 Israel
1333 5364 1568 5419 ascendit
1618 5365 1690 5419 ad
1743 5380 1827 5422 me

216 5455 451 5533 (Exod.
506 5454 643 5527 xu);
702 5461 759 5512 et
805 5455 973 5511 misso
1038 5453 1258 5526 quidem
1306 5452 1488 5546 Moles
1540 5452 1828 5509 visibiliter

213 5544 441 5609 eduxit
476 5560 591 5601 eos.
641 5544 828 5602 Refert
874 5552 1053 5607 autem
1087 5542 1367 5615 Scriptura
1402 5542 1563 5613 'quod
1606 5543 1829 5616 angelus

216 5637 649 5701 exterminator
672 5638 867 5695 missus
886 5639 977 5705 sit,
1009 5638 1101 5709 qui
1135 5643 1375 5693 vastaret
1400 5636 1620 5707 quidem
1645 5636 1827 5692 omnia

217 5731 615 5809 primogenita
673 5728 911 5801 Egypti,
958 5722 1319 5787 lsraelitarum
1380 5744 1511 5786 vero
1557 5731 1830 5787 neminem

220 5832 528 5900 tangeret.
553 5824 620 5879 Et
640 5823 720 5879 sic
738 5822 1043 5877 declaratur
1062 5824 1320 5883 vittatam
1336 5820 1506 5905 fuisse
1531 5820 1827 5905 calestem,

581 5914 855 5977 ΡΑτιωι..
900 5911 1118 5978 CVIII.

1920 4662 2096 4701 mmts.

1922 4740 1950 4774 τῖ’
1994 4734 2130 4788 Aoth
2159 4741 2357 4798 autem,
2387 4730 2579 4786 clausis
2618 4727 3008 4800 diligentissime
3052 4730 3197 4784 ostiis
3228 4731 3502 4801 canaeuli,

1923 4832 1974 4881 et
1999 4822 2288 4893 obfirmatis
2313 4839 2450 4888 sera,
2481 4838 2574 4892 per
2592 4821 2843 4893 posticam
2889 4836 3122 4892 egressus
3151 4831 3246 4890 est,
3271 4826 3503 4895 servique

1924 4914 2059 4985 regis
2078 4912 2299 4985 ingressi
2341 4912 2584 4967 viderunt
2616 4910 2824 4965 clausas
2854 4909 2991 4979 fores
3020 4910 3291 4977 ctenaculi,
3315 4919 3370 4967 et
3394 4928 3501 4969 cm-

1926 5013 2066 5061 tera.
2095 5002 2376 5070 Quomodo
2413 5000 2569 5072 pueri
2613 5000 2757 5072 regis
2782 5001 2951 5075 Eglon
3000 5001 3137 5058 clavi
3167 5005 3499 5075 aperuerint,

1924 5096 2068 5169 quod
2091 5095 2232 5151 Aoth
2279 5093 2414 5150 clavi
2440 5108 2550 5149 non
2595 5092 2880 5160 clauserat,
2913 5096 3097 5166 potest
3116 5110 3335 5152 movere
3365 5114 3377 5148 :
3407 5104 3502 5152 aut

1923 5192 1970 5247 si
1988 5190 2077 5245 ille
2103 5188 2240 5244 clavi
2268 5186 2557 5253 clauserat,
2584 5186 2852 5257 quomodo
2886 5202 3070 5243 secum
3094 5202 3215 5241 eam
3257 5202 3367 5245 non
3400 5203 3498 5243 au-

1925 5282 2110 5349 ferret,
2134 5278 2211 5337 ‘ut
2255 5281 2349 5336 isti
2387 5294 2489 5335 nec
2526 5280 2666 5335 clavi
2708 5281 2918 5351 aperire
2961 5279 3216 5349 possent?
3266 5277 3500 5336 Proinde

1926 5383 2019 5430 aut
2065 5373 2171 5430 alia
2212 5372 2378 5428 clavis
2402 5371 2565 5427 allata
2592 5380 2695 5439 est,
2728 5379 2823 5427 aut
2868 5370 2973 5426 tale
3020 5369 3287 5427 clausurus
3329 5385 3502 5442 genus

1928 5464 2050 5531 fuit,
2085 5463 2229 5535 quod
2254 5462 2372 5518 sine
2411 5462 2548 5518 clavi
2592 5463 2762 5535 possit
2791 5459 2988 5529 claudi,
3032 5475 3135 5517 nec
3180 5460 3301 5521 sine
3349 5460 3502 5517 clave

1928 5552 2126 5625 aperiri
2177 5551 2296 5625 (ΙΙΙ
2351 5551 2481 5624 Reg.
2526 5552 2670 5623 xm).
2719 5550 2855 5607 Nam
2908 5560 3037 5607 sunt
3069 5552 3315 5626 quaedam
3351 5552 3501 5620 talia,

1930 5643 2072 5698 sicut
2090 5656 2154 5698 ea
2180 5656 2299 5712 quae
2324 5643 2599 5697 veruclata
2634 5642 2900 5696 dicuntur.
2933 5640 3040 5698 Sed
3067 5643 3344 5699 videamus
3367 5658 3503 5715 qua-

1929 5732 2055 5791 liter
2081 5732 2243 5799 Aoth,
2279 5732 2372 5804 qui
2412 5732 2800 5801 interpretatur
2825 5729 2964 5798 laus,
3004 5732 3327 5795 concluserit
3354 5732 3504 5809 prin-

1933 5824 2170 5897 cipatum
2224 5838 2400 5891 suum.
2436 5820 2689 5897 ,Historia
2735 5837 2833 5880 nos
2882 5821 3098 5879 edocuit
3152 5840 3217 5881 ea
3260 5838 3382 5893 quae
3434 5822 3505 5879 de

2947 5917 3026 5979 36
