3986 6348
512 388 648 445 1151

1166 380 1227 439 Β.
1268 382 1524 440 RABANI
1560 382 1781 441 MAURI
1817 380 2137 439 ARCHIEP.
2174 380 2488 440 MOGUNT.
2526 377 2817 440 OPERUM
2850 371 3028 436 PARS
3069 370 3111 436 ἰ.

3645 384 3676 443 1
3688 388 3809 447 ιόἳ

508 501 680 573 Eglon
728 510 855 570 rege
891 498 1092 570 scripta
1141 505 1292 565 sunt,
1333 498 1605 568 quomodo
1657 496 2092 568 sapientissimus
2120 498 2172 561 Α
2195 493 2329 551 (τοίω
2349 492 2403 551 in
2425 499 2592 561 terra,
2622 485 2851 549 sicut'et
2876 490 2965 546 ille
2991 488 3085 561 qui
3111 487 3329 546 dicebat
3359 507 3371 545 :
3401 490 3683 559 Quoniam
3712 499 3806 555 in.

510 590 791 659 hicAoth,
820 598 940 647 arte
960 589 1197 662 quadam
1217 598 1303 657 et,
1331 598 1393 645 ut
1415 591 1492 645 ita
1521 590 1722 655 dicam,
1750 587 1965 655 callida,
1995 587 2094 645 sed

511 681 770 739 laudabili
798 697 930 739 usus
967 681 1307 752 deceptione,
1335 680 1674 737 interemerit
1704 678 1876 751 Eglon
1904 686 2091 751 tyran-

508 793 661 843 num,
711 776 805 847 qui
836 776 1226 846 interpretatur
1263 782 1463 830 rotatas
1490 772 1574 827 vel
1614 772 1835 827 orbitas.
1865 770 2094 841 Oportet

509 884 641 942 ergo
671 868 809 925 tales
835 883 957 925 esse
1002 876 1057 923 et
1101 866 1274 922 nostri
1315 864 1496 936 populi
1517 862 1749 934 iudices,
1786 862 1963 935 qualis
1988 862 2093 919 fuit

506 962 651 1019 Aoth
704 962 827 1029 iste,
857 960 951 1032 qui
985 960 1374 1030 interpretatur
1418 956 1557 1021 laus,
1614 963 1675 1013 ut
1709 970 1900 1011 omnes
1932 954 2090 1011 volu-

506 1054 645 1112 biles
673 1060 856 1109 motus
905 1059 961 1105 et
998 1050 1204 1107 orbitas
1230 1047 1358 1105 mali
1390 1046 1603 1104 itineris
1628 1046 1883 1101 excidant
1914 1051 1970 1100 et
1996 1060 2093 1116 pe.

507 1148 712 1205 rintant
756 1142 1169 1199 Madianitarum
1207 1155 1422 1213 regem;
1463 1138 1772 1195 Madianita:
1792 1147 1975 1194 autem
2006 1136 2091 1193 in«

506 1246 877 1310 terpretantur
926 1235 1127 1303 ﬂuxus,
1150 1231 1238 1288 vel
1262 1231 1472 1302 eﬂusio.
1522 1227 1695 1299 Hujus
1740 1227 1907 1301 igitur
1932 1224 2090 1282 ﬂuxa:

503 1342 561 1389 et
587 1329 859 1387 dissoluta:
885 1327 1065 1401 gentis
1106 1326 1359 1397 princeps
1384 1324 1472 1381 vel
1502 1324 1631 1390 dux,
1661 1322 1756 1394 qui
1798 1328 1977 1394 potest
2003 1320 2087 1376 vi-

501 1421 620 1478 deri
641 1420 780 1478 alius
806 1418 893 1475 vel
926 1417 1172 1489 intelligi,
1200 1416 1308 1473 nisi
1332 1430 1513 1472 sermo
1539 1413 1685 1471 illius
1707 1411 2091 1486 philosophia},

501 1531 621 1587 quae
649 1528 923 1571 summum
948 1512 1151 1568 bonum
1171 1508 1383 1580 iudicat
1428 1508 1784 1579 voluptatem,
1820 1519 1986 1578 quem
2008 1505 2091 1561 in-

504 1605 735 1663 terﬁeiat
776 1611 833 1661 et
877 1603 1115 1676 perimat
1158 1599 1506 1671 evangelicus
1542 1614 1744 1665 sermo,
1775 1599 1869 1669 qui
1907 1597 2090 1669 gladio

499 1705 868 1769 comparatur,
917 1704 979 1753 et
1018 1710 1199 1752 sermo
1250 1693 1622 1763 propheticus,
1654 1693 1770 1762 ipse
1808 1692 1867 1748 in
1900 1700 2092 1748 ventre

497 1806 689 1847 eorum
739 1797 903 1861 atque
949 1788 1074 1846 imis
1114 1786 1432 1860 praecordiis
1475 1786 1807 1843 ambidextri
1849 1786 2088 1844 doctoris

2193 584 2312 643 cola
2355 600 2450 656 ego
2487 600 2604 640 sum
2644 581 2785 656 apud
2810 590 2859 637 te
2901 581 2957 636 in
2998 588 3162 646 terra,
3192 590 3241 639 et
3279 585 3616 653 peregrinus,
3652 589 3807 645 sicut

2192 697 2371 739 omnes
2410 690 2585 752 patres
2625 680 2727 735 mei
2760 674 2936 750 (Psal.
2981 692 3224 763 xxxvnt;
3270 675 3423 737 Psal.
3462 683 3692 754 cxmt).
3731 683 3805 742 Et

2191 773 2339 831 hunc
2365 786 2498 846 ergo
2530 770 2831 844 Samegach
2877 777 3098 827 sanctus
3130 766 3370 841 Spiritus
3418 770 3494 826 ibi
3544 773 3798 835 incolam

2192 864 2345 932 dicit,
2373 863 2426 919 id
2468 872 2577 931 est,
2613 864 2732 931 hic;
2780 862 2926 934 quod
2957 861 3105 917 enim
3150 868 3340 918 saneto
3371 860 3583 931 Spiritu
3608 868 3717 936 qui
3739 869 3795 927 in

2192 953 2347 1010 cmlis
2372 960 2477 1020 est,
2502 951 2556 1008 id
2581 960 2684 1018 est,
2719 950 2871 1007 nobis
2904 948 2993 1007 hic
3025 958 3130 1006 est.
3159 947 3299 1019 Quid
3328 966 3459 1022 ergo
3482 952 3698 1011 dicitur
3723 956 3793 1014 de

2192 1044 2498 1118 Samegach
2530 1063 2544 1099 :
2573 1044 2862 1110 Percussit,
2892 1038 3086 1113 inquit,
3114 1041 3421 1116 Allopltylos
3448 1046 3506 1101 in
3532 1052 3797 1107 sarcentis

2189 1138 2313 1199 uiris
2346 1138 2402 1195 in
2433 1140 2566 1195 stiva
2594 1147 2643 1194 et
2682 1136 2811 1210 pede
2837 1137 3054 1191 aratri?
3096 1136 3260 1194 Aliud
3298 1154 3474 1211 genus
3502 1139 3689 1199 laudis
3737 1144 3795 1203 in

2192 1226 2489 1300 Samegach
2526 1227 2703 1284 video.
2727 1226 2836 1285 Iste
2859 1227 2917 1284 in
2946 1234 3129 1283 aratro
3156 1238 3387 1303 pugnat,
3409 1228 3554 1286 Aoth
3570 1247 3789 1303 pugna-

2189 1322 2282 1378 bat
2300 1322 2567 1394 ingladio.
2593 1320 2698 1378 Iste
2723 1321 2780 1377 in
2803 1330 2988 1378 aratro
3007 1320 3200 1391 vincit,
3222 1328 3411 1379 tamen
3429 1332 3482 1380 et
3507 1324 3595 1381 hic
3619 1340 3787 1398 supe-

2190 1420 2278 1469 rat
2302 1422 2359 1470 et
2384 1413 2684 1486 prosternit
2709 1411 3043 1485 Allophylos.
3078 1410 3268 1470 Potest
3303 1429 3431 1483 ergo
3455 1414 3574 1472 ﬁeri
3600 1427 3667 1473 ut
3687 1418 3790 1474 Ec-

2189 1504 2369 1562 clesia:
2389 1504 2557 1578 judex
2585 1517 2695 1561 non
2740 1518 2959 1576 semper
3005 1503 3248 1577 gladium
3282 1504 3543 1576 proterat,
3582 1508 3644 1564 id
3672 1519 3788 1577 est,

2189 1611 2298 1655 non
2323 1611 2541 1667 semper
2574 1594 2900 1653 auctoritate
2922 1595 3079 1651 verbi
3115 1603 3173 1651 et
3199 1597 3452 1654 acumine
3481 1601 3787 1669 correptio-

2188 1691 2277 1748 nis
2300 1697 2509 1757 utatur,
2537 1689 2635 1745 sed
2668 1687 2957 1760 aliquando
2983 1689 3152 1745 etiam
3164 1680 3425 1747 'imitotur
3461 1691 3785 1764 agricolam,

2189 1790 2246 1837 et
2290 1780 2441 1837 velut
2492 1788 2674 1837 aratro
2717 1779 2935 1837 sulcans
2966 1779 3163 1836 animae
3214 1789 3440 1849 terram,
3478 1798 3547 1839 ac
3588 1786 3786 1854 sapius

497 1882 955 1954 disputationibus
1001 1879 1376 1947 concludatur,
1408 1888 1470 1935 ut
1498 1879 1744 1937 veritatis
1774 1892 1873 1935 eos
1908 1893 2088 1934 asser-
2115 1870 2164 1933 Ιι
2190 1889 2313 1931 eam
2348 1873 2603 1929 clementi
2632 1873 3054 1931 commonitione
3085 1875 3428 1942 rescindens,
3453 1887 3649 1947 aptam
3669 1895 3786 1935 eam

498 1976 648 2032 tione
685 1974 1014 2032 concludens
1032 1974 1347 2046 exstinguat
1383 1988 1605 2031 omnem
1629 1972 1786 2043 pravi
1820 1972 2088 2043 dogmatis

493 2073 555 2122 et
601 2080 805 2122 crassis
836 2064 1208 2137 intelligentiae
1250 2078 1488 2130 sensum,
1546 2065 1641 2135 qui
1687 2079 1749 2121 se
1790 2063 2002 2119 extollit
2031 2070 2090 2123 et

493 2158 661 2230 erigit
703 2158 991 2215 adversum
1049 2157 1351 2230 spiritalem
1405 2158 1693 2216 scientiam
1746 2156 1974 2224 Christi,
2025 2162 2088 2215 ut

492 2250 612 2308 hac
654 2250 737 2307 ita
787 2248 1097 2317 faciens,et
1141 2250 1200 2306 in
1244 2250 1413 2307 verbo
1443 2250 1540 2305 Del
1590 2249 1878 2316 dimicans,
1913 2263 2084 2305 unus-

496 2342 732 2414 quisque
775 2342 1034 2399 Ecclesia
1078 2340 1246 2413 iudex
1281 2342 1399 2408 ﬁat,
1446 2343 1614 2398 etiam
1655 2342 1774 2413 ipse
1799 2338 2086 2399 laudabilis

492 2434 661 2500 Aoth,
694 2434 761 2489 de
795 2449 904 2503 quo
927 2434 1075 2489 dicat
1121 2433 1382 2489 Dominus
1412 2452 1425 2487 :
1456 2434 1626 2504 Euge,
1672 2450 1816 2489 serue
1869 2432 2001 2488 bone
2033 2439 2086 2487 et

495 2522 693 2593 ﬁdelis,
718 2523 848 2597 quia
872 2541 1029 2596 super
1048 2538 1220 2595 pauca
1258 2524 1409 2594 {sisti
1432 2524 1630 2594 ﬁdelis,
1651 2536 1813 2596 supra
1836 2522 2008 2580 multa
2031 2532 2085 2583 ts

494 2616 817 2673 constituant
862 2616 1079 2689 (Matth.
1120 2617 1272 2689 xxv).

1105 2707 1337 2765 CAPUT
1386 2710 1478 2765 XI.

489 2798 815 2873 DeSantgar
834 2800 951 2873 ﬁlio
972 2802 1146 2856 Ληαιή
1162 2804 1253 2874 qui
1274 2804 1528 2874 percussit
1554 2803 1619 2857 de
1647 2800 1939 2860 Philistiim
1964 2821 2082 2862 seat-

700 2883 875 2928 ceutos
903 2874 1041 2929 viros
1072 2890 1297 2941 vomere,
1341 2884 1387 2928 et
1414 2874 1649 2944 defendit
1674 2874 1867 2930 Israel.

560 2983 741 3058 (Iam)
771 2982 1200 3056 Humiliatusque
1255 2994 1332 3041 est
1389 2983 1551 3040 Moab
1605 2986 1662 3040 iis
1712 2986 1798 3041 die
1829 2984 1945 3053 illo,
1983 2986 2079 3042 sub

488 3091 654 3131 manu
702 3073 893 3142 Israel,
933 3085 985 3130 et
1027 3076 1219 3147 quieuit
1265 3084 1407 3132 terra
1445 3076 1711 3146 octoginta
1755 3076 1932 3130 annis.
1968 3075 2080 3132 Sub

483 3168 668 3241 judice
690 3168 833 3250 Aoth
854 3169 1133 3241 octoginta
1166 3183 1340 3224 annos
1391 3183 1584 3239 pacem
1614 3167 1804 3223 habuit
1830 3167 1995 3225 lsrael
2024 3168 2080 3223 in

2193 1965 2552 2038 suscipiendis
2612 1965 2912 2023 seminibus
2966 1974 3142 2037 paret.
3201 1966 3618 2027 lntcrﬁcientur
3661 1985 3785 2044 ergo

2190 2059 2357 2116 etiam
2379 2060 2459 2117 sic
2485 2058 2774 2133 Allophyli,
2808 2075 2937 2115 cum
2955 2076 3061 2116 non
3075 2063 3416 2133 argumentis
3446 2072 3509 2120 et
3538 2065 3784 2122 acumine

2190 2163 2382 2212 contra
2424 2154 2768 2211 adversarios
2796 2155 3026 2222 utimur,
3058 2153 3155 2211 sed
3195 2157 3403 2228 agresti
3452 2164 3515 2213 et
3559 2158 3783 2228 simplici

2186 2247 2614 2305 commonitione
2648 2247 2714 2304 de
2738 2247 2938 2305 animis
2962 2247 3272 2305 auditorum
3300 2248 3444 2304 vitia
3475 2258 3536 2305 et
3564 2260 3781 2319 peccata

2187 2340 2559 2413 propellimus.
2614 2339 2723 2397 Sed
2755 2348 2811 2396 et
2866 2341 3005 2411 ipse,
3034 2356 3069 2396 ο
3098 2341 3333 2405 auditor,
3382 2352 3509 2398 esto
3550 2341 3781 2413 agricola

2186 2434 2384 2489 animm
2411 2440 2536 2499 tute,
2566 2440 2718 2490 utere
2744 2434 2849 2489 hoc
2899 2442 3085 2491 aratro
3116 2449 3225 2506 quo
3252 2435 3436 2491 utitur
3463 2434 3778 2507 Semegach.

2189 2522 2298 2581 Sed
2320 2539 2444 2579 cum
2470 2524 2688 2581 miseris
2709 2539 2925 2579 manum
2954 2532 3099 2581 tuam
3128 2525 3184 2581 in
3208 2534 3481 2592 aratrum,
3505 2525 3617 2582 noli
3641 2536 3781 2584 retro

2186 2613 2481 2684 respicere,
2514 2613 2568 2669 id
2602 2621 2709 2680 est,
2739 2622 3093 2685 posteaquam
3120 2615 3315 2673 tuleris
3366 2633 3597 2674 crucem
3617 2626 3777 2685 tuam,

2186 2713 2245 2762 et
2278 2713 2496 2762 secutus
2526 2705 2693 2762 lucris
2716 2706 3028 2774 Christum;
3069 2717 3432 2780 posteaquam
3462 2711 3666 2767 saeculo
3699 2725 3781 2767 re-

2184 2797 2469 2864 nuntiasti,
2498 2806 2552 2853 et
2574 2798 2659 2854 his
2686 2814 2807 2870 quae
2848 2799 2904 2853 in
2931 2800 3134 2855 saeculo
3163 2808 3312 2867 sunt,
3365 2803 3482 2858 noli
3510 2812 3660 2859 retro
3697 2819 3782 2859 re-

2183 2891 2415 2963 spicere,
2462 2890 2572 2947 noli
2621 2891 2901 2963 requirere
2952 2908 3017 2949 ea
3056 2910 3178 2964 quae
3220 2903 3453 2967 propter
3501 2896 3777 2955 Christum

2190 2984 2429 3039 duxeras
2471 2992 2530 3039 ut
2556 2992 2831 3051 stercora;
2866 2985 2992 3055 quia
3013 2985 3060 3040 si
3096 2986 3152 3041 in
3198 2986 3306 3043 isto
3347 2997 3542 3043 aratro
3565 3005 3779 3045 manum

2183 3088 2401 3144 semper
2462 3075 2740 3142 habueris,
2788 3076 2864 3131 ita
2916 3086 2976 3134 ut
3009 3077 3350 3135 conﬁdenter
3389 3080 3547 3135 dicas
3594 3100 3611 3136 :
3652 3080 3780 3136 libi

2184 3161 2362 3222 autem
2401 3168 2536 3224 absit
2565 3169 2756 3241 gloria,
2797 3171 2900 3225 nisi
2926 3171 2981 3226 in
3025 3189 3181 3227 cruce
3202 3171 3419 3228 Domini
3446 3175 3627 3229 nostri
3658 3171 3783 3230 Iesu

489 3270 640 3318 terra
667 3246 1125 3331 repromissionis,
1162 3260 1438 3332 duplicato
1474 3260 1651 3316 silicet
1675 3268 1920 3331 tempore
1939 3258 2084 3330 quod
2109 3246 2155 3313 C
2187 3256 2406 3325 Christi,
2434 3277 2525 3331 per
2567 3277 2719 3331 quem
2746 3262 2877 3315 mihi
2899 3261 3128 3317 mundus
3158 3264 3438 3333 cruciﬁxus
3457 3275 3560 3329 est,
3603 3275 3658 3320 et
3692 3282 3784 3335 ego

492 3351 600 3408 fuit
648 3352 1002 3407 memorabile
1050 3351 1424 3406 Romanorum
1470 3352 1572 3408 sub
1620 3366 1749 3420 rege
1796 3351 2080 3423 Pompilio.

491 3442 622 3499 Post
651 3445 792 3500 hunc
825 3443 926 3514 fuit
951 3441 1180 3515 Sumgsr
1204 3442 1349 3513 ﬁlius
1377 3443 1577 3511 Auatls,
1611 3445 1703 3515 qui
1727 3444 1982 3514 percussit
2020 3444 2085 3500 de

490 3535 780 3592 Philistiiut
834 3534 1102 3592 sescentos
1157 3536 1293 3592 uiros
1352 3554 1575 3603 contere,
1629 3546 1677 3592 et
1730 3538 1839 3609 ipse
1878 3553 2083 3607 quoque

488 3622 726 3693 defendit
778 3622 971 3679 Israel.
1015 3622 1365 3696 Septuaginta
1396 3642 1410 3679 :
1444 3623 1511 3679 Et
1541 3634 1657 3695 post
1697 3641 1817 3678 eum
1857 3623 2085 3679 surrexit

489 3712 741 3785 Samgar,
777 3714 923 3783 ﬁlius
955 3715 1155 3781 Anath,
1178 3724 1227 3769 et
1258 3715 1512 3785 percussit
1538 3714 1859 3787 alienigenas
1888 3714 1944 3767 in
1970 3728 2084 3767 sea:-

489 3816 666 3863 ceutos
717 3809 853 3863 viros
895 3819 1089 3880 praeter
1118 3809 1307 3865 vitulos
1351 3810 1527 3878 boum,
1558 3818 1608 3866 et
1644 3809 1860 3866 calcavit
1886 3806 2079 3864 Israel.

490 3899 777 3967 Quomodo
805 3910 930 3972 post
973 3902 1116 3958 Aoth
1145 3903 1250 3958 iste
1295 3918 1395 3974 pro
1435 3902 1603 3959 Israel
1642 3902 1988 3975 pugnaverit,
2024 3907 2082 3956 et

491 3993 671 4050 dictus
698 3993 773 4049 sit
819 3994 1059 4050 salvasse
1091 3994 1277 4059 lsrael,
1326 4002 1507 4064 potest
1529 4008 1654 4049 esse
1682 3993 1932 4064 quaestio.
1962 3991 2080 4047 Non

488 4084 638 4139 enim
678 4101 869 4141 rursus
903 4086 1118 4142 fuerant
1142 4087 1400 4156 Captivati
1429 4086 1513 4141 vel
1547 4084 1679 4158 jugo
1700 4087 1978 4142 servitutis
1998 4086 2081 4140 in-

488 4176 643 4231 nexi.
674 4175 781 4230 Sed
830 4178 1240 4247 intelligendum
1281 4180 1356 4233 ita
1389 4178 1619 4243 dictum,
1672 4180 1916 4244 servavit,
1969 4195 2078 4233 non

486 4266 621 4339 quia
663 4266 914 4322 nocuerit
960 4267 1165 4337 aliquid
1192 4268 1390 4334 hostis,
1420 4271 1516 4324 sed
1554 4285 1623 4324 ne
1670 4270 2080 4338 permitteretur

487 4375 725 4430 nocere;
770 4359 1029 4432 quoniam
1072 4358 1402 4415 credendum
1427 4369 1511 4417 est
1537 4361 1677 4417 bello
1699 4364 1929 4432 ccepisse
1961 4371 2080 4419 ten-

490 4464 630 4521 tare,
652 4461 711 4509 et
748 4452 911 4523 hujus
942 4452 1176 4508 victoria
1227 4452 1399 4507 fuisse
1452 4451 1754 4523 depulsum.
1792 4452 1900 4508 Sed
1951 4454 2080 4523 quid

490 4549 594 4603 sibi
628 4546 762 4601 velit
780 4544 926 4615 quod
971 4544 1201 4611 addidit,
1243 4554 1436 4615 praeter
1459 4543 1646 4601 vitulos
1676 4544 1852 4611 boum,
1886 4544 2079 4601 obscu-

2189 3350 2384 3405 muudo
2428 3350 2572 3422 (Gal.
2598 3352 2697 3423 v1).
2725 3351 2854 3408 “me
2880 3352 2977 3407 tibi
3006 3354 3203 3409 dicenti
3232 3371 3246 3407 :
3271 3351 3475 3409 Cadent
3500 3371 3537 3407 ιι
3568 3354 3785 3409 dextris

2186 3443 2288 3497 tuis
2321 3442 2498 3498 decem
2542 3443 2733 3511 millia,
2767 3454 2815 3500 et
2847 3462 2878 3499 a
2906 3445 3137 3501 sinistris
3163 3444 3263 3500 tuis
3291 3442 3458 3511 mille,
3504 3446 3579 3500 ad
3610 3456 3661 3502 te
3690 3465 3782 3505 au-

2184 3546 2287 3592 tem
2309 3554 2415 3592 non
2438 3537 2879 3609 approximabunt
2906 3536 3081 3610 (Psal.
3105 3539 3220 3611 xc).
3252 3536 3364 3594 Sed
3389 3545 3447 3593 et
3467 3538 3580 3594 hoc
3608 3539 3780 3610 ipsum

2184 3630 2329 3700 quod
2359 3629 2514 3695 dixit,
2544 3630 2601 3683 in
2633 3629 2887 3685 sexcentis
2912 3627 3206 3700 Allopbglis
3244 3630 3574 3702 percussisse
3602 3628 3778 3686 Sauc-

2184 3721 2347 3793 gaclt,
2375 3736 2484 3777 non
2514 3722 2647 3777 mihi
2676 3721 2895 3777 videtur
2931 3722 3167 3777 otiosum
3197 3721 3427 3778 dictum.
3458 3720 3601 3788 Quid
3631 3722 3778 3778 enim

2185 3828 2322 3884 opus
2366 3819 2484 3867 erat
2507 3813 2795 3884 designare
2824 3813 2989 3883 etiam
3020 3828 3339 3877 numerum,
3370 3812 3481 3878 nisi
3504 3810 3648 3871 forte
3666 3812 3779 3869 evi-

2184 3904 2401 3960 dentius
2435 3906 2488 3960 in
2516 3906 2635 3976 ipso
2672 3920 2900 3962 numero
2925 3921 2992 3960 ea
3016 3904 3085 3961 de
3110 3906 3311 3975 quibus
3344 3908 3603 3977 superius
3636 3905 3772 3961 dixi-

2184 4014 2327 4064 mus,
2394 3998 2693 4055 indicavit?
2731 3998 2974 4069 Namque
3029 3999 3283 4055 senarius
3342 4012 3631 4065 numerus,
3682 3997 3773 4070 qui

2184 4091 2574 4162 multiplicatus
2601 4091 2850 4162 pervenit
2874 4091 2930 4145 in
2953 4098 3264 4151 sexcentos,
3290 4091 3489 4147 mundi
3510 4090 3670 4160 huius
3700 4089 3764 4145 li-

2183 4199 2376 4254 guram
2422 4192 2591 4249 tenet,
2632 4184 2725 4255 qui
2752 4185 2807 4240 in
2836 4200 2931 4240 sex
2955 4184 3153 4240 diebus
3190 4184 3397 4240 dicitur
3421 4196 3769 4240 censumma-

2185 4285 2292 4334 tus.
2334 4276 2634 4333 Sexcentos
2673 4291 2804 4347 ergo
2859 4277 2915 4331 in
2964 4285 3150 4333 aratro
3188 4276 3394 4333 dicitur
3436 4270 3774 4346 percussisse

2184 4368 2295 4434 ille,
2331 4368 2420 4423 cui
2446 4383 2545 4438 per
2581 4383 2799 4423 crucem
2829 4367 3036 4423 Christi
3071 4366 3369 4423 crucifixus
3396 4374 3479 4422 est
3514 4364 3771 4420 mundus.

2254 4460 2687 4530 Addideruutque
2699 4459 2800 4528 ﬁlii
2818 4458 2991 4516 Israel
3010 4461 3188 4530 facere
3199 4458 3399 4515 malum
3417 4460 3472 4513 in
3491 4469 3773 4527 magna:

2186 4549 2401 4606 Domini
2429 4560 2544 4621 post
2578 4561 2798 4605 mortem
2833 4552 2994 4617 Aetli,
3024 4560 3075 4606 et
3100 4551 3325 4606 tradidit
3370 4550 3488 4604 illos
3514 4548 3773 4605 Dominus

491 4652 613 4691 rum
652 4644 753 4691 est.
790 4635 873 4690 An
900 4636 1039 4691 forte
1064 4645 1118 4690 et
1140 4635 1303 4691 boum
1348 4644 1584 4708 stragem
1613 4638 1902 4708 pugnando
1927 4636 2077 4704 fecit,
2105 4624 2159 4701 1)
2183 4645 2240 4699 in
2262 4660 2427 4700 manu
2468 4643 2634 4699 labiis
2674 4644 2812 4713 regis
2845 4643 3127 4710 Chanaan,
3150 4644 3243 4714 qui
3270 4644 3500 4713 regnauit
3535 4642 3592 4695 ist
3618 4642 3771 4695 Aser.

489 4735 546 4781 et
596 4727 673 4780 ita
722 4726 927 4781 dictum
968 4737 1054 4784 est
1092 4743 1216 4783 eum
1255 4728 1523 4784 occidisse
1572 4736 1861 4787 sexcentos
1910 4729 2077 4795 viros,

490 4826 692 4891 printer
721 4816 849 4872 illud
878 4819 1021 4887 quod
1046 4818 1177 4875 fecit
1205 4821 1274 4875 de
1299 4819 1475 4875 bobus
1514 4820 1729 4875 occisis.
1772 4820 1882 4877 Sed
1910 4836 2081 4891 quare

494 4912 695 4966 vitulos
722 4908 1062 4966 nominavit?
1085 4911 1168 4966 An
1195 4911 1401 4967 Graecae
1429 4911 1718 4967 locutionis
1741 4911 2079 4967 consuetudo

491 5010 577 5058 est
602 5002 770 5057 etiam
812 4997 1011 5055 vitulos
1057 5015 1152 5057 eos
1198 5001 1491 5073 appellare,
1525 5001 1621 5071 qui
1649 5001 1883 5071 grandes
1919 5002 2082 5057 sunt?

493 5094 631 5150 Nam
658 5095 735 5150 ita
782 5092 932 5163 loqui
974 5091 1136 5162 vnlgo
1160 5094 1215 5148 in
1262 5093 1500 5167 Egypeo
1527 5092 1909 5165 perhibentur,
1937 5094 2083 5150 sicut

494 5188 638 5257 apud
663 5202 766 5244 nos
800 5184 935 5257 pulli
971 5182 1310 5255 appellantur
1332 5187 1546 5259 galliam
1564 5184 1857 5255 cujuslibet
1876 5188 2075 5243 :etatis.

493 5277 615 5334 Non
670 5284 853 5334 autem
903 5277 1071 5334 habet
1109 5276 1481 5346 interpretatio
1507 5293 1574 5336 ex
1604 5278 1854 5345 Hebrum,
1891 5289 2081 5350 praeter

492 5372 686 5429 vitulos
713 5373 892 5441 boum,
926 5372 1071 5428 sicut
1099 5371 1203 5426 ista
1228 5385 1350 5439 quae
1386 5372 1683 5428 secundum
1725 5371 2081 5444 Septuaginta

488 5476 618 5524 esto:
645 5468 787 5524 sicut
813 5470 978 5525 habet
998 5465 1089 5524 illa
1114 5482 1183 5523 ex
1232 5463 1480 5532 Hebrmo,
1507 5480 1709 5522 uomere
1742 5468 1943 5522 occisos
1969 5482 2085 5521 sea:-

492 5569 669 5617 ceutos
720 5560 881 5630 viros,
928 5562 1077 5633 quod
1103 5562 1208 5617 ista
1234 5556 1343 5615 non
1386 5558 1572 5614 habet.
1606 5560 1902 5617 Videamus”
1934 5575 2084 5616 nunc

494 5652 655 5722 quale
672 5654 748 5709 sit
771 5655 936 5710 etiam
962 5654 1292 5726 principium
1340 5650 1663 5724 Samegach,
1690 5653 1785 5724 qui
1813 5654 2085 5724 interpre-

496 5748 667 5811 tatur,
704 5746 777 5800 ibi
805 5747 1028 5802 advena.
1078 5747 1280 5804 Verum
1306 5754 1392 5803 est
1418 5746 1565 5802 enim
1610 5748 1736 5817 quia
1764 5756 1963 5805 Omnes
1991 5749 2088 5819 qui

494 5846 625 5912 sunt
644 5834 894 5896 homines
919 5840 1042 5909 Dei,
1084 5840 1300 5897 advenae
1330 5848 1457 5899 sunt
1484 5828 1540 5897 in
1560 5839 1672 5899 hoc
1694 5843 1899 5899 ωυωο
1922 5851 1981 5900 et
2002 5843 2087 5899 in-

2187 4740 2491 4813 Habuitque
2509 4740 2695 4795 ducent
2718 4740 2979 4796 exercitus
3000 4740 3108 4805 sui,
3136 4739 3344 4795 mins
3366 4736 3632 4793 Sisara.
3662 4735 3777 4805 Ipse

2185 4840 2360 4886 autem
2388 4831 2658 4886 habitabat
2683 4831 2741 4886 in
2762 4831 2982 4886 Arosctlt
3012 4831 3271 4902 gentium.
3300 4827 3776 4898 Clamares-unique

2186 4924 2285 4995 ﬁlii
2306 4925 2477 4980 Israel
2497 4925 2567 4980 sd
2590 4925 2907 4990 Demittunt;
2950 4936 3239 4996 conpositos
3260 4926 3398 4979 cuius
3420 4922 3649 4977 habebat
3674 4918 3778 4990 [al-

2186 5026 2333 5071 catos
2364 5032 2575 5083 currus,
2597 5027 2649 5072 et
2668 5033 2764 5088 per
2781 5017 2965 5088 uiginti
3006 5030 3175 5072 annos
3207 5017 3534 5072 vehementer
3555 5028 3781 5083 apros-

2183 5118 2325 5165 serat
2370 5124 2477 5163 eos.
2512 5108 2581 5164 Et
2623 5107 2959 5178 adjecerunt,
3008 5109 3209 5180 inquit,
3241 5108 3343 5165 ﬁlii
3389 5103 3543 5165 [incl
3581 5102 3781 5160 facere

2187 5200 2483 5274 malignum
2522 5202 2579 5257 in
2617 5210 2909 5274 conspectu
2945 5201 3183 5267 Domini,
3227 5209 3287 5257 et
3333 5200 3469 5257 Anth
3511 5206 3785 5253 mrtuus

2184 5300 2288 5349 est.
2329 5292 2589 5349 Servatur
2610 5293 2874 5348 nimirum
2912 5292 2968 5348 In
2999 5292 3086 5348 bis
3128 5292 3298 5349 etiam
3328 5291 3419 5347 illa
3462 5287 3784 5347 alienatio

2184 5384 2349 5457 quam
2384 5386 2437 5440 in
2468 5384 2843 5456 superioribus
2883 5384 3312 5455 designavimus,
3353 5382 3483 5452 quia
3516 5395 3631 5450 pro
3656 5393 3785 5453 puc-

2185 5478 2326 5532 eatts
2354 5477 2538 5548 populi
2569 5477 2804 5533 moritur
2851 5478 3028 5534 boum
3055 5476 3241 5547 populi
3294 5477 3421 5537 dux.
3457 5472 3604 5527 Cum
3629 5473 3784 5529 enim

2187 5570 2395 5641 indigni
2437 5568 2643 5626 iuerint
2665 5569 2871 5637 electi,
2894 5577 2953 5625 ut
2974 5569 3209 5627 remum
3226 5568 3527 5639 malignum
3560 5567 3627 5629 ta
3650 5579 3785 5623 eon-

2185 5668 2372 5731 spectu
2394 5661 2629 5725 Domini,
2656 5660 2943 5719 uoluuntur
2959 5662 3028 5717 ab
3055 5662 3140 5720 eis
3162 5662 3326 5718 homo
3352 5659 3472 5716 Dei.
3501 5657 3629 5715 Sed
3653 5656 3788 5715 dicit

2187 5750 3787 5823 fortassispopulusnsstertouaudolicclesiabeisinc

2188 5845 2365 5902 iudice
2397 5852 2505 5912 est,
2549 5845 2768 5901 etiamsi
2809 5846 2965 5917 prior
2986 5846 3302 5912 decesserit.
3344 5843 3490 5902 alter
3546 5842 3783 5907 adhibe-
