3986 6348
282 318 420 391 uas
940 384 945 391 _
1232 308 1588 399 comm.
1627 308 1698 367 1N
1730 308 1861 371 LIB.
1896 300 2214 369 tumcum.
2267 342 2321 353 —
2354 310 2485 371 ιω.
2523 288 2614 369 1.’
3080 356 3083 359 .
3418 320 3560 380 μω

281 442 386 497 tur.
406 424 682 487 Audacter
700 420 954 483 fortassis
973 420 1178 497 aliquid
1206 421 1480 493 dicemus;
1508 430 1689 479 tamen
1716 400 1873 493 quod
1890 422 1945 487 Α
1967 422 2175 479 minum
2209 424 2504 483 suscitetur
2531 424 2837 498 prophetia,
2863 441 2986 498 quae
3011 437 3095 486 est
3125 430 3178 486 in
3213 431 3386 506 ﬁgura
3418 435 3558 493 Deb-
3585 422 3601 504 ξ

279 523 539 593 scriptum
567 527 651 575 est
680 518 929 575 dicimus.
977 514 1095 573 Non
1138 532 1352 587 semper
1386 508 1640 589 princeps
1679 514 1863 587 populi
1966 512 2139 583 horae,
2171 523 2228 571 et
2264 513 2561 572 secundum
2618 516 2917 589 prophetiae
2967 520 3200 592 gratiam
3253 530 3309 580 et
3352 524 3555 585 intelii-
3592 516 3600 526 ”

278 625 331 681 et
351 613 609 671 Ecclesiae
622 612 791 685 judex
810 626 910 681 per
934 609 1033 665 Dei
1058 609 1345 666 arbitrium
1372 608 1552 679 datur,
1577 607 1673 666 sed
1701 616 1863 680 prout

276 706 470 769 merita
516 712 706 761 nostra
744 702 1064 775 deposcunt,
1099 700 1147 757 si
1182 694 1309 758 mali
1341 707 1467 757 sunt
1496 705 1651 755 actus
1686 696 1862 753 nostri

272 807 329 859 et
350 813 643 875 operamur
690 795 987 868 malignum
1040 794 1098 853 in
1140 800 1436 865 conspectu
1489 791 1608 861 Dei,
1664 791 1863 849 dantur

272 892 428 951 nobis
454 891 731 963 principes
766 889 1068 947 secundum
1118 903 1214 943 cor
1239 877 1511 955 nostrum,
1540 894 1596 943 et
1628 885 1732 943 hoc
1760 883 1862 941 tibi

272 987 336 1043 de
364 984 662 1056 Scripturis
698 983 961 1058 probabo.
991 980 1134 1037 Audi
1155 995 1413 1053 namque,
1439 978 1570 1052 quid
1595 978 1859 1035 Dominus

266 1080 410 1139 dicat
439 1098 455 1137 :
484 1078 750 1139 Fecerunt
793 1079 897 1137 sibi
924 1092 1117 1149 regem,
1145 1085 1193 1131 et
1224 1091 1332 1133 non
1358 1090 1451 1146 per
1492 1090 1575 1129 me
1585 1090 1606 1141 ,°
1633 1079 1689 1129 et
1708 1068 1858 1144 prin-

266 1175 453 1245 cipem,
479 1182 528 1228 et
549 1189 656 1229 non
669 1189 766 1244 per
792 1169 1074 1229 comitium
1101 1184 1296 1225 meum.
1326 1167 1396 1222 Et
1420 1167 1527 1223 hoc
1548 1152 1750 1222 dictum
1776 1163 1858 1221 vi-

264 1267 421 1329 detur
436 1266 503 1324 de
526 1264 690 1325 Battle
711 1264 822 1330 illo,
854 1277 1018 1335 quem
1037 1260 1227 1334 utique
1249 1259 1367 1332 ipse
1390 1258 1652 1317 Dominus
1685 1256 1858 1333 elege-

265 1372 370 1429 rat,
402 1370 463 1420 et
492 1374 675 1433 regem
702 1358 824 1421 ﬁeri
861 1355 1125 1429 iusserat.
1174 1353 1282 1413 Sed
1327 1353 1586 1424 quoniam
1635 1368 1745 1408 non
1771 1365 1856 1407 se-

258 1458 499 1517 cundum
536 1454 637 1513 Dei
679 1453 1038 1519 voluntatem,
1064 1449 1162 1507 sed
1209 1442 1509 1504 secundum
1548 1443 1855 1518 peccatoris

260 1548 447 1622 populi
486 1547 745 1607 mel-imm
770 1543 953 1603 {iterat
976 1543 1209 1608 electus,
1237 1548 1406 1612 negat
1432 1553 1558 1595 eum
1590 1552 1715 1593 eum
1752 1552 1853 1593 sua

257 1642 537 1699 vduntate
561 1639 648 1698 vel
675 1637 906 1699 oonsilio
939 1635 1316 1693 constitutum.
1346 1630 1477 1688 Tale
1497 1646 1628 1703 ergo
1648 1627 1853 1698 aliquid

256 1733 627 1804 intelligamus
652 1731 821 1788 etiam
843 1730 901 1789 in
927 1726 1190 1787 Ecclesiis
1219 1724 1360 1793 ﬁeri,
1400 1723 1529 1795 quia
1558 1736 1661 1794 pro
1687 1718 1853 1776 meri-

1968 606 2204 677 gentiam
2235 603 2492 665 Ecclesiae
2535 608 2765 682 populus
2803 611 3156 683 gubernetur,
3184 608 3271 672 vel
3286 614 3403 689 jam
3425 634 3550 677 sen-

1965 711 2059 755 sus
2083 697 2506 773 uniuscujusque
2540 701 2738 758 mentis
2764 711 2819 759 et
2844 701 3039 762 animae
3062 713 3302 779 regatur.

2568 816 2798 876 CAPUT
2834 819 2947 877 XII.

1960 904 2043 963 De
2067 905 2311 995 Debbg'r'a
2331 919 2382 965 et
2406 909 2640 981 Barach,
2775 925 3145 995 percusserunt
3172 913 3356 995 abin,
3379 935 3554 994 regem
3644 898 3661 904 I

2216 976 2598 1049 Chananwum,
2624 976 2693 1037 et
2725 976 2913 1040 Sisara
2942 982 3131 1043 ducem
3166 988 3300 1062 ejus.

2033 1068 2185 1147 (Car.
2214 1070 2316 1147 tv.)
2339 1071 2473 1131 Erat
2503 1083 2680 1131 autem
2712 1072 2950 1133 Debbora
2972 1081 3246 1154 prophetes
3275 1100 3413 1140 uxor
3442 1081 3550 1142 La-

1954 1164 2195 1239 pltidotlt,
2245 1183 2363 1240 qua:
2385 1165 2671 1239 judicabat
2703 1168 2956 1241 populum
3001 1172 3057 1227 in
3092 1170 3184 1228 illo
3224 1184 3473 1249 tempore,
3506 1186 3556 1233 et

1958 1257 2172 1313 sedebat
2193 1260 2288 1314 sub
2313 1259 2512 1330 palma,
2545 1277 2663 1333 quae
2704 1262 2913 1317 nomine
2937 1261 3083 1319 illius
3111 1265 3396 1323 vocabatur
3415 1272 3555 1327 inter

1958 1342 2127 1403 Rama
2150 1358 2198 1403 et
2214 1344 2452 1406 Bethelin
2493 1361 2669 1407 monte
2691 1350 2969 1425 Ephraim.
2994 1353 3459 1432 Ascendebantque
3478 1362 3551 1416 ad

1956 1454 2073 1493 eam
2093 1438 2195 1509 ﬁlii
2224 1437 2396 1495 Israel
2422 1441 2477 1498 in
2514 1459 2667 1500 omne
2684 1439 2972 1515 judicium.
2999 1447 3147 1521 Quie-
3160 1448 3302 1505 misit
3328 1461 3377 1507 et
3398 1470 3553 1510 voca-

1956 1528 2027 1584 vit
2048 1525 2255 1585 Barach
2282 1530 2455 1601 ﬁlium
2478 1531 2678 1590 Abinoe
2705 1535 2770 1591 de
2811 1535 2980 1593 Cades
3010 1535 3282 1612 Nepthali,
3315 1540 3553 1617 dixitque

1956 1621 2027 1676 ad
2064 1639 2181 1678 eum
2225 1637 2245 1676 :
2288 1622 2545 1701 Praecepit
2581 1628 2676 1683 tibi
2713 1624 2975 1687 Dominus
3001 1630 3144 1691 Deus
3191 1630 3407 1692 Israel:
3442 1630 3555 1696 Va-

1956 1710 2043 1781 de,
2077 1710 2331 1773 descende
2357 1727 2407 1772 et
2446 1719 2549 1773 duc
2598 1723 2885 1778 exercitum
2914 1723 2970 1779 in
3016 1735 3245 1781 montem
3306 1722 3552 1799 Thabor;
3636 1774 3643 1779 .

257 1827 329 1884 tis
363 1827 550 1898 populi
575 1834 674 1883 aut
694 1825 753 1881 in
776 1824 946 1881 verbo
971 1830 1029 1879 et
1047 1835 1213 1893 opere
1236 1826 1432 1891 potens
1463 1833 1497 1872 a
1519 1816 1632 1873 Deo
1655 1814 1849 1871 tribui—
1870 1819 1924 1883 Β
1954 1805 2204 1880 tollesque
2220 1819 2389 1865 tecum
2406 1812 2581 1867 decem
2597 1812 2767 1868 millia
2785 1826 3144 1889 pugnatorum
3165 1820 3231 1874 de
3247 1818 3376 1891 ﬁliis
3403 1820 3551 1894 Nep-

254 1928 349 1977 tur
370 1930 554 1978 rector
582 1919 859 1985 Ecclesite,
886 1925 985 1975 aut
1008 1916 1057 1973 si
1094 1914 1391 1985 malignum
1417 1911 1584 1968 iaciat
1615 1908 1849 1985 populus

253 2014 312 2072 in
334 2023 637 2086 conspectu
664 2012 901 2079 Domini,
958 2009 1085 2069 talis
1134 2008 1401 2069 Ecclesia:
1446 2006 1617 2077 iudex
1665 2004 1845 2072 datur,

242 2110 481 2178 uultque
500 2106 699 2163 famem
728 2113 786 2161 et
805 2103 956 2160 sitim
978 2100 1210 2172 populus
1232 2100 1491 2170 patiatur,
1515 2112 1626 2152 non
1646 2094 1849 2151 famem

249 2200 413 2270 panis
454 2214 631 2270 neque
674 2198 829 2254 sitim
851 2211 1029 2266 aqua},
1059 2194 1159 2255 sed
1193 2192 1397 2253 famem
1439 2188 1697 2247 audiendi
1724 2203 1849 2243 ver-

248 2290 382 2347 bum
416 2291 630 2351 Domini
659 2289 843 2363 (Rom.
880 2287 1024 2355 vni).
1052 2287 1137 2343 Ita
1163 2301 1295 2356 ergo
1320 2299 1424 2343 nos
1445 2298 1673 2355 agamus
1695 2290 1753 2338 et
1770 2281 1843 2337 ita

238 2396 492 2451 oremus,
518 2398 588 2440 ne
610 2398 856 2455 unquam
887 2396 991 2438 nos
1008 2380 1193 2437 divina
1219 2378 1588 2451 indignatione
1617 2376 1673 2435 in
1692 2374 1847 2432 verbi

248 2475 394 2533 fame
416 2477 743 2533 condemnet
779 2490 847 2533 ac
870 2474 986 2540 siti,
1008 2489 1080 2530 ne
1099 2484 1345 2543 unquam
1378 2472 1662 2529 auferatur
1684 2485 1717 2524 a
1746 2483 1847 2525 no-

249 2570 336 2627 bis
360 2571 455 2641 qui
478 2586 580 2627 nos
611 2569 783 2625 verba
820 2574 876 2625 et
910 2583 1078 2639 opere
1103 2567 1362 2632 instruat,
1403 2566 1497 2636 qui
1519 2562 1845 2623 inmoribus

245 2671 306 2719 et
332 2663 640 2727 honestate,
691 2662 786 2733 qui
824 2660 1102 2733 patientiae
1149 2674 1215 2715 ac
1242 2656 1678 2715 mansuetudinis
1724 2668 1845 2725 per-

243 2754 453 2813 motum
477 2756 547 2815 de
572 2770 637 2811 se
660 2753 874 2827 populis
900 2762 1126 2825 praestet
1153 2753 1484 2824 exeruplum.
1512 2750 1652 2807 Nam
1675 2749 1720 2807 si
1743 2763 1844 2805 nos

241 2847 543 2905 fecerimus
569 2848 866 2920 malignum
908 2847 963 2902 in
988 2855 1283 2918 conspectu
1310 2845 1545 2908 Domini,
1579 2844 1635 2899 id
1659 2851 1764 2909 est,
1793 2841 1841 2898 si

238 2941 385 2998 male
416 2941 713 3013 egerimus,
753 2942 798 2997 si
837 2939 1174 2996 voluntatem
1208 2946 1451 2995 nostram
1499 2944 1558 2992 et
1586 2950 1697 2991 non
1743 2932 1842 2991 Dei

232 3036 535 3104 faciamus,
582 3037 817 3093 moritur
837 3045 894 3091 et
922 3034 1088 3100 Aoth,
1130 3033 1413 3091 auferemr
1431 3038 1490 3088 et
1514 3028 1835 3102 Samegacb,

238 3139 297 3188 et
325 3132 718 3189 obscurabitur
760 3131 880 3186 laus
921 3138 1111 3185 nostra
1158 3136 1215 3184 et
1240 3127 1524 3185 trademur
1550 3124 1608 3180 in
1643 3137 1841 3179 manus

1954 1898 2086 1955 thali
2098 1909 2145 1955 et
2157 1899 2221 1956 de
2234 1900 2364 1973 ﬁliis
2387 1900 2432 1956 Ζ
2435 1904 2648 1960 abulon.
2666 1904 2782 1979 Ego
2796 1919 2972 1964 autem
2986 1910 3206 1967 educam
3223 1910 3293 1965 ad
3304 1920 3352 1966 te
3365 1911 3421 1967 in
3433 1908 3548 1970 loco

1950 1993 2194 2052 torrentis
2223 1992 2406 2066 Cison,
2431 1996 2669 2054 Sisaram
2696 2000 2985 2072 principem
3006 2003 3267 2058 exercitus
3292 2000 3474 2071 Jabin,
3500 2013 3549 2061 et

1949 2103 2136 2143 currus
2178 2088 2316 2159 ejus,
2347 2100 2501 2161 atque
2545 2108 2752 2148 omnem
2793 2092 3207 2163 multitudinem,
3244 2104 3295 2150 et
3336 2094 3547 2151 tradam

1948 2198 2037 2238 eos
2064 2181 2120 2237 in
2149 2199 2311 2238 manu
2335 2194 2448 2240 tua.
2486 2184 2738 2257 Dixitque
2758 2188 2828 2242 ad
2871 2205 2987 2243 eam
3025 2187 3234 2245 Barach
3265 2203 3283 2241 :
3316 2186 3378 2246 Si
3402 2188 3547 2245 venis

1949 2290 2174 2340 mecum,
2206 2274 2429 2343 vadum;
2463 2277 2510 2332 si
2539 2277 2770 2334 nolueris
2792 2278 2988 2346 venire,
3017 2296 3123 2335 non
3153 2296 3390 2352 pergam.
3414 2275 3548 2346 Quia

1940 2364 2083 2449 dixit
2107 2366 2177 2423 ad
2198 2383 2318 2423 eum
2341 2382 2361 2421 .'
2388 2366 2482 2423 Ibo
2513 2369 2726 2441 quidem
2755 2380 2948 2438 tecum,
2972 2370 3063 2426 sed
3096 2373 3154 2426 in
3194 2370 3292 2426 hac
3315 2373 3426 2425 vice
3452 2367 3549 2427 tibi

1944 2458 2167 2515 victoria
2196 2475 2300 2515 non
2326 2459 2673 2530 reputabitur,
2702 2461 2828 2533 quia
2848 2461 2905 2517 in
2924 2478 3086 2516 manu
3111 2459 3347 2516 mulieris
3370 2457 3551 2516 trado-

1947 2557 2035 2605 tur
2069 2549 2277 2607 Sisara.
2316 2550 2579 2619 Quoniam
2615 2552 2833 2622 quidem
2875 2553 3147 2610 s'ententia
3184 2560 3272 2609 est
3313 2548 3547 2624 apostoli

1944 2640 2123 2709 Pauli,
2173 2658 2293 2713 qua:
2340 2631 2511 2699 dicit:
2547 2640 2732 2698 Omnis
2759 2642 3038 2715 Scriptura
3088 2641 3340 2697 divinitus
3374 2640 3543 2713 inspi-

1945 2745 2065 2791 rata
2087 2734 2232 2789 utilis
2259 2733 2427 2790 estad
2461 2732 2778 2800 docendum,
2810 2731 2881 2789 ad
2927 2731 3310 2805 increpandam
3340 2731 3412 2788 ad
3449 2726 3546 2790 do-

1945 2829 2194 2893 ctrinam,
2218 2843 2335 2901 qua:
2380 2835 2455 2881 est
2502 2828 2559 2881 in
2601 2825 2816 2897 justitia
2844 2822 2936 2898 (ΙΙ
2966 2824 3100 2880 Tim.
3132 2821 3248 2896 ill);
3279 2822 3410 2895 quid
3446 2822 3544 2880 ba—

1943 2918 2146 2975 beatin
2167 2933 2285 2974 sese
2307 2918 2412 2974 ista
2436 2917 2744 2988 Scriptura,
2770 2932 2935 2988 quam
2957 2917 3075 2973 sine
3095 2913 3261 2973 dubio
3286 2924 3342 2972 et
3366 2915 3544 2988 ipsam

1945 3009 2267 3082 inspiratam
2297 3010 2558 3067 divinitus
2583 3010 2931 3077 conﬁtemur,
2959 3006 3104 3080 quod
3144 3007 3303 3064 nobis
3346 3006 3415 3064 ad
3447 3006 3545 3065 do-

1944 3105 2179 3161 ctrinam
2200 3105 2376 3173 cedat,
2397 3105 2544 3176 quod
2569 3104 2636 3160 ad
2663 3103 3108 3174 increpationem,
3122 3090 3266 3174 quod
3291 3100 3362 3158 ad
3380 3100 3547 3159 disci-

226 3223 406 3281 ‘Jabin
433 3224 578 3296 regis
595 3224 876 3279 Chanaan.
905 3220 1066 3277 Jabin
1088 3228 1268 3277 autem
1301 3219 1696 3290 interpretatur
1721 3231 1841 3270 sen-

1951 3196 2170 3268 piinam,
2197 3198 2340 3268 quod
2370 3196 2436 3253 ad
2475 3195 2766 3268 justitiam.
2799 3194 2941 3263 Quid
2969 3195 3115 3250 enim
3146 3191 3305 3251 nobis
3331 3206 3403 3251 ex
3436 3193 3544 3251 hoc

242 3330 336 3371 sus
384 3316 505 3371 sive
547 3315 850 3386 prudentia.
898 3313 958 3371 Si
985 3327 1120 3383 ergo
1147 3326 1247 3371 nos
1272 3325 1382 3367 non
1426 3307 1841 3380 probaverimus

244 3406 424 3464 Deum
470 3405 675 3460 habere
711 3406 768 3461 in
794 3406 1012 3472 notitia,
1040 3405 1207 3460 tundit
1251 3418 1355 3461 nos
1385 3402 1648 3458 Dominus
1677 3400 1733 3455 in
1754 3412 1841 3454 re

241 3503 479 3574 probum
529 3512 772 3564 sensum,
805 3498 1048 3569 repletos,
1098 3497 1294 3565 inquit,
1327 3496 1622 3566 iniquitate,
1657 3493 1843 3563 nequi-

242 3599 345 3664 t‘ia,
388 3595 756 3668 fornicatione,
784 3591 1032 3656 auaritia,
1067 3589 1248 3663 plenos
1272 3586 1495 3651 invidia,
1516 3583 1839 3649 Aetnieidiis,

246 3690 599 3755 contentione,
630 3686 777 3754 dolo,
806 3691 1198 3749 susurratores,
1224 3682 1568 3745 detractam,
1593 3676 1701 3732 Deo
1728 3677 1844 3731 odi-

247 3783 404 3850 biles,
430 3780 853 3847 contumeliosos,
877 3778 1150 3850 superbos,
1179 3773 1372 3841 elatos,
1398 3770 1704 3844 parentibus
1738 3784 1844 3822 non

244 3874 567 3938 obedientes,
629 3871 966 3942 insipientes,
1012 3866 1410 3937 incompositos,
1464 3865 1582 3918 sine
1623 3861 1841 3932 aﬁ‘ectu,

244 3970 365 4025 sine
398 3964 764 4019 misericordia
796 3962 977 4036 (Rom.
1009 3962 1076 4033 1).
1105 3957 1271 4014 Vides
1310 3955 1408 4028 qui
1428 3962 1558 4012 sunt
1580 3961 1637 4008 et
1654 3951 1845 4021 quales

245 4062 343 4133 qui
398 4060 685 4115 traduntur
711 4058 766 4112 in
798 4056 1096 4126 reprobum
1134 4064 1383 4117 sensum,
1417 4048 1514 4120 qui
1542 4045 1846 4103 traduntur

245 4151 408 4210 dabin
439 4146 674 4221 principi
700 4149 1155 4205 Ghananaiorum.
1304 4182 1307 4185 ι
1845 4180 1850 4185 .

326 4246 397 4302 Et
440 4244 701 4317 princeps,
732 4240 931 4311 inquit,
954 4237 1163 4293 militia
1202 4230 1368 4290 labia
1400 4239 1515 4288 erat
1544 4228 1756 4295 Sisara,
1795 4232 1845 4282 et

245 4343 360 4413 ipse
404 4334 675 4393 habitabat
701 4336 757 4390 in
803 4333 1025 4388 Arosetlt
1060 4331 1317 4404 gentium,
1368 4336 1418 4381 et
1462 4334 1613 4381 erant
1640 4323 1688 4379 ei
1715 4335 1848 4377 non-

247 4435 391 4507 genti
421 4440 608 4486 currus
638 4428 816 4500 ferrei.
850 4426 921 4481 Et
943 4425 1301 4482 clamauerunt
1324 4420 1426 4493 [itii
1452 4416 1627 4475 Israel
1647 4416 1716 4472 ad
1735 4414 1848 4507 Do-

247 4506 475 4583 minum.
522 4521 703 4576 Etiam
734 4521 789 4574 in
834 4519 940 4574 hoc
968 4516 1222 4573 similiter
1250 4513 1341 4570 illa
1386 4526 1553 4583 quam
1591 4506 1843 4579 superius

1942 3289 2255 3356 confertur,
2294 3290 2341 3344 si
2387 3287 2628 3361 legamus
2673 3288 2779 3343 hoc
2822 3288 2967 3358 quod
3022 3284 3314 3344 recitatum
3339 3293 3450 3354 est,
3484 3282 3546 3345 id

1940 3392 2027 3438 est
2061 3380 2206 3453 quod
2243 3379 2505 3449 Debbora,
2540 3379 2739 3452 inquit,
2773 3376 2966 3435 mulier
3000 3378 3352 3451 prophetissa,
3404 3390 3546 3432 stator

1942 3474 2261 3544 Laphidoth,
2293 3475 2407 3544 ipsa
2426 3473 2708 3546 judicabat
2750 3470 2925 3526 Israel
2961 3472 3018 3526 in
3062 3469 3157 3525 illo
3203 3480 3465 3541 tempore;
3492 3478 3542 3526 et

1940 3565 2080 3635 ipsa,
2108 3565 2305 3636 inquit,
2328 3564 2568 3619 Debbora
2592 3563 2802 3619 sedebat
2825 3563 2921 3618 sub
2941 3562 3121 3634 palma
3149 3564 3286 3617 inter
3307 3563 3542 3617 medium

1943 3656 2135 3722 Rama,
2163 3668 2213 3712 et
2242 3657 2377 3710 inter
2403 3655 2630 3710 medium
2656 3652 2862 3724 Bethel,
2898 3655 2955 3711 in
2985 3663 3161 3710 monte
3186 3654 3466 3726 Ephraim,
3492 3662 3542 3709 et

1944 3748 2292 3804 ascendebant
2320 3748 2390 3802 ad
2411 3763 2527 3804 eam
2545 3747 2646 3818 lilii
2674 3745 2871 3814 Israel,
2898 3755 2957 3803 ut
2975 3746 3372 3818 judicarentur.
3400 3745 3541 3801 Tum

1944 3841 2139 3897 deinde
2160 3839 2291 3912 quid
2322 3839 2480 3896 nobis
2507 3839 2850 3905 eruditionis,
2880 3846 2977 3894 aut
3001 3838 3286 3905 doctrinae,
3308 3846 3403 3894 aut
3421 3836 3542 3908 jus-

1947 3933 2080 3991 titiae
2112 3951 2176 3991 ea
2218 3932 2507 3991 conferunt
2544 3948 2666 4004 qua:
2710 3944 3035 4003 sequuntur,
3058 3932 3146 3989 vel
3189 3932 3256 3988 de
3302 3931 3541 3999 Barach,

1943 4028 2032 4084 vel
2059 4029 2127 4084 de
2154 4025 2289 4094 Jael,
2316 4027 2404 4084 vel
2431 4026 2599 4083 etiam
2629 4026 2698 4082 de
2727 4022 2912 4081 Sisara
2943 4025 3079 4081 duce
3106 4022 3315 4079 militiae
3340 4018 3543 4078 labini

1947 4121 2241 4179 Videamus
2267 4137 2399 4193 ergo
2432 4122 2478 4176 si
2499 4118 2644 4176 forte
2670 4133 2771 4191 per
2797 4118 2915 4173 haec
2943 4117 3169 4189 dignum
3208 4114 3438 4185 aliquid,
3467 4112 3545 4177 Bi-

1946 4221 2040 4271 cut
2066 4221 2125 4270 et
2164 4228 2233 4269 ex
2263 4211 2564 4283 Scripturis
2595 4210 2837 4275 caeteris,
2871 4207 2939 4264 de
2967 4206 3329 4263 sacramentis
3358 4219 3544 4267 secre-

1948 4308 2180 4365 tioribus
2206 4309 2519 4364 doceamur.
2553 4304 2736 4360 Primo
2759 4304 2864 4359 hoc
2891 4303 3072 4374 ipsum
3101 4300 3245 4370 quod
3274 4314 3399 4354 cum
3416 4297 3542 4368 plu-

1948 4401 2072 4456 rimi
2087 4399 2302 4472 judices
2331 4398 2435 4453 viri
2465 4395 2521 4451 in
2546 4392 2714 4451 Israel
2748 4391 2915 4448 fuisse
2945 4389 3271 4450 referantur,
3298 4385 3366 4440 de
3393 4385 3542 4442 nullo

1949 4495 2167 4552 illorum
2205 4493 2427 4558 dicitur,
2458 4489 2587 4560 quia
2625 4485 2892 4557 propheta
2919 4479 3107 4544 fuerit,
3134 4477 3240 4531 nisi
3280 4476 3350 4532 de
3399 4472 3545 4533 Deb-
3628 4484 3631 4485 '

367 4557 475 4579 αι...
524 4557 703 4576 una...
837 4557 940 4574 ,ων
968 4557 1211 4573 sum...“
1251 4557 1341 4570 .....
1429 4557 1553 4567 η...
1591 4557 1652 4566 --
1697 4557 1839 4564 ---η
2474 4557 2492 4560 _

249 4557 658 4687 designavimns
693 4608 1004 4666 observatio
1042 4605 1370 4669 custoditur,
1389 4557 1549 4672 ‘quia
1590 4557 1844 4656 nelsciunt
1868 4557 1924 4621 Β
1950 4591 2083 4646 hora
2110 4585 2356 4642 muliere.
2380 4582 2613 4636 Praestat
2637 4586 2693 4634 et
2718 4579 2772 4633 in
2810 4576 2915 4630 hoc
2963 4570 3395 4687 consolationem
3430 4585 3544 4626 non
3615 4616 3618 4620 Α

248 4711 493 4767 clamare
547 4702 616 4760 ad
654 4700 941 4757 Dominum
979 4697 1077 4752 lilii
1123 4690 1313 4761 lsrael,
1354 4693 1463 4748 nisi
1489 4704 1614 4747 cum
1653 4691 1842 4748 traditi

249 4802 460 4861 fuerint
484 4801 541 4856 in
565 4813 757 4854 manus
785 4792 965 4860 dabin,
993 4790 1082 4848 vel
1119 4800 1244 4847 eum
1269 4787 1453 4845 aliiioti
1473 4800 1574 4858 per
1604 4785 1723 4855 ejus
1740 4786 1846 4842 mi-

247 4894 389 4954 litiae
410 4892 710 4965 principem
746 4888 1010 4953 Sisaram,
1037 4885 1124 4942 cui
1149 4889 1331 4951 θωπί,
1363 4881 1563 4953 inquit,
1589 4880 1845 4952 auriganti

251 5007 455 5056 currus
475 4984 661 5054 ferrei,
686 4986 884 5058 quibus
912 4982 1120 5039 scilicet
1136 4979 1477 5051 ramigeretnr
1494 4970 1728 5048 populus
1749 4976 1848 5031 dl-

255 5104 335 5143 rae
366 5080 617 5139 cervicis.
669 5070 856 5133 Sisara
890 5081 1071 5127 autem
1122 5071 1516 5139 interpretatur
1545 5067 1674 5121 visio
1706 5064 1848 5137 equi.

256 5176 367 5238 iste
395 5183 479 5233 est
507 5173 650 5229 enim
677 5166 950 5233 animalis,
979 5172 1163 5221 etnon
1190 5160 1469 5234 spiritalis,
1508 5160 1603 5231 qui
1636 5171 1746 5215 non
1769 5156 1853 5212 vi-

259 5270 371 5338 det,
403 5268 511 5324 nisi
559 5281 622 5322 ea
660 5276 781 5335 qua:
812 5254 1064 5316 animalis
1095 5258 1241 5321 sunt,
1278 5256 1395 5325 ipsa
1425 5260 1513 5309 est
1530 5252 1650 5323 eius
1687 5251 1850 5318 visio,

258 5364 379 5439 ipse
409 5362 458 5418 ei
490 5370 702 5431 semper
749 5354 1015 5419 intuitus;
1060 5356 1118 5408 et
1168 5346 1294 5406 ideo
1336 5358 1555 5417 semper
1599 5341 1854 5405 animalis

259 5438 450 5521 homo,
479 5448 611 5509 etis
653 5452 746 5523 qui
772 5448 1072 5505 secundum
1121 5458 1347 5501 carnem
1371 5444 1460 5497 est
1503 5438 1850 5510 persequitur

260 5565 388 5606 eum
421 5544 513 5617 qui
550 5544 846 5600 secundum
867 5536 1120 5611 spiritum
1156 5530 1523 5606 cst(Gol.1v),
1550 5532 1724 5587 donec
1743 5529 1854 5600 spi-

262 5640 440 5699 ritalis
482 5630 751 5708 intelligat
796 5640 853 5689 et
901 5630 1181 5688 examinet
1219 5626 1427 5693 omnia,
1472 5631 1532 5681 et
1583 5621 1855 5693 intelligat

260 5733 410 5791 unde
456 5724 556 5786 sibi
603 5727 678 5783 sit
706 5723 968 5781 auxilium
1004 5719 1427 5794 deposcendum,
1458 5725 1519 5774 et
1558 5715 1756 5775 obruet
1781 5714 1856 5771 ad

260 5822 578 5912 Dominum,
603 5821 777 5911 donec
817 5817 1011 5877 animae
1037 5814 1117 5879 illi
1144 5828 1270 5888 quae
1294 5810 1613 5874 clamaverit
1634 5808 1713 5869 ad
1745 5808 1852 5866 Do-

1953 4682 2236 4743 minimam
2263 4675 2552 4733 mulierum
2578 4670 2731 4728 sexui
2761 4668 2925 4724 etiam
2952 4664 3129 4735 prima
3152 4663 3323 4735 ipsius
3350 4662 3545 4718 litteras

1953 4773 2147 4839 iacies,
2177 4779 2234 4826 et
2260 4773 2524 4840 provocat
2551 4778 2647 4819 eas
2667 4801 2682 4831 ,
2712 4760 2792 4815 uti
2822 4770 3166 4829 nequaquam
3189 4769 3290 4825 pro
3316 4751 3546 4809 inﬁrmi-

1957 4876 2070 4927 tate
2095 4879 2259 4923 sexus
2281 4863 2594 4932 desperent,
2625 4855 2791 4913 etiam
2817 4849 3147 4925 prophetica:
3176 4846 3364 4919 gratiae
3383 4858 3548 4913 capa-

1956 4978 2054 5023 ces
2091 4976 2152 5019 se
2180 4958 2300 5016 ﬁeri
2346 4969 2539 5031 posse;
2568 4951 2667 5008 sed
2711 4946 3020 5019 intelligant
3044 4950 3101 4999 et
3145 4940 3371 4996 credant
3399 4937 3547 5031 quod

1955 5067 2202 5119 meretur
2224 5056 2365 5110 hanc
2391 5048 2623 5123 gratiam
2654 5042 2863 5115 puritas
2883 5038 3103 5103 mentis,
3127 5048 3235 5089 non
3258 5030 3546 5087 diversitas

1954 5164 2143 5209 sexus.
2177 5145 2286 5203 Sed
2307 5121 2588 5198 videamus
2609 5135 2739 5209 quid
2760 5134 2924 5191 etiam
2951 5125 3224 5186 interioris
3242 5121 3549 5193 intelligen-

1924 5288 1927 5291 -
1959 5245 2054 5301 tim
2095 5239 2330 5312 respiret
2376 5247 2659 5291 arcanum.
2694 5228 2942 5286 Debbora
2982 5221 3095 5294 apis
3133 5217 3546 5312 interpretatur,

1924 5378 1929 5383 .
1959 5336 2080 5393 sive
2124 5304 2348 5405 loquela.
2394 5326 2689 5384 Sedetiam
2726 5330 2782 5377 et
2821 5320 2876 5374 in
2901 5309 3270 5384 superioribus
3310 5304 3550 5405 diximus

1960 5425 2111 5498 quod
2152 5395 2402 5479 Debbora
2446 5419 2501 5475 in
2530 5412 2828 5489 prophetiae
2868 5405 3042 5463 forma
3089 5399 3405 5498 accipienda
3451 5395 3550 5463 sit,

1962 5491 2085 5597 quae
2107 5528 2193 5578 est
2215 5519 2365 5591 apis;
2401 5522 2612 5572 certum
2639 5516 2875 5576 namque
2906 5506 2991 5597 est
3017 5496 3163 5569 quod
3202 5491 3383 5597 omnis

1962 5582 2153 5689 phetia
2178 5582 2363 5670 suavis
2391 5604 2633 5666 emiestis
2656 5596 2917 5655 doctrinae
2931 5590 3092 5689 laves
3106 5595 3177 5689 et
3207 5583 3387 5689 dulcia
3411 5582 3552 5689 divi:-

1966 5672 2022 5766 ni
2049 5705 2251 5778 eloquii
2278 5700 2435 5760 mella
2467 5695 2755 5764 componat
2789 5701 2806 5741 :
2838 5683 2982 5740 unde
3016 5689 3072 5737 et
3106 5676 3278 5736 David
3315 5672 3550 5731 canebat

1966 5773 2190 5864 dicens:
2209 5799 2385 5869 Quam
2407 5790 2586 5851 dulcia
2609 5783 2850 5858 faucibus
2877 5779 3004 5835 meis
3031 5773 3235 5867 eloquia
3257 5780 3374 5839 tua,
3394 5779 3553 5838 super

1842 5952 1953 5975 κη’(
