3986 6348
463 346 607 405 1135

1108 345 1173 401 s.
1213 342 1471 400 RABANI
1510 342 1731 403 unum
1765 342 2089 401 ARCHIEP.
2127 312 2443 402 uocum.
2478 340 2769 425 ornatui
2803 340 2983 399 PARS
3020 339 3062 396 1.

3600 341 3751 405 “56

460 463 568 522 uel
594 471 645 519 et
671 463 851 535 [nam
877 460 960 515 ori
982 475 1097 514 meo
1118 458 1294 530 (Psal.
1329 457 1557 531 cxvm)?
1588 458 1658 514 Et
1694 457 1897 516 iterum
1920 457 2048 513 alibi
2074 460 2129 523 Α
2151 474 2279 515 eum
2300 458 2546 517 victoria
2568 458 2778 532 palma;
2806 458 2902 515 sed
2928 458 2985 513 in
3012 471 3209 514 manus
3236 454 3507 524 mulieris,
3534 460 3633 517 cui
3656 475 3755 518 no-

463 559 595 616 dicit
618 576 633 612 :
653 555 873 611 Indicia
903 553 1001 610 Dei
1026 555 1257 625 pretiosa
1294 570 1403 609 esse
1428 569 1585 623 super
1620 568 1812 607 aurum
1841 559 1891 607 et
1918 551 2054 622 lapi-

461 651 581 706 dem
607 649 891 719 pretiosum
921 647 1101 713 nimis,
1132 656 1181 701 et
1208 644 1452 700 dulciora
1479 660 1634 716 super
1676 643 1779 699 mel
1799 651 1847 698 et
1873 643 2051 714 [avum

461 740 618 815 (Psal
644 739 823 812 xvm).
857 738 967 795 Sed
988 746 1045 794 et
1069 738 1208 794 illud
1228 737 1656 803 consideremus,
1686 726 1791 792 ubi
1810 734 2052 791 residere

461 832 666 888 dicitur
675 830 1045 902 prophetissa,
1064 838 1121 886 et
1130 829 1223 885 ubi
1244 829 1394 885 locus
1414 826 1532 897 ejus
1544 842 1667 884 esse
1682 826 2013 885 describitur
2033 845 2046 881 :

460 920 573 978 Sub
584 921 787 993 palma,
804 921 1000 991 inquit,
1016 921 1152 975 inter
1168 918 1399 975 medium
1412 917 1586 974 Roma
1601 928 1651 973 et
1669 920 1806 974 inter
1821 919 2052 973 medium

455 1010 663 1067 Bahal.
696 1010 810 1067 Sub
834 1010 1013 1081 palma
1034 1010 1219 1066 sedem
1245 1009 1410 1066 habet
1444 1010 1761 1080 prophetia,
1794 1009 1923 1080 quia
1951 1009 2049 1079 ju-

455 1109 595 1167 stus,
637 1099 814 1170 inquit
849 1099 1040 1165 David,
1080 1100 1217 1154 sicut
1258 1098 1438 1170 palma
1466 1100 1673 1170 ﬂorebit
1698 1099 1873 1171 (Psal.
1903 1099 2047 1171 xei);

455 1206 559 1265 per
585 1193 691 1248 hoc
718 1192 864 1263 quod
891 1192 1005 1247 suis
1041 1191 1480 1248 institutionibus
1505 1192 1779 1250 eruditum
1806 1194 2050 1263 prophe-

456 1286 536 1340 tia
561 1286 814 1356 perducit
849 1284 919 1340 ad
950 1284 1190 1354 palmam
1236 1299 1485 1357 superna:
1536 1285 1839 1342 vocationis
1861 1285 1958 1340 Dei
1993 1285 2051 1340 in

456 1380 679 1438 Christo
714 1378 845 1436 Jesu
905 1378 1137 1435 Domino
1190 1386 1406 1435 nostro.
1465 1378 1612 1436 Inter
1656 1378 1900 1435 medium
1949 1392 2049 1432 aus

456 1483 568 1533 tem
595 1474 771 1529 flama
818 1479 875 1529 et
917 1472 1064 1528 inter
1087 1472 1327 1527 medium
1348 1470 1542 1527 Bethel
1588 1471 1780 1528 sedere
1826 1470 2046 1527 dicitur.

453 1566 629 1622 Rama
649 1565 1043 1636 interpretatur
1060 1563 1288 1630 excelsa,
1306 1563 1500 1620 Bethel
1520 1573 1702 1620 autem
1720 1565 1908 1619 domus
1928 1562 2048 1618 Dei.

455 1659 650 1716 Videte
673 1660 728 1715 in
754 1658 955 1730 quibus
971 1657 1107 1713 locis
1136 1657 1376 1713 residere
1398 1657 1598 1713 dicitur
1617 1657 1903 1728 prophetia
1927 1674 1941 1711 :
1968 1655 2051 1711 in-

452 1761 543 1808 ter
561 1751 777 1808 excelsa
792 1758 849 1807 et
863 1751 1086 1806 domum
1098 1749 1215 1804 Dei.
1232 1747 1376 1804 Nihil
1395 1749 1542 1805 enim
1561 1748 1785 1815 humile,
1801 1748 1937 1803 nihil
1956 1748 2049 1803 de-

2154 567 2279 609 meu
2306 549 2440 617 Jael,
2485 552 2720 608 traditur
2762 550 2968 609 Sisara.
2997 549 3339 607 Describitur
3369 560 3559 609 autem
3605 554 3754 624 quod

2153 656 2277 698 ειιιιι
2334 641 2633 699 secundum
2681 641 3162 701 commonitionem
3214 641 3506 711 Debborae,
3541 644 3602 701 id
3648 654 3751 716 est,

2151 732 2450 804 prophetiae
2471 734 2852 805 insequeretur
2876 732 3087 791 Baracb
3108 734 3415 805 principem
3427 735 3754 810 Allophylo-

2153 839 2275 879 rum
2299 823 2564 893 Sisaram,
2591 826 2708 897 ipse
2737 826 2961 897 quidem
2991 840 3118 882 eum
3142 826 3623 896 comprehendere
3646 846 3751 886 non

2150 918 2347 991 patuit,
2410 920 2508 976 sed
2557 918 2798 975 occurrit
2842 919 2895 975 ei
2930 918 3158 990 fugienti
3200 917 3400 977 mulier
3442 920 3752 993 alienigena

2150 1008 2301 1077 Jael;
2355 1025 2479 1081 qua:
2504 1010 2702 1067 mulier
2725 1011 2879 1082 prius
2900 1026 3027 1067 cum
3062 1027 3130 1068 eo
3172 1012 3548 1070 amicitiarum
3577 1012 3751 1071 fcedus

2150 1102 2438 1169 habuerat,
2469 1103 2539 1159 ad
2571 1118 2737 1174 quam
2766 1103 2858 1160 ille
2884 1118 3011 1159 cum
3032 1102 3362 1161 declinasset
3397 1104 3609 1161 latendi
3634 1122 3753 1178 gra-

2151 1194 2249 1260 tia,
2269 1209 2467 1264 aquam
2486 1195 2734 1265 poposcit
2757 1203 2817 1249 ut
2839 1194 3075 1260 biberet,
3105 1194 3203 1253 sed
3217 1194 3287 1249 ab
3315 1194 3413 1249 illa
3433 1195 3578 1251 lacte
3592 1205 3749 1267 pola-

2150 1294 2243 1343 tus
2260 1293 2364 1342 est.
2394 1286 2463 1341 Et
2488 1300 2615 1341 cum
2642 1300 2769 1341 eum
2791 1285 2849 1341 in
2869 1284 3130 1342 lateribus
3149 1284 3479 1342 collocasset
3506 1287 3744 1358 acpelli—

2148 1378 2255 1435 bus
2280 1377 2609 1449 operuisset,
2638 1384 2764 1448 post
2792 1376 2907 1433 haec
2936 1376 3118 1446 palum
3144 1376 3345 1432 malleo
3367 1378 3629 1433 adactum
3650 1393 3748 1449 per

2150 1468 2269 1539 eius
2290 1467 2431 1525 mala
2456 1468 2542 1524 vel
2565 1467 2817 1525 maxillas
2863 1466 3073 1533 deﬁxit,
3106 1476 3162 1525 et
3189 1475 3319 1524 tunc
3338 1483 3637 1525 occurrens
3663 1470 3752 1527 iu-

2150 1559 2389 1617 sectanti
2426 1560 2640 1617 Baracb
2667 1569 2944 1617 mortuum
2960 1558 3078 1629 jam
3106 1567 3164 1615 et
3191 1568 3530 1631 prostratum
3560 1570 3751 1617 osten-

2149 1651 2232 1706 dit
2258 1649 2521 1707 Sisaram.
2555 1650 2697 1718 Quid
2730 1666 2863 1723 ergo
2896 1650 3056 1709 nobis
3080 1652 3415 1707 sacramenti
3440 1653 3627 1708 omnis
3651 1653 3752 1709 iste

2150 1742 2397 1799 historiae
2416 1750 2598 1798 textus
2614 1741 2889 1797 ostendit?
2910 1740 3049 1808 Jael,
3076 1741 3272 1798 mulier
3290 1742 3402 1798 ista
3420 1741 3749 1815 alienigena,

446 1830 679 1914 fectum,
697 1840 833 1898 nihil
861 1842 986 1905 vile,
1005 1855 1136 1912 erga
1158 1840 1460 1911 prophetia;
1480 1840 1665 1896 sedem
1693 1840 1924 1910 reperiri
1949 1853 2046 1910 po-
2073 1834 2123 1897 B
2149 1835 2218 1891 de
2245 1849 2353 1905 Qua
2377 1835 2662 1906 prophetia
2692 1834 2829 1890 dixit
2854 1834 3013 1904 quod
3029 1835 3084 1891 in
3114 1849 3281 1891 manu
3306 1835 3563 1891 mulieris
3584 1836 3727 1892 victo

431 1935 560 1992 'test
587 1953 602 1990 :
636 1934 780 1991 sicut
806 1942 863 1989 et
885 1934 1145 1990 Salomon
1177 1935 1532 1992 nihilominus
1560 1935 1840 2007 sapientiae
1860 1938 2048 1993 sedem

452 2023 769 2082 describens
805 2024 1020 2081 dicitde
1048 2039 1135 2092 ea,
1163 2025 1307 2095 quod
1326 2025 1413 2082 vel
1458 2026 1516 2081 in
1547 2027 1723 2097 portis
1764 2026 2047 2101 civitatum

452 2115 692 2183 assistat,
732 2116 819 2172 vel
856 2116 912 2171 in
969 2130 1251 2183 murorum
1283 2117 1558 2173 moenibus
1606 2117 1833 2184 habitet,
1862 2117 1949 2173 vel
1991 2116 2049 2172 in

450 2208 577 2265 altis
604 2208 848 2265 turribus
886 2208 1058 2263 libere
1106 2216 1236 2279 agat
1262 2207 1449 2280 (Prov.
1481 2223 1601 2275 Vill,
1628 2209 1707 2281 9).
1752 2208 1867 2264 Hoc
1909 2222 2042 2280 ergo

446 2299 615 2355 modo
641 2300 947 2371 prophetia,
972 2314 1096 2369 qua:
1121 2314 1268 2354 nunc
1315 2299 1373 2353 in
1406 2300 1658 2355 Debbora
1695 2299 2046 2366 describitur,

450 2388 598 2443 inter
642 2391 862 2445 domum
888 2392 984 2447 Dei
1009 2400 1068 2447 et
1103 2393 1248 2448 inter
1294 2393 1511 2449 excelsa
1544 2394 1750 2449 dicitur
1771 2392 2044 2450 habitare.

448 2477 571 2534 Non
588 2480 736 2535 enim
754 2495 855 2536 nos
874 2482 1032 2538 docet
1059 2497 1182 2553 quae
1206 2498 1372 2556 super
1394 2491 1598 2541 terram
1624 2496 1751 2543 sunt
1776 2501 2046 2557 qurerere,

448 2573 549 2630 sed
581 2590 703 2645 qua:
730 2575 787 2630 in
812 2576 968 2632 caelis
1000 2585 1132 2633 sunt
1168 2587 1226 2633 et
1272 2578 1328 2633 in
1354 2578 1585 2636 excelsis
1608 2620 1623 2647 ,
1653 2579 1743 2634 ubi
1804 2578 2047 2635 Christus

448 2674 525 2720 est
552 2666 611 2719 in
635 2666 851 2722 dextera
875 2666 973 2722 Dei
997 2668 1182 2723 sedens
1221 2667 1359 2741 (Col.
1390 2669 1497 2743 ιιι).
1528 2670 1659 2726 Illuc
1680 2685 1781 2726 nos
1812 2670 2049 2741 prophe—

444 2756 527 2811 tia
561 2756 815 2812 hortatur
841 2759 1162 2826 ascendere,
1199 2758 1326 2816 illuc
1352 2761 1649 2832 discipulos
1673 2777 1804 2818 suos
1825 2761 2048 2816 molitur

447 2848 750 2919 imponere.
779 2849 909 2907 Haec
930 2867 1062 2924 ergo
1087 2859 1194 2917 est,
1222 2853 1401 2923 primo
1421 2854 1688 2919 omnium,
1720 2854 1917 2924 inquit,
1942 2853 2047 2909 mi-

447 2940 521 2995 sit
547 2948 604 2996 et
634 2941 850 2997 vocavit
873 2943 943 2998 ad
971 2958 1031 2999 se
1058 2943 1303 3011 Baracb;
1334 2942 1543 2999 Baracb
1565 2953 1748 3002 autem
1775 2945 2047 3014 interpre-

448 3035 601 3084 tatur
617 3031 933 3086 coruscatio.
963 3030 1288 3089 Coruscatio
1316 3048 1446 3090 vero
1475 3041 1562 3089 est
1578 3050 1702 3105 qua
1724 3033 1891 3089 habet
1919 3037 2044 3104 qui~

2153 1927 2235 1983 ria
2258 1926 2373 1993 ﬁet,
2401 1926 2630 1999 ﬁguram
2672 1935 2822 1982 tenet
2864 1926 3144 1994 Ecclesiae,
3185 1942 3308 1998 quae
3333 1942 3409 1982 ex
3430 1927 3752 2000 alienigenis

2148 2015 2402 2089 gentibus
2446 2024 2774 2089 congregata
2813 2024 2919 2073 est.
2974 2014 3376 2088 Interpretatur
3416 2028 3608 2074 autem
3642 2016 3753 2075 laci

2151 2111 2412 2176 esuritio,
2442 2109 2569 2179 quia
2597 2123 2788 2166 revera
2815 2124 2927 2166 non
2957 2118 3044 2165 est
3082 2108 3187 2165 alia
3213 2111 3496 2179 ascensio,
3522 2126 3637 2182 qua
3666 2126 3750 2168 as-

2152 2201 2405 2257 cenditur
2428 2200 2495 2256 ad
2524 2199 2746 2267 coelum,
2774 2199 2883 2256 nisi
2907 2215 3007 2270 per
3040 2200 3347 2259 Ecclesium
3401 2203 3750 2261 multiformis

2153 2293 2434 2366 sapientiae
2464 2294 2581 2350 Dei.
2613 2294 2735 2365 ipsa
2781 2304 2870 2351 est
2892 2309 3026 2366 ergo
3045 2310 3195 2366 qum,
3219 2295 3355 2353 dum
3386 2312 3423 2352 a
3459 2298 3749 2369 corporali-

2150 2385 2255 2442 bus
2291 2386 2361 2441 ad
2396 2384 2663 2456 spiritalia
2685 2393 2742 2440 et
2770 2400 2805 2440 a
2829 2386 3066 2443 terrenis
3106 2389 3359 2445 ascendit
3385 2390 3456 2444 ad
3487 2390 3748 2457 calestia,

2150 2477 2414 2537 interﬁcit
2430 2476 2697 2545 Sisaram,
2715 2477 2783 2535 de
2799 2492 2909 2549 quo
2928 2476 3047 2547 jam
3065 2480 3321 2551 superius
3348 2482 3597 2539 diximus
3610 2483 3750 2555 quod

2151 2571 2456 2628 carnalium
2503 2572 2781 2635 vitiorum,
2815 2581 2873 2628 et
2898 2573 3155 2630 animatis
3191 2574 3279 2631 vel
3316 2576 3505 2633 choici
3530 2578 3746 2652 [χοῖιυς]

2151 2660 2391 2718 hominis
2417 2669 2567 2718 tenet
2588 2661 2852 2729 formam;
2880 2663 3011 2734 quia
3027 2662 3234 2732 Sisara,
3258 2666 3397 2721 visio
3420 2670 3569 2739 equi,
3594 2671 3751 2728 inter-

2152 2762 2423 2826 pretatur,
2446 2753 2512 2810 de
2556 2769 2664 2825 quo
2714 2754 2999 2827 Scriptura
3027 2756 3162 2815 dicit
3192 2777 3207 2813 :
3244 2758 3434 2816 Nolite
3473 2763 3597 2831 ﬁeri
3623 2766 3751 2823 sicut

2151 2860 2316 2916 equm
2331 2854 2380 2901 et
2400 2844 2599 2911 mulus,
2626 2846 2815 2916 quibus
2828 2862 2934 2903 non
2947 2856 3024 2902 est
3042 2847 3340 2906 intellectus
3367 2849 3549 2923 (Paul.
3575 2858 3746 2925 xm).

2146 2935 2283 2993 Palo
2336 2951 2468 3008 ergo
2510 2950 2636 2993 eum
2689 2937 2981 3005 interﬁcit,
3014 2940 3069 2996 id
3100 2952 3205 3007 est,
3251 2941 3387 3014 ligni
3419 2947 3609 3005 crucis
3632 2964 3750 3005 eum

2152 3028 2406 3084 acumine
2449 3037 2504 3085 et
2560 3029 2764 3086 virtute
2818 3032 3141 3101 prosternit.
3166 3033 3239 3089 Et
3278 3051 3395 3092 non
3424 3038 3552 3094 sine
3590 3055 3751 3097 causa

442 3122 573 3177 dem
602 3122 800 3191 lucem,
815 3125 913 3180 sed
932 3140 1043 3181 non
1063 3133 1503 3197 permanentem,
1519 3130 1587 3183 ad
1608 3127 1882 3184 modicum
1895 3127 2043 3184 enim
2064 3192 2115 3205 Μ
2150 3121 2400 3178 maxillas
2425 3120 2547 3191 ejus
2579 3121 2706 3194 palo
2730 3124 3205 3182 transverberasse
3230 3127 3594 3187 describitur.
3620 3131 3751 3190 Illud

434 3216 713 3283 ’temporis
739 3216 1051 3286 resplendet
1077 3226 1136 3271 et
1149 3218 1372 3273 desinit.
1401 3217 1502 3274 Hic
1526 3233 1658 3291 ergo
1677 3219 1890 3275 Baracb
1910 3220 2042 3275 mihi

2149 3214 2300 3270 enim
2325 3229 2389 3271 os
2419 3214 2566 3285 quod
2603 3215 2671 3271 de
2709 3215 3023 3273 carnalibus
3067 3217 3407 3289 loquebatur,
3434 3231 3493 3279 et
3530 3223 3632 3278 illa
3654 3225 3752 3282 do—

434 3303 665 3383 fvidetur
703 3304 935 3359 formam
981 3321 1173 3377 gerere
1213 3309 1400 3379 populi
1434 3310 1667 3379 prioris,
1718 3312 1812 3380 qui
1864 3310 2045 3381 primo

446 3393 691 3449 omnium
717 3409 817 3466 per
840 3396 1182 3466 prophetiam
1209 3408 1437 3454 vocatus
1473 3409 1577 3468 est,
1605 3410 1662 3456 et
1685 3401 1945 3459 invitatus
1974 3404 2046 3459 ad

446 3485 718 3541 audienda
764 3486 977 3557 eloquia
1008 3487 1140 3555 Dei,
1178 3497 1236 3544 et
1274 3489 1473 3546 divinae
1505 3491 1643 3564 legis
1678 3508 1907 3549 munera
1950 3510 2043 3550 ca-

438 3578 663 3649 pienda,
696 3580 791 3649 qui
813 3577 1029 3635 refulsit
1055 3580 1300 3651 quidem,
1326 3588 1384 3637 et
1412 3582 1470 3637 in
1498 3582 1636 3655 legis
1658 3581 1946 3655 splendore
1974 3585 2044 3641 ad

444 3665 613 3725 breve
649 3677 867 3741 tempus
910 3673 1241 3740 coruscavit,
1266 3673 1363 3731 sed
1415 3690 1525 3730 non
1573 3676 1664 3730 diu
1719 3678 2040 3747 permansit,

445 3774 551 3816 nec
573 3762 891 3818 continuum
926 3762 1065 3819 lucis
1094 3765 1272 3835 potuit
1313 3766 1566 3822 obtinere
1586 3766 1874 3837 fulgorem.
1904 3767 2041 3824 Cum

446 3870 579 3927 ergo
600 3856 827 3913 dixisset
864 3855 1119 3914 Debbora
1167 3859 1235 3914 ad
1283 3858 1516 3926 Baracb,
1549 3861 1604 3915 id
1626 3869 1730 3927 est,
1753 3862 2043 3933 prophetia

446 3947 517 4002 ad
552 3948 794 4019 priorem
845 3949 1105 4021 populum
1133 3969 1148 4005 :
1183 3950 1323 4017 Quia
1359 3953 1453 4007 tibi
1490 3954 1735 4026 ρτιεεερίι
1782 3952 2041 4011 Dominus

445 4036 591 4093 Deus
605 4038 797 4108 Israel,
820 4048 871 4094 et
910 4050 966 4096 tu
1004 4042 1226 4099 ascende
1257 4044 1315 4099 in
1346 4056 1577 4101 montem
1617 4046 1843 4115 Thabor,
1873 4058 1924 4105 et
1952 4067 2042 4106 ac-

446 4128 560 4197 cipe
585 4128 762 4183 decem
786 4131 956 4185 millia
982 4134 1137 4199 uiros,
1169 4145 1225 4191 et
1266 4135 1476 4209 reliqua
1517 4154 1639 4210 quae
1666 4143 1869 4212 scripta
1890 4151 2040 4199 sunt.

448 4218 590 4286 Quid
617 4221 898 4289 respondit
936 4222 1170 4290 Baracb,
1202 4242 1273 4282 ex
1308 4243 1541 4298 persona
1574 4235 1757 4303 populi
1801 4236 1869 4291 ad
1912 4251 2042 4306 pro-

444 4310 691 4381 phetiam
712 4310 1014 4369 videamus.
1046 4312 1193 4381 Non,
1224 4316 1422 4387 inquit,
1451 4324 1751 4391 ascendam,
1779 4327 1880 4379 nisi
1910 4336 1959 4382 et
1982 4336 2040 4383 tu

446 4406 744 4463 ascenderis
784 4422 1023 4475 mecum;
1058 4409 1186 4479 quia
1221 4412 1406 4467 nescio
1451 4412 1620 4483 diem,
1644 4416 1698 4470 in
1724 4432 1830 4487 qua
1859 4419 2040 4477 mittet

360 4549 371 4573 ι
424 4496 711 4563 “Dominus
762 4499 1014 4569 angelum
1060 4515 1217 4555 suum
1256 4515 1490 4557 mecum.
1527 4504 1687 4561 Vides
1734 4521 1864 4577 ergo
1894 4523 2033 4579 quo-

2149 3307 2327 3363 ctrina
2357 3322 2478 3377 quin
2516 3306 2701 3363 carnis
2738 3307 2971 3379 gloriam
3018 3310 3349 3379 prderebst,
3372 3327 3499 3382 qua:
3520 3314 3585 3369 in
3610 3315 3754 3375 deli-

2147 3398 2249 3455 ciis
2292 3407 2350 3454 et
2408 3397 2781 3470 voluptatibus
2832 3400 3127 3457 vivendum
3172 3402 3512 3473 sapientibus
3560 3408 3749 3467 muli

2132 3491 2544 3563 persuadebat;
2574 3502 2632 3548 et
2658 3491 2957 3549 humanmn
2985 3510 3161 3567 genus
3186 3495 3417 3554 luxuriat
3433 3500 3747 3559 adulatione

2147 3585 2458 3655 deceperat,
2484 3582 2636 3651 illud,
2672 3585 2916 3655 inquam,
2943 3600 3009 3643 os
3044 3586 3195 3659 ligno
3222 3590 3409 3646 crucis
3455 3592 3747 3664 conﬁgitur

2144 3686 2199 3731 ct
2226 3675 2556 3745 terebratur,
2577 3677 2707 3747 quia
2740 3676 2837 3733 illa
2870 3678 3175 3750 via,.quam
3202 3680 3548 3753 philosophia
3578 3684 3740 3739 latam

2145 3776 2202 3822 ct
2226 3767 2526 3836 spatiosum
2554 3769 2947 3838 pradicaverat
2980 3770 3304 3842 voluptatis,
3327 3775 3473 3831 hanc
3492 3774 3742 3833 Christus

2142 3869 2355 3917 arctam
2379 3870 2436 3918 et
2461 3872 2745 3934 angustam
2782 3864 2940 3921 nobis
2972 3864 3116 3921 viam
3143 3866 3339 3922 salutis
3367 3868 3631 3925 ostendit.
3656 3868 3741 3926 Sic

2143 3968 2276 4027 ergo
2304 3951 2423 4009 Jael
2453 3954 2699 4011 Ecclesia
2740 3957 3001 4013 vitiorum
3028 3959 3337 4031 principem
3368 3959 3618 4017 Sisaram
3642 3963 3738 4018 ob-

2142 4056 2352 4105 tectum
2389 4048 2643 4119 pellibus,
2679 4049 2737 4105 id
2774 4058 2881 4118 est,
2916 4051 3295 4108 membrorum
3319 4054 3742 4111 mortiﬁcatione

2145 4141 2404 4211 sopitum,
2433 4151 2490 4197 et
2514 4150 2723 4199 artemo
2764 4142 2995 4199 tradidit
3025 4158 3240 4200 somno.
3268 4143 3527 4203 Occurrit
3559 4156 3738 4203 tamen

2142 4231 2259 4289 Jael
2288 4231 2533 4289 Ecclesia
2573 4241 2698 4305 post
2725 4234 2853 4301 hoc,
2901 4242 2958 4292 et
3001 4235 3175 4305 priori
3222 4236 3426 4308 populo
3452 4237 3743 4293 insectanti

2144 4325 2409 4384 Sisaram.
2455 4326 2836 4384 hisectabatur
2881 4328 3028 4384 enim
3078 4328 3250 4384 lsrael
3293 4329 3469 4404 legem
3489 4331 3741 4403 iustitia,

2118 4421 2238 4476 sed
2276 4420 2332 4474 in
2356 4419 2534 4492 legem
2570 4434 2683 4478 non
2706 4421 2976 4491 pervenit.
3002 4420 3260 4477 Occurrit
3292 4432 3427 4494 ergo
3474 4422 3739 4488 Ecclesia,

2140 4510 2308 4565 etiam
2332 4510 2457 4580 ipsi,
2496 4517 2553 4564 et
2590 4510 2830 4566 ostendit
2850 4511 2904 4567 ei
2944 4525 3085 4583 opus
3109 4527 3293 4579 suum,
3323 4511 3630 4569 ostenditei
3654 4512 3743 4568 vi-

418 4562 610 4641 ‘modo
635 4587 744 4641 illis
764 4562 1037 4657 prioribus
1062 4593 1350 4665 prophetia
1382 4595 1639 4654 detulerit
1665 4562 1877 4670 eloquia
1900 4562 2030 4671 Dei;
2061 4562 2115 4627 Β
2140 4562 2378 4661 ctoriamr
2425 4562 2892 4672 consummatam,
2929 4562 3098 4675 atauo
3136 4605 3196 4660 in
3610 4620 3741 4661 eum

418 4685 506 4734 "et
524 4676 631 4732 illis
660 4678 793 4734 dicit
819 4681 944 4737 data
972 4698 1092 4740 esse
1112 4696 1386 4758 praecepta
1398 4695 1459 4743 ut
1482 4693 1781 4748 ascendant
1804 4695 1859 4749 in
1880 4710 2038 4753 mon-

412 4854 419 4859 _
445 4776 579 4826 tem.
607 4768 715 4826 Sed
742 4783 1003 4829 excusant
1020 4786 1075 4831 et
1101 4777 1311 4846 dicunt,
1344 4795 1451 4836 non
1475 4784 1763 4841 ascendam
1781 4829 1794 4852 ,
1821 4788 1925 4844 nisi
1947 4803 2037 4846 as-

359 4876 368 4939 ;
445 4861 699 4919 renderis
734 4875 968 4918 mecum.
999 4865 1071 4921 Et
1107 4868 1174 4924 de
1201 4872 1553 4929 excusatione
1591 4875 1810 4945 quidem
1839 4893 2032 4937 verum

360 4956 373 4981 τ
420 4954 550 5023 "est,
576 4956 671 5012 sed
699 4955 768 5011 de
788 4957 1210 5027 repromissione
1229 4962 1426 5020 falsum
1455 4974 1559 5022 est.
1583 4967 1739 5035 Quod
1753 4970 1897 5027 enim
1922 4988 2032 5030 non

446 5047 790 5104 ascenderint
814 5047 872 5102 in
901 5056 1141 5105 montem
1164 5052 1262 5109 Dei
1282 5067 1492 5114 certum
1530 5068 1642 5127 est;
1675 5063 1819 5131 quod
1848 5072 2031 5121 autem

442 5136 772 5209 pollicentur
805 5154 866 5197 se
903 5153 1227 5200 ascensurus
1255 5160 1375 5205 esse
1424 5166 1547 5208 cum
1577 5155 1884 5225 prophetia,
1930 5157 2033 5214 fal-

445 5243 566 5283 sum
587 5239 689 5286 est.
720 5230 838 5288 Non
861 5232 1007 5288 enim
1035 5235 1209 5290 secuti
1237 5248 1363 5294 sunt
1381 5246 1724 5315 prophetiam
1754 5257 1815 5305 ut
1840 5251 2029 5307 crede-

412 5332 421 5339 ί
444 5327 572 5374 rent
587 5321 657 5387 ei,
680 5321 747 5377 de
774 5339 882 5394 quo
900 5325 1078 5381 omnis
1099 5326 1383 5397 prophetia
1402 5337 1720 5408 praescripta
1735 5349 1838 5408 est,
1865 5342 2027 5400 Chri-

445 5419 551 5467 sto.
575 5411 870 5484 Propterea
903 5432 1034 5489 ergo
1066 5417 1199 5474 dicit
1235 5419 1303 5475 ad
1346 5434 1471 5478 eum
1501 5425 1746 5487 Debbora
1773 5451 1786 5488 :
1817 5432 1915 5490 Ibo
1946 5418 2023 5492 te-

420 5494 597 5571 ~cum;
632 5515 984 5562 uerumtamen
1013 5511 1160 5577 scito,
1186 5508 1310 5582 quia
1344 5528 1449 5567 non
1476 5518 1572 5570 erit
1602 5523 1858 5589 primatus
1903 5536 2024 5584 tuus

417 5594 503 5648 'in
526 5596 610 5650 via
632 5596 732 5651 hac
766 5614 924 5666 quam
942 5599 1163 5670 incedis,
1188 5604 1279 5658 sed
1314 5604 1370 5659 in
1394 5620 1553 5660 manu
1581 5612 1815 5671 mulieris
1855 5620 2025 5676 tradet

446 5684 704 5773 Dominus
724 5686 979 5747 Sisaram.
1014 5691 1305 5753 Evidenter
1327 5699 1567 5755 ostendit
1604 5705 1729 5773 quia
1770 5725 1876 5768 non
1920 5714 2027 5770 erit

448 5775 593 5848 apud
613 5772 763 5833 illum
782 5782 1036 5852 populum
1070 5786 1355 5860 primatus,
1388 5806 1489 5851 nec
1512 5772 1855 5866 permanebit
1881 5807 2026 5876 apud

2139 4695 2401 4768 prostrati
2446 4694 2624 4751 hostis
2671 4694 2886 4752 invitat.
2914 4694 3118 4752 Verum
3146 4705 3232 4752 est
3252 4696 3402 4753 enim
3430 4696 3565 4751 illud
3592 4697 3743 4767 quod

2112 4786 2430 4859 -Apostolus
2451 4787 2507 4843 in
2536 4787 2836 4844 novissimo
2858 4795 3104 4859 tempore
3146 4786 3285 4847 ﬁat
3310 4786 3581 4854 futurum,
3606 4789 3741 4858 quia

2139 4893 2266 4935 cum
2314 4877 2594 4949 plenitudo
2641 4878 2886 4950 gentium
2940 4879 3342 4945 subintroierit,
3375 4891 3509 4935 tunc
3553 4879 3745 4935 omnis

2138 4968 2306 5026 Israel
2332 4968 2515 5026 salvus
2533 4969 2630 5025 ﬁet
2645 4967 2821 5041 (Rom.
2850 4967 2955 5045 xi).
2972 4968 3057 5026 Sit
3071 4986 3202 5044 ergo
3224 4971 3497 5042 primatus
3511 4971 3737 5042 quidem

2135 5063 2193 5119 in
2221 5077 2387 5118 manu
2423 5060 2669 5117 mulieris
2712 5061 3050 5134 alienigenae,
3078 5078 3190 5120 non
3215 5072 3399 5119 tamen
3423 5061 3742 5119 excluditur

2101 5172 2169 5213 -a
2198 5156 2477 5213 consortio
2503 5154 2690 5228 gloriae
2722 5157 2894 5213 etiam
2925 5155 3160 5226 Baracb,
3199 5159 3298 5230 qui
3326 5159 3477 5230 prior
3498 5156 3743 5227 quidem

2134 5253 2400 5318 coeperat,
2424 5248 2519 5304 sed
2543 5247 2875 5305 novissimus
2890 5250 3141 5323 pervenit
3163 5251 3234 5307 ad
3263 5250 3442 5307 ﬁnem.
3463 5250 3571 5304 lino
3589 5249 3742 5305 dum

2134 5341 2227 5398 ille
2251 5341 2522 5413 pervenit,
2548 5340 2665 5398 Jael
2686 5339 2992 5415 alienigena
3010 5352 3431 5417 prmtereuntem
3457 5340 3745 5412 quodam-

2134 5435 2296 5491 modo
2322 5435 2609 5491 victoriam
2647 5436 2808 5507 rapit.
2832 5436 3033 5493 Eadem
3053 5436 3231 5494 forma
3256 5436 3536 5507 prtecessit
3552 5436 3741 5492 etiam

2130 5526 2187 5582 in
2216 5525 2360 5583 Esau
2394 5537 2449 5582 et
2472 5525 2661 5594 Jacob,
2701 5527 2961 5585 fratribus
3000 5524 3153 5601 (Gen.
3177 5527 3379 5602 xxvn).
3404 5528 3546 5585 Dum
3576 5530 3742 5587 enim

2132 5619 2276 5674 Esau
2315 5628 2560 5676 sectatur
2616 5623 2869 5692 agrestia,
2918 5624 3048 5679 dum
3095 5632 3345 5680 moratur
3382 5624 3439 5679 in
3467 5624 3741 5692 saltibus,

2130 5716 2466 5785 praeveniens
2500 5715 2684 5783 Jacob,
2718 5726 2773 5773 et
2813 5719 3058 5775 mulieris
3100 5721 3457 5778 nihilominus
3490 5722 3745 5779 consilio

2130 5809 2324 5868 matris
2376 5811 2708 5884 compositos
2738 5815 2883 5885 patri
2907 5812 3145 5877 oﬂerens
3171 5817 3344 5887 cibos,
3386 5816 3745 5877 benedictio-
