3986 6348
263 381 398 442 H57

1214 374 1569 433 COMMENT.
1610 376 1680 431 IN
1718 374 1848 433 LIB.
1889 376 2204 436 JUDICUM.
2227 375 2337 422 ⁷’--’
2352 378 2482 436 ΠΒ.
2521 378 2563 435 1.

1945 274 2068 307 φορμ.

3382 379 3520 438 1158

265 500 348 581 ni§
388 491 653 565 primatus
697 492 922 563 accepit.
951 491 1043 547 Sic
1070 499 1125 545 ct
1154 491 1209 545 iu
1233 490 1552 562 Evangelio,
1577 499 1838 562 pergente
1863 495 1917 557 Α
1939 501 2290 565 posteaquam
2338 496 2393 549 in
2447 509 2613 550 manu
2667 493 2908 549 mulieris
2947 492 3088 548 facta
3145 491 3371 550 victoria
3413 503 3524 565 est,

261 587 489 646 Domino
519 585 586 640 ad
635 583 800 638 ﬁliam
828 584 1090 653 principis
1117 597 1402 653 synagoga:
1447 582 1840 651 suscitandam,

261 678 596 753 praeveniens
626 675 821 729 mulier
867 691 986 744 quae
1033 674 1179 727 fluxu
1212 674 1494 742 sanguinis
1537 674 1842 740 laborabat,

261 769 401 826 ﬁdeli
437 774 586 822 tactu
632 766 787 836 prior
836 765 1187 835 consequitur
1234 767 1542 820 sanitatem.
1598 765 1751 831 Quod
1799 766 1846 821 si

261 863 423 918 etiam
453 858 582 913 inde
609 857 999 927 requirendum
1025 856 1231 926 aliquid
1260 856 1474 910 videtur
1511 870 1543 909 a
1573 855 1845 925 diligenti-

257 954 357 1009 bus
405 949 768 1013 auditoribus,
813 949 958 1018 quod
1009 948 1155 1003 lacte
1190 961 1317 1024 eum
1358 948 1844 1024 potassegdicitur,

258 1059 377 1100 cum
424 1040 517 1094 ille
567 1054 763 1109 aquam
789 1040 1149 1110 poposcisset,
1170 1021 1454 1093 videamus
1495 1053 1564 1093 ne
1599 1021 1740 1093 forte
1763 1055 1848 1094 se-

257 1128 495 1188 cundum
530 1130 788 1200 mysticae
831 1129 917 1184 vel
960 1128 1277 1199 allegoricas
1317 1127 1466 1199 leges
1501 1130 1610 1184 tale
1645 1129 1848 1200 aliquid

258 1224 416 1280 etiam
445 1223 516 1277 de
551 1223 657 1277 hoc
701 1222 872 1292 possit
913 1222 1148 1276 ostendi.
1177 1221 1360 1278 Laetis
1385 1222 1539 1277 cibus
1567 1238 1690 1279 esse
1714 1223 1849 1279 dici-

261 1323 346 1368 tur
363 1314 419 1367 in
446 1312 747 1382 Scripturis
768 1312 976 1367 sanctis
997 1313 1173 1383 prima
1196 1314 1313 1368 haec
1334 1313 1559 1368 moralis
1580 1314 1849 1370 institutio

259 1421 374 1475 quae
394 1405 782 1475 incipientibus
811 1404 955 1459 velut
985 1403 1228 1473 parvulis
1260 1405 1526 1471 traditur;
1564 1419 1673 1458 non
1701 1406 1847 1459 enim

259 1495 428 1549 initiis
477 1496 662 1549 statim
708 1494 988 1564 discipulis
1034 1495 1100 1549 de
1138 1493 1424 1564 profundis
1457 1503 1515 1549 et
1543 1496 1850 1551 secretiori-

258 1588 359 1642 bus
389 1588 713 1642 tradendum
743 1595 826 1642 est
878 1587 1258 1653 sacramentis,
1294 1588 1390 1642 sed
1426 1603 1639 1643 morum
1666 1604 1851 1645 corre-

259 1679 389 1742 ctio,
426 1679 736 1732 emendatio
763 1678 1066 1748 disciplina:
1100 1678 1365 1749 religiosae
1419 1680 1849 1735 conversationis

259 1775 314 1823 et
339 1770 602 1840 simplicis
628 1769 754 1826 ﬁdei
803 1771 983 1840 prima
1028 1771 1108 1826 eis
1139 1771 1410 1826 elementa
1437 1773 1742 1828 traduntur.
1771 1772 1846 1828 ls-

1945 585 2213 640 canticum
2237 586 2378 640 istud
2425 586 2692 651 Debbora,
2731 586 2878 640 velut
2929 585 3170 642 victoriae
3210 584 3382 654 ipsius
3414 585 3530 644 lau-

1947 677 2090 742 dem,
2137 677 2398 732 cecinisse
2429 677 2804 748 perscribitur.
2839 676 3041 731 Verum
3080 676 3129 730 si
3178 675 3530 734 meminimus

1947 784 2131 824 eorum
2163 785 2284 840 quae
2329 769 2385 823 in
2439 769 2807 840 superioribus
2857 769 3002 824 dicta
3057 776 3188 824 sunt
3229 767 3529 826 secundum

1947 862 2228 932 mysticam
2282 860 2534 926 formam,
2563 877 2684 932 quae
2732 871 2817 916 est
2865 859 3039 931 ﬁgura
3084 859 3371 925 Debborae,
3410 873 3532 928 qua:

1947 955 2110 1009 etiam
2129 953 2359 1018 Barach,
2389 954 2518 1023 quid
2547 953 2801 1024 imaginis
2823 960 3006 1008 teneat
3028 951 3145 1008 Jael
3171 952 3384 1014 mulier,
3411 965 3534 1021 qua:

1950 1046 2318 1100 adversarium
2374 1045 2555 1116 populi
2603 1046 2700 1100 Dei
2757 1045 2871 1100 sola
2922 1042 3150 1113 dejecit,
3205 1058 3325 1112 quae
3369 1043 3534 1098 etiam

1949 1136 2126 1205 imago
2178 1138 2249 1191 sit
2299 1135 2497 1192 Sisara:
2526 1137 2695 1206 ipsius
2750 1135 2843 1205 qui
2893 1150 2925 1190 a
2973 1136 3203 1190 muliere
3231 1134 3534 1204 alienigena

1949 1227 2079 1297 ligni
2114 1228 2316 1282 virtute
2348 1235 2653 1296 prostratus
2680 1235 2783 1291 est,
2815 1224 3166 1294 intelligimus
3198 1225 3315 1278 haec
3351 1224 3535 1278 omnia

1949 1328 2289 1374 sacramenta
2317 1333 2455 1383 esse,
2487 1333 2607 1387 quae
2635 1318 2691 1371 in
2736 1316 3049 1372 novissimis
3093 1316 3428 1386 temporibus
3485 1325 3540 1370 et

1951 1409 2006 1463 in
2041 1409 2147 1463 ﬁne
2182 1409 2365 1464 saeculi
2412 1424 2510 1478 per
2544 1408 2840 1463 Ecclesiam
2871 1415 3338 1470 consummantur,
3376 1414 3432 1460 et
3479 1407 3538 1461 in

1951 1502 2161 1556 cantico
2183 1503 2304 1566 hoc,
2332 1502 2480 1556 velut
2503 1501 2735 1570 epinicia
2765 1500 2900 1568 ejus,
2943 1500 2998 1554 id
3027 1506 3127 1563 est,
3154 1499 3398 1554 victoria:
3424 1497 3540 1554 lau-

1952 1593 2072 1648 dem
2103 1608 2222 1648 esse
2261 1594 2591 1664 descriptam
2633 1614 2644 1648 :
2685 1595 2828 1649 illius
2866 1593 3076 1649 scilicet
3106 1592 3388 1661 temporis,
3413 1607 3538 1646 cum

1952 1685 2243 1741 novissima
2290 1687 2509 1740 inimica
2543 1687 2850 1742 destruetur
2888 1701 3067 1751 mors;
3103 1693 3232 1740 tunc
3255 1684 3399 1738 enim
3443 1699 3540 1738 cx-

1953 1776 2176 1830 sultabit
2200 1776 2468 1842 Debbora,
2493 1777 2547 1831 id
2570 1785 2675 1842 est,
2698 1775 3061 1832 illustrabitur
3113 1775 3284 1846 gloria
3305 1773 3540 1843 prophe-

261 1861 355 1915 tud
397 1870 482 1916 est
504 1862 761 1916 Ecclesia:
792 1862 894 1927 lac,
917 1863 1032 1917 haec
1080 1863 1450 1933 incipientium
1499 1866 1846 1934 parvulorum
1874 1856 1923 1917 B
1955 1867 2059 1932 tiae,
2094 1867 2220 1936 quia
2261 1882 2380 1936 quae
2405 1867 2660 1937 przedixit
2708 1867 2928 1938 impleta
2949 1875 3092 1922 sunt.
3125 1867 3277 1920 Tunc
3321 1863 3456 1929 Jael,
3483 1863 3538 1918 id

256 1951 435 2018 prima
464 1960 590 2006 sunt
619 1953 904 2007 elementa.
934 1951 1042 2007 Sed
1070 1953 1172 2008 iste
1211 1954 1366 2009 cibus
1393 1955 1478 2010 his
1508 1955 1728 2025 quidem
1753 1958 1846 2026 qui

255 2045 458 2099 bomun
493 2045 813 2114 proﬁciendi
862 2047 1197 2116 propositum
1228 2057 1441 2118 gerunt,
1467 2049 1634 2104 vitam
1656 2051 1848 2105 tribuit

255 2143 310 2190 et
338 2135 602 2201 salutem;
649 2137 736 2189 his
761 2151 891 2191 vero
915 2137 1113 2207 quibus
1150 2139 1426 2192 contraria
1461 2139 1698 2209 placent,
1726 2141 1848 2209 qui-

256 2226 358 2279 bus
389 2225 624 2291 luxuria,
658 2225 824 2281 libido
841 2267 854 2292 ,
880 2229 1129 2294 avaritia,
1151 2235 1207 2283 et
1224 2229 1403 2298 omnis
1423 2229 1675 2299 impietas
1696 2230 1846 2284 cordi

253 2321 356 2378 est,
389 2314 694 2382 huiusmodi
724 2317 974 2371 doctrina
994 2331 1186 2373 necem
1212 2326 1268 2374 et
1295 2320 1576 2374 interitum
1600 2328 1842 2391 prrestat.

257 2404 350 2460 Sic
392 2420 522 2477 ergo
564 2405 626 2461 ﬁt
682 2415 744 2462 ut
799 2424 866 2462 ex
917 2409 1002 2464 his
1033 2417 1195 2480 atque
1241 2411 1446 2467 eisdem
1477 2413 1614 2467 cibis
1652 2413 1847 2481 quibus

257 2498 478 2553 aluntur
503 2499 658 2564 boni,
711 2500 1046 2556 suti‘ocentur
1111 2502 1261 2568 mali,
1290 2510 1346 2558 et
1385 2504 1440 2557 in
1467 2519 1574 2572 quo
1599 2505 1705 2574 piis
1734 2506 1846 2560 vita

257 2599 357 2651 est.
374 2591 451 2646 ibi
475 2592 546 2647 sit
568 2592 747 2662 impiis
759 2607 926 2648 mors.
952 2594 1194 2662 Denique
1217 2601 1279 2648 ut
1305 2595 1552 2665 exemplo
1579 2610 1666 2650 res
1685 2611 1847 2665 quam

257 2683 488 2740 dicimus
536 2684 749 2754 planior
780 2687 896 2749 ﬁat,
945 2685 1132 2739 vinum
1159 2700 1320 2742 sanos
1349 2696 1403 2742 et
1453 2689 1736 2743 commode
1755 2690 1850 2743 de-

257 2785 446 2846 gentes
483 2777 657 2848 juvat,
690 2786 760 2842 et,
796 2779 938 2832 sicut
975 2778 1259 2849 Scriptura
1290 2781 1440 2845 dicit,
1465 2796 1563 2835 cor
1607 2783 1847 2838 hominis

255 2868 374 2922 sani
429 2869 700 2924 duntaxat
736 2855 998 2936 laetiﬁcat,
1035 2869 1393 2926 febrientibus
1422 2886 1581 2936 vero,
1614 2873 1659 2926 si
1702 2887 1849 2927 sum-

255 2960 486 3028 pserint,
530 2961 830 3030 perniciem
873 2963 1130 3016 continuo
1173 2970 1227 3016 et
1269 2961 1548 3016 interitum
1579 2962 1742 3032 parit,
1774 2963 1848 3018 ita

254 3049 313 3103 ﬁt
360 3059 422 3106 ut
469 3052 658 3106 eadem
682 3067 771 3120 res
806 3067 913 3108 non
941 3053 1130 3108 eodem
1161 3054 1323 3108 modo
1363 3060 1575 3124 sumpta
1609 3054 1706 3108 uni
1730 3055 1847 3123 qui-

254 3141 375 3196 dem
419 3143 610 3210 vitam,
644 3144 735 3198 alii
768 3153 947 3198 autem
1000 3144 1246 3199 conferat
1296 3152 1545 3200 mortem.
1581 3143 1674 3200 Sic
1718 3159 1849 3216 ergo

253 3232 792 3305 intelligendumest,
825 3243 877 3291 et
924 3235 1197 3302 Sisaram,
1228 3236 1393 3291 istum
1421 3236 1713 3292 animalem
1749 3236 1848 3291 ho-

253 3325 481 3392 minem,
509 3336 564 3383 et
586 3329 840 3383 vitiorum
862 3330 1185 3399 principem,
1210 3344 1307 3398 per
1327 3329 1630 3385 doctrinam
1661 3328 1848 3384 Eccle-

251 3415 349 3468 sia:
395 3432 558 3486 quam
604 3433 714 3472 non
738 3435 805 3474 ex
834 3420 938 3475 ﬁde
977 3421 1215 3490 suscepit
1257 3422 1606 3476 exstinctum.
1639 3419 1747 3476 Sed
1787 3427 1843 3475 et

253 3523 594 3580 unaquaeque
650 3511 829 3564 anima
859 3521 1069 3581 satagat
1091 3513 1198 3566 isto
1227 3511 1370 3566 lacte
1415 3513 1725 3582 evangelico
1765 3521 1848 3568 at-

252 3612 361 3667 que
388 3600 683 3669 apostolico
707 3603 885 3671 sopire
907 3601 962 3654 in
991 3602 1279 3670 semetipsa
1306 3610 1360 3657 et
1385 3603 1734 3673 exstinguere
1761 3602 1845 3658 Si—

253 3703 456 3746 saram.
485 3691 542 3746 Si
573 3692 717 3747 enim
743 3707 842 3762 per
876 3693 992 3747 haec
1034 3693 1260 3748 edoctus
1280 3695 1402 3763 quis
1432 3694 1847 3749 mortiﬁcaverit

251 3782 499 3836 membra
526 3797 622 3837 sua
652 3798 773 3853 qua:
796 3791 922 3838 sunt
956 3797 1120 3854 super
1151 3790 1374 3850 terram,
1405 3785 1710 3849 avaritiam,
1737 3784 1846 3839 for-

250 3870 608 3940 nicationem,
637 3882 694 3928 et
723 3883 942 3938 caetera,
992 3889 1114 3942 quae
1151 3881 1373 3930 sanctus
1400 3873 1691 3944 Apostolus
1718 3890 1846 3931 enu-

251 3972 433 4018 merat
479 3965 617 4035 (Col.
669 3965 784 4036 ιιι),
835 3965 1076 4020 Sisaram
1126 3967 1182 4020 in
1241 3968 1532 4037 semetipso
1573 3968 1846 4023 videbitur

251 4055 573 4122 peremisse,
597 4064 658 4112 ut
694 4057 810 4111 haec
857 4072 964 4112 non
1023 4057 1199 4112 solum
1228 4059 1283 4112 in
1318 4074 1553 4128 persona
1585 4059 1845 4117 Ecclesiae

250 4149 640 4213 consummari,
665 4164 855 4203 verum
880 4149 1044 4202 etiam
1066 4151 1438 4222 unusquisque
1463 4151 1517 4205 in
1543 4166 1641 4206 sua
1662 4151 1844 4206 anima

250 4239 506 4293 ostendat
535 4238 767 4309 impleri.
801 4239 942 4306 Quia
973 4255 1103 4310 ergo
1123 4281 1138 4305 ,
1167 4241 1308 4296 sicut
1344 4242 1602 4307 diximus,
1634 4250 1845 4312 cceptus

251 4338 337 4384 est
375 4332 594 4401 quidem
627 4330 814 4386 Sisara
865 4331 1124 4388 insectari
1159 4349 1189 4388 a
1219 4334 1417 4404 populo
1468 4335 1660 4405 priori,
1706 4335 1844 4390 inte-

253 4430 495 4492 remptus
522 4431 704 4479 autem
735 4430 820 4478 est
846 4437 877 4476 a
911 4423 1137 4480 muliere
1161 4425 1283 4491 hac,
1313 4425 1559 4481 Ecclesia
1579 4425 1839 4496 gentium,

251 4513 390 4568 etin
424 4531 589 4568 manu
627 4516 746 4585 ejus
793 4516 919 4570 data
952 4525 1036 4572 est
1070 4517 1249 4587 palma
1293 4518 1563 4585 victoriae;
1616 4520 1672 4576 in
1711 4535 1842 4574 con-

252 4607 612 4661 summatione
657 4606 920 4670 omnium,
975 4608 1030 4662 id
1061 4616 1167 4672 est,
1199 4609 1254 4662 in
1287 4609 1394 4664 ﬁne
1449 4610 1629 4664 saeculi
1677 4611 1840 4664 etiam

253 4696 528 4751 canticum
561 4695 791 4750 Domino
828 4695 1135 4751 cantabitur
1159 4711 1256 4766 per
1296 4697 1624 4764 Debboram,
1655 4699 1712 4753 in
1734 4714 1842 4767 quo

252 4786 516 4853 primatus
538 4787 758 4854 quidem
780 4786 997 4841 dabitur
1020 4784 1136 4841 Jael
1161 4787 1420 4843 Ecclesiae
1452 4788 1714 4858 gentium,
1740 4803 1842 4844 nec

253 4885 436 4932 tamen
482 4880 550 4932 de
577 4879 788 4934 Barach
816 4879 973 4935 laude
1009 4880 1278 4944 silebitur,
1312 4879 1409 4935 sed
1452 4895 1621 4935 unum
1646 4887 1702 4935 et
1720 4879 1833 4949 pri-

254 4967 358 5024 mis
381 4977 438 5025 et
461 4971 774 5027 novissimis
802 4972 1046 5027 victoria:
1071 4973 1359 5042 praemium
1393 4972 1629 5029 dabitur.

849 5082 1077 5140 CAPUT
1119 5084 1254 5139 Xlll.

257 5170 332 5227 De
362 5176 565 5231 cantico
592 5177 810 5246 mystico
838 5175 978 5246 quod
1006 5175 1305 5229 cecinerunt
1349 5175 1590 5246 Debbora
1645 5185 1691 5231 et
1739 5177 1844 5232 Ba-

395 5247 545 5312 rach,
570 5245 714 5316 ﬁlius
735 5245 1010 5312 Abinoem,
1027 5254 1143 5315 post
1160 5246 1430 5301 victoriam
1448 5245 1695 5301 Domino.

329 5337 480 5410 (Car.
513 5339 592 5410 v.)
630 5336 1048 5408 Cecineruntque
1086 5337 1328 5392 Debbora
1366 5348 1414 5392 et
1442 5337 1655 5392 Barach
1693 5338 1838 5407 ﬁlius

258 5426 507 5484 Abinoem
528 5432 586 5484 in
615 5430 698 5484 die
735 5427 854 5494 illa,
894 5428 1122 5482 dicentes
1161 5441 1182 5479 .'
1226 5426 1332 5492 Qui
1377 5436 1555 5498 sponte
1577 5427 1836 5482 obtulistis

259 5519 322 5573 de
345 5521 514 5577 Israel
542 5524 745 5577 animas
769 5531 964 5576 vestras
1003 5521 1070 5575 ad
1096 5519 1408 5591 periculum,
1433 5520 1712 5574 benedicite
1738 5521 1839 5576 Do-

261 5611 476 5667 minum.
508 5611 693 5667 Sisara
720 5628 844 5668 cum
875 5613 1118 5668 exercitu
1143 5628 1242 5668 suo
1272 5623 1329 5668 et
1373 5612 1625 5668 curribus
1647 5611 1840 5668 ferreis

263 5705 454 5771 quibus
480 5707 760 5776 impugnat
789 5706 1043 5776 p0pulum
1090 5706 1205 5771 Dei,
1237 5714 1518 5776 superatus
1540 5713 1660 5772 est;
1694 5706 1838 5775 quod

269 5794 338 5850 ita
368 5798 602 5854 futurum
651 5799 930 5870 prophetia
957 5798 1270 5869 prrccccinit
1303 5814 1402 5868 per
1426 5797 1754 5863 Debboram,
1781 5804 1838 5852 et

1875 3212 1921 3277 C

1866 4562 1922 4622 D

1951 1967 2056 2024 est,
2082 1958 2321 2013 Ecclesia
2348 1959 2558 2013 hostem
2588 1973 2931 2013 communem
2967 1956 3208 2012 omnium
3235 1955 3535 2024 superabit,

1950 2058 2005 2105 et
2031 2058 2382 2120 posteaquam
2423 2049 2699 2120 plenitudo
2722 2049 2960 2116 gentium
2999 2047 3295 2112 introierit,
3325 2053 3454 2100 tunc
3481 2056 3538 2100 et

1948 2143 2177 2208 Barach,
2207 2143 2262 2196 id
2287 2151 2391 2208 est,
2424 2143 2662 2211 reliquus
2712 2141 2895 2205 Israel,
2921 2140 3103 2196 salvus
3124 2141 3236 2205 ﬁet,
3259 2145 3316 2193 et
3349 2138 3408 2192 in
3444 2152 3535 2192 so-

1950 2234 2202 2287 cietatem
2231 2233 2474 2288 victoriae
2503 2233 2796 2303 recipietur
2825 2230 2997 2304 (Rom.
3031 2230 3134 2301 χι).
3181 2229 3334 2285 Tunc
3383 2242 3534 2298 ergo,

1950 2326 1996 2380 si
2027 2325 2175 2395 digni
2206 2325 2681 2390 fuerimus,etiam
2731 2340 2832 2381 nos
2880 2325 3216 2380 cantabimus
3266 2321 3539 2377 canticum

1949 2414 2092 2470 istud
2122 2413 2386 2470 refertum
2426 2416 2672 2486 mysticis
2705 2424 2762 2470 et
2789 2414 3120 2485 propheticis
3157 2411 3537 2468 sacramentis.

1951 2507 2058 2563 Sed
2082 2508 2360 2562 videamus
2398 2508 2528 2577 quid
2572 2507 2628 2562 in
2653 2508 2919 2577 principio
2955 2505 3155 2562 cantici
3191 2503 3351 2573 hujus
3378 2502 3541 2574 spiri-

1949 2597 2072 2652 talis
2111 2598 2216 2652 ista
2252 2598 2502 2653 Debbora
2531 2605 2694 2667 atque
2723 2597 2934 2652 Barach
2953 2597 3158 2652 dicant.

2023 2687 2126 2754 Qui
2151 2697 2356 2758 sponte,
2407 2688 2576 2752 aiunt,
2620 2688 2879 2742 obtulistis
2901 2687 2965 2740 de
3009 2685 3182 2742 Israel
3223 2687 3428 2742 animos
3456 2703 3542 2740 ve-

1949 2790 2086 2837 stras
2134 2781 2202 2834 ad
2251 2780 2560 2851 periculum,
2591 2780 2874 2834 benedicile
2924 2779 3230 2835 Dominum.
3274 2778 3376 2846 Qui
3415 2786 3542 2835 sunt

1951 2889 2080 2944 ergo
2111 2873 2198 2928 isti
2223 2874 2317 2942 qui
2344 2873 2552 2928 animas
2577 2887 2704 2928 suas
2731 2879 2923 2942 sponte
2957 2872 3025 2926 ad
3055 2871 3355 2942 periculum
3380 2873 3543 2927 obtu-

1952 2967 2152 3032 lerunt,
2197 2966 2303 3021 nisi
2350 2966 2616 3035 apostoli,
2665 2967 2944 3036 propheta:
2999 2973 3054 3019 et
3097 2972 3389 3036 martyres,
3439 2978 3542 3020 nec

1950 3075 2058 3115 non
2079 3068 2135 3114 et
2155 3059 2336 3114 caeteri
2355 3059 2512 3130 justi,
2537 3060 2630 3128 qui
2651 3066 2873 3129 propter
2893 3058 3171 3113 servitium
3207 3057 3304 3112 Dei
3328 3057 3542 3112 animas

1954 3169 2082 3209 suas
2108 3154 2490 3224 praeparabant
2531 3153 2599 3208 ad
2640 3152 3016 3216 tentationem,
3051 3159 3107 3206 et
3153 3149 3316 3218 hujus
3344 3147 3536 3206 mundi

1952 3247 2181 3302 adversa
2230 3261 2384 3314 aequo
2435 3246 2615 3300 animo
2671 3244 2996 3300 tolerabant.
3053 3240 3256 3297 Omnes
3318 3239 3542 3311 quidem

1950 3337 2124 3392 sancti
2154 3346 2315 3406 atque
2333 3337 2502 3390 electi
2539 3345 2670 3390 tunc
2691 3335 2903 3389 animas
2923 3349 3049 3390 suas
3069 3341 3262 3404 sponte
3290 3331 3544 3387 deferunt

1950 3427 2017 3483 ad
2039 3428 2360 3498 periculum,
2393 3427 2610 3497 quando
2633 3426 3029 3482 confessionem
3068 3423 3304 3480 nominis
3334 3419 3543 3479 Christi

1949 3521 2143 3576 devota
2168 3528 2349 3572 mente
2371 3519 2689 3588 suscipiunt,
2718 3518 2848 3571 etin
2873 3530 3004 3570 vera
3031 3515 3294 3586 religione
3322 3513 3541 3569 fortiter

1948 3609 2242 3677 persistere
2289 3608 2588 3662 decernunt
2613 3626 2625 3660 :
2655 3606 2785 3661 hinc
2815 3606 2957 3660 enim
2993 3606 3062 3660 ad
3096 3603 3397 3674 periculum
3423 3603 3541 3659 ani-

1948 3713 2066 3754 mas
2114 3712 2241 3753 suas
2297 3698 2544 3763 tradunt,
2575 3712 2683 3766 quo
2709 3697 2759 3752 ei
2780 3737 2794 3762 ,
2826 3703 3136 3764 contempto
3162 3702 3537 3766 persecutore,

1949 3788 2244 3845 coadunari
2291 3803 2390 3856 per
2429 3789 2590 3844 fidem
2619 3802 2727 3842 non
2773 3794 3040 3853 metuunt,
3068 3800 3230 3856 quem
3273 3786 3538 3840 mundum

1947 3879 2203 3936 maximis
2240 3880 2378 3936 odiis
2431 3879 2686 3949 persequi
2715 3878 3040 3948 intelligunt.
3068 3877 3222 3933 Unde
3245 3876 3360 3946 ipsa
3385 3874 3539 3931 Veri-

1948 3979 2033 4026 tas
2052 3971 2107 4024 in
2132 3956 2432 4040 ‘Evangelio
2472 3969 2749 4040 discipulis
2787 3969 2903 4024 ait:
2938 3967 2996 4024 Si
3023 3967 3251 4023 mundus
3281 3984 3370 4022 vos
3401 3967 3535 4034 odit,

1947 4061 2128 4116 scitote
2169 4062 2292 4132 quia
2319 4077 2401 4115 me
2441 4061 2669 4131 priorem
2689 4060 2828 4115 vobis
2863 4061 2982 4114 odio
3006 4059 3186 4114 habuit
3214 4045 3532 4131 (Joan3xv).

1948 4153 2016 4208 Et
2041 4153 2170 4207 item
2205 4171 2218 4205 :
2252 4151 2440 4217 Erilis,
2466 4151 2660 4221 inquit,
2692 4152 2812 4205 odio
2839 4150 3077 4206 omnibus
3100 4159 3310 4220 propter
3347 4164 3536 4202 nomen

1948 4260 2119 4298 meum
2152 4243 2304 4314 (Luc.
2336 4243 2474 4314 xxx).
2502 4241 2655 4299 Unde
2677 4257 2774 4313 per
2795 4242 3020 4298 Paulum
3051 4242 3286 4297 dicitur:
3318 4239 3532 4305 Omnes,

1947 4336 2037 4407 qui
2063 4337 2146 4406 pie
2171 4334 2347 4390 volunt
2372 4337 2538 4390 vivere
2561 4335 2616 4389 in
2638 4334 2869 4401 Christo,
2891 4336 3301 4406 persecutionem
3323 4335 3535 4403 patiun—
3575 4404 3584 4410 _

1946 4436 2034 4480 tur
2061 4424 2147 4498 (ΙΙ
2173 4426 2308 4480 Tim.
2343 4428 2448 4498 ιιι).
2485 4425 2590 4482 Sed
2614 4428 2669 4482 hi
2693 4427 2762 4481 ad
2786 4424 3208 4480 benedicendum
3239 4423 3533 4478 Dominum

1947 4521 2328 4585 exhortantur,
2351 4521 2476 4587 quia
2501 4533 2625 4573 cum
2650 4518 2836 4572 hostes
2865 4531 3012 4581 suos,
3033 4514 3330 4570 novissima
3355 4523 3533 4571 morte

1948 4609 2246 4674 destructa,
2302 4607 2654 4677 superabunt,
2700 4615 2958 4662 aeternam
3007 4604 3314 4661 mercedem
3358 4605 3537 4675 perci-

1945 4703 2177 4773 pientes,
2219 4700 2408 4754 laudes
2448 4706 2736 4768 perpetuas
2762 4699 2816 4752 in
2845 4697 3000 4753 caelis
3040 4711 3165 4752 cum
3209 4697 3416 4754 sanctis
3441 4712 3534 4754 an-

1946 4793 2082 4863 gelis
2110 4793 2164 4848 in
2189 4800 2452 4847 aeternum
2483 4790 2712 4846 Domino
2742 4789 3126 4846 decantabunt.

2016 4885 2222 4949 Audite,
2260 4899 2422 4954 reges,
2469 4882 2714 4952 percipite
2752 4882 2990 4948 auribus,
3028 4883 3307 4954 principes.
3351 4882 3530 4954 Reges

1947 4975 2180 5047 appellat
2206 4989 2300 5029 eos
2333 4973 2425 5042 qui
2461 4980 2829 5028 convocantur
2858 4973 2926 5028 ad
2951 4973 3275 5028 audiendum
3303 4974 3528 5028 verbum

1945 5065 2062 5121 Dei.
2091 5064 2340 5129 Exsulta,
2389 5062 2584 5133 populc
2617 5063 2733 5129 Dei,
2791 5063 3015 5118 audiens
3068 5071 3172 5117 tute
3227 5062 3528 5120 nobilitatis

1944 5156 2212 5227 insignia;
2254 5164 2314 5209 tu
2346 5153 2561 5208 vocaris
2599 5152 2666 5207 ad
2706 5153 3033 5209 audiendum
3055 5153 3282 5207 verbum
3309 5153 3430 5218 Dei,
3471 5161 3528 5208 et

1946 5261 2054 5302 non
2083 5253 2143 5300 ut
2169 5244 2341 5315 plebs,
2371 5244 2466 5299 sed
2489 5252 2548 5298 ut
2575 5258 2672 5298 rex
2705 5245 2935 5298 vocaris.
2963 5243 3082 5298 Tibi
3127 5242 3271 5297 enim
3320 5243 3526 5300 dictum

1945 5346 2030 5393 est
2061 5354 2074 5391 :
2110 5333 2283 5390 Genus
2319 5334 2489 5405 regale
2514 5344 2559 5389 et
2585 5335 2926 5402 sacerdotale,
2955 5333 3179 5406 populus
3221 5335 3278 5389 in
3304 5337 3528 5407 acquisi-

1945 5429 2136 5482 tionem
2164 5425 2216 5497 (Ι
2247 5425 2391 5479 Petr.
2417 5424 2501 5496 ιι).
2527 5425 2652 5481 Ideo
2680 5425 2808 5495 quia
2833 5439 2929 5479 vos
2953 5438 3111 5495 reges
3131 5427 3264 5481 estis
3281 5465 3298 5492 ,
3327 5427 3526 5482 merito

1947 5533 2042 5572 rex
2071 5526 2256 5572 noster
2283 5516 2532 5573 Christus
2577 5517 2836 5573 Dominus
2861 5515 2978 5570 Rex
3007 5516 3208 5572 dicitur
3244 5533 3433 5590 regum
3469 5527 3525 5574 et

1948 5613 2205 5668 Dominus
2239 5613 2654 5668 dominantium.
2681 5610 2786 5667 Sed
2816 5612 2958 5667 sicut
2974 5613 3257 5668 exaltastis
3285 5614 3352 5668 de
3373 5615 3525 5669 nobi-

1943 5703 2112 5758 litatis
2139 5713 2330 5758 vcstra:
2357 5704 2530 5770 titulo,
2563 5705 2640 5758 ita
2689 5702 2898 5758 discere
2928 5703 3136 5759 debetis
3159 5703 3290 5774 quid
3315 5705 3522 5775 agendo

1945 5796 2309 5868 unusquisque
2327 5805 2568 5852 vestrum
2587 5794 2681 5848 ﬁat
2703 5809 2817 5860 rex,
2849 5797 2993 5866 quod
3011 5796 3167 5853 vobis
3189 5796 3263 5852 ita
3285 5796 3522 5854 breviter
