3986 6348
244 340 249 345 ’
264 338 291 402 ι
302 336 395 403 ιιι

262 562 322 612 ut
344 542 773 610 benedictionem
798 543 956 601 daret
1004 543 1149 613 ipse,
1185 538 1280 611 qui
1322 537 1496 610 legem
1536 530 1705 592 dedit,
1736 524 1831 596 qui

262 640 595 719 signaculum
616 638 749 712 legis
767 646 826 693 et
840 634 1228 709 prophetarum
1253 629 1497 685 omnium
1522 624 1643 719 fuit.
1676 618 1833 680 Unde

259 716 376 811 ipsa
403 731 617 790 Veritas
634 731 693 787 in
718 724 1010 798 Evangelia
1034 723 1111 780 sit
1135 740 1150 779 τ
1181 720 1292 777 Lex
1316 728 1367 775 et
1385 716 1647 811 propheta!
1668 728 1832 811 usque

262 806 331 885 δά
367 825 629 882 Joannem
654 818 886 894 (Matth.
934 816 1020 890 ιι).
1069 813 1208 871 Hinc
1232 824 1447 885 quoque
1473 809 1672 865 Paulus
1707 806 1785 862 ait
1814 822 1831 862 :

234 948 239 955 τ
264 918 547 987 Postquam
568 912 703 967 «ait
731 907 999 982 plenitudo
1011 904 1281 978 temporis,
1303 902 1443 956 misit
1466 898 1606 955 Deus
1633 895 1834 953 Filium

258 1024 408 1071 suum
436 1009 637 1079 factum
669 1016 735 1060 es
762 1002 1000 1067 muliere,
1033 1000 1231 1072 factum
1254 992 1348 1051 sub
1374 994 1502 1067 lege,
1528 1003 1588 1049 ut
1608 1006 1715 1061 eos,
1744 994 1834 1065 qui

258 1103 351 1159 sub
370 1101 483 1173 lege
498 1110 664 1167 erant,
689 1098 963 1154 redimeret
985 1091 1182 1168 (Galat.
1198 1093 1295 1164 tv).
1318 1091 1385 1146 Et
1404 1086 1603 1146 iterum
1622 1107 1635 1144 :
1657 1080 1830 1152 Finis,

256 1193 461 1263 inquit,
490 1192 622 1264 legis
660 1188 901 1245 Christus
934 1194 1009 1244 est
1038 1186 1108 1241 ad
1128 1184 1399 1269 justitiam
1432 1184 1577 1239 omni
1603 1182 1835 1238 credenti

283 1284 427 1340 llam.
462 1284 543 1340 xl.

259 1283 647 1431 (Ὕολέξειιο
684 1372 838 1444 elegit
877 1371 1156 1426 Dominus.
1205 1368 1337 1437 Quae
1380 1375 1509 1424 sunt
1554 1364 1660 1423 ista
1694 1376 1837 1423 nova

258 1471 414 1535 bella,
466 1470 569 1525 nisi
611 1475 799 1524 comm
827 1473 1049 1538 pecceta
1077 1470 1136 1520 et
1179 1459 1309 1519 vitia
1356 1460 1618 1519 virtutum
1664 1458 1836 1517 lucta-

257 1562 449 1618 minat.
465 1556 593 1615 Huic
616 1558 814 1629 quippe
833 1557 998 1629 elegit
1019 1554 1300 1623 Deminus,
1329 1553 1453 1625 quia
1480 1549 1599 1609 hmc
1620 1550 1832 1625 prohat.

260 1650 413 1709 Unde
433 1650 632 1707 Paulus
664 1651 743 1709 sit
773 1668 788 1705 :
829 1646 952 1703 Non
982 1656 1057 1704 est
1083 1646 1229 1703 nobis
1255 1643 1555 1701 colluctatio
1587 1645 1837 1699 adversus

252 1758 469 1798 earnest:
492 1752 543 1798 et
573 1754 901 1813 sanguinem,
927 1741 1017 1795 sed
1042 1740 1289 1795 adversus
1316 1738 1639 1810 principatus
1671 1746 1718 1792 et
1744 1752 1839 1808 po-

1204 256 1563 385 namus.
1596 310 1667 375 m
1701 260 1831 371 tu.
1864 304 2186 370 manu.
2224 332 2297 353 .-
2328 304 2460 363 ue.
2494 302 2542 362 ι.
2956 364 2957 367 γ

230 464 450 522 σηοω,
478 446 586 512 hoc
610 456 711 518 est,
740 456 873 506 vera
900 442 1187 521 prophetia
1209 442 1451 499 ausim
1475 430 1830 511 praeﬂuebat,
1859 427 1913 489 Α
1933 423 2134 522 taceo,-
2170 423 2337 522 υξιιᾱο
2361 428 2411 479 α
2430 417 2695 522 mulus
2712 416 2771 522 in
2795 414 3229 522 ιαξαηξροπαζιί
3254 418 3395 522 (Διοα-
3418 420 3504 493 ιι).

3364 304 3505 394 μθ

1932 515 2181 584 Quando.
2212 515 2521 570 hmeseente
2551 510 2781 567 veritate
2801 546 2818 577 ,
2863 509 2922 564 in
2970 508 3123 566 Novo
3160 509 3508 573 Testamento

1932 605 2110 664 mnis
2152 606 2350 662 duritia
2388 603 2571 660 cordis
2608 600 2781 659 nostri
2818 599 3024 657 Christi
3053 609 3274 658 volure
3305 602 3510 675 frangi-

1928 706 2048 768 tur,
2090 708 2147 757 et
2186 700 2533 757 erudiuntur
2576 697 2757 770 spina!
2792 696 3093 764 vitiorum,
3141 703 3205 752 ut
3250 697 3510 755 umentis

1930 791 2201 851 sermonis
2261 790 2357 845 Dei
2406 796 2620 846 crescat
2674 789 2735 843 in
2792 786 2978 860 finges
2996 824 3016 855 ,
3078 794 3137 844 et
3189 794 3380 859 postea
3430 788 3511 845 ιι·-
3612 782 3622 788 ”

1932 884 2096 941 bores
2144 896 2403 939 mnuum
2457 889 2768 937 nostrarum
2820 881 3241 948 manducemus,
3294 881 3513 952 quando

1932 978 2157 1032 venient
2173 976 2229 1030 in
2249 975 2612 1031 exsultatione
2633 976 2914 1045 portantes
2935 974 3235 1046 manipulos
3258 989 3405 1031 suos.

2006 1068 2111 1123 Cor
2137 1084 2309 1133 meum
2339 1067 2509 1138 diligit
2542 1068 2804 1139 principes
2833 1066 3020 1122 Israel.
3054 1067 3159 1134 Qui
3189 1069 3405 1139 propria
3426 1076 3515 1125 vo-

1934 1163 2137 1218 luntate
2183 1156 2443 1217 oblullstis
2476 1173 2565 1216 vos
2603 1162 2896 1217 discrimini
2916 1198 2931 1229 ,
2955 1161 3245 1217 bensdlclte
3264 1162 3511 1219 Domino.

1932 1254 2215 1328 Principes
2260 1250 2423 1313 lsrael
2453 1262 2578 1311 sunt
2612 1248 2862 1312 doctores
2900 1256 3095 1322 sancti,
3138 1266 3276 1326 qum
3308 1272 3367 1313 se
3396 1257 3517 1315 ditia»

1934 1360 2065 1421 gere
2099 1346 2233 1403 dicit
2256 1349 2436 1403 animo
2459 1348 2629 1418 justi,
2668 1344 2767 1417 qui
2796 1348 3011 1418 propria
3050 1347 3329 1405 voluntate
3361 1350 3519 1405 obtu-

1936 1439 2121 1495 lerunt
2164 1456 2221 1496 se
2249 1441 2570 1508 discrimini,
2609 1440 2731 1497 cum
2760 1436 3022 1494 voluntati
3058 1438 3142 1494 sui
3180 1440 3430 1511 magistri
3464 1450 3519 1497 et

1936 1526 2151 1589 Domini
2196 1535 2609 1597 concordantes,
2646 1532 2791 1588 inter
2829 1537 3235 1603 persecutorem
3265 1529 3519 1587 scandala

1938 1624 2020 1680 ire
2053 1636 2163 1681 non
2211 1616 2522 1681 formidant.
2575 1625 2729 1681 Unde
2769 1625 3033 1681 Dominus
3077 1624 3354 1697 discipulis
3407 1625 3521 1681 suis

1939 1717 2017 1774 ait
2044 1735 2057 1771 :
2089 1717 2227 1772 Ecce
2254 1730 2347 1789 ego
2378 1719 2528 1772 mitto
2551 1728 2657 1781 vos,
2692 1718 2825 1773 sicut
2852 1726 2969 1772 oves
2992 1719 3048 1772 in
3075 1715 3248 1771 medio
3278 1715 3519 1788 luporum

259 1786 469 1798 --.πη
492 1786 542 1798 ν.
573 1786 901 1813 .,...,,.....-...,
927 1786 1014 1795 νη.
1042 1786 1288 1795 an-.-“
1316 1786 1636 1810 r...---r"m-
1673 1786 1716 1792 --
1746 1786 1803 1808 r-

259 1841 491 1902 testata,
519 1836 766 1890 adversus
796 1833 981 1889 mundi
1017 1842 1239 1905 rectores
1278 1830 1610 1886 tenebrarum
1648 1829 1837 1883 harum

1952 1809 2155 1884 (Matth.
2187 1810 2265 1882 χ).
2285 1786 2364 1865 lit
2384 1808 2512 1867 item
2541 1826 2555 1866 :
2582 1809 2831 1878 Tradent,
2860 1810 3056 1884 inquit,
3077 1827 3167 1867 vos
3187 1811 3243 1867 in
3265 1786 3520 1879 consiliis,

256 1929 732 2002 contranph'italla
759 1930 1003 2002 nequitiae
1033 1922 1088 1981 in
1127 1923 1414 1980 coelestibus
1441 1923 1603 1997 (Eph.
1639 1921 1737 1995 γι).
1771 1918 1840 1979 Et

256 2021 391 2079 item
421 2038 436 2077 t
467 2023 600 2093 Ego,
631 2021 827 2091 inquit,
854 2021 929 2076 sic
954 2034 1129 2082 curro,
1158 2035 1263 2073 non
1286 2018 1439 2091 quasi
1465 2016 1519 2072 in
1546 2016 1839 2083 incertum;

249 2117 335 2171 sic
371 2126 581 2188 pugno,
626 2128 729 2171 non
759 2114 910 2187 quasi
953 2131 1126 2169 aerem
1164 2111 1437 2168 verberans
1471 2112 1605 2167 :sed
1642 2111 1840 2184 eastigo

258 2223 448 2278 corpus
475 2224 668 2274 meum,
702 2218 751 2262 et
779 2204 1014 2263 smtituti
1043 2206 1289 2277 subjicio,
1325 2222 1387 2259 ne
1415 2202 1551 2275 forte
1576 2222 1694 2263 eum
1720 2205 1840 2261 aliis

255 2297 673 2369 prledt'cavert'm,
699 2296 809 2367 ipse
837 2296 1085 2371 reprobus
1110 2294 1305 2368 eﬂiciar
1325 2293 1379 2367 (Ι
1406 2291 1529 2350 Cor.
1563 2292 1661 2369 ιχ).
1690 2293 1841 2353 Nova

254 2386 443 2458 itaque
484 2386 624 2444 bella
672 2396 815 2455 sunt,
867 2389 961 2444 ubi
1008 2387 1210 2444 malum
1255 2396 1443 2443 contra
1490 2388 1690 2443 malum
1734 2405 1842 2447 non

256 2480 519 2542 redditur,
562 2482 658 2537 sed
686 2478 887 2537 malum
918 2496 1020 2553 per
1046 2483 1250 2538 bonum
1287 2476 1556 2547 vincitm;
1597 2478 1689 2536 ubi
1718 2480 1843 2538 ﬁdei

257 2582 432 2639 scuto,
457 2574 625 2629 lorica
640 2571 886 2643 iustitiae,
915 2575 1066 2645 galea
1098 2572 1307 2640 salutis,
1335 2581 1389 2629 et
1413 2571 1589 2646 gladio
1610 2572 1843 2647 Spiritus

257 2665 415 2723 miles
454 2665 658 2722 Christi
694 2679 794 2737 per
817 2666 1134 2737 patientiam
1161 2674 1351 2723 contra
1397 2662 1583 2722 hostes
1624 2662 1845 2722 dimicat

256 2754 437 2830 (Rom.
466 2772 568 2824 xu,
597 2755 794 2830 Ephes.
817 2754 921 2832 vr),
943 2758 1097 2831 cujus
1118 2758 1328 2815 militire
1350 2773 1446 2815 rex
1467 2752 1714 2815 Christus
1736 2763 1845 2828 est,

256 2852 352 2922 qui
383 2850 662 2923 discipulis
691 2850 803 2907 suis
836 2850 913 2908 ait
944 2871 959 2907 :
993 2851 1061 2908 In
1102 2848 1356 2924 patientia
1396 2860 1569 2907 vestra
1613 2850 1846 2923 posside-

260 2944 380 2999 bitis
428 2945 632 2999 animas
665 2954 861 3001 vestras
906 2942 1057 3017 (Luc.
1094 2944 1249 3020 nl);
1286 2944 1486 3023 quique
1522 2940 1693 2999 servis
1730 2938 1846 3001 suis

258 3035 596 3106 triumphum
622 3046 784 3108 atque
811 3032 1095 3093 victoriam
1126 3035 1335 3094 tribuit.
1370 3032 1524 3094 Unde
1553 3034 1799 3108 sequitur
1825 3054 1839 3091 :

1941 1908 1990 1957 et
2025 1903 2079 1958 in
2108 1904 2386 1974 synagogls
2424 1904 2533 1959 suis
2557 1902 2895 1976 ﬂagellabant
2924 1920 3033 1972 vos,
3067 1912 3117 1961 et
3158 1912 3279 1961 ante
3302 1920 3445 1979 reges
3473 1910 3525 1961 et

1939 1998 2191 2070 prwsides
2221 1995 2483 2053 dacemini
2516 2006 2727 2071 propter
2752 2008 2833 2054 nte
2858 2000 2912 2053 in
2947 1994 3300 2055 testimonium
3326 1994 3435 2055 illis
3474 2000 3526 2055 et

1942 2092 2179 2164 gentibus
2207 2088 2418 2167 (Ibid).
2462 2090 2704 2161 Quorum
2738 2104 2877 2149 unus
2901 2092 2988 2150 his
3012 2092 3101 2167 Qui
3132 2092 3423 2150 carnaliter
3448 2092 3525 2149 si-

1941 2186 1997 2242 bi
2034 2184 2329 2244 secundum
2355 2197 2567 2265 tempus
2598 2184 2878 2244 consulere
2905 2186 3179 2255 volebant,
3215 2196 3279 2244 ac
3298 2196 3397 2260 per
3425 2184 3528 2244 hos

1943 2276 2085 2335 inter
2108 2279 2291 2336 hostes
2311 2295 2432 2337 cum
2460 2283 2538 2336 ire
2562 2281 2936 2352 prohibebant,
2966 2277 3264 2353 respondit,
3296 2276 3483 2336 dicens
3510 2296 3524 2335 :

1943 2366 2059 2443 Ego
2081 2373 2218 2428 enim
2247 2388 2348 2428 non
2376 2372 2544 2428 solum
2566 2372 2777 2445 alligari
2799 2415 2812 2439 ,
2850 2370 2940 2428 sed
2961 2375 3119 2428 etiam
3149 2373 3283 2428 mori
3312 2372 3367 2428 in
3394 2368 3525 2426 Hie-

1944 2462 2175 2518 rusalem
2222 2472 2440 2535 paratus
2483 2478 2600 2520 sum
2648 2473 2858 2537 propter
2906 2476 3093 2521 nomen
3135 2458 3350 2520 Domini
3397 2458 3527 2520 Jesu

1945 2553 2081 2628 (Act.
2126 2554 2211 2629 ιι).
2252 2554 2321 2611 Et
2348 2552 2401 2612 in
2442 2555 2666 2614 Actibus
2707 2558 3075 2629 apostolorum
3115 2555 3334 2629 legitur,
3384 2555 3529 2627 quod

1944 2644 2048 2717 ipsi
2075 2648 2301 2719 apostoli
2318 2650 2461 2704 ibant
2483 2650 2767 2720 gaudentes
2791 2662 2823 2704 a
2848 2656 3122 2719 conspectu
3152 2642 3380 2714 canciltl,
3402 2662 3532 2719 quo-

1944 2740 2088 2797 niam
2117 2742 2264 2814 digni
2294 2740 2462 2798 habiti
2489 2748 2609 2798 sunt
2633 2754 2728 2816 pro
2765 2743 2973 2798 nomine
2995 2741 3207 2799 Domini
3238 2736 3369 2797 Iesu
3406 2750 3533 2796 con—

1946 2832 2214 2892 tumeliam
2238 2836 2349 2907 pati
2376 2830 2514 2910 (Act.
2540 2834 2615 2910 v).
2662 2866 2676 2881 ο

2015 2920 2314 2985 Benedicite
2351 2924 2599 2997 Domino,
2636 2929 2726 3000 qui
2770 2926 3077 2984 ascendistis
3115 2936 3273 2999 super
3311 2924 3532 2980 nitentes

1947 3018 2145 3087 asinos,
2173 3029 2223 3075 et
2257 3018 2443 3075 sedetis
2469 3018 2525 3074 in
2543 3018 2774 3092 judicio,
2819 3028 2867 3076 et
2905 3017 3187 3075 ambulatis
3217 3016 3274 3074 in
3310 3015 3416 3084 via,
3455 3012 3536 3069 lo-

261 3102 458 3182 Portas
490 3102 715 3183 hostium
750 3127 858 3199 ipse
888 3126 1156 3184 subvertit.
1199 3129 1329 3197 Quae
1369 3135 1497 3184 sunt
1524 3102 1655 3201 ergo
1676 3136 1845 3200 portae

1952 3106 2189 3183 quimini.
2226 3108 2347 3164 Alia
2376 3118 2558 3165 autem
2584 3102 2750 3167 editio
2771 3104 2850 3167 sic
2868 3106 3032 3167 habet
3064 3128 3077 3164 :
3105 3106 3405 3163 Bcnedicite
3425 3105 3535 3201 Do-

259 3217 538 3275 hostlum?
572 3216 674 3274 uisi
706 3178 873 3291 porta:
907 3221 1136 3289 mortis;
1168 3227 1338 3293 porta:
1364 3217 1544 3288 inferi,
1582 3178 1735 3292 Era-vi
1771 3219 1847 3275 vi-

1956 3178 2175 3269 minum,
2203 3201 2293 3273 qui
2320 3196 2626 3258 ascendistis
2657 3214 2812 3274 super
2830 3203 3096 3273 jumenla,
3118 3210 3279 3272 supra
3299 3190 3536 3254 vehicula

261 3313 459 3371 delicet
498 3290 744 3371 homines
770 3322 824 3370 et
854 3312 1116 3381 haeretici,
1148 3290 1246 3385 per
1272 3320 1409 3384 quos
1446 3290 1670 3385 maligni
1695 3310 1851 3385 spiri—
1955 3294 2209 3362 δεάεηιεε,
2238 3300 2288 3350 ει
2315 3310 2471 3369 super
2496 3293 2671 3351 αδεηοδ
2701 3290 3032 3385 refulgent“-
3066 3290 3204 3363 Quid
3241 3298 3325 3350 εει
3348 3304 3538 3348 ascen-

261 3414 351 3464 tus
392 3415 585 3463 contra
626 3416 813 3463 servos
849 3404 1048 3463 Christi
1080 3382 1417 3478 belligerant.
1452 3402 1562 3465 Sed
1586 3382 1850 3479 ﬂipsc‘has
1954 3386 2099 3445 disse
2139 3403 2302 3460 super
2321 3386 2664 3479 iumentum?
2699 3382 2940 3458 Denique
2988 3402 3183 3459 corpus
3222 3384 3328 3442 hoc
3358 3396 3538 3479 meum

260 3506 452 3574 portas
487 3498 796 3565 subvertet,
827 3497 1040 3571 quando
1068 3476 1257 3553 eorum
1280 3496 1537 3568 consilia,
1581 3476 1758 3555 minas
1787 3514 1852 3556 ac
1947 3478 2257 3559 iumentum,
2283 3486 2368 3535 est
2398 3498 2410 3534 ε
2440 3478 2505 3535 ad
2525 3476 2833 3574 lumfmum
2862 3479 3006 3533 enim
3046 3479 3243 3574 θηίξῐξθθ
3269 3484 3324 3574 εξ
3346 3478 3413 3534 ad
3440 3476 3539 3574 Ψῖῖ

262 3568 487 3647 fraudes
518 3589 739 3662 detegit,
771 3568 1018 3662 proterit,
1049 3602 1113 3644 ac
1142 3586 1389 3660 dissipat,
1427 3592 1483 3645 et
1521 3605 1584 3645 ea
1615 3606 1735 3659 quae
1771 3586 1853 3645 vi-
1953 3573 2255 3662 “Staium
2276 3573 2461 3627 datum
2485 3579 2586 3647 ῥεῖ’
2634 3570 2747 3644 E80
2781 3579 2960 3626 amem
2987 3587 3105 3628 sum
3139 3568 3282 3627 idem
3310 3568 3540 3662 ίηίενῖοτ

264 3674 535 3740 debantur
558 3680 805 3754 superbis
830 3694 1024 3754 magna
1048 3690 1169 3737 esse
1197 3695 1261 3735 ac
1283 3676 1465 3749 fortia,
1496 3697 1595 3753 per
1621 3681 1853 3739 humiles

264 3788 395 3832 suos
423 3772 722 3830 contemnit
751 3779 912 3842 atque
938 3768 1007 3827 ad
1038 3769 1265 3826 nihilum
1296 3768 1511 3842 redigit.
1547 3766 1771 3843 Clgpeus
1804 3782 1851 3828 et

263 3868 421 3923 hasta
456 3864 501 3921 si
528 3866 886 3939 apparuerint,
930 3865 987 3920 in
1021 3862 1377 3939 quadraginta
1405 3861 1637 3921 millibus
1660 3862 1850 3922 Israel.

264 3958 525 4032 Clypeum
549 3967 604 4015 et
629 3958 840 4015 hastam
870 3970 969 4029 pro
998 3956 1165 4013 armis
1191 3954 1424 4013 terrenis
1451 3954 1621 4029 ponit,
1656 3959 1710 4014 in
1736 3957 1856 4032 qui-

263 4056 370 4112 bus
417 4053 663 4109 carnales
715 4068 780 4108 ac
826 4052 1009 4109 saeculi
1066 4052 1221 4113 istius
1266 4048 1516 4109 homines
1556 4050 1850 4111 confidunt.

266 4144 379 4203 Sed
407 4144 525 4200 haec
548 4159 656 4200 non
693 4142 1001 4201 necessaria
1027 4151 1154 4200 sunt
1183 4144 1537 4219 spiritalibus.
1565 4142 1683 4201 Non
1711 4145 1858 4219 enim

266 4236 440 4293 habet
467 4233 644 4292 locum
678 4236 733 4291 in
762 4232 958 4291 castris
987 4221 1359 4308 spiritualibus
1382 4242 1656 4291 armatura
1685 4242 1857 4290 terre-

266 4340 369 4395 na;
428 4328 549 4384 ideo
592 4326 669 4384 ibi
704 4340 812 4384 non
862 4330 1104 4401 apparet,
1141 4326 1266 4396 quia
1301 4323 1376 4381 ibi
1417 4342 1528 4385 non
1564 4325 1853 4393 invenitur,

266 4416 362 4474 ubi
388 4416 744 4487 quadraginta
797 4414 965 4472 millia
1014 4412 1383 4472 lsraelitarum
1436 4423 1626 4472 contra
1673 4414 1857 4471 hostes

270 4507 547 4580 spiritales
582 4515 853 4578 pugnant;
890 4505 1353 4578 quadragenarius
1391 4505 1534 4562 enim
1571 4520 1852 4575 numerus,

267 4602 362 4657 ubi
392 4600 646 4655 denarius
673 4605 866 4669 quater
892 4595 1280 4669 multiplicatus
1310 4602 1546 4664 constat,
1570 4594 1706 4657 bene
1735 4614 1857 4655 con-

270 4692 425 4751 venit
447 4691 711 4747 militibus
734 4688 958 4759 Christi,
984 4684 1089 4746 hoc
1123 4698 1229 4757 est,
1256 4691 1404 4748 veris
1434 4689 1767 4760 lsraeliticis,
1802 4692 1856 4746 in

271 4785 473 4858 quibus
502 4781 657 4837 dolus
680 4795 787 4835 non
833 4788 936 4847 est,
965 4779 1057 4852 qui
1086 4789 1356 4852 prmcepta
1399 4781 1640 4853 dccalogi
1668 4768 1859 4837 secun-

272 4879 404 4931 dum
427 4872 805 4942 Evangelicam
827 4872 1128 4927 doctrinam
1156 4876 1451 4939 servantes,
1475 4882 1651 4930 castra
1676 4870 1861 4929 Eccle-

274 4968 373 5026 siae
400 4970 621 5022 tuentur
657 4971 819 5035 atque
847 4963 1160 5021 custodiunt
1183 5007 1199 5032 ,
1244 4981 1307 5021 ac
1335 4978 1434 5038 per
1458 4981 1620 5021 omne
1650 4974 1861 5038 tempus

274 5058 438 5116 istius
458 5054 583 5112 vitm
612 5069 784 5127 usque
814 5052 882 5110 ad
909 5056 1434 5112 consummationem
1462 5055 1642 5112 seaculi
1682 5055 1861 5112 taliter

277 5154 648 5229 agonizantes,
682 5151 920 5208 ctelestis
972 5150 1164 5229 patriae
1214 5149 1584 5208 haereditatem
1633 5148 1861 5207 feliciter

278 5245 665 5319 triumphando
706 5242 932 5316 adipisci
978 5243 1307 5299 desiderant.
1366 5240 1469 5299 Ubi
1527 5242 1857 5314 notandum,

279 5342 427 5414 quod
452 5338 612 5409 hujus
640 5338 830 5411 agonis
860 5345 1099 5411 tempora
1125 5336 1293 5393 Isaias
1320 5338 1581 5410 propheta
1607 5337 1738 5399 olim
1762 5337 1859 5394 de-

281 5428 503 5503 scripsit
524 5430 707 5486 dicens
737 5442 752 5485 :
784 5428 861 5484 De
882 5426 1013 5486 Sion
1036 5426 1191 5485 exibit
1206 5426 1312 5499 (ex,
1344 5436 1393 5482 et
1420 5427 1628 5484 verbum
1647 5424 1862 5483 Domini

282 5522 348 5578 de
378 5520 728 5591 Hierusalem,
755 5532 803 5578 et
825 5521 1088 5596 judicabit
1109 5530 1311 5593 gentes,
1352 5530 1399 5577 et
1434 5528 1620 5592 arguet
1645 5518 1863 5594 populos

281 5611 499 5680 multos,
530 5618 579 5665 et
607 5611 906 5681 conﬂabunt
935 5612 1139 5684 gladios
1161 5628 1284 5667 suos
1311 5609 1365 5666 in
1397 5625 1642 5678 vomeres,
1678 5619 1728 5666 et
1748 5610 1865 5666 lan-

284 5721 407 5761 ceas
442 5719 565 5759 suas
591 5704 645 5758 in
671 5701 864 5774 falces;
909 5723 1012 5761 non
1054 5703 1243 5761 levabit
1276 5721 1402 5776 gens
1449 5714 1631 5759 contra
1661 5714 1861 5776 gentem

288 5798 544 5877 gladium,
567 5813 729 5876 neque
748 5798 1123 5857 exercebantur
1147 5796 1290 5856 ultra
1313 5797 1384 5853 ad
1405 5794 1648 5872 praelium
1673 5793 1861 5852 domus

1954 3664 2139 3731 homo,
2169 3660 2261 3735 qui
2286 3661 2503 3719 ascendi
2547 3677 2710 3735 super
2742 3662 3045 3734 iumentum
3069 3664 3190 3733 hoc,
3220 3664 3306 3719 cui
3334 3660 3533 3720 dicitur

1954 3763 2017 3810 ut
2042 3752 2359 3820 benedicam
2385 3752 2691 3810 Dominum.
2724 3752 2781 3810 Si
2816 3770 2945 3827 ergo
2970 3770 3097 3810 vere
3127 3753 3421 3811 ascendisti
3449 3768 3538 3809 su-

1954 3862 2055 3925 pra
2085 3862 2300 3919 corpus,
2338 3850 2393 3901 et
2425 3844 2672 3919 superior
2692 3845 2919 3923 effectus
2939 3861 3000 3901 es
3034 3843 3407 3919 corporalibus
3445 3840 3539 3899 de-

1958 3938 2193 4007 sideriis,
2225 3946 2280 3995 et
2306 3946 2485 3997 motus
2525 3932 2768 4011 corporis
2809 3939 2884 3995 tui
2913 3936 3068 3994 freno
3094 3936 3292 3994 mentis
3317 3940 3372 3995 et
3402 3937 3542 3992 inte‘

1958 4031 2122 4089 rioris
2148 4031 2383 4086 hominis
2418 4031 2787 4087 moderamine
2809 4032 3200 4109 gubernantur,
3225 4028 3293 4085 de
3322 4034 3375 4084 te
3397 4022 3537 4085 dlci—

1957 4128 2092 4178 tur:
2128 4122 2266 4191 Quia
2297 4123 2578 4179 ascendisti
2616 4140 2773 4196 super
2804 4119 3125 4197 jumentum,
3166 4131 3226 4179 ut
3266 4120 3540 4179 benedicas

1958 4215 2262 4273 Dominum.
2316 4216 2453 4285 Quid
2504 4224 2683 4273 autem
2727 4218 2812 4272 est
2854 4202 2997 4289 quod
3036 4216 3284 4289 sequitur
3321 4234 3335 4273 :
3371 4210 3543 4287 Super

1958 4310 2214 4379 vehicula,
2243 4311 2449 4383 inquit,
2477 4311 2708 4369 sedentes
2726 4321 2774 4366 et
2801 4322 2958 4384 super
2982 4313 3161 4367 asinos
3191 4308 3544 4383 refulgentes?

1958 4402 2096 4471 Quid
2119 4400 2221 4459 sibi
2242 4402 2495 4459 videntur
2521 4402 2687 4457 asiam
2708 4418 2829 4457 esse
2858 4398 3224 4472 refulgentes?
3245 4396 3375 4456 dicit
3396 4400 3540 4457 enim

1961 4497 2242 4569 Scriptura
2295 4497 2423 4569 quia
2466 4504 2713 4569 Oporteat
2752 4490 3075 4551 benedicere
3117 4490 3404 4551 Dominum
3449 4509 3544 4552 eos

1962 4590 2053 4660 qui
2076 4588 2266 4644 sedent
2281 4603 2443 4659 super
2462 4586 2707 4643 vehicula
2731 4590 2784 4641 et
2805 4602 2967 4659 super
2989 4582 3173 4643 asinas
3194 4582 3541 4658 refulgentes.

1964 4678 2095 4736 Mihi
2126 4678 2272 4733 velut
2309 4676 2363 4735 in
2392 4677 2526 4733 locis
2552 4679 2625 4733 ita
2651 4674 3005 4751 diliicilibus,j
3031 4676 3138 4733 tale
3164 4670 3368 4750 aliquid
3398 4679 3544 4735 vide-

1964 4778 2071 4827 tur.
2125 4772 2256 4827 Cum
2290 4770 2596 4843 iumentum
2620 4812 2635 4841 ,
2685 4768 2790 4826 hoc
2817 4777 2934 4840 est,
2973 4786 3171 4844 corpus
3217 4788 3397 4829 meum
3440 4772 3543 4831 sub

1959 4856 2088 4936 jugo
2119 4862 2328 4919 venerit
2355 4860 2504 4917 verbi
2536 4856 2654 4926 Dei,
2684 4868 2813 4917 tunc
2838 4858 3145 4919 vehiculum
3170 4865 3415 4935 corporis
3435 4862 3545 4924 mei

1966 4952 2309 5029 resplendere
2356 4948 2576 5023 incipit;
2608 4958 2662 5008 et
2686 4950 2839 5011 asina
2878 4953 3014 5023 hmc,
3049 4954 3102 5011 id
3131 4965 3235 5023 est,
3267 4971 3393 5013 caro
3420 4973 3543 5015 mea

1964 5055 2092 5105 tunc
2121 5044 2388 5121 refulgere
2426 5046 2657 5114 dicitur,
2687 5060 2810 5102 cum
2857 5046 3125 5103 castitatis
3170 5061 3234 5101 ac
3268 5046 3543 5119 pudicitiae

1961 5140 2126 5196 fuerit
2157 5139 2440 5213 Splendore
2475 5138 2727 5193 decorata
2759 5154 2774 5192 :
2805 5147 2859 5194 et
2896 5136 2971 5191 ita
3004 5144 3151 5192 recte
3189 5134 3402 5193 dicetur
3428 5138 3546 5194 ani-

1962 5250 2050 5291 ma
2091 5233 2284 5288 sedens
2324 5247 2485 5307 super
2516 5231 2723 5286 asinam
2762 5227 3214 5302 resplendentem,
3253 5224 3541 5287 Dominum

1960 5327 2304 5394 benedicere,
2338 5325 2471 5381 etin
2498 5322 2675 5380 medio
2695 5322 2991 5379 laetantium
3015 5316 3237 5376 laudare
3262 5338 3406 5377 eum.
3434 5321 3543 5391 Qui

1969 5420 2177 5485 sedetis,
2202 5420 2297 5488 ait,
2322 5417 2374 5472 in
2390 5417 2618 5490 judicio,
2646 5427 2694 5472 et
2723 5410 3002 5470 ambulatis
3032 5414 3088 5469 in
3108 5415 3214 5484 via,
3246 5412 3544 5489 loquimini.

1970 5514 2112 5585 Quid
2136 5522 2219 5569 est
2246 5509 2433 5570 sedere
2462 5509 2514 5567 in
2547 5506 2750 5580 judicio
2794 5502 2902 5563 nisi
2933 5502 3201 5581 justitiam
3240 5524 3458 5565 servare
3484 5508 3541 5568 in

1964 5602 2257 5679 judicando
2275 5598 2563 5674 etquidem
2591 5598 2865 5655 ambulare
2886 5598 2942 5661 in
2968 5600 3092 5655 via?
3117 5601 3219 5657 nisi
3248 5602 3545 5658 secundum

1968 5706 2238 5773 praecepta
2269 5696 2363 5753 Dei
2403 5695 2541 5751 bene
2581 5693 2793 5764 operari
2823 5693 2879 5749 in
2907 5695 3158 5767 praesenti
3191 5696 3339 5751 vita?
3383 5695 3546 5755 Tales

1970 5790 2116 5851 enim
2141 5788 2208 5848 ad
2232 5786 2581 5859 loquendum,
2617 5784 2722 5842 hoc
2740 5792 2843 5855 est,
2882 5782 3208 5842 laudandum
3242 5787 3539 5845 exhortan-
