3986 6348
1808 220 1879 237 8.!"

439 315 579 377 1145

1112 309 1173 364 Β.
1214 307 1469 369 MBAN]
1508 308 1729 369 MAURI
1764 306 1985 366 ARCHI]

2126 305 2435 371 UOGUNT.
2472 311 2761 373 OPERUM
2792 313 2971 373 PARS
3005 314 3050 373 Ῑ.

3565 326 3739 384 ειμι

439 441 547 497 tur,
583 430 709 502 quia
739 427 842 500 ipsi
866 425 960 497 qui
983 439 1182 497 corpus
1202 441 1358 482 suum
1383 427 1652 499 castigant
1674 434 1731 483 et
1755 426 1985 482 cohibcn

2091 436 2244 491 vos,
2271 432 2332 479 ut
2359 426 2453 496 qui
2477 442 2618 483 nunc
2644 429 2787 498 capti
2825 436 2951 485 sunt
2978 430 3048 484 ab
3077 444 3267 489 errore
3294 441 3354 491 et
3378 436 3559 508 vitiis,
3588 443 3736 505 inde

436 543 467 580 a
492 524 750 597 peccatis,
786 536 850 577 ac
876 520 1024 592 juste
1058 518 1305 588 iudicant
1334 520 1612 589 proximos
1646 533 1795 585 suos,
1831 518 2017 575 incen-

432 619 675 688 duntque
716 615 777 671 in
816 614 908 670 via
955 611 1222 676 veritatis,
1260 621 1409 669 recte
1460 612 1730 669 credendo
1773 620 1831 668 et
1876 612 2016 668 bene

430 709 724 783 operando,
767 705 1055 764 Dominum
1087 706 1464 799 universorum
1496 705 1601 799 rite
1637 713 1692 799 et
1715 705 2016 799 rationabi-

428 804 555 860 liter
596 802 838 856 laudant.
877 798 980 867 Qui
1025 798 1170 854 enim
1206 795 1446 868 peccatis
1478 795 1814 863 deserviunt,
1849 797 2011 869 digne

426 898 716 955 Dominum
740 895 960 950 laudare
978 907 1085 948 non
1110 898 1354 963 possunt,
1382 889 1524 946 unde
1545 905 1643 960 per
1670 889 2011 959 psalmistam

425 989 624 1046 dicitur
649 1006 663 1041 :
688 984 839 1040 Beati
864 981 1188 1041 immaculati
1203 983 1259 1036 in
1278 981 1382 1047 cia,
1407 981 1497 1051 qui
1526 978 1799 1034 ambulant
1816 980 1873 1034 in
1898 978 2009 1051 lege

420 1078 661 1135 Domini.
693 1075 846 1130 Beati
870 1074 960 1145 qui
987 1080 1294 1127 scrutantur
1315 1072 1613 1126 testimonia
1645 1070 1794 1141 ejus,
1821 1071 1877 1124 in
1899 1079 2007 1124 toto

420 1166 579 1223 cor‘de
616 1166 893 1236 exquirunt
928 1178 1045 1217 eum
1075 1160 1257 1235 (Psal.
1290 1158 1515 1234 CXVIII).
1563 1159 1680 1216 Non
1723 1160 1871 1215 enim
1912 1159 2005 1231 qui

418 1264 715 1331 operantur
758 1254 1099 1324 iniquitatem
1148 1252 1205 1307 in
1250 1250 1353 1306 viis
1400 1249 1516 1319 ejus
1567 1250 1999 1305 ambulaverunt.

416 1348 489 1403 Et
518 1347 648 1402 alibi
686 1346 949 1416 scriptum
981 1350 1065 1398 est
1100 1360 1114 1397 :
1146 1339 1271 1394 Non
1301 1348 1377 1395 est
1408 1338 1632 1411 pulchra
1670 1338 1907 1395 laudatio
1945 1340 2002 1395 in

416 1456 507 1493 ore
538 1438 825 1510 peccatoris
852 1434 1044 1507 (Eccli.
1073 1432 1158 1504 ιι).

488 1527 587 1584 Ubi
618 1527 791 1584 collisi
827 1536 947 1583 sunt
990 1543 1209 1593 currus,
1250 1533 1297 1581 et
1334 1525 1560 1581 hostium
1595 1533 1672 1580 est
1708 1526 1999 1596 suffocatus

411 1622 693 1686 exercitus,
729 1620 801 1674 ibi
826 1628 1113 1674 narrantur
1126 1618 1353 1689 justitia:
1380 1617 1614 1684 Domini,
1644 1625 1692 1671 et
1723 1616 1996 1673 clementia

2118 515 2281 580 eruti,
2311 516 2557 573 veritatis
2589 526 2645 574 et
2664 518 2890 587 justitia:
2929 521 3129 592 captivi
3166 523 3323 580 ﬁant.
3352 527 3452 587 Ille
3486 547 3624 606 ergo
3654 540 3736 598 de

2116 603 2362 661 hostibus
2388 607 2761 677 captivitatem
2785 610 2888 666 rite
2912 612 3109 682 capiet,
3135 616 3230 686 qui
3255 619 3502 679 celestis
3522 603 3733 688 Dan-is

2114 711 2434 766 responsum
2461 708 2519 755 et
2548 700 2800 758 decorem
2835 711 2999 760 rectae
3032 706 3161 762 ﬁdei
3197 724 3263 765 ac
3285 711 3560 773 virtutum
3603 736 3727 778 ser-

2111 788 2337 844 vaverit.
2366 790 2437 845 Et
2469 799 2594 847 nota
2623 796 2767 865 quod
2804 796 2958 866 prius
2983 812 3209 869 surgere
3237 802 3514 875 Debbora,
3555 821 3616 868 et
3638 813 3725 870 lo-

2111 879 2204 951 qui
2234 881 2539 951 canticum,
2579 885 2769 941 deinde
2798 886 3011 947 Barach
3042 906 3293 965 surgere,
3318 905 3375 953 et
3399 904 3719 973 apprehen-

2111 973 2239 1029 dere
2264 976 2505 1045 captivos
2532 977 2920 1049 adhortantur;
2964 985 3091 1054 quia
3119 988 3361 1058 primum
3390 993 3545 1063 justo
3569 999 3717 1068 judi-

2110 1063 2195 1118 cio
2222 1064 2318 1121 Dei
2342 1064 2545 1124 factum
2570 1081 2686 1138 est,
2711 1073 2869 1144 juxta
2901 1074 3053 1132 Pauli
3082 1094 3297 1150 vocem,
3330 1094 3393 1141 ut
3421 1063 3712 1158 plenitudo

2108 1158 2347 1227 gentium
2390 1162 2655 1219 vaticinio
2702 1168 3092 1238 prophetarum
3132 1176 3395 1244 credens,
3438 1182 3507 1237 ad
3540 1182 3711 1242 fidem

2106 1247 2308 1306 Christi
2350 1253 2602 1321 intraret,
2654 1265 2710 1313 et
2760 1259 2840 1315 sic
2884 1262 3061 1318 omnis
3104 1265 3273 1323 Israel
3315 1271 3496 1328 salvus
3540 1276 3708 1334 ﬁeret

2105 1340 2283 1413 (Rom.
2312 1345 2413 1438 si).
2463 1347 2555 1405 Sic
2578 1364 2708 1423 ergo
2736 1361 2795 1408 ct
2828 1354 2886 1410 in
2919 1354 3024 1412 hoc
3064 1366 3309 1431 tempore
3338 1366 3589 1438 reliquiae
3623 1387 3711 1429 se-

2104 1434 2339 1488 cundum
2366 1435 2686 1496 electionem
2724 1444 2913 1514 gratiae
2950 1447 3115 1504 salva:
3154 1449 3314 1509 factae
3348 1434 3503 1525 sunt;
3551 1465 3711 1521 unde

2098 1527 2347 1596 sequitur
2376 1548 2388 1582 :
2421 1529 2593 1586 Salvte
2618 1533 2773 1602 facta:
2795 1546 2918 1591 sunt
2940 1538 3179 1612 reliquid:
3206 1547 3409 1616 populi,
3438 1549 3705 1612 Dominus

2098 1618 2156 1671 in
2176 1620 2400 1689 fortibus
2420 1622 2706 1681 dimicavit.
2732 1627 3158 1689 Persistentibus
3178 1650 3310 1709 ergo
3336 1640 3391 1694 in
3416 1639 3529 1698 ﬁde
3545 1643 3704 1700 Chri-

407 1711 467 1765 in
486 1711 649 1781 fortes
678 1708 870 1765 Israel.
898 1707 1021 1774 Ubi,
1049 1708 1260 1779 inquit,
1294 1706 1463 1763 collisi
1488 1716 1608 1763 sunt
1649 1724 1857 1774 currus,
1888 1708 1993 1764 hoc
2019 1773 2069 1798 -
2099 1705 2167 1762 sti
2217 1710 2494 1779 θροειοιίεν
2550 1721 2606 1769 εί
2652 1717 3101 1786 imm}maiorm“s
3155 1705 3461 1798 Ενᾶηεειίὶ,
3516 1736 3700 1795 mimi

407 1773 834 1870 est,da2monum
863 1773 1176 1856 confractus
1199 1773 1284 1855 εει
1304 1806 1649 1870 potentatus;
1686 1806 1734 1854 et
1764 1799 1990 1854 hostium
2018 1773 2069 1839 Β
2097 1810 2264 1872 atque
2298 1817 2492 1874 paruas
2528 1818 2940 1877 persecutorum
2982 1829 3081 1884 per
3118 1773 3445 1889 patienutiam
3479 1827 3704 1885 vincen—

406 1902 484 1949 est
502 1895 793 1963 stt/fucatus
819 1892 1097 1958 exercitus,
1128 1892 1491 1965 malignorum
1520 1892 1810 1964 spirituum
1836 1892 1991 1949 vide-

404 1984 533 2039 licet
572 1997 912 2054 compressus
953 1991 1037 2038 est
1073 1982 1350 2039 tumultus.
1395 1981 1479 2036 Ibi
1509 1991 1801 2037 narrantur
1826 1982 1993 2053 justi-

405 2075 494 2130 tia:
536 2073 767 2140 Domini,
801 2082 851 2127 et
894 2073 1168 2129 clementia
1203 2074 1258 2128 in
1299 2074 1462 2144 fortes
1505 2072 1708 2140 Israel,
1753 2074 1879 2144 quia
1916 2075 1990 2130 ibi

400 2164 687 2237 patefactae
727 2174 855 2222 sunt
883 2166 1113 2238 justitia:
1142 2164 1387 2235 Domini,
1416 2165 1509 2223 ubi
1535 2166 1764 2223 victoria
1801 2166 1867 2223 de
1894 2167 1991 2222 ho-

400 2258 576 2315 stibus
601 2257 796 2314 collata
816 2266 901 2315 est
925 2257 1142 2315 famulis
1163 2259 1398 2325 Christi;
1430 2258 1506 2314 ibi
1532 2267 1587 2315 et
1616 2258 1905 2315 clementia
1931 2258 1990 2314 in

398 2345 567 2405 fortes
605 2347 772 2405 Israel
804 2356 1062 2405 narratur
1083 2391 1097 2416 ,
1128 2351 1221 2406 ubi
1262 2350 1449 2407 ﬁdeles
1479 2350 1855 2407 misericordia
1886 2351 1987 2405 Dei

400 2441 567 2510 adjuti
613 2456 733 2497 esse
768 2442 1207 2499 manifestantur.
1249 2442 1439 2498 Merito
1466 2457 1596 2512 ergo
1637 2450 1767 2505 tunc
1803 2442 1989 2497 interi-

400 2541 489 2588 tus
526 2533 766 2588 hostium
812 2535 1176 2605 praedicatur,
1205 2534 1419 2605 quando
1462 2532 1710 2602 voluptas
1751 2532 1987 2588 carnalis

397 2625 745 2695 opprimitur,
769 2625 981 2695 justitia
1008 2626 1065 2681 in
1096 2624 1304 2693 judicio
1332 2632 1600 2689 servatur,
1631 2632 1687 2680 et
1718 2624 1986 2678 rectitudo

396 2717 523 2775 ﬁdei
560 2734 684 2776 cum
722 2719 879 2775 bonis
911 2718 1166 2789 operibus
1208 2715 1528 2774 custoditur.
1575 2715 1731 2773 Unde
1760 2713 1986 2785 subjun-

393 2819 595 2884 guntur
630 2830 643 2864 :
685 2808 830 2866 Tunc
865 2809 1130 2865 descendit
1161 2808 1386 2880 populus
1423 2806 1637 2862 Domini
1679 2806 1749 2861 ad
1778 2816 1983 2877 portas,

394 2911 442 2957 et
485 2902 709 2957 obtinuit
736 2901 1110 2972 principatum.
1150 2899 1255 2954 Per
1287 2896 1559 2967 justitiam
1598 2912 1728 2970 ergo
1754 2898 1984 2969 populus

393 2993 612 3051 Domini
628 3002 813 3065 portas
825 2992 1063 3049 hostium
1085 2992 1284 3061 capiet,
1301 2999 1357 3047 et
1371 2992 1579 3047 obtinet
1590 2990 1981 3061 principatum,

393 3087 519 3156 quia
546 3083 679 3141 illud
711 3084 1041 3141 sacriﬁcium
1073 3083 1302 3139 Domino
1335 3082 1671 3154 acceptabilc
1700 3092 1804 3149 est,
1840 3081 1985 3155 quod

392 3178 449 3234 in
490 3178 701 3249 justitia
746 3176 969 3232 oﬂ‘ertur
1016 3183 1074 3231 et
1119 3177 1394 3246 aequitate.
1451 3175 1746 3247 Propterea
1792 3174 1923 3231 dicit
1960 3190 1975 3231 :

392 3266 537 3322 Iusti
566 3266 850 3336 confortati
876 3275 997 3321 sunt
1027 3267 1082 3321 in
1111 3264 1304 3321 Israel.
1342 3265 1403 3320 In
1432 3264 1553 3321 aliis
1588 3265 1808 3337 quidem
1843 3281 1976 3336 gen-

394 3359 542 3414 tibus
565 3358 659 3429 qui
680 3357 924 3427 corporis
947 3356 1144 3410 robore
1171 3356 1426 3411 fortiores
1452 3363 1600 3420 sunt,
1627 3354 1706 3409 illi
1729 3362 1979 3426 potentes

393 3450 649 3509 dicuntur
676 3448 733 3503 in
760 3445 979 3517 proelio;
1004 3446 1061 3500 in
1093 3445 1259 3502 Israel
1278 3459 1409 3501 vero
1436 3443 1802 3516 quijustiores
1831 3453 1973 3512 sunt,

393 3542 497 3612 ipsi
538 3540 869 3613 potentiores
915 3539 1170 3594 dicuntur
1215 3538 1272 3593 in
1329 3536 1518 3605 bellis;
1570 3536 1695 3609 quia
1728 3534 1977 3606 justitia,

391 3633 603 3689 etiamsi
642 3631 849 3687 viribus
883 3630 1099 3686 inﬁrma
1138 3629 1231 3693 sit,
1277 3629 1479 3697 vincit;
1512 3627 1775 3700 injustitia
1823 3645 1976 3696 vero,

391 3725 609 3781 etiamsi
635 3723 835 3780 multos
858 3729 915 3779 et
938 3722 1147 3779 validos
1173 3728 1604 3793 propugnatores
1630 3721 1853 3788 habeat,
1887 3736 1979 3777 su—

390 3804 629 3891 peratur.
672 3809 764 3871 Sic
807 3815 972 3887 igitur
997 3815 1055 3870 in
1092 3815 1194 3869 hac
1227 3822 1387 3884 gente
1424 3820 1633 3879 nostra,
1680 3811 1734 3867 id
1774 3820 1875 3879 est,
1921 3812 1978 3869 in

391 3882 589 3991 populo
618 3912 747 3980 Dei,
793 3882 887 3966 aut
927 3924 1026 3982 per
1067 3882 1340 3979 justitiam
1369 3921 1706 3980 superamus,
1739 3917 1834 3965 aut
1876 3924 1979 3981 per

391 4005 713 4076 injustitiam
741 3995 1061 4059 vincimur}

466 4094 654 4165 Surge,
681 4111 861 4164 surge,
885 4093 1147 4159 Debbora,
1170 4109 1323 4165 surge
1346 4101 1396 4149 et
1411 4093 1660 4167 conquire
1688 4094 1973 4165 canticum.

389 4188 684 4258 Prophetia
740 4188 955 4257 quando
1014 4187 1296 4258 exsurgit?
1341 4186 1591 4244 Profecto
1625 4188 1682 4243 in
1738 4189 1974 4244 adventu

391 4278 626 4343 Christi,
653 4275 871 4347 quando
916 4276 1205 4345 implentur
1235 4277 1416 4333 omnia
1453 4294 1573 4349 quae
1614 4279 1682 4335 de
1719 4279 1834 4348 ejus
1880 4281 1975 4336 ad-

389 4378 555 4428 ventu
580 4368 785 4442 scripta
811 4376 966 4434 sunt,
998 4376 1056 4425 et
1094 4382 1202 4423 non
1232 4366 1409 4423 solum
1438 4369 1550 4439 ipsa
1584 4372 1848 4442 exsurgit,
1877 4373 1975 4428 sed

2095 1893 2263 1961 tibus,
2298 1895 2515 1952 Domini
2548 1899 2720 1957 virtus
2749 1902 3004 1973 innotuit,
3046 1916 3103 1964 et
3129 1908 3257 1965 inde
3286 1927 3400 1970 non
3431 1920 3599 1985 pauci
3634 1936 3702 1976 ex

2093 1983 2319 2042 Judaico
2360 1990 2556 2060 populo
2603 1993 2670 2047 ad
2703 1993 2863 2051 ﬁdem
2902 1997 3107 2055 Christi
3149 1983 3553 2062 convenerunt.
3592 2011 3704 2069 Nec

2093 2090 2201 2130 non
2258 2084 2313 2132 et
2357 2081 2599 2149 quotidie
2652 2084 2817 2157 aliqui
2861 2104 2928 2144 ex
2968 2089 3074 2148 illis
3112 2104 3553 2168 convertuntur,
3607 2105 3703 2160 sed

2090 2165 2352 2235 perfectio
2381 2173 2751 2245 conversionis
2780 2192 2967 2234 eorum
2980 2190 3104 2251 post
3130 2165 3545 2255 plenitudinem
3562 2208 3699 2264 gen-

2089 2257 2224 2312 tium
2251 2258 2645 2319 subintrantem
2675 2267 2729 2321 in
2758 2267 2865 2325 ﬁne
2887 2275 3281 2333 reservabitur.

2160 2349 2248 2405 Ea:
2282 2351 2538 2424 Ephraim
2572 2357 2759 2414 delevit
2796 2379 2883 2417 eos
2919 2365 2973 2418 in
3007 2365 3249 2425 Amalec.
3286 2369 3393 2428 Per
3427 2365 3699 2445 Ephraim

2088 2442 2254 2514 igitur
2279 2456 2415 2501 natu
2444 2448 2711 2507 minorem
2729 2492 2744 2520 ,
2785 2456 2873 2510 cui
2911 2454 3080 2515 Jacob
3109 2462 3430 2531 patriarcha
3461 2442 3695 2526 benedi.

2089 2547 2266 2603 cente,
2323 2541 2673 2615 primogeniti
2712 2547 2905 2607 collata
2946 2560 3033 2608 est
3080 2553 3349 2626 dignitas,
3399 2558 3583 2618 ﬁdelis
3626 2578 3697 2619 ex

2087 2629 2399 2685 nationibus
2422 2634 2653 2704 populus
2680 2638 3024 2711 designatur,
3067 2643 3123 2699 in
3152 2644 3367 2703 Christi
3398 2653 3579 2721 gratia
3596 2653 3690 2724 ju-

2087 2720 2210 2776 nior
2230 2729 2492 2794 tempore,
2521 2728 2619 2783 sed
2645 2729 2821 2798 major
2848 2732 2978 2800 ﬁde,
3011 2735 3080 2790 ad
3104 2752 3272 2807 quem
3292 2720 3497 2797 cuncta
3520 2720 3696 2802 Israc-

2084 2813 2221 2870 litici
2253 2816 2434 2889 populi
2459 2821 2633 2892 gratia
2662 2827 2930 2881 transivit.
2963 2826 3064 2883 llic
3095 2844 3230 2902 ergo
3262 2833 3460 2890 hostes
3485 2835 3693 2893 delevit

2083 2904 2140 2959 in
2156 2904 2401 2996 Amalec,
2443 2912 2571 2981 quia
2588 2928 2689 2983 per
2723 2916 2897 2972 zelum
2920 2917 3019 2974 Dei
3047 2929 3104 2977 et
3130 2922 3259 2978 ﬁdei
3280 2922 3690 2996 fortitudinem,

2086 2995 2450 3068 malignorum
2480 3003 2793 3073 spirituum,
2833 3008 2927 3078 qui
2966 3010 3266 3069 humanam
3293 3031 3521 3088 semper
3547 3019 3691 3077 desi-

2009 3138 2055 3204 C
2088 3086 2281 3144 derant
2301 3093 2621 3164 perniciem,
2650 3113 2874 3169 pravam
2899 3105 3305 3175 suggestionem
3327 3124 3359 3162 a
3389 3086 3690 3182 conspectu

2084 3183 2263 3238 cordis
2292 3185 2373 3240 sui
2412 3186 2594 3244 delere
2617 3190 2858 3247 student.
2903 3192 2974 3248 Et
3000 3205 3119 3265 post
3145 3214 3264 3251 eum
3301 3216 3370 3254 ea:
3395 3200 3688 3268 Benjamin

2079 3275 2136 3329 in
2164 3277 2390 3351 populos
2424 3287 2580 3348 tuos,
2621 3299 2665 3337 ο.
2704 3283 2976 3341 Amalech.
3004 3287 3110 3343 Per
3132 3288 3425 3358 Bem'amin,
3463 3296 3564 3363 qui
3604 3310 3680 3352 ex

2081 3366 2194 3423 ﬁlio
2229 3369 2430 3426 doloris
2482 3371 2538 3426 in
2578 3371 2752 3428 ﬁlium
2805 3375 3047 3433 dexterae
3080 3394 3259 3435 versus
3286 3389 3378 3436 est
3402 3421 3422 3448 ,
3463 3381 3686 3440 Paulus

2080 3458 2357 3528 apostolus
2396 3461 2732 3534 designatur,
2770 3466 2861 3540 qui
2894 3468 2966 3525 de
2986 3480 3336 3540 persecutore
3360 3473 3420 3529 in
3458 3484 3687 3547 aposto—

2080 3548 2191 3605 lum
2222 3554 2505 3610 vocatione
2543 3556 2642 3612 Dei
2672 3568 2896 3630 repente
2926 3571 3186 3629 mutatus,
3234 3579 3336 3621 vas
3387 3566 3685 3625 electionis

2080 3638 2297 3697 Christo
2323 3642 2547 3703 cll‘ectus
2584 3656 2668 3703 est
2710 3649 2849 3722 (Act.
2881 3653 2959 3724 ix)
2994 3673 3007 3708 :
3042 3655 3159 3726 ipse
3185 3657 3338 3713 enim
3378 3672 3440 3715 se
3476 3674 3543 3714 ex
3574 3660 3679 3715 hac

2080 3732 2224 3788 tribu
2262 3734 2427 3792 fuisse
2469 3745 2728 3806 testatur,
2786 3742 2883 3799 sed
2919 3743 3010 3799 hic
3053 3746 3120 3801 ad
3145 3747 3381 3818 populos
3418 3749 3681 3806 Amalech

2079 3823 2337 3880 delendos
2372 3835 2507 3882 nutu
2535 3829 2719 3887 divino
2756 3831 3056 3892 destinatus
3083 3846 3201 3905 est,
3233 3841 3370 3911 quia
3394 3858 3497 3915 per
3535 3844 3682 3901 hunc

2078 3916 2134 3971 in
2160 3919 2412 3989 gentibus
2441 3921 2681 3979 maxime
2709 3932 2765 3982 ct
2795 3926 3103 3987 idololatria
3130 3940 3186 3990 et
3225 3933 3443 3993 delusio
3475 3939 3680 3994 ermris

2077 4007 2331 4065 diabolici
2363 4011 2640 4072 destructa
2671 4024 2775 4073 cst.

2146 4099 2226 4156 De
2269 4101 2480 4159 Machir
2515 4110 2776 4185 principes
2809 4111 3189 4173 descenderunt
3222 4129 3273 4176 et
3302 4122 3374 4177 de
3410 4120 3670 4191 loculos,

2074 4192 2164 4262 qui
2192 4196 2476 4251 exercitum
2510 4199 2760 4257 ducerent
2803 4205 2873 4259 ad
2921 4206 3245 4275 bellandum.
3295 4213 3533 4280 Machir,
3573 4216 3676 4288 qui

2075 4282 2463 4356 interpretatur
2500 4292 2769 4361 restituet,
2804 4297 2921 4354 sive
2954 4302 3299 4371 venundavit,
3336 4316 3395 4361 et
3432 4318 3517 4363 est
3557 4282 3677 4381 pri-

2076 4380 2380 4449 mogenitus
2430 4382 2678 4444 Manasse
2722 4390 3070 4463 primogeniti
3118 4393 3349 4470 Ioseph,
3400 4401 3674 4472 significat

389 4473 447 4523 et
466 4463 691 4537 populos
724 4462 953 4519 suscitat
981 4460 1049 4518 ad
1077 4460 1439 4527 credendum;
1473 4458 1576 4517 hoc
1604 4468 1687 4516 est
1717 4463 1861 4518 enim
1896 4464 1975 4520 lo-
1996 4474 2053 4537 D
2078 4470 2333 4540 populum
2357 4474 2595 4543 priorem
2621 4479 2687 4533 de
2714 4458 2824 4550 quo
2850 4458 3145 4557 principes,
3174 4458 3283 4546 hoc
3306 4458 3411 4556 est,
3437 4458 3675 4562 ζῳδιοὶὶ

387 4559 481 4629 qui
504 4556 797 4620 canticum,
826 4562 887 4611 ut
905 4553 1114 4611 cunctis
1142 4552 1343 4612 Christi
1368 4554 1620 4626 gentibus
1647 4557 1974 4626 praedicetur

387 4644 759 4714 Evangelium.
795 4644 985 4717 Surge,
1034 4643 1265 4715 Baraclt,
1299 4656 1352 4701 et
1392 4649 1716 4723 apprehende
1745 4653 1973 4724 captivos

390 4748 530 4804 tuos,
561 4735 640 4806 [ili
676 4734 945 4791 Abinoem.
975 4736 1299 4795 Praedictum
1324 4749 1407 4794 est
1444 4743 1590 4813 quod
1622 4742 1852 4811 Barach,
1880 4745 1975 4816 qui

390 4830 785 4901 interpretatur
823 4830 1133 4897 coruscatio,
1169 4831 1502 4903 signiﬁcaret
1528 4835 1765 4906 priorem
1800 4852 1973 4909 popu-

390 4924 526 4989 lum,
553 4921 646 4991 qui
671 4920 741 4977 ad
758 4920 924 4976 breve
941 4927 1152 4994 tempus
1174 4926 1230 4980 in
1251 4924 1384 4995 legis
1415 4926 1701 4997 splendore
1721 4944 1976 4986 corusca-

390 5014 496 5083 vit,
531 5012 627 5071 sed
667 5026 774 5068 non
805 5010 895 5065 diu
922 5014 1249 5082 permansit,
1300 5030 1402 5071 nec
1440 5018 1753 5073 continuum
1798 5021 1975 5091 potuit

395 5102 532 5158 lucis
585 5101 832 5159 obtinere
876 5098 1179 5175 fulgorem,
1227 5104 1334 5160 Sed
1386 5122 1529 5161 nunc
1580 5107 1695 5178 ipse
1748 5125 1975 5183 surgere

394 5194 712 5249 exhortatur
736 5194 804 5248 ad
824 5189 1338 5265 apprehendendum
1358 5199 1604 5269 captivos
1630 5216 1777 5269 suos,
1807 5203 1976 5277 idem-

393 5300 500 5356 que
526 5284 668 5339 ﬁlius
695 5283 903 5340 Abinoe
925 5298 1045 5339 esse
1076 5295 1442 5355 memoratur;
1468 5280 1683 5348 Abinoe
1702 5295 1846 5348 enim
1873 5313 1973 5365 pa-

395 5378 489 5431 tris
520 5378 817 5446 responsio,
862 5376 948 5433 vel
991 5376 1157 5448 patris
1203 5379 1304 5431 mei
1342 5380 1519 5449 decor,
1559 5384 1970 5457 interpretatur.

394 5468 534 5537 Quid
576 5475 661 5525 est
698 5481 826 5538 ergo
863 5468 1007 5538 quod
1049 5467 1259 5525 Barach
1299 5470 1368 5524 ad
1411 5476 1971 5544 comprehendendum

398 5558 642 5627 captivos
680 5557 956 5625 incitatur,
992 5559 1100 5616 nisi
1138 5564 1281 5632 quod
1321 5562 1548 5633 populus
1581 5566 1835 5627 ludaicus
1875 5587 1973 5642 per

394 5647 563 5703 libros
603 5649 740 5722 legis
777 5665 841 5705 ac
868 5651 1254 5723 prophetarum
1293 5656 1359 5710 ad
1396 5653 1559 5710 ﬁdem
1598 5657 1796 5716 Christi
1843 5680 1972 5721 cou-

380 5734 537 5815 iverti
564 5740 913 5799 admonetur?
943 5741 1058 5805 Hoc
1086 5754 1169 5802 cst
1193 5749 1336 5803 enim
1368 5748 1774 5819 apprehendere
1796 5758 1967 5829 capti-

2076 4566 2132 4616 et
2168 4563 2418 4622 doctores
2455 4568 2746 4637 primitivae
2797 4572 3055 4633 Ecclesia:
3101 4580 3530 4651 descenderunt,
3576 4588 3683 4659 qui

2077 4653 2376 4711 ﬁdelissimi
2396 4661 2751 4731 pecuniarum
2781 4664 2997 4726 Domini
3027 4675 3310 4744 trapezita:
3346 4653 3675 4749 existentes,

2076 4747 2382 4802 naturalem
2414 4749 2587 4823 legem
2618 4762 2672 4809 et
2702 4771 2917 4814 morum
2956 4762 3285 4831 probitatem
3304 4805 3322 4831 ,
3379 4784 3505 4839 quae
3529 4747 3685 4840 pene

2076 4853 2174 4908 per
2212 4841 2537 4900 oblivionem
2570 4855 2733 4916 atque
2777 4852 3095 4910 abusionem
3130 4856 3189 4912 in
3216 4859 3533 4919 hominibus
3572 4865 3689 4920 ob-

2078 4928 2329 4986 litterata
2349 4942 2498 5001 sunt,
2524 4951 2622 5006 per
2641 4940 3008 5011 evangelicam
3037 4945 3485 5019 praedicationem
3508 4953 3683 5011 resti-

2077 5025 2302 5080 tuebant
2324 5034 2489 5098 atque
2511 5029 2562 5085 in
2572 5033 2861 5103 uovabant,
2893 5043 2950 5092 et
2974 5038 3234 5107 spiritalis
3259 5043 3468 5099 militia:
3492 5046 3671 5102 duces

2078 5113 2279 5181 ell'ccti,
2313 5117 2499 5174 hostes
2528 5119 2741 5177 fortiter
2774 5123 3141 5187 debellabant.
3176 5130 3441 5197 Similiter
3471 5146 3523 5190 et
3542 5135 3670 5191 Za-

2077 5207 2264 5275 bulon,
2295 5210 2386 5279 qui
2414 5211 2802 5284 interpretatur
2827 5217 3193 5277 habitaculum
3222 5226 3563 5296 fortitudinis,
3605 5238 3682 5286 et.

2079 5297 2346 5368 signiﬁcat
2402 5300 2699 5359 Ecclesiam
2763 5305 2830 5360 dc
2882 5311 3135 5382 gentibus
3182 5314 3535 5392 iortissinnm
3598 5321 3691 5378 ad

2080 5404 2295 5445 omnem
2328 5390 2671 5450 tolerantiam
2716 5399 3008 5469 passionis,
3038 5390 3205 5462 duces
3246 5407 3301 5463 in
3334 5408 3525 5479 pactio
3558 5410 3691 5468 Do—

2078 5481 2212 5536 mini
2239 5481 2305 5536 dc
2331 5498 2389 5538 se
2417 5485 2587 5553 dedit,
2609 5487 2732 5558 quia
2754 5491 3136 5574 praedicatores
3162 5497 3438 5571 Evangelii
3465 5509 3524 5556 et
3552 5518 3677 5574 spe

2078 5574 2348 5632 culatores
2380 5576 2552 5649 plebis
2586 5580 2681 5634 Dei
2710 5598 2779 5638 ex
2805 5598 2865 5639 se
2895 5572 3077 5653 misit,
3105 5590 3198 5658 qui
3220 5591 3463 5649 hostium
3487 5572 3698 5673 castra

2077 5663 2290 5723 fortiter
2313 5677 2677 5739 contererent,
2710 5683 2765 5733 et
2793 5676 2993 5735 milites
3021 5678 3226 5740 Christi
3250 5683 3451 5743 illaesos
3485 5666 3701 5747 custo-I

2076 5758 2127 5813 di
2136 5769 2271 5815 rent.
