3986 6348
250 318 399 383 “45‘

1221 310 1581 381 COMMENTQ
1618 314 1687 376 lN
1721 310 1851 375 LIB.
1891 316 2207 381 JUDICUM.
2242 316 2313 369 έ-
2344 319 2476 383 LIB.
2517 328 2562 385 ι.

3388 340 3530 399 1146

250 435 258 439 ⁴
319 437 503 493 Duces
526 419 749 494 Isachar
780 426 926 508 fuere
954 452 1073 493 cum
1112 437 1380 505 Debbora,
1419 447 1468 494 et
1505 436 1715 493 Barach
1744 422 1829 493 ve?
1857 438 1906 496 A
1934 433 2315 499 hmreticorum
2341 444 2628 514 pestiferas
2675 452 2854 505 sectas
2882 450 3055 522 sequi,
3103 464 3265 524 quam
3320 452 3526 518 Verita-

246 530 413 602 stigia
444 539 568 586 sunt
594 532 777 586 secuti.
804 530 1029 588 lsachar
1054 547 1203 605 ergo,
1231 548 1390 604 quem
1416 530 1583 590 Jacob
1606 534 1837 604 patriar-

245 621 353 679 cha
383 624 603 678 asinum
642 622 840 680 fortem
866 624 1155 696 appellavit
1178 622 1329 698 (Gen.
1361 625 1539 698 xux),
1578 634 1633 682 et
1661 627 1834 681 inter-

242 720 503 787 pretatur
528 733 740 783 merces,
764 716 1000 773 refertur
1021 716 1090 772 ad
1114 717 1368 789 populum
1391 721 1647 790 gentium,
1674 733 1835 789 quem

239 812 516 868 Dominus
542 809 819 881 sanguinis
848 808 931 864 sui
962 810 1136 881 pretio
1164 818 1250 866 est
1283 817 1576 866 mercatus.
1608 808 1708 866 Hic
1729 811 1835 866 isa-

238 906 382 962 char
408 905 599 961 asinus
628 901 785 960 fortis
810 902 1097 969 scribitur,
1136 902 1261 973 quia
1298 902 1448 972 prius
1484 901 1698 973 gentilis
1737 917 1835 973 po-

232 997 420 1068 pulus,
477 997 631 1067 quasi
679 997 900 1052 brutum
948 1003 1005 1050 et
1058 994 1393 1049 luxuriosum
1443 993 1644 1048 animal
1691 1001 1829 1061 erat,

232 1086 503 1158 nullaque
542 1088 753 1145 ratione
800 1086 1121 1151 subsistens,
1171 1100 1317 1143 nunc
1360 1101 1493 1141 vero
1532 1084 1685 1141 fortis
1722 1092 1829 1153 est,

232 1180 623 1251 Redemptoris
643 1180 894 1237 Dominio
923 1178 1061 1235 colla
1092 1177 1413 1249 subiiciens,
1443 1188 1499 1234 et
1526 1177 1717 1247 jugum
1743 1178 1828 1234 di-

228 1269 485 1340 sciplinae
527 1269 852 1340 evangelicae
896 1268 1180 1325 humiliter
1228 1283 1437 1338 gerens.
1486 1267 1658 1322 Duces
1703 1284 1828 1324 suos

226 1378 350 1416 cum
394 1362 642 1417 Debbora
693 1371 741 1417 et
790 1362 999 1416 Barach
1048 1362 1213 1426 misit,
1262 1360 1389 1430 quia
1435 1361 1826 1450 prophetarum

224 1457 393 1512 dictis
446 1465 505 1512 et
542 1456 975 1528 patriarcharum
1013 1454 1276 1525 exemplis
1323 1454 1622 1520 institutus,
1659 1454 1825 1512 duces

225 1548 447 1603 nobiles
488 1556 544 1603 et
587 1546 654 1601 ad
683 1546 993 1603 bellandum
1024 1552 1212 1623 contra
1251 1544 1501 1600 inimicos
1536 1554 1824 1615 castraque

222 1641 496 1697 Ecclesiae
538 1638 931 1696 defendendum
972 1638 1196 1695 idoneos
1223 1653 1292 1693 ex
1329 1653 1390 1694 se
1428 1639 1692 1705 reddidit,
1730 1639 1823 1710 qui

220 1751 325 1806 per
367 1735 555 1789 omnia
585 1735 825 1804 priorum
854 1741 1071 1804 patrum
1107 1732 1337 1804 vestigia
1378 1740 1658 1788 servantes
1679 1774 1694 1799 ,
1724 1747 1820 1787 ne

1939 543 2048 591 tem
2073 541 2520 594 testamentorum
2545 540 2662 596 Dei.
2692 540 2803 598 Hos
2825 544 2970 599 enim
2994 561 3185 618 greges
3209 550 3526 614 detestando

1934 643 2132 699 sponsa
2175 627 2230 684 in
2270 628 2493 687 Cantico
2528 633 2878 690 ‘canticorum
2934 636 3003 692 ad
3041 652 3297 710 sponsum
3344 643 3476 702 dicit
3505 663 3525 703 :

1934 719 2124 775 Indica
2145 720 2273 775 mihi
2299 738 2451 793 quem
2476 723 2647 796 diligit
2672 728 2852 782 anima
2867 745 3005 796 mea,
3036 731 3126 786 ubi
3176 749 3382 804 pascas,
3434 738 3529 795 ubi

1933 810 2085 866 cubes
2104 812 2162 867 in
2180 813 2417 879 meridie,
2461 832 2525 869 ne
2552 819 2735 889 vagari
2761 820 3009 891 incipiam
3039 840 3133 893 per
3153 841 3330 898 greges
3368 830 3526 885 soda-

1932 900 2291 956 liumtuorum
2319 901 2509 977 (Cant.
2536 905 2610 981 ι).
2657 907 2861 981 Greges
2902 927 3032 986 ergo
3080 916 3345 975 sodalium
3392 936 3523 978 con-

1930 997 2199 1053 venticula
2240 1007 2365 1055 sunt
2411 1001 2813 1069 haereticorum,
2867 1020 2984 1075 qua:
3031 1007 3250 1066 inanem
3301 1013 3519 1072 sibilum

1931 1091 2081 1155 dant,
2109 1102 2234 1145 cum
2262 1092 2603 1147 mendacium
2627 1109 2726 1164 pro
2770 1096 3000 1152 veritate
3026 1101 3139 1156 suis
3184 1103 3519 1165 auditoribus

1929 1179 2308 1234 commendare
2336 1182 2635 1249 decertant,
2666 1198 2805 1254 quos
2830 1187 3074 1258 quisquis
3099 1190 3167 1245 ab
3198 1193 3407 1252 unitate
3457 1198 3522 1254 ti-

1928 1266 2128 1323 delium
2163 1269 2369 1327 divisus
2398 1273 2665 1343 sequitur,
2723 1290 2849 1330 mox
2890 1291 2990 1346 per
3020 1281 3329 1350 superbiam
3383 1302 3519 1344 con-

1926 1360 2196 1415 tentiones
2224 1375 2431 1429 amare,
2457 1371 2512 1417 et
2535 1372 2725 1418 contra
2750 1365 2924 1422 bonos
2947 1368 3087 1425 odiis
3114 1386 3407 1446 exsurgere
3434 1378 3519 1433 in-

1924 1450 2159 1505 venitur.
2192 1451 2346 1508 Unde
2370 1453 2498 1509 item
2521 1457 2770 1525 superior
2795 1460 3063 1515 sententia
3093 1464 3394 1532 repetitur:
3420 1468 3518 1521 Di-

1888 1544 1899 1552 '
1923 1543 2030 1597 viso
2045 1552 2227 1598 contra
2249 1561 2304 1598 se
2324 1544 2526 1612 Ruben,
2550 1550 3007 1618 magnanimon
3024 1562 3228 1623 reperta
3250 1559 3509 1612 contentio

1923 1642 2033 1700 est;
2059 1636 2185 1705 quia
2207 1651 2315 1692 non
2341 1636 2515 1692 solum
2540 1636 2732 1706 Judaei,
2782 1641 2875 1696 sed
2923 1649 2978 1698 et
3024 1658 3211 1701 omnes
3271 1647 3514 1706 hmretici

1905 1732 2085 1794 atque
2107 1727 2460 1795 schismatici,
2485 1730 2577 1799 qui
2597 1720 2894 1799 primatum
2918 1732 3124 1790 habere
3168 1750 3266 1806 per
3317 1752 3513 1808 super-

218 1800 509 1897 quaquam
532 1827 587 1881 in
607 1827 811 1881 erroris
837 1825 989 1881 devia
1018 1821 1444 1893 declinaverunt,
1468 1826 1563 1881 Sed
1588 1835 1806 1881 mortem

1919 1816 2065 1872 biam
2092 1818 2355 1884 ambiunt,
2388 1828 2577 1875 contra
2600 1820 2900 1877 Ecclesiam
2949 1823 3129 1892 divisi,
3181 1826 3237 1880 in
3284 1836 3512 1885 conten-

217 1924 670 1983 contemnentes,
696 1931 796 1987 pro
822 1915 1053 1971 veritate
1084 1929 1258 1985 usque
1278 1914 1346 1970 ad
1366 1914 1531 1971 ﬁnem
1558 1915 1682 1970 vitae
1701 1930 1820 1971 cer-

214 2015 507 2063 taverunt.
542 2008 697 2064 Unde
730 2008 1075 2078 subsequitur
1112 2021 1127 2061 :
1173 2006 1278 2073 Qui
1322 2008 1473 2080 quasi
1502 2008 1557 2062 in
1590 2025 1817 2081 prwceps

211 2114 280 2152 ac
316 2098 636 2152 barathrum
678 2115 733 2153 se
774 2097 1067 2152 discrimini
1096 2097 1259 2151 dedit.
1294 2096 1450 2152 Nullo
1487 2099 1648 2153 modo
1687 2113 1818 2169 ergo

207 2198 463 2245 mortem
487 2190 678 2246 timere
708 2197 979 2262 poterant,
1018 2190 1108 2261 qui
1136 2191 1449 2259 sanguinem
1477 2207 1576 2260 pro
1600 2190 1817 2249 Christo

208 2279 455 2335 fundere
480 2276 890 2351 fdesiderabant.
932 2279 1113 2335 Divisa
1151 2288 1333 2335 contra
1362 2298 1416 2335 se
1456 2279 1662 2349 Ruben,
1703 2300 1816 2339 ma-

204 2372 591 2443 gnanimorum
619 2382 823 2443 reperta
852 2375 1115 2429 contentio
1145 2383 1241 2429 est.
1274 2375 1466 2430 Ruben
1492 2376 1585 2448 qui
1607 2377 1814 2447 primo-

210 2462 441 2532 genitus
495 2460 596 2515 fuit
638 2462 1157 2531 lsraelis,.priorem
1206 2465 1463 2534 populum
1520 2465 1809 2538 signiﬁcat,

207 2552 278 2606 de
303 2566 420 2622 quo
450 2550 712 2608 Dominus
731 2568 831 2623 per
860 2556 1182 2625 prophetam
1212 2557 1288 2611 ait
1326 2577 1338 2612 :
1382 2557 1468 2611 Ea:
1489 2557 1695 2630 Egypto
1723 2576 1813 2614 vo-

206 2642 325 2696 cavi
350 2642 764 2713 primogenitum
798 2659 973 2698 meum
999 2643 1175 2701 Israel
1202 2645 1349 2719 (Ose.
1381 2648 1490 2719 XI);
1518 2651 1612 2704 sed
1638 2649 1812 2708 diviso

206 2733 313 2790 hoc
353 2734 576 2801 Ruben,
623 2737 1092 2808 magnanimorum
1141 2750 1355 2810 reperta
1398 2741 1675 2797 contentio
1703 2751 1808 2811 est,

205 2825 337 2879 dum
368 2823 544 2881 Judaei
586 2840 617 2880 a
649 2826 907 2883 societate
934 2826 1198 2883 bonorum
1222 2830 1292 2885 ob
1316 2831 1601 2901 perfidiam
1628 2832 1806 2900 divisi,

204 2926 401 2974 contra
425 2918 699 2989 spiritales
717 2919 919 2976 milites
936 2918 1136 2976 Christi
1160 2922 1323 2989 bella,
1347 2923 1472 2980 lites
1487 2934 1650 2995 atque
1678 2942 1811 2981 con-

204 2999 489 3065 tentiones
514 3024 731 3081 semper
748 3010 948 3068 habere
977 3013 1377 3070 desiderabant.
1401 3015 1531 3072 inde
1556 3025 1640 3073 est
1662 3019 1808 3089 quod

203 3102 500 3170 pontiﬁces
538 3117 602 3160 ac
628 3103 904 3176 principes
941 3102 1249 3161 Iudaeorum
1290 3117 1483 3165 contra
1510 3111 1801 3181 apostolos,

1920 1910 2066 1966 tione
2095 1919 2259 1980 atque
2291 1912 2559 1968 discordia
2594 1927 2810 1985 semper
2858 1927 3251 1986 perseverant;
3292 1927 3348 1974 et
3399 1933 3511 1975 non

1919 2001 2090 2056 solum
2119 2003 2275 2059 bonis
2303 2003 2537 2070 adversi,
2571 2006 2665 2061 sed
2688 2014 2743 2061 et
2769 2006 3120 2078 sibimetipsis
3141 2009 3339 2080 ubique
3357 2010 3510 2066 noxii

1917 2096 2283 2164 reperiuntur.
2310 2096 2447 2154 Hinc
2480 2098 2737 2156 Salomon
2762 2101 2839 2157 ait
2868 2117 2883 2156 :
2912 2100 3064 2156 Inter
3083 2103 3331 2174 superbos
3370 2122 3508 2160 sem-

1916 2203 2028 2257 per.
2035 2187 2221 2259 jurgia
2247 2199 2369 2243 sunt
2396 2208 2414 2255 ;
2442 2191 2535 2261 qui
2554 2200 2729 2246 autem
2751 2203 2914 2265 agunt
2943 2204 3134 2251 cuncta
3154 2196 3391 2265 consilio,
3431 2214 3511 2253 re-

1913 2286 2109 2347 guntur
2143 2280 2399 2350 sapientia
2423 2281 2617 2353 (Prov.
2643 2285 2798 2357 xm).

1984 2366 2191 2426 Galaad
2214 2379 2358 2426 trans
2375 2371 2665 2429 Iordanem
2691 2376 3007 2447 quiescebat,
3029 2386 3078 2432 et
3120 2378 3244 2433 Dan
3282 2380 3506 2434 vacabat

1914 2459 2150 2515 navibus.
2184 2460 2414 2528 Quidam
2435 2464 2651 2520 codices
2677 2481 2776 2536 pro
2825 2463 3053 2534 Galaad,
3111 2466 3229 2524 Gud
3277 2470 3501 2527 habent.

1911 2547 1979 2604 Et
2000 2549 2129 2618 quid
2157 2566 2256 2620 per
2274 2552 2499 2620 Galaad,
2535 2554 2627 2624 qui
2674 2572 2890 2612 acervus
2915 2559 3061 2613 testis
3082 2559 3498 2630 interpretatur,

1912 2638 2026 2694 sive
2054 2637 2190 2704 Gad,
2229 2641 2325 2710 qui
2349 2643 2615 2698 accinctus
2642 2645 2860 2710 dicitur,
2897 2648 3002 2703 nisi
3029 2648 3362 2707 Israeliticus
3398 2667 3500 2723 po-

1911 2727 2068 2797 pulus
2097 2730 2411 2801 designatur
2433 2733 2526 2803 qui
2562 2734 2702 2790 bene
2728 2751 2957 2793 acervus
2998 2740 3153 2795 testis
3179 2741 3295 2796 sive
3319 2744 3503 2798 accin-

1909 2828 2029 2876 ctus
2066 2821 2198 2877 dicit
2224 2830 2424 2893 potbst,
2454 2826 2581 2896 quia
2612 2826 2782 2884 Vetus
2808 2828 3215 2887 Testamentum
3267 2833 3324 2888 in
3380 2832 3501 2905 lege

1908 2923 1964 2969 et
1986 2915 2267 2985 prophetis
2289 2912 2659 2990 conscriptum
2688 2921 2913 2989 habens,
2963 2923 3089 2980 inde
3115 2937 3175 2980 se
3208 2931 3385 2981 tutum
3419 2933 3501 2981 at-

1907 3020 2013 3077 que
2068 3006 2306 3078 undique
2356 3009 2624 3065 munitum
2685 3010 2806 3068 fore
2852 3000 3216 3082 ’confldebat;
3265 3017 3361 3073 sed
3407 3016 3501 3072 hic

1908 3104 2059 3155 trans
2077 3095 2369 3156 Iordanem
2395 3102 2727 3172 quiescebat,
2752 3104 2879 3175 quia
2900 3104 3043 3162 bona
3066 3109 3351 3178 praesentis
3368 3110 3499 3166 vitae

202 3191 315 3247 imo
368 3201 562 3249 contra
603 3194 781 3265 ipsum
832 3194 1118 3251 Dominum
1162 3197 1445 3254 consilium
1475 3200 1715 3257 inierunt
1748 3202 1803 3258 in

1909 3176 1962 3244 et
1988 3204 2172 3245 rerum
2199 3166 2581 3249 abundantiam
2609 3166 2859 3268 diligens,
2885 3166 3131 3255 sufﬁcere
3164 3200 3269 3256 sibi
3290 3201 3359 3257 ad
3410 3215 3498 3256 sa-

202 3280 353 3351 dolo,
386 3286 661 3356 quomodo
688 3300 782 3343 eos
810 3288 1123 3357 perderent,
1152 3290 1296 3345 sicut
1320 3289 1519 3363 legitur
1538 3293 1595 3347 in
1626 3292 1805 3348 Evan-

200 3375 365 3447 gelio,
402 3378 548 3446 quod
570 3379 842 3449 principes
862 3383 1206 3437 sacerdotum
1239 3389 1294 3437 et
1326 3397 1490 3440 omne
1513 3384 1803 3442 concilium

202 3476 520 3537 quaererent
562 3468 756 3524 falsum
816 3471 1182 3527 testimonium
1229 3484 1419 3530 contra
1469 3475 1687 3545 Jesum,
1741 3487 1804 3535 ut

198 3573 326 3614 eum
359 3560 529 3615 morti
568 3561 867 3617 traderent.
912 3561 1131 3629 (Matth.
1173 3557 1346 3638 sxw):
1380 3567 1451 3622 Et
1476 3566 1532 3622 in
1575 3569 1801 3627 Actibus

199 3652 575 3723 apostolorum
603 3655 863 3726 scriptum
890 3664 973 3711 est
986 3658 1128 3727 quod
1150 3667 1336 3714 contra
1360 3661 1635 3731 apostolos
1664 3678 1798 3718 con-

197 3754 565 3816 gregarentur
589 3748 867 3819 principes
902 3755 959 3803 et
987 3750 1230 3807 seniores
1263 3759 1318 3806 et
1352 3752 1542 3809 scribae
1581 3751 1797 3810 Iudaeo-

198 3853 327 3894 rum
362 3839 420 3893 in
448 3833 806 3906 Hierusalem,
835 3849 890 3896 et
914 3840 1103 3898 Annas
1131 3843 1387 3914 princeps
1428 3845 1796 3913 sacerdotum,

195 3937 255 3985 et
280 3946 285 3951 ‘
308 3928 548 3999 Caiphas
591 3937 647 3986 et
688 3927 947 3998 Joannes,
985 3940 1041 3987 et
1072 3930 1398 4000 Alexander,
1428 3943 1483 3988 et
1531 3942 1799 4006 quotquot

195 4029 363 4075 erant
410 4021 477 4076 de
510 4036 709 4093 genere
745 4023 1067 4078 sacerdotali
1099 4022 1237 4096 (Act.
1283 4023 1380 4096 1v).
1425 4024 1795 4096 Magnanimo-

196 4127 322 4169 rum
365 4128 495 4185 ergo
548 4113 618 4168 ibi
685 4122 901 4183 reperta
940 4116 1212 4171 contentio
1252 4124 1365 4182 est,
1424 4117 1517 4172 ubi
1580 4116 1656 4173 illi
1701 4120 1795 4190 qui

197 4205 440 4275 majores
472 4204 799 4261 videbantur
832 4219 952 4261 esse
982 4207 1037 4260 in
1065 4206 1265 4278 populo
1300 4206 1634 4277 Judaeorum,
1668 4225 1794 4267 cum

199 4307 405 4354 caetera
459 4298 617 4353 turba
672 4312 773 4369 per
820 4296 1128 4369 superbiam
1178 4299 1438 4356 adversus
1503 4302 1793 4358 veritatem

199 4387 480 4461 Evangelii
522 4397 581 4445 et
618 4388 922 4445 doctrinam
956 4388 1331 4460 apostolorum
1371 4390 1788 4448 contendebant.

201 4480 463 4552 Sequitur
482 4492 500 4534 :
882 4572 890 4574 Δ
1808 4511 1866 4574 D

271 4568 453 4639 Quare
471 4571 679 4628 habitas
699 4571 838 4626 inter
855 4572 987 4626 duos
1009 4575 1276 4640 terminos,
1302 4583 1359 4628 ut
1383 4576 1574 4632 audias
1616 4579 1799 4643 sibilo;

198 4681 417 4736 gregum
442 4665 468 4718 1’
487 4663 683 4737 Arguit
705 4663 829 4719 illos
847 4663 952 4718 hac
973 4667 1241 4720 sententia
1265 4666 1358 4736 qui
1393 4669 1560 4724 variis
1607 4687 1796 4744 super-

199 4754 512 4810 stitionibus
538 4754 726 4820 dediti,
753 4768 854 4810 nec
886 4754 991 4825 legi
1018 4770 1120 4812 nec
1147 4755 1438 4827 Evangelio
1463 4765 1793 4823 concordare

199 4845 471 4900 volebant.
503 4844 614 4899 Hos
637 4843 783 4899 enim
805 4847 1067 4902 terminos
1088 4844 1490 4919 hicintelligere
1507 4848 1788 4923 debemus,

198 4938 342 4993 unde
371 4937 497 4992 alibi
520 4937 780 5007 scriptum
807 4946 928 4994 est:
963 4938 1046 4994 Ne
1092 4941 1497 5011 transgrediaris
1541 4945 1787 5002 terminos

199 5039 409 5098 patrum
454 5038 663 5083 tuorum
694 5026 886 5100 (Prov.
926 5030 1097 5103 χχιι).
1152 5029 1264 5087 Lex
1310 5032 1453 5088 enim
1491 5041 1647 5091 vetus
1689 5052 1788 5093 suo

202 5127 442 5192 tempore
469 5121 807 5177 observanda
834 5129 975 5188 erat,
997 5121 1090 5177 sed
1115 5137 1224 5177 non
1264 5121 1435 5178 solum
1480 5123 1685 5183 Scriba:
1730 5138 1787 5186 et

200 5206 457 5265 Pharisaei
482 5209 596 5266 suis
623 5209 1002 5267 traditionibus
1024 5225 1144 5266 eam
1174 5212 1600 5281 maculaverant,
1650 5218 1782 5287 quin

200 5301 360 5357 etiam
414 5310 669 5358 caeterum
721 5302 915 5373 vulgus
958 5302 1207 5375 plurimis
1260 5308 1781 5378 transgressionibus

202 5406 315 5448 eam
349 5393 690 5466 poliuerunt;
739 5410 841 5451 nec
898 5404 1077 5452 tamen
1124 5397 1374 5453 veniente
1419 5398 1781 5471 Redemptore

201 5493 406 5549 nostro,
451 5493 505 5539 et
536 5484 853 5553 lucesceute
898 5501 997 5557 per
1048 5494 1219 5543 totum
1269 5489 1456 5545 orbem
1511 5499 1780 5550 terrarum

202 5571 511 5646 Evangelio,
538 5590 598 5631 se
640 5579 883 5635 converti
934 5579 1004 5636 ab
1052 5596 1239 5637 errore
1287 5581 1353 5636 ad
1406 5582 1780 5652 paenitentiam

202 5666 471 5735 volebant,
505 5677 670 5739 atque
699 5671 767 5725 ad
802 5673 1030 5742 gratiam
1066 5673 1268 5731 Christi
1302 5674 1611 5747 confugere,
1667 5691 1781 5731 ma-

205 5755 387 5831 gisque
438 5759 718 5832 elegerunt
760 5761 945 5822 sibilos
990 5781 1215 5840 gregum
1268 5768 1478 5836 audire,
1524 5768 1630 5826 hoc
1674 5776 1779 5838 est,

1904 3283 2073 3338 lutem
2095 3285 2369 3352 credebat,
2400 3294 2455 3341 et
2484 3286 2603 3343 ideo
2624 3295 2775 3343 trans
2798 3287 3092 3345 Iordanem
3115 3291 3368 3364 progredi
3395 3308 3498 3347 no-

1902 3373 2072 3440 lebat,
2101 3376 2227 3446 quia
2250 3377 2505 3449 baptismi
2528 3378 2761 3450 gratiam
2789 3392 3076 3451 respuens,
3110 3382 3251 3439 bona
3298 3380 3495 3440 futurae

1901 3469 2026 3522 vitae
2046 3482 2292 3536 quaerere
2314 3470 2462 3524 nullo
2487 3471 2647 3526 modo
2672 3472 2919 3527 curabat.
2950 3472 3065 3527 Dan
3100 3488 3231 3544 ergo
3264 3474 3496 3530 vacabat

1901 3558 2150 3619 navibus.
2181 3558 2252 3613 Et
2272 3562 2399 3631 quia
2421 3575 2520 3631 per
2540 3563 2677 3629 Dan,
2706 3565 2800 3633 qui
2813 3564 3082 3634 judicium
3125 3566 3212 3623 vel
3238 3566 3495 3637 judicans

1901 3650 2312 3723 interpretatur,
2341 3654 2443 3710 hoc
2477 3654 2598 3711 loco
2630 3656 2824 3712 melius
2850 3672 3012 3727 quam
3035 3658 3266 3730 populus
3294 3660 3487 3719 Eccle-

1900 3741 1996 3795 sia:
2017 3743 2188 3813 accipi
2211 3751 2414 3815 potest.
2454 3744 2554 3814 Qui
2581 3755 2728 3803 recte
2768 3748 3032 3820 judicium
3081 3751 3196 3808 sive
3238 3751 3492 3824 judicans

1897 3833 2231 3902 nominatur,
2281 3836 2407 3907 quia
2455 3834 2745 3906 iudiciaria
2792 3850 3038 3910 potestas
3084 3842 3164 3898 illi
3191 3858 3223 3898 a
3260 3842 3525 3903 Domino'

1897 3924 2089 3981 collata
2111 3941 2229 3983 esse
2252 3927 2485 3984 videtur.
2530 3928 2684 3987 Unde
2722 3932 2980 4002 apostolis
3016 3933 3136 4005 ipsa
3171 3935 3384 3992 Veritas
3431 3936 3490 3993 in

1896 4016 2189 4088 Evangelio
2224 4018 2301 4074 ait
2330 4037 2343 4074 :
2376 4019 2543 4075 Amen
2557 4020 2677 4077 dico
2714 4022 2874 4088 vobis,
2898 4025 3039 4096 quod
3059 4041 3149 4080 vos
3192 4027 3284 4098 qui
3323 4028 3488 4083 secuti

1894 4112 2018 4166 estis
2053 4127 2135 4166 me
2164 4112 2221 4167 in
2254 4112 2659 4182 regeneratione,
2686 4131 2806 4168 cum
2832 4115 3024 4171 sederit
3062 4115 3235 4171 Filius
3258 4118 3486 4174 hominis

1892 4202 1951 4255 in
1985 4201 2106 4256 sede
2132 4202 2423 4272 majestatis
2463 4218 2593 4270 suta,
2617 4202 2860 4259 sedebitis
2909 4214 2957 4259 et
3001 4222 3088 4260 vos
3138 4223 3296 4278 super
3337 4209 3484 4264 sedes

1893 4292 2199 4359 duodecim,
2217 4293 2519 4364 judicantes
2541 4295 2815 4351 duodecim
2851 4297 3017 4352 tribus
3048 4297 3220 4352 Israel
3265 4296 3480 4369 (Matth.

1892 4400 1987 4440 xxx
2007 4382 2049 4456 ).
2077 4386 2147 4441 Et
2159 4386 2212 4441 in
2222 4386 2542 4460 Apocalypsi
2558 4388 2750 4459 viginti
2768 4396 3003 4458 quatuor
3023 4388 3266 4442 seniores
3285 4387 3480 4441 seden-
3551 4450 3559 4458 ε

1893 4483 1977 4533 tes
2004 4477 2061 4532 in
2087 4478 2303 4535 sedibus
2331 4480 2444 4534 suis
2472 4478 2726 4547 descripti
2748 4485 2874 4533 sunt
2912 4476 3111 4549 (Apoc.
3135 4474 3243 4550 1v),
3274 4483 3336 4531 ut
3356 4491 3483 4533 san-

1897 4581 2000 4630 ctae
2024 4571 2282 4627 Ecclesiae
2309 4570 2563 4642 dignitas,
2602 4584 2723 4641 quze
2761 4585 2830 4626 ex
2878 4569 3205 4640 patriarcbis
3254 4577 3311 4624 et
3358 4585 3482 4641 apo-

1897 4662 2051 4719 stolis
2077 4662 2358 4733 progenita
2382 4670 2484 4728 est,
2511 4646 2611 4733 per
2637 4663 2779 4718 hanc
2807 4661 3107 4718 sessionem
3164 4663 3219 4717 in
3267 4663 3478 4720 caelesti

1895 4768 2063 4824 regno
2084 4752 2438 4822 exprimatur.
2464 4751 2591 4810 Haec
2608 4768 2739 4824 ergo
2766 4762 2924 4810 vacat
2951 4754 3198 4819 navibus,
3258 4756 3385 4828 quia
3421 4757 3477 4812 in

1891 4845 2135 4918 periculo
2160 4849 2445 4917 praesentis
2467 4846 2593 4902 vita:
2633 4848 2947 4915 constituta,
2988 4849 3247 4921 mysterio
3295 4847 3477 4905 Domi-

1891 4937 2027 4994 nicaa
2052 4937 2230 4994 erucis
2254 4938 2514 5005 innitens,
2541 4938 2835 5008 procellam
2868 4941 3328 5012 persecutionum,
3373 4955 3474 5010 per

1891 5027 1987 5084 Dei
2017 5028 2468 5097 misericordiam,
2495 5044 2753 5101 superare
2795 5032 3099 5097 contendit;
3155 5044 3256 5087 nec
3294 5044 3400 5086 non
3438 5047 3473 5089 a

1889 5121 2121 5177 terrenis
2171 5122 2401 5192 negotiis
2439 5135 2638 5178 vacans
2683 5136 2783 5193 per
2822 5123 3207 5196 praedicatores
3252 5130 3470 5178 sanctos

1887 5219 2005 5267 rete
2030 5210 2305 5284 Evangelii
2335 5213 2388 5267 in
2418 5227 2570 5269 mare
2613 5213 2770 5269 istius
2801 5214 2988 5270 mundi
3025 5212 3212 5277 mittit,
3267 5220 3329 5266 ut
3375 5212 3470 5266 ho-

1888 5303 2063 5358 mines
2088 5302 2157 5357 ab
2183 5302 2341 5358 undis
2370 5303 2692 5360 turbulentis
2713 5304 2892 5361 surculi
2917 5312 3103 5358 erutos
3144 5303 3212 5358 ad
3256 5309 3467 5373 portam

1885 5392 2082 5464 quietis
2110 5401 2167 5450 et
2185 5392 2253 5448 ad
2280 5392 2585 5450 libertatem
2612 5394 2806 5451 futurae
2829 5394 3019 5465 patriae
3051 5392 3333 5463 perducat.

1952 5485 2085 5540 Aser
2105 5483 2372 5540 habitabat
2395 5487 2453 5541 in
2476 5484 2646 5541 littore
2663 5486 2845 5552 maris,
2871 5494 2920 5540 et
2940 5485 2997 5539 in
3014 5483 3265 5555 portubus
3289 5497 3469 5537 mora-

1886 5578 2061 5634 batur.
2081 5577 2235 5645 Aser,
2268 5579 2359 5649 qui
2385 5579 2647 5635 beatitudo
2669 5579 3076 5650 interpretatur,
3109 5576 3312 5633 nullum
3344 5590 3465 5631 me-

1884 5672 1989 5729 lius
2015 5686 2179 5743 quam
2213 5672 2628 5744 Redemptorem
2654 5677 2898 5728 nostrum
2926 5670 3234 5743 signiﬁcare
3252 5673 3459 5740 potest,

1886 5765 1941 5822 in
1979 5779 2087 5836 quo
2116 5773 2201 5822 est
2227 5764 2384 5822 nobis
2407 5779 2530 5837 spes
2549 5770 2766 5820 aeterna:
2792 5762 3161 5832 beatitudinis,
3186 5761 3304 5818 sine
3349 5770 3467 5831 quo.
