3986 6348
210 348 365 445 τιιά

1158 369 1514 437 contuear.
1552 376 1621 437 IN
1658 377 1788 438 LIB.
1827 370 2142 442 JUDiCUM.
2177 416 2247 431 --
2282 366 2410 445 Lis.
2452 360 2492 444 ιζ

3309 358 3471 479 sisui

185 496 493 556 motorum
537 501 599 549 ut
646 490 959 550 contemnat
1008 491 1271 550 saevitiam
1330 501 1761 566 persecutorum,
1789 490 1845 557 Λ
1867 494 1976 568 xi).
2008 497 2145 553 Hinc
2171 499 2365 558 Paulus
2397 503 2453 559 in
2486 501 2712 561 Actibus
2750 476 3116 576 apostolorum
3154 476 3454 576 testificaris

187 590 277 662 qui
303 588 432 643 licet
451 590 670 658 contus,
709 588 812 642 hoc
853 596 958 652 est,
1010 601 1127 642 rem
1171 587 1579 657 corruptibilem
1623 588 1765 643 occi-

188 682 311 739 dere
331 679 561 751 possint,
592 678 829 737 animum
859 686 1040 734 tamen
1060 677 1179 734 sine
1197 679 1307 737 line
1327 670 1636 736 manentem
1669 696 1766 737 ne-

189 787 312 829 care
337 787 446 826 non
470 778 696 841 possunt
725 770 951 843 (Matth.
981 770 1067 844 ι).
1096 768 1338 843 Ungulis,
1372 771 1570 844 inquit,
1602 789 1764 845 equo-

187 880 300 918 rum
320 861 619 923 ceciderunt
664 862 980 933 fugientibus
1012 862 1228 934 impetu.
1274 858 1412 931 Quid
1441 864 1586 918 enim
1622 862 1768 919 desi-

187 965 378 1030 gnatur
406 971 509 1026 per
535 958 789 1027 ungulam
816 956 963 1027 equi,
1005 957 1109 1012 nisi
1150 956 1274 1012 linis
1314 957 1566 1027 superbi?
1612 957 1767 1014 Cadit

186 1065 311 1119 ergo
336 1049 537 1121 ungula
562 1049 690 1119 equi
727 1047 830 1103 sub
849 1046 1166 1121 fugientium
1192 1049 1412 1119 impetu,
1445 1064 1568 1104 cum
1591 1050 1769 1105 omnis

188 1140 543 1209 superborum
571 1140 932 1205 contumacia,
962 1153 1084 1209 quae
1112 1155 1198 1195 res
1224 1141 1455 1196 caducas
1484 1148 1539 1195 et
1587 1140 1772 1212 fugiti-

186 1245 281 1285 vas
317 1231 582 1300 sequitur.
631 1230 687 1285 in
722 1230 848 1298 ﬁne
893 1231 1176 1302 praesentis
1242 1231 1371 1286 vita:
1433 1233 1766 1301 conteritur;

188 1330 450 1391 ruentque
502 1322 787 1377 fortissimi
853 1323 1091 1377 hostium
1132 1324 1185 1377 in
1239 1337 1501 1394 praeceps,
1554 1326 1772 1395 quando

188 1422 305 1485 post
332 1413 538 1469 factum
560 1413 823 1482 judicium
844 1414 1138 1484 disperient
1178 1415 1244 1470 de
1290 1417 1509 1471 civitate
1559 1416 1773 1472 Domini

187 1523 372 1565 omnes
401 1510 495 1581 qui
537 1518 834 1580 operantur
880 1510 1241 1580 iniquitatem,
1288 1519 1344 1564 et
1396 1510 1776 1582 demergentur

186 1604 239 1658 in
268 1603 543 1660 infernum
562 1620 753 1661 omnes
770 1612 959 1677 gentes
1002 1620 1124 1676 qua:
1164 1605 1558 1660 obliviscuntur
1594 1605 1777 1661 Domi-

185 1710 334 1751 num.

1862 587 2059 646 ludatis
2084 589 2267 648 Iesum
2305 610 2427 651 esse
2463 595 2741 652 Christum
2770 616 2782 652 :
2810 597 3298 667 Contradicentibus
3347 623 3452 662 au-

1862 691 1962 737 tem
1996 684 2103 739 illis
2148 693 2199 740 et
2249 685 2746 755 blasphemantibus,
2800 691 3067 747 excutiens
3126 694 3453 769 uestimenta,

1863 772 1999 829 dixit
2028 775 2098 829 ad
2122 792 2210 831 eos
2229 793 2249 833 :
2271 776 2503 850 Sanguis
2532 787 2697 834 vester
2728 780 2793 836 sit
2833 798 2991 859 super
3011 792 3167 855 caput
3203 796 3452 857 vestrum,

1865 866 2094 921 mundus
2114 884 2207 939 ego
2229 885 2294 924 ea:
2326 869 2423 923 hoc
2449 870 2519 923 ad
2544 880 2722 941 gentes
2751 871 2941 927 vadam
2983 871 3130 947 (Act.
3154 877 3347 949 xvm).

1896 986 1901 991 λ
1937 957 2219 1015 Benedicta
2240 962 2377 1015 inter
2403 960 2646 1018 mulieres
2675 961 2815 1031 Jael,
2842 981 2977 1019 uxor
3003 966 3141 1021 Aber
3162 965 3332 1037 Cinei,
3371 969 3457 1026 be—

1868 1049 2147 1105 nedicatur
2174 1052 2229 1105 in
2252 1052 2588 1107 tabernaculo
2626 1071 2744 1109 suo.
2796 1053 3042 1112 Diximus
3090 1073 3255 1130 supra
3315 1060 3457 1132 quod

1869 1139 2150 1213 Jael,qute
2188 1142 2573 1216 interpretatur
2612 1150 2869 1214 ascensio,
2921 1148 3033 1204 sive
3083 1153 3283 1223 requies
3334 1151 3454 1220 Dei,

1872 1236 2200 1309 signiﬁcaret
2230 1238 2525 1295 Ecclesiam
2550 1255 2616 1296 ex
2642 1241 2893 1312 gentibus
2918 1253 3318 1316 congregatam,
3338 1260 3459 1318 qua:

1874 1325 2101 1386 ascensu
2131 1332 2392 1387 virtutum
2415 1333 2469 1387 in
2505 1333 2734 1390 sublime
2775 1334 3074 1401 extollitur,
3114 1346 3185 1413 et.
3207 1337 3263 1393 in
3307 1340 3461 1413 cujus

1874 1425 2287 1479 mansuetudine
2322 1434 2485 1505 atque
2512 1426 2791 1481 devotione
2822 1425 3055 1497 Spiritus
3088 1426 3181 1483 Dei
3214 1432 3459 1500 requies-

1876 1533 2002 1576 cere
2047 1521 2395 1592 dignoscitur.
2461 1522 2587 1578 Haec
2618 1523 2761 1583 inter
2805 1524 3059 1581 mulieres
3101 1525 3459 1593 benedicitur,

1878 1608 2005 1680 quia
2036 1611 2104 1665 ab
2125 1611 2376 1667 omnibus
2404 1613 2606 1667 sanctis
2639 1614 2921 1669 animabus
2945 1623 3246 1686 opportune
3278 1612 3464 1667 lauda-

1880 1710 1987 1771 tur,
2019 1720 2137 1776 qua:
2164 1707 2327 1761 etiam
2352 1705 2452 1761 fuit
2499 1723 2637 1762 uxor
2683 1707 2829 1762 Aber
2864 1706 3036 1773 Ciuei,
3083 1724 3207 1763 cum
3259 1704 3464 1762 Christi

257 1786 559 1844 Maledieite
577 1798 731 1845 terra:
752 1788 955 1854 Heroa,
978 1789 1113 1845 dixit
1137 1788 1353 1862 angelus
1370 1789 1602 1858 Domini;
1618 1790 1779 1847 male-
1805 1858 1851 1877 ἰ
1880 1796 2026 1866 regis
2054 1804 2108 1852 et
2145 1797 2358 1854 Domini
2385 1799 2554 1854 nostri
2606 1799 3014 1872 triumphatoris
3048 1800 3232 1877 utique
3274 1800 3466 1855 mortis

187 1876 343 1932 dicite
361 1879 746 1934 habitatoribus
771 1881 906 1950 ejus,
935 1881 1058 1953 quia
1087 1899 1191 1937 non
1234 1892 1479 1937 venerunt
1515 1882 1586 1938 ad
1626 1884 1778 1940 anxio
1805 1858 1855 1925 Β
1882 1904 2077 1963 sponsa
2106 1890 2440 1947 nobilissima
2470 1906 2589 1946 esse
2617 1858 2968 1969 praedicatur;
3004 1858 3304 1949 nam.Aber
3346 1908 3481 1959 cer-_

185 1969 312 2024 lium
341 1971 580 2037 Domini,
600 1972 658 2027 in
679 1972 1005 2043 adjutorium
1028 1973 1435 2043 fortissimorum
1467 1975 1601 2046 ejus.
1640 1970 1778 2043 Quid

181 2078 281 2135 per
309 2070 513 2119 terram
543 2064 741 2131 Meroz,
765 2066 869 2121 nisi
898 2066 1194 2122 vanitatem
1227 2068 1382 2123 istius
1434 2068 1639 2132 mundi,
1692 2066 1779 2123 vel

182 2155 390 2211 nmium
404 2157 794 2212 desideriorum
814 2159 1113 2213 carnalium
1140 2158 1443 2230 intelligere
1466 2173 1774 2237 possumus,

181 2264 306 2320 qua:
339 2250 519 2305 omnis
547 2250 831 2321 prophetia
862 2266 1016 2306 sacra
1046 2251 1317 2319 improbat
1344 2265 1409 2305 ac
1437 2250 1783 2305 detestatur?

185 2340 365 2397 Meroz
417 2342 562 2397 enim
615 2358 753 2413 aqua
801 2352 1310 2397 exsecramenlarum
1365 2341 1775 2413 interpretatur,

185 2444 238 2493 et
267 2435 468 2491 merito
497 2451 636 2509 aqua
666 2444 1200 2492 exsecramentorum
1238 2438 1513 2491 mundana
1570 2435 1782 2490 deside-

188 2528 264 2584 ria
304 2529 679 2595 nominantur,
722 2530 850 2599 quia
883 2530 1003 2585 hazc
1050 2536 1375 2586 testamenta
1423 2526 1603 2581 divina
1632 2526 1783 2582 velut

189 2616 420 2686 inutilia,
448 2619 558 2674 imo
578 2620 752 2691 magis
782 2608 945 2675 noxia
980 2619 1198 2675 famulis
1234 2619 1356 2687 Dei,
1406 2617 1780 2674 interdicendo

190 2718 564 2766 exsecrantur.
591 2710 744 2766 Hanc
764 2712 988 2783 angelus
1017 2710 1250 2778 Domini,
1275 2710 1379 2765 hoc
1419 2718 1521 2775 est,
1568 2717 1782 2780 aposto-

188 2798 323 2860 licus
349 2812 547 2873 cmtus,
570 2813 625 2861 et
649 2804 826 2861 omnis
854 2806 991 2862 ordo
1013 2812 1325 2862 sanctorum
1350 2805 1632 2860 doctorum
1662 2818 1779 2857 ma-

189 2896 423 2955 ledicere
444 2899 843 2972 mandat,quia
877 2898 1132 2955 omnibus
1178 2913 1238 2954 se
1290 2898 1640 2969 sequentibus
1685 2910 1782 2951 no-

189 2988 330 3046 f'iiam
356 2991 585 3061 praebet,
615 3004 914 3064 omnesque
943 2990 1280 3047 habitatores
1292 2988 1409 3060 ejus
1432 2990 1546 3061 ipsa
1559 2988 1784 3045 maledi-

191 3070 370 3139 ctione
398 3085 833 3154 comprehendit,
857 3085 982 3155 quia
1015 3090 1290 3139 amatores
1322 3097 1450 3139 suos
1470 3096 1527 3139 se
1554 3096 1783 3152 sequen-

190 3181 271 3255 tes
306 3177 374 3232 ad
398 3192 483 3231 vae
512 3184 833 3249 perpetuum
859 3177 1026 3232 ducit.
1054 3177 1159 3248 Ipsi
1189 3191 1319 3246 ergo
1363 3191 1471 3233 non
1502 3181 1784 3257 venerunt

192 3254 256 3323 ad
279 3268 538 3325 auxilium
557 3269 770 3324 Domini
790 3269 842 3324 in
861 3267 1185 3339 adjutorium
1205 3254 1623 3325 fortissimorum
1643 3265 1783 3335 ejus,

194 3362 411 3439 quando
433 3362 691 3433 apostolis
716 3361 1136 3434 prmdicantibus
1168 3361 1223 3415 in
1260 3367 1375 3415 toto
1429 3360 1561 3414 orbe
1603 3359 1782 3413 Evan-

194 3454 395 3523 gelium
419 3452 641 3508 credere
680 3451 956 3517 nolebant,
998 3468 1100 3506 nec
1137 3450 1362 3504 verbum
1408 3449 1506 3504 Dei
1540 3448 1788 3523 recipere

194 3544 628 3604 consentiebant.
668 3541 735 3595 Et
765 3541 885 3596 ideo
921 3541 977 3601 in
1013 3540 1377 3610 voluptatibus
1398 3539 1511 3593 suis
1545 3537 1786 3608 corrupti

160 3685 166 3692 .
195 3648 249 3697 et
270 3633 673 3709 abominabiles.
692 3631 824 3709 iacti
849 3641 1004 3696 sunt;
1033 3631 1159 3701 quia
1184 3638 1473 3695 auctorem.
1500 3630 1625 3699 vita:
1652 3620 1784 3683 con-

198 3729 509 3797 temnendo,
542 3712 883 3801 iniquitatem
910 3724 964 3780 in
992 3724 1246 3787 cordibus
1273 3722 1388 3781 suis
1436 3721 1606 3781 moliti
1639 3728 1783 3777 sunt.

195 3825 384 3897 Potest
414 3833 469 3879 et
488 3821 745 3879 Judaicus
766 3819 993 3895 populus
1024 3827 1182 3875 terra:
1211 3815 1389 3875 Mero;
1433 3815 1652 3889 nomine
1680 3831 1788 3873 non

164 3932 167 3941 λ
196 3915 639 3987 inconvenienter
660 3912 852 3985 accipi,
879 3910 1052 3981 quise
1075 3915 1417 3967 sacramento
1441 3906 1786 3979 constrinxit,

196 4009 417 4080 quando
462 4006 639 4077 legem
685 4002 959 4074 accipiens
1007 4001 1142 4057 dixit
1190 4020 1202 4065 ;
1245 3998 1560 4069 Maledicta;
1619 3999 1787 4061 omnis

197 4101 287 4172 qui
312 4116 417 4159 non
445 4106 711 4170 permanet
736 4098 791 4149 in
809 4093 1131 4150 sermonibus
1152 4093 1278 4165 legis
1318 4093 1498 4164 hujus,
1555 4109 1646 4147 nec
1702 4109 1788 4161 eos

201 4208 354 4263 opere
377 4190 581 4263 perﬁcit
610 4188 802 4261 (Deut.
834 4202 983 4244 xxvu
1001 4186 1042 4258 ).
1072 4186 1188 4267 liae
1232 4186 1377 4241 enim
1407 4185 1790 4242 maledictioue

202 4300 392 4340 omnes
416 4282 701 4339 constricti
716 4289 861 4349 sunt,
892 4295 1030 4352 quos
1046 4279 1246 4337 Christi
1288 4279 1460 4351 gratia
1507 4279 1571 4334 de
1625 4277 1793 4334 male-

204 4376 349 4433 dicto
370 4376 502 4446 legis
524 4390 630 4431 non
653 4372 925 4431 liberavit.
949 4371 1093 4427 Bene
1123 4386 1253 4445 ergo
1276 4371 1607 4429 habitatores
1630 4379 1791 4431 terra:

204 4465 365 4537 hujus
394 4464 618 4537 angelus
634 4464 849 4533 Domini
879 4461 1173 4530 maledicit,
1202 4463 1329 4539 quia
1371 4478 1479 4521 non
1523 4468 1792 4525 venerunt

1878 1988 2055 2043 tamen
2076 1980 2259 2043 iniens,
2287 1988 2340 2035 et
2359 1979 2557 2037 Cinens
2577 1983 2832 2053 possessio
2855 1983 2939 2039 vel
2961 1985 3185 2043 (crarius
3210 2000 3356 2037 meus
3378 1982 3465 2037 in-

1880 2078 2229 2144 terpretatur.
2254 2071 2323 2127 Et
2349 2074 2469 2142 quis
2488 2074 2683 2130 melius
2703 2083 2976 2132 certamen
2996 2076 3171 2132 iniens
3196 2073 3469 2139 nominari

1878 2172 2075 2236 potest,
2105 2180 2268 2234 quam
2315 2165 2647 2239 Redemptor
2695 2176 2880 2223 noster
2929 2168 3021 2241 qui
3058 2168 3300 2235 conﬂixit
3344 2183 3467 2223 cum

1878 2258 2065 2313 mundi
2083 2259 2346 2335 principe,
2379 2274 2609 2337 eumque
2646 2269 2821 2315 morte
2851 2277 2949 2317 sua
2979 2277 3469 2335 superansposses-

1880 2356 1971 2403 ser
1996 2347 2169 2407 factus
2195 2358 2277 2404 est
2299 2349 2423 2405 coeli
2453 2358 2507 2405 et
2530 2361 2707 2425 terrae,
2750 2352 2815 2407 de
2851 2369 2957 2427 quo
2979 2353 3117 2410 dixit
3142 2353 3469 2429 Apostolus;

1880 2438 2117 2499 Christus
2144 2440 2315 2513 factus
2338 2450 2411 2499 est
2438 2459 2533 2517 pro
2556 2444 2702 2499 nobis
2725 2443 2966 2511 obediens
3000 2444 3153 2501 Patri
3190 2464 3350 2519 usque
3402 2446 3471 2511 ad

1878 2544 2117 2599 mortem,
2149 2544 2364 2591 mortem
2393 2545 2566 2593 autem
2594 2537 2763 2593 crucis
2784 2554 2803 2591 :
2824 2546 3035 2613 propter
3060 2538 3198 2610 quod
3238 2549 3289 2594 et
3328 2538 3474 2599 Deus

1879 2624 2127 2680 exultavit
2156 2624 2328 2693 illum,
2376 2636 2423 2680 et
2446 2626 2658 2684 donavit
2686 2628 2767 2683 illi
2800 2647 2985 2684 nomen
3010 2632 3149 2703 quod
3195 2643 3270 2687 est
3318 2648 3475 2705 super

1880 2733 2030 2771 omne
2056 2734 2263 2786 nomen,
2292 2725 2347 2772 ut
2376 2718 2431 2787 in
2454 2720 2661 2773 nomine
2686 2718 2817 2775 Iesu
2852 2738 3002 2776 omne
3047 2739 3178 2794 genu
3225 2723 3473 2794 flectatur

1881 2807 2182 2876 caelestium,
2214 2820 2261 2866 et
2286 2813 2693 2881 terrestrium,et
2719 2814 3066 2885 infernorum,
3095 2827 3143 2877 et
3170 2817 3338 2883 omnis
3367 2815 3471 2871 lin-

1881 2915 1983 2969 gua
2007 2900 2339 2971 conﬁteatur,
2368 2902 2493 2972 quia
2514 2901 2773 2958 Dominus
2795 2905 2948 2959 Jesus
2966 2904 3201 2967 Christus
3227 2906 3285 2979 in
3302 2904 3474 2978 gloria

1883 3000 1957 3044 est
1982 2989 2081 3044 Dei
2111 2990 2290 3047 Patris
2313 2989 2487 3061 (Phil.
2509 2991 2603 3065 ιι).
2635 2992 3014 3063 Beuedicatur,
3047 2995 3243 3068 inquit,
3268 2992 3387 3057 ἔδει
3418 2995 3473 3067 in

1885 3080 2234 3141 tabernaculo
2259 3100 2378 3153 suo,
2403 3085 2509 3140 hoc
2538 3093 2644 3153 est,
2669 3086 2723 3141 in
2754 3086 2994 3142 Ecclesia
3034 3087 3328 3163 catholica,
3354 3102 3474 3168 qua}

1886 3182 1969 3231 est
1993 3191 2092 3251 per
2136 3175 2449 3230 universum
2494 3177 2682 3232 orbem
2735 3177 2950 3249 ditiusa,
3005 3178 3079 3241 ibi
3119 3178 3283 3237 etiam
3343 3178 3478 3235 ﬁdes

1888 3269 2128 3344 gentium
2157 3266 2435 3338 laudatur,
2459 3269 2806 3349 praedicatur,
2862 3280 3027 3347 atque
3072 3272 3274 3347 ubique
3318 3269 3476 3331 ditia-

1888 3370 2089 3429 matur.

1960 3450 2166 3527 Aquam
2195 3449 2389 3523 petenti
2424 3448 2507 3506 lac
2536 3449 2701 3523 dedit,
2732 3467 2856 3507 cum
2887 3448 3102 3507 diabolo
3130 3450 3187 3508 in
3216 3451 3480 3515 membris

1889 3544 2003 3601 suis
2032 3544 2245 3599 luxuria
2271 3554 2326 3600 et
2351 3544 2574 3607 libidine
2609 3554 2772 3618 atque
2807 3545 3045 3617 avaritia
3067 3544 3319 3613 aestuanti
3336 3562 3480 3611 mor-

1893 3634 2118 3689 talitatis
2148 3633 2548 3705 simplicitatem
2586 3634 2856 3715 opposuit.
2886 3632 2954 3689 Et
2986 3633 3041 3701 in
3074 3633 3254 3711 phiala
3284 3634 3480 3705 princi-

1888 3728 2033 3801 pium
2065 3725 2249 3780 obtulit
2287 3724 2558 3796 butyrum,
2586 3742 2709 3785 cum
2729 3725 2785 3780 in
2816 3725 3061 3781 doctrina
3100 3726 3473 3800 apostolorum

1888 3818 2173 3897 prmeipuae
2223 3816 2526 3872 dilectionis
2576 3817 2886 3877 ostenderat
2931 3817 3148 3873 donum.

1960 3908 2242 3965 Sinistrum
2263 3926 2474 3964 manum
2490 3907 2628 3963 misit
2642 3907 2711 3975 ad
2731 3909 2952 3978 clavum,
2979 3920 3025 3964 et
3052 3908 3289 3975 dextram
3314 3908 3383 3964 ad
3397 3907 3483 3982 [a-

1892 4003 2105 4058 brorum
2122 4001 2357 4071 malleos.
2377 4000 2516 4081 Quid
2530 4019 2628 4075 per
2644 4002 2919 4059 sinistram
2935 4018 3177 4070 manum,
3203 4002 3305 4077 nisi
3329 4013 3485 4077 exta:

1890 4096 2052 4153 rioris
2065 4096 2300 4152 hominis
2313 4105 2487 4167 actus,
2500 4103 2553 4151 et
2568 4095 2694 4169 quid
2706 4112 2803 4168 per
2815 4097 3115 4165 dexteram,
3133 4095 3236 4167 nisi
3251 4096 3478 4162 interio-

1891 4187 1967 4242 ris
1990 4188 2231 4243 studium
2256 4186 2609 4261 exprimitur?
2633 4184 2851 4241 Manum
2886 4201 3016 4261 ergo
3035 4186 3310 4255 sinistram
3334 4186 3484 4251 misit

1891 4283 2008 4342 Jael
2029 4292 2217 4343 nostra
2237 4284 2307 4338 ad
2333 4282 2563 4348 clavum,
2596 4298 2718 4341 cum
2755 4281 2824 4336 ad
2853 4280 3263 4347 similitudinem
3301 4282 3481 4345 crucis

1893 4376 2101 4441 Christi
2125 4376 2369 4447 carnalia
2395 4375 2451 4447 in
2479 4391 2539 4433 se
2565 4375 2884 4441 abstinendo
2911 4373 3482 4441 mortificavitdeside-

1892 4470 2009 4537 ria;
2043 4478 2098 4525 et
2121 4470 2404 4529 dexteram
2427 4467 2499 4531 ad
2525 4467 2807 4529 fabrorum
2829 4463 3077 4531 malleus,
3128 4476 3254 4518 cum
3305 4464 3481 4521 inten-

206 4556 272 4613 ad
294 4556 556 4621 auxilium
583 4557 639 4611 in
671 4555 1000 4623 aeljutorium
1027 4555 1449 4621 fortissimorum
1478 4555 1619 4625 ejus,
1664 4571 1788 4627 eum
1813 4578 1866 4639 η
1893 4565 2094 4651 tionem
2122 4561 2289 4629 animi
2319 4559 2405 4617 sui
2444 4559 2515 4619 ad
2553 4557 2922 4621 meditandum
2950 4555 3276 4629 praeparavit
3308 4557 3482 4615 libros

206 4651 650 4722 pratdicatoribus
670 4648 842 4709 sancti
868 4647 1144 4721 Evangelii
1164 4662 1272 4705 non
1298 4648 1476 4703 solum
1506 4664 1614 4705 non
1641 4649 1790 4725 adju-

208 4753 378 4812 tores,
404 4744 500 4801 scd
523 4742 821 4803 adversarii
848 4742 1045 4813 ubique
1068 4741 1266 4810 reperti
1292 4749 1437 4796 sunt.
1484 4741 1639 4809 Unde
1680 4743 1794 4814 ipse

208 4838 475 4893 mediator
503 4836 597 4899 Dei
624 4844 681 4893 et
702 4826 1002 4901 hominum,
1027 4833 1119 4905 qui
1154 4841 1378 4907 pr0pter
1404 4834 1794 4899 incarnationis

208 4927 525 4999 mysterium
548 4927 731 4998 magni
769 4927 979 4983 consilii
1031 4925 1256 4998 angelus
1300 4936 1643 4999 nuncupatus
1670 4936 1792 4999 est,

211 5020 265 5077 in
296 5020 590 5090 Evangelia
617 5020 815 5092 legitur
842 5022 1175 5092 exprobrare
1193 5020 1503 5077 civitatibus
1520 5021 1573 5083 in
1598 5021 1793 5092 quibus

214 5111 367 5170 tactae
394 5122 519 5177 sunt
545 5113 791 5185 plurima:
816 5114 1043 5170 virtutes
1077 5112 1218 5184 ejus,
1249 5130 1418 5184 quare
1431 5131 1535 5171 non
1559 5115 1795 5186 egissent

213 5208 603 5278 pmnitentiam,
659 5206 847 5265 dicens
890 5205 1157 5265 illis:Va:
1198 5206 1313 5273 tibi,
1363 5204 1663 5275 Carozaim,
1716 5221 1794 5261 va:

214 5300 326 5366 tibi,
354 5298 637 5361 Bethsaida
657 5314 677 5353 :
697 5298 820 5370 quia
840 5299 885 5359 si
907 5299 959 5352 in
987 5296 1122 5369 Tyro
1144 5307 1192 5354 et
1221 5297 1419 5355 Sidone
1445 5298 1599 5368 [actia
1626 5307 1795 5354 essent

216 5395 423 5449 virtutes
449 5411 568 5464 quat
596 5394 751 5461 facta
780 5403 900 5447 sunt
927 5393 981 5448 in
1003 5393 1172 5460 vobis,
1201 5392 1326 5451 olim
1350 5393 1405 5449 in
1446 5392 1616 5451 cilicio
1640 5402 1688 5448 et
1720 5391 1795 5449 ci-

219 5500 334 5540 nere
362 5486 716 5558 paenitentiam
746 5486 987 5556 egissent.
1056 5483 1425 5547 Verumtamen
1459 5484 1577 5541 dico
1609 5484 1788 5541 vobis:

222 5574 351 5647 Tyro
383 5587 431 5633 et
460 5576 648 5631 Sidoni
672 5577 940 5639 remissius
968 5577 1066 5635 erit
1090 5577 1146 5641 in
1164 5576 1251 5641 die
1269 5576 1466 5647 judicii
1505 5593 1666 5649 quam
1712 5594 1795 5641 uo-

220 5669 293 5731 bis
318 5671 551 5743 (Matth.
574 5670 685 5743 ιι).
715 5670 853 5727 Hinc
888 5672 1018 5729 item
1063 5673 1136 5733 ad
1181 5672 1518 5744 legisperitos
1552 5674 1665 5735 ait:
1700 5671 1794 5731 Vat

1893 4648 2209 4721 sanctorum
2237 4651 2607 4723 apostolorum
2634 4667 2699 4709 ac
2723 4649 3132 4725 prophetarum.
3182 4648 3292 4731 ipsi
3347 4661 3481 4719 sum.

1894 4748 2039 4813 enim
2088 4745 2200 4807 Veri
2258 4743 2518 4826 artiﬁces,
2567 4744 2661 4814 qui
2705 4751 3041 4813 armaturam
3094 4744 3383 4811 caelestem
3421 4744 3481 4803 in

1894 4840 2054 4899 domo
2084 4847 2286 4899 sancta:
2309 4835 2568 4895 Ecclesia:
2588 4835 2877 4907 fabricant,
2904 4838 3251 4905 acmibtibus
3272 4836 3481 4895 Christi

1894 4930 1965 5003 ad
2015 4928 2379 4995 dimicandum
2434 4934 2624 4989 contra
2685 4925 2871 4997 hostes
2920 4928 3191 5006 spiritales
3238 4926 3485 4987 tradunt..

1896 5022 2041 5081 Bene
2064 5036 2196 5093 ergo
2222 5019 2424 5079 dictum
2448 5024 2553 5087 est,
2589 5016 2734 5087 quod
2760 5014 2877 5079 Jael
2919 5017 3181 5089 ambabus
3227 5014 3480 5073 manibus

1895 5114 1952 5175 in
1972 5115 2124 5170 clavo
2161 5122 2216 5173 et
2265 5109 2474 5179 malleis
2514 5116 2796 5185 occupata,
2842 5110 3121 5169 inimicum
3162 5105 3361 5183 populi,
3394 5104 3475 5167 sui

1894 5206 2246 5280 percusserit,
2286 5202 2416 5274 quia
2456 5200 2801 5274 praedicando
2841 5201 3015 5273 legem
3065 5197 3185 5267 Dei,
3227 5212 3292 5259 ac
3333 5196 3477 5263 bona

1896 5300 2144 5371 exempla
2178 5299 2447 5363 virtutum
2480 5294 2842 5369 ostendendo,
2869 5294 3081 5361 hostem
3118 5290 3478 5357 saevissimum

1892 5393 2125 5457 necavit.
2714 5412 2725 5423 κ

1962 5487 2329 5558 Percussitqu
2350 5482 2867 5554 Sicammuwreus
2884 5480 2941 5543 in
2963 5476 3129 5549 capite
3155 5475 3383 5543 uulneris
3397 5474 3480 5543 to.

1890 5598 2027 5646 cum,
2060 5589 2109 5635 et
2136 5588 2337 5652 tmpus
2358 5575 2529 5637 valide
2553 5574 2846 5645 perforatis.
2875 5567 3040 5635 Claro
3059 5583 3190 5639 ergo
3214 5581 3339 5625 cum
3360 5564 3478 5625 sive

1897 5676 2020 5748 palo
2034 5688 2158 5731 cum
2178 5670 2369 5741 malleo
2390 5665 2691 5732 interiecit,
2708 5661 2991 5735 perforatis
3021 5668 3235 5730 tempus
3257 5657 3478 5728 capitis:

219 5762 711 5835 uehislagisperitis,
747 5761 873 5832 quia
900 5761 1095 5831 tulistis
1139 5762 1336 5827 clavem
1381 5763 1633 5829 scientia.
1682 5760 1799 5833 Ipsi
1899 5766 2027 5837 quia
2047 5763 2378 5834 superbiam.
2404 5776 2525 5832 una:
2546 5763 2707 5827 caput
2732 5754 2901 5821 totius
2942 5752 3154 5826 peccati
3203 5758 3289 5821 est
3330 5748 3482 5823 (εἴηδ’

222 5876 324 5923 non
348 5860 625 5933 introistis,
647 5867 696 5918 et
725 5875 811 5915 eos
840 5858 930 5945 qui
952 5857 1237 5918 introibant
1272 5858 1612 5939 prohibuistis
1641 5856 1796 5945 (Luc.

1899 5858 2032 5923 tium
2083 5855 2220 5917 enim
2263 5853 2431 5912 omnis
2466 5847 2662 5929 peccati
2684 5846 2927 5925 superbia
2973 5842 3186 5935 [Eccli.
3216 5840 3357 5928 ιι),
3379 5853 3480 5923 per
