  <div class='ocr_page' id='page_1' title='image "/cluster/home/n/w/nwhite01/storage/ocr_20150623/108/hvd.32044015466840/583.png"; bbox 0 0 3986 6348; ppageno 0'>
   <div class='ocr_carea' id='block_1_1' title="bbox 493 353 3777 454">
    <p class='ocr_par' dir='ltr' id='par_1_1' title="bbox 493 353 3777 454">
     <span class='ocr_line' id='line_1_1' title="bbox 493 353 3777 454; baseline -0.001 -36"><span class='ocrx_word' id='word_1_1' title='bbox 493 360 647 454; x_wconf 37' lang='grc'><strong>1151.</strong></span> <span class='ocrx_word' id='word_1_2' title='bbox 1182 359 1242 414; x_wconf 83' lang='grc' dir='ltr'>Β.</span> <span class='ocrx_word' id='word_1_3' title='bbox 1285 358 1539 416; x_wconf 80' lang='lat' dir='ltr'><strong>RABANI</strong></span> <span class='ocrx_word' id='word_1_4' title='bbox 1573 358 1795 418; x_wconf 71' lang='lat' dir='ltr'><strong>MAURI</strong></span> <span class='ocrx_word' id='word_1_5' title='bbox 1830 355 2148 416; x_wconf 78' lang='lat' dir='ltr'><strong>ARCHIEP.</strong></span> <span class='ocrx_word' id='word_1_6' title='bbox 2190 355 2499 416; x_wconf 76' lang='lat' dir='ltr'><strong>MOGUNT.</strong></span> <span class='ocrx_word' id='word_1_7' title='bbox 2533 353 2819 414; x_wconf 74' lang='lat' dir='ltr'><strong>OPERUM</strong></span> <span class='ocrx_word' id='word_1_8' title='bbox 2857 353 3033 410; x_wconf 76' lang='lat' dir='ltr'><strong>PARS</strong></span> <span class='ocrx_word' id='word_1_9' title='bbox 3068 353 3112 409; x_wconf 89' lang='lat' dir='ltr'><strong>l.</strong></span> <span class='ocrx_word' id='word_1_10' title='bbox 3633 360 3777 416; x_wconf 66' lang='lat'><strong>{159</strong></span> 
     </span>
    </p>
   </div>
   <div class='ocr_carea' id='block_1_2' title="bbox 493 469 3776 547">
    <p class='ocr_par' dir='ltr' id='par_1_2' title="bbox 493 469 3776 547">
     <span class='ocr_line' id='line_1_2' title="bbox 493 469 3776 547; baseline -0.002 -9"><span class='ocrx_word' id='word_1_11' title='bbox 493 478 850 538; x_wconf 69' lang='lat' dir='ltr'><strong>humilitatem</strong></span> <span class='ocrx_word' id='word_1_12' title='bbox 877 476 1144 547; x_wconf 73' lang='lat' dir='ltr'><strong>passionis</strong></span> <span class='ocrx_word' id='word_1_13' title='bbox 1174 473 1374 531; x_wconf 77' lang='lat' dir='ltr'><strong>Christi</strong></span> <span class='ocrx_word' id='word_1_14' title='bbox 1417 477 1469 532; x_wconf 94' lang='lat' dir='ltr'><strong>in</strong></span> <span class='ocrx_word' id='word_1_15' title='bbox 1517 477 1769 532; x_wconf 85' lang='lat' dir='ltr'><strong>cordibus</strong></span> <span class='ocrx_word' id='word_1_16' title='bbox 1820 476 2071 531; x_wconf 86' lang='lat' dir='ltr'><strong>humanis</strong></span> <span class='ocrx_word' id='word_1_17' title='bbox 2097 480 2152 542; x_wconf 72' lang='grc' dir='ltr'><strong>Α</strong></span> <span class='ocrx_word' id='word_1_18' title='bbox 2174 475 2363 529; x_wconf 81' lang='lat' dir='ltr'><strong>versis.</strong></span> <span class='ocrx_word' id='word_1_19' title='bbox 2397 473 2522 530; x_wconf 53' lang='lat' dir='ltr'><strong>Haec</strong></span> <span class='ocrx_word' id='word_1_20' title='bbox 2559 488 2686 528; x_wconf 90' lang='lat' dir='ltr'><strong>vero</strong></span> <span class='ocrx_word' id='word_1_21' title='bbox 2715 473 3044 543; x_wconf 81' lang='lat' dir='ltr'><strong>temporibus</strong></span> <span class='ocrx_word' id='word_1_22' title='bbox 3069 471 3181 527; x_wconf 83' lang='lat' dir='ltr'><strong>suis</strong></span> <span class='ocrx_word' id='word_1_23' title='bbox 3227 469 3502 543; x_wconf 77' lang='lat' dir='ltr'><strong>impietati</strong></span> <span class='ocrx_word' id='word_1_24' title='bbox 3534 473 3776 546; x_wconf 76' lang='lat' dir='ltr'><strong>favebat,</strong></span> 
     </span>
    </p>
   </div>
   <div class='ocr_carea' id='block_1_3' title="bbox 495 565 3778 638">
    <p class='ocr_par' dir='ltr' id='par_1_3' title="bbox 495 565 3778 638">
     <span class='ocr_line' id='line_1_3' title="bbox 495 565 3778 638; baseline -0.001 -9"><span class='ocrx_word' id='word_1_25' title='bbox 495 571 788 629; x_wconf 79' lang='lat' dir='ltr'><strong>interemit.</strong></span> <span class='ocrx_word' id='word_1_26' title='bbox 817 568 965 624; x_wconf 97' lang='lat' dir='ltr'><strong>Inter</strong></span> <span class='ocrx_word' id='word_1_27' title='bbox 1006 567 1157 638; x_wconf 86' lang='lat' dir='ltr'><strong>pedes</strong></span> <span class='ocrx_word' id='word_1_28' title='bbox 1181 567 1296 635; x_wconf 88' lang='lat' dir='ltr'><strong>ejus</strong></span> <span class='ocrx_word' id='word_1_29' title='bbox 1327 568 1453 633; x_wconf 88' lang='lat' dir='ltr'><strong>ruit,</strong></span> <span class='ocrx_word' id='word_1_30' title='bbox 1505 568 1690 637; x_wconf 76' lang='lat' dir='ltr'><strong>defecit</strong></span> <span class='ocrx_word' id='word_1_31' title='bbox 1742 577 1789 622; x_wconf 86' lang='lat' dir='ltr'><strong>et</strong></span> <span class='ocrx_word' id='word_1_32' title='bbox 1834 577 2072 623; x_wconf 82' lang='lat' dir='ltr'><strong>mortuus</strong></span> <span class='ocrx_word' id='word_1_33' title='bbox 2174 583 2296 622; x_wconf 90' lang='lat' dir='ltr'><strong>cum</strong></span> <span class='ocrx_word' id='word_1_34' title='bbox 2345 567 2554 622; x_wconf 89' lang='lat' dir='ltr'><strong>cultum</strong></span> <span class='ocrx_word' id='word_1_35' title='bbox 2601 566 2986 622; x_wconf 77' lang='lat' dir='ltr'><strong>daemoniorum</strong></span> <span class='ocrx_word' id='word_1_36' title='bbox 3033 565 3307 633; x_wconf 80' lang='lat' dir='ltr'><strong>laudabat,</strong></span> <span class='ocrx_word' id='word_1_37' title='bbox 3359 584 3431 624; x_wconf 83' lang='lat' dir='ltr'><strong>ac</strong></span> <span class='ocrx_word' id='word_1_38' title='bbox 3494 570 3625 628; x_wconf 88' lang='lat' dir='ltr'><strong>ideo</strong></span> <span class='ocrx_word' id='word_1_39' title='bbox 3655 574 3778 630; x_wconf 83' lang='lat' dir='ltr'><strong>huic</strong></span> 
     </span>
    </p>
   </div>
   <div class='ocr_carea' id='block_1_4' title="bbox 492 657 3772 733">
    <p class='ocr_par' dir='ltr' id='par_1_4' title="bbox 492 657 3772 733">
     <span class='ocr_line' id='line_1_4' title="bbox 492 657 3772 733; baseline -0.002 -13"><span class='ocrx_word' id='word_1_40' title='bbox 492 676 599 729; x_wconf 85' lang='lat' dir='ltr'><strong>est;</strong></span> <span class='ocrx_word' id='word_1_41' title='bbox 626 673 746 718; x_wconf 89' lang='lat' dir='ltr'><strong>ante</strong></span> <span class='ocrx_word' id='word_1_42' title='bbox 773 662 928 733; x_wconf 87' lang='lat' dir='ltr'><strong>pedes</strong></span> <span class='ocrx_word' id='word_1_43' title='bbox 954 660 1099 715; x_wconf 86' lang='lat' dir='ltr'><strong>illius</strong></span> <span class='ocrx_word' id='word_1_44' title='bbox 1121 661 1421 716; x_wconf 80' lang='lat' dir='ltr'><strong>volvebatur</strong></span> <span class='ocrx_word' id='word_1_45' title='bbox 1439 671 1487 716; x_wconf 87' lang='lat' dir='ltr'><strong>et</strong></span> <span class='ocrx_word' id='word_1_46' title='bbox 1501 661 1714 731; x_wconf 88' lang='lat' dir='ltr'><strong>jacebat</strong></span> <span class='ocrx_word' id='word_1_47' title='bbox 1743 663 2075 716; x_wconf 66' lang='lat' dir='ltr'><strong>exanimis&#39;et</strong></span> <span class='ocrx_word' id='word_1_48' title='bbox 2174 658 2336 713; x_wconf 85' lang='lat' dir='ltr'><strong>matri</strong></span> <span class='ocrx_word' id='word_1_49' title='bbox 2373 657 2719 728; x_wconf 83' lang='lat' dir='ltr'><strong>nequissimae</strong></span> <span class='ocrx_word' id='word_1_50' title='bbox 2741 658 2894 728; x_wconf 87' lang='lat' dir='ltr'><strong>quasi</strong></span> <span class='ocrx_word' id='word_1_51' title='bbox 2923 657 3247 713; x_wconf 85' lang='lat' dir='ltr'><strong>blandiendo</strong></span> <span class='ocrx_word' id='word_1_52' title='bbox 3273 658 3634 729; x_wconf 86' lang='lat' dir='ltr'><strong>loquebatur,</strong></span> <span class='ocrx_word' id='word_1_53' title='bbox 3656 679 3772 720; x_wconf 82' lang='lat' dir='ltr'><strong>cum</strong></span> 
     </span>
    </p>
   </div>
   <div class='ocr_carea' id='block_1_5' title="bbox 492 746 3774 821">
    <p class='ocr_par' dir='ltr' id='par_1_5' title="bbox 492 746 3774 821">
     <span class='ocr_line' id='line_1_5' title="bbox 492 746 3774 821; baseline -0.001 -11"><span class='ocrx_word' id='word_1_54' title='bbox 492 753 824 811; x_wconf 73' lang='lat' dir='ltr'><strong>miserabilis.</strong></span> <span class='ocrx_word' id='word_1_55' title='bbox 873 751 1063 806; x_wconf 59' lang='lat' dir='ltr'><strong>Praedo</strong></span> <span class='ocrx_word' id='word_1_56' title='bbox 1123 750 1386 808; x_wconf 75' lang='lat' dir='ltr'><strong>nefandus</strong></span> <span class='ocrx_word' id='word_1_57' title='bbox 1432 752 1576 807; x_wconf 86' lang='lat' dir='ltr'><strong>inter</strong></span> <span class='ocrx_word' id='word_1_58' title='bbox 1602 752 1764 821; x_wconf 84' lang='lat' dir='ltr'><strong>pedes</strong></span> <span class='ocrx_word' id='word_1_59' title='bbox 1835 753 2078 808; x_wconf 81' lang='lat' dir='ltr'><strong>mulieris</strong></span> <span class='ocrx_word' id='word_1_60' title='bbox 2174 749 2473 818; x_wconf 87' lang='lat' dir='ltr'><strong>potentiam</strong></span> <span class='ocrx_word' id='word_1_61' title='bbox 2522 746 2780 803; x_wconf 79' lang='lat' dir='ltr'><strong>falsorum</strong></span> <span class='ocrx_word' id='word_1_62' title='bbox 2823 749 3048 804; x_wconf 89' lang='lat' dir='ltr'><strong>deorum</strong></span> <span class='ocrx_word' id='word_1_63' title='bbox 3096 763 3192 804; x_wconf 90' lang='lat' dir='ltr'><strong>ore</strong></span> <span class='ocrx_word' id='word_1_64' title='bbox 3245 748 3490 806; x_wconf 79' lang='lat' dir='ltr'><strong>nefando</strong></span> <span class='ocrx_word' id='word_1_65' title='bbox 3520 754 3774 812; x_wconf 72' lang='lat' dir='ltr'><strong>mundun</strong></span> 
     </span>
    </p>
   </div>
   <div class='ocr_carea' id='block_1_6' title="bbox 492 843 2078 914">
    <p class='ocr_par' dir='ltr' id='par_1_6' title="bbox 492 843 2078 914">
     <span class='ocr_line' id='line_1_6' title="bbox 492 843 2078 914; baseline -0.003 -12"><span class='ocrx_word' id='word_1_66' title='bbox 492 861 652 902; x_wconf 88' lang='lat' dir='ltr'><strong>ruere</strong></span> <span class='ocrx_word' id='word_1_67' title='bbox 698 859 762 900; x_wconf 90' lang='lat' dir='ltr'><strong>ac</strong></span> <span class='ocrx_word' id='word_1_68' title='bbox 796 843 997 912; x_wconf 85' lang='lat' dir='ltr'><strong>jacere,</strong></span> <span class='ocrx_word' id='word_1_69' title='bbox 1025 849 1079 897; x_wconf 91' lang='lat' dir='ltr'><strong>et</strong></span> <span class='ocrx_word' id='word_1_70' title='bbox 1109 851 1352 897; x_wconf 88' lang='lat' dir='ltr'><strong>mortuus</strong></span> <span class='ocrx_word' id='word_1_71' title='bbox 1407 858 1530 898; x_wconf 89' lang='lat' dir='ltr'><strong>esse</strong></span> <span class='ocrx_word' id='word_1_72' title='bbox 1571 843 1914 908; x_wconf 82' lang='lat' dir='ltr'><strong>describitur,</strong></span> <span class='ocrx_word' id='word_1_73' title='bbox 1949 844 2078 914; x_wconf 84' lang='lat' dir='ltr'><strong>quia</strong></span> 
     </span>
    </p>
   </div>
   <div class='ocr_carea' id='block_1_7' title="bbox 494 934 2075 1004">
    <p class='ocr_par' dir='ltr' id='par_1_7' title="bbox 494 934 2075 1004">
     <span class='ocr_line' id='line_1_7' title="bbox 494 934 2075 1004; baseline -0.003 -11"><span class='ocrx_word' id='word_1_74' title='bbox 494 937 668 994; x_wconf 87' lang='lat' dir='ltr'><strong>hostis</strong></span> <span class='ocrx_word' id='word_1_75' title='bbox 718 935 972 1004; x_wconf 90' lang='lat' dir='ltr'><strong>antiquus</strong></span> <span class='ocrx_word' id='word_1_76' title='bbox 1017 934 1116 988; x_wconf 86' lang='lat' dir='ltr'><strong>sub</strong></span> <span class='ocrx_word' id='word_1_77' title='bbox 1169 934 1398 1002; x_wconf 88' lang='lat' dir='ltr'><strong>pedibus</strong></span> <span class='ocrx_word' id='word_1_78' title='bbox 1445 934 1702 990; x_wconf 73' lang='lat' dir='ltr'><strong>Ecclesia:</strong></span> <span class='ocrx_word' id='word_1_79' title='bbox 1768 942 2075 1004; x_wconf 88' lang='lat' dir='ltr'><strong>superatus,</strong></span> 
     </span>
    </p>
   </div>
   <div class='ocr_carea' id='block_1_8' title="bbox 492 1025 2081 1100">
    <p class='ocr_par' dir='ltr' id='par_1_8' title="bbox 492 1025 2081 1100">
     <span class='ocr_line' id='line_1_8' title="bbox 492 1025 2081 1100; baseline -0.003 -16"><span class='ocrx_word' id='word_1_80' title='bbox 492 1035 798 1100; x_wconf 86' lang='lat' dir='ltr'><strong>prostratus</strong></span> <span class='ocrx_word' id='word_1_81' title='bbox 819 1034 981 1095; x_wconf 88' lang='lat' dir='ltr'><strong>atque</strong></span> <span class='ocrx_word' id='word_1_82' title='bbox 1002 1025 1267 1080; x_wconf 89' lang='lat' dir='ltr'><strong>contritus</strong></span> <span class='ocrx_word' id='word_1_83' title='bbox 1300 1039 1419 1080; x_wconf 87' lang='lat' dir='ltr'><strong>esse</strong></span> <span class='ocrx_word' id='word_1_84' title='bbox 1443 1025 1796 1095; x_wconf 87' lang='lat' dir='ltr'><strong>dignoscitur,</strong></span> <span class='ocrx_word' id='word_1_85' title='bbox 1829 1041 1954 1080; x_wconf 90' lang='lat' dir='ltr'><strong>cum</strong></span> <span class='ocrx_word' id='word_1_86' title='bbox 1981 1041 2081 1097; x_wconf 89' lang='lat' dir='ltr'><strong>per</strong></span> 
     </span>
    </p>
   </div>
   <div class='ocr_carea' id='block_1_9' title="bbox 492 1113 2081 1189">
    <p class='ocr_par' dir='ltr' id='par_1_9' title="bbox 492 1113 2081 1189">
     <span class='ocr_line' id='line_1_9' title="bbox 492 1113 2081 1189; baseline 0 -18"><span class='ocrx_word' id='word_1_87' title='bbox 492 1125 817 1189; x_wconf 87' lang='lat' dir='ltr'><strong>potestatem</strong></span> <span class='ocrx_word' id='word_1_88' title='bbox 859 1116 961 1171; x_wconf 87' lang='lat' dir='ltr'><strong>sibi</strong></span> <span class='ocrx_word' id='word_1_89' title='bbox 991 1130 1022 1169; x_wconf 89' lang='lat' dir='ltr'><strong>a</strong></span> <span class='ocrx_word' id='word_1_90' title='bbox 1054 1113 1274 1170; x_wconf 85' lang='lat' dir='ltr'><strong>Christo</strong></span> <span class='ocrx_word' id='word_1_91' title='bbox 1314 1116 1584 1181; x_wconf 86' lang='lat' dir='ltr'><strong>collatam,</strong></span> <span class='ocrx_word' id='word_1_92' title='bbox 1638 1131 1854 1170; x_wconf 90' lang='lat' dir='ltr'><strong>omnem</strong></span> <span class='ocrx_word' id='word_1_93' title='bbox 1891 1117 2081 1171; x_wconf 87' lang='lat' dir='ltr'><strong>mortis</strong></span> 
     </span>
    </p>
   </div>
   <div class='ocr_carea' id='block_1_10' title="bbox 495 1209 2078 1277">
    <p class='ocr_par' dir='ltr' id='par_1_10' title="bbox 495 1209 2078 1277">
     <span class='ocr_line' id='line_1_10' title="bbox 495 1209 2078 1277; baseline -0.001 -12"><span class='ocrx_word' id='word_1_94' title='bbox 495 1211 915 1266; x_wconf 85' lang='lat' dir='ltr'><strong>dominationem</strong></span> <span class='ocrx_word' id='word_1_95' title='bbox 970 1209 1236 1264; x_wconf 89' lang='lat' dir='ltr'><strong>vincendo</strong></span> <span class='ocrx_word' id='word_1_96' title='bbox 1288 1209 1509 1263; x_wconf 85' lang='lat' dir='ltr'><strong>damnat</strong></span> <span class='ocrx_word' id='word_1_97' title='bbox 1562 1218 1726 1277; x_wconf 88' lang='lat' dir='ltr'><strong>atque</strong></span> <span class='ocrx_word' id='word_1_98' title='bbox 1778 1209 2078 1264; x_wconf 89' lang='lat' dir='ltr'><strong>conculcat.</strong></span> 
     </span>
    </p>
   </div>
   <div class='ocr_carea' id='block_1_11' title="bbox 493 1300 2084 1368">
    <p class='ocr_par' dir='ltr' id='par_1_11' title="bbox 493 1300 2084 1368">
     <span class='ocr_line' id='line_1_11' title="bbox 493 1300 2084 1368; baseline -0.003 -9"><span class='ocrx_word' id='word_1_99' title='bbox 493 1302 648 1360; x_wconf 84' lang='lat' dir='ltr'><strong>Unde</strong></span> <span class='ocrx_word' id='word_1_100' title='bbox 674 1302 726 1354; x_wconf 91' lang='lat' dir='ltr'><strong>in</strong></span> <span class='ocrx_word' id='word_1_101' title='bbox 753 1300 953 1355; x_wconf 85' lang='lat' dir='ltr'><strong>Genesi</strong></span> <span class='ocrx_word' id='word_1_102' title='bbox 978 1300 1244 1355; x_wconf 86' lang='lat' dir='ltr'><strong>Dominus</strong></span> <span class='ocrx_word' id='word_1_103' title='bbox 1292 1300 1358 1354; x_wconf 91' lang='lat' dir='ltr'><strong>de</strong></span> <span class='ocrx_word' id='word_1_104' title='bbox 1400 1300 1624 1354; x_wconf 91' lang='lat' dir='ltr'><strong>muliere</strong></span> <span class='ocrx_word' id='word_1_105' title='bbox 1672 1300 1737 1354; x_wconf 90' lang='lat' dir='ltr'><strong>ad</strong></span> <span class='ocrx_word' id='word_1_106' title='bbox 1775 1309 2084 1368; x_wconf 88' lang='lat' dir='ltr'><strong>serpentem</strong></span> 
     </span>
    </p>
   </div>
   <div class='ocr_carea' id='block_1_12' title="bbox 492 1389 2090 1462">
    <p class='ocr_par' dir='ltr' id='par_1_12' title="bbox 492 1389 2090 1462">
     <span class='ocr_line' id='line_1_12' title="bbox 492 1389 2090 1462; baseline -0.003 -15"><span class='ocrx_word' id='word_1_107' title='bbox 492 1395 567 1447; x_wconf 85' lang='lat' dir='ltr'><strong>ait</strong></span> <span class='ocrx_word' id='word_1_108' title='bbox 593 1412 604 1446; x_wconf 91' lang='lat'>:</span> <span class='ocrx_word' id='word_1_109' title='bbox 630 1392 754 1462; x_wconf 88' lang='lat' dir='ltr'><strong>Ipsa</strong></span> <span class='ocrx_word' id='word_1_110' title='bbox 781 1401 1007 1445; x_wconf 88' lang='lat' dir='ltr'><strong>conteret</strong></span> <span class='ocrx_word' id='word_1_111' title='bbox 1033 1401 1188 1462; x_wconf 86' lang='lat' dir='ltr'><strong>caput</strong></span> <span class='ocrx_word' id='word_1_112' title='bbox 1205 1401 1378 1456; x_wconf 88' lang='lat' dir='ltr'><strong>tuum,</strong></span> <span class='ocrx_word' id='word_1_113' title='bbox 1397 1400 1446 1445; x_wconf 88' lang='lat' dir='ltr'><strong>et</strong></span> <span class='ocrx_word' id='word_1_114' title='bbox 1478 1401 1534 1444; x_wconf 89' lang='lat' dir='ltr'><strong>tu</strong></span> <span class='ocrx_word' id='word_1_115' title='bbox 1558 1391 1891 1445; x_wconf 83' lang='lat' dir='ltr'><strong>insidiaberis</strong></span> <span class='ocrx_word' id='word_1_116' title='bbox 1915 1389 2090 1444; x_wconf 79' lang='lat' dir='ltr'><strong>calca—</strong></span> 
     </span>
    </p>
   </div>
   <div class='ocr_carea' id='block_1_13' title="bbox 493 1481 2086 1556">
    <p class='ocr_par' dir='ltr' id='par_1_13' title="bbox 493 1481 2086 1556">
     <span class='ocr_line' id='line_1_13' title="bbox 493 1481 2086 1556; baseline -0.002 -16"><span class='ocrx_word' id='word_1_117' title='bbox 493 1503 586 1540; x_wconf 90' lang='lat' dir='ltr'><strong>neo</strong></span> <span class='ocrx_word' id='word_1_118' title='bbox 608 1486 720 1555; x_wconf 87' lang='lat' dir='ltr'><strong>ejus</strong></span> <span class='ocrx_word' id='word_1_119' title='bbox 761 1481 922 1556; x_wconf 84' lang='lat' dir='ltr'><strong>(Gen.</strong></span> <span class='ocrx_word' id='word_1_120' title='bbox 953 1483 1071 1554; x_wconf 90' lang='grc' dir='ltr'><strong>ιιι).</strong></span> <span class='ocrx_word' id='word_1_121' title='bbox 1121 1483 1256 1539; x_wconf 82' lang='lat' dir='ltr'><strong>Hinc</strong></span> <span class='ocrx_word' id='word_1_122' title='bbox 1295 1492 1349 1539; x_wconf 91' lang='lat' dir='ltr'><strong>et</strong></span> <span class='ocrx_word' id='word_1_123' title='bbox 1393 1483 1644 1538; x_wconf 86' lang='lat' dir='ltr'><strong>Salvator</strong></span> <span class='ocrx_word' id='word_1_124' title='bbox 1694 1485 1748 1538; x_wconf 93' lang='lat' dir='ltr'><strong>in</strong></span> <span class='ocrx_word' id='word_1_125' title='bbox 1794 1482 2086 1553; x_wconf 86' lang='lat' dir='ltr'><strong>Evangelio</strong></span> 
     </span>
    </p>
   </div>
   <div class='ocr_carea' id='block_1_14' title="bbox 490 1575 2088 1646">
    <p class='ocr_par' dir='ltr' id='par_1_14' title="bbox 490 1575 2088 1646">
     <span class='ocr_line' id='line_1_14' title="bbox 490 1575 2088 1646; baseline -0.003 -14"><span class='ocrx_word' id='word_1_126' title='bbox 490 1577 767 1646; x_wconf 85' lang='lat' dir='ltr'><strong>discipulis</strong></span> <span class='ocrx_word' id='word_1_127' title='bbox 793 1577 866 1630; x_wconf 88' lang='lat' dir='ltr'><strong>ait</strong></span> <span class='ocrx_word' id='word_1_128' title='bbox 901 1594 913 1630; x_wconf 91' lang='lat'><strong>:</strong></span> <span class='ocrx_word' id='word_1_129' title='bbox 941 1575 1076 1629; x_wconf 84' lang='lat' dir='ltr'><strong>Ecce</strong></span> <span class='ocrx_word' id='word_1_130' title='bbox 1111 1576 1179 1629; x_wconf 91' lang='lat' dir='ltr'><strong>do</strong></span> <span class='ocrx_word' id='word_1_131' title='bbox 1202 1576 1341 1630; x_wconf 79' lang='lat' dir='ltr'><strong>nobis</strong></span> <span class='ocrx_word' id='word_1_132' title='bbox 1369 1585 1676 1646; x_wconf 88' lang='lat' dir='ltr'><strong>potestatem</strong></span> <span class='ocrx_word' id='word_1_133' title='bbox 1710 1575 1950 1628; x_wconf 82' lang='lat' dir='ltr'><strong>calcandi</strong></span> <span class='ocrx_word' id='word_1_134' title='bbox 1997 1590 2088 1628; x_wconf 90' lang='lat' dir='ltr'><strong>su-</strong></span> 
     </span>
    </p>
   </div>
   <div class='ocr_carea' id='block_1_15' title="bbox 488 1666 2087 1738">
    <p class='ocr_par' dir='ltr' id='par_1_15' title="bbox 488 1666 2087 1738">
     <span class='ocr_line' id='line_1_15' title="bbox 488 1666 2087 1738; baseline -0.001 -18"><span class='ocrx_word' id='word_1_135' title='bbox 488 1684 580 1738; x_wconf 87' lang='lat' dir='ltr'><strong>per</strong></span> <span class='ocrx_word' id='word_1_136' title='bbox 603 1675 864 1736; x_wconf 76' lang='lat' dir='ltr'><strong>serpentes</strong></span> <span class='ocrx_word' id='word_1_137' title='bbox 891 1676 937 1720; x_wconf 90' lang='lat' dir='ltr'><strong>et</strong></span> <span class='ocrx_word' id='word_1_138' title='bbox 975 1666 1292 1735; x_wconf 77' lang='lat' dir='ltr'><strong>scorpiones,</strong></span> <span class='ocrx_word' id='word_1_139' title='bbox 1329 1676 1376 1720; x_wconf 89' lang='lat' dir='ltr'><strong>et</strong></span> <span class='ocrx_word' id='word_1_140' title='bbox 1413 1683 1569 1735; x_wconf 89' lang='lat' dir='ltr'><strong>super</strong></span> <span class='ocrx_word' id='word_1_141' title='bbox 1591 1682 1794 1719; x_wconf 87' lang='lat' dir='ltr'><strong>omnem</strong></span> <span class='ocrx_word' id='word_1_142' title='bbox 1845 1666 2087 1720; x_wconf 83' lang='lat' dir='ltr'><strong>virtutem</strong></span> 
     </span>
    </p>
   </div>
   <div class='ocr_carea' id='block_1_16' title="bbox 488 1755 2089 1827">
    <p class='ocr_par' dir='ltr' id='par_1_16' title="bbox 488 1755 2089 1827">
     <span class='ocr_line' id='line_1_16' title="bbox 488 1755 2089 1827; baseline 0.001 -16"><span class='ocrx_word' id='word_1_143' title='bbox 488 1759 688 1812; x_wconf 88' lang='lat' dir='ltr'><strong>inimici</strong></span> <span class='ocrx_word' id='word_1_144' title='bbox 712 1757 871 1824; x_wconf 87' lang='lat' dir='ltr'><strong>(Luc.</strong></span> <span class='ocrx_word' id='word_1_145' title='bbox 902 1757 990 1827; x_wconf 76' lang='grc' dir='ltr'><strong>ι).</strong></span> <span class='ocrx_word' id='word_1_146' title='bbox 1013 1755 1164 1811; x_wconf 82' lang='lat' dir='ltr'><strong>Jacet</strong></span> <span class='ocrx_word' id='word_1_147' title='bbox 1190 1772 1319 1824; x_wconf 74' lang='lat' dir='ltr'><strong>ergo</strong></span> <span class='ocrx_word' id='word_1_148' title='bbox 1356 1756 1624 1811; x_wconf 81' lang='lat' dir='ltr'><strong>exanimis</strong></span> <span class='ocrx_word' id='word_1_149' title='bbox 1662 1770 1726 1810; x_wconf 92' lang='lat' dir='ltr'><strong>ac</strong></span> <span class='ocrx_word' id='word_1_150' title='bbox 1760 1756 2089 1812; x_wconf 87' lang='lat' dir='ltr'><strong>miserabilis</strong></span> 
     </span>
    </p>
   </div>
   <div class='ocr_carea' id='block_1_17' title="bbox 2178 839 3776 914">
    <p class='ocr_par' dir='ltr' id='par_1_17' title="bbox 2178 839 3776 914">
     <span class='ocr_line' id='line_1_17' title="bbox 2178 839 3776 914; baseline 0.002 -20"><span class='ocrx_word' id='word_1_151' title='bbox 2178 856 2368 908; x_wconf 86' lang='lat' dir='ltr'><strong>regere</strong></span> <span class='ocrx_word' id='word_1_152' title='bbox 2420 840 2799 904; x_wconf 83' lang='lat' dir='ltr'><strong>attestabatur,</strong></span> <span class='ocrx_word' id='word_1_153' title='bbox 2835 839 3081 894; x_wconf 90' lang='lat' dir='ltr'><strong>omnium</strong></span> <span class='ocrx_word' id='word_1_154' title='bbox 3132 854 3320 910; x_wconf 84' lang='lat' dir='ltr'><strong>regum</strong></span> <span class='ocrx_word' id='word_1_155' title='bbox 3370 840 3570 910; x_wconf 71' lang='lat' dir='ltr'><strong>praelia</strong></span> <span class='ocrx_word' id='word_1_156' title='bbox 3623 854 3776 914; x_wconf 77' lang='lat' dir='ltr'><strong>atque</strong></span> 
     </span>
    </p>
   </div>
   <div class='ocr_carea' id='block_1_18' title="bbox 2177 934 3776 1008">
    <p class='ocr_par' dir='ltr' id='par_1_18' title="bbox 2177 934 3776 1008">
     <span class='ocr_line' id='line_1_18' title="bbox 2177 934 3776 1008; baseline 0.001 -16"><span class='ocrx_word' id='word_1_157' title='bbox 2177 938 2433 992; x_wconf 79' lang='lat' dir='ltr'><strong>victorias</strong></span> <span class='ocrx_word' id='word_1_158' title='bbox 2461 952 2649 992; x_wconf 88' lang='lat' dir='ltr'><strong>eorum</strong></span> <span class='ocrx_word' id='word_1_159' title='bbox 2698 935 2887 989; x_wconf 85' lang='lat' dir='ltr'><strong>virtuti</strong></span> <span class='ocrx_word' id='word_1_160' title='bbox 2941 934 3267 1000; x_wconf 88' lang='lat' dir='ltr'><strong>ascribebat,</strong></span> <span class='ocrx_word' id='word_1_161' title='bbox 3315 938 3776 1008; x_wconf 66' lang='lat' dir='ltr'><strong>praesentiumque</strong></span> 
     </span>
    </p>
   </div>
   <div class='ocr_carea' id='block_1_19' title="bbox 2179 1025 3770 1097">
    <p class='ocr_par' dir='ltr' id='par_1_19' title="bbox 2179 1025 3770 1097">
     <span class='ocr_line' id='line_1_19' title="bbox 2179 1025 3770 1097; baseline -0.001 -12"><span class='ocrx_word' id='word_1_162' title='bbox 2179 1045 2362 1085; x_wconf 91' lang='lat' dir='ltr'><strong>rerum</strong></span> <span class='ocrx_word' id='word_1_163' title='bbox 2406 1027 2824 1097; x_wconf 70' lang='lat' dir='ltr'><strong>iucunditatem,</strong></span> <span class='ocrx_word' id='word_1_164' title='bbox 2875 1027 3028 1096; x_wconf 77' lang='lat' dir='ltr'><strong>quasi</strong></span> <span class='ocrx_word' id='word_1_165' title='bbox 3077 1025 3531 1096; x_wconf 86' lang='lat' dir='ltr'><strong>pulcherrimam,</strong></span> <span class='ocrx_word' id='word_1_166' title='bbox 3570 1028 3770 1083; x_wconf 77' lang='lat' dir='ltr'><strong>illorum</strong></span> 
     </span>
    </p>
   </div>
   <div class='ocr_carea' id='block_1_20' title="bbox 2180 1115 3770 1184">
    <p class='ocr_par' dir='ltr' id='par_1_20' title="bbox 2180 1115 3770 1184">
     <span class='ocr_line' id='line_1_20' title="bbox 2180 1115 3770 1184; baseline -0.004 -7"><span class='ocrx_word' id='word_1_167' title='bbox 2180 1121 2372 1176; x_wconf 87' lang='lat' dir='ltr'><strong>honori</strong></span> <span class='ocrx_word' id='word_1_168' title='bbox 2405 1119 2694 1175; x_wconf 87' lang='lat' dir='ltr'><strong>convenire</strong></span> <span class='ocrx_word' id='word_1_169' title='bbox 2715 1117 2947 1171; x_wconf 88' lang='lat' dir='ltr'><strong>dicebat.</strong></span> <span class='ocrx_word' id='word_1_170' title='bbox 2980 1115 3133 1171; x_wconf 89' lang='lat' dir='ltr'><strong>Unde</strong></span> <span class='ocrx_word' id='word_1_171' title='bbox 3173 1117 3531 1184; x_wconf 84' lang='lat' dir='ltr'><strong>subsequitur</strong></span> <span class='ocrx_word' id='word_1_172' title='bbox 3557 1117 3770 1172; x_wconf 85' lang='lat' dir='ltr'><strong>dicens:</strong></span> 
     </span>
    </p>
   </div>
   <div class='ocr_carea' id='block_1_21' title="bbox 2190 1207 3772 1280">
    <p class='ocr_par' dir='ltr' id='par_1_21' title="bbox 2190 1207 3772 1280">
     <span class='ocr_line' id='line_1_21' title="bbox 2190 1207 3772 1280; baseline -0.003 -13"><span class='ocrx_word' id='word_1_173' title='bbox 2190 1213 2365 1267; x_wconf 84' lang='lat' dir='ltr'><strong>Vestes</strong></span> <span class='ocrx_word' id='word_1_174' title='bbox 2387 1213 2706 1266; x_wconf 67' lang='lat' dir='ltr'><strong>diuersorum</strong></span> <span class='ocrx_word' id='word_1_175' title='bbox 2737 1210 2974 1264; x_wconf 88' lang='lat' dir='ltr'><strong>colorum</strong></span> <span class='ocrx_word' id='word_1_176' title='bbox 3002 1207 3198 1262; x_wconf 78' lang='lat' dir='ltr'><strong>Sisara:</strong></span> <span class='ocrx_word' id='word_1_177' title='bbox 3229 1211 3518 1262; x_wconf 77' lang='lat' dir='ltr'><strong>traduntur</strong></span> <span class='ocrx_word' id='word_1_178' title='bbox 3547 1213 3619 1263; x_wconf 77' lang='lat' dir='ltr'><strong>ad</strong></span> <span class='ocrx_word' id='word_1_179' title='bbox 3639 1229 3772 1280; x_wconf 75' lang='grc' dir='ltr'><strong>ρηε-</strong></span> 
     </span>
    </p>
   </div>
   <div class='ocr_carea' id='block_1_22' title="bbox 2181 1299 3769 1372">
    <p class='ocr_par' dir='ltr' id='par_1_22' title="bbox 2181 1299 3769 1372">
     <span class='ocr_line' id='line_1_22' title="bbox 2181 1299 3769 1372; baseline 0.001 -16"><span class='ocrx_word' id='word_1_180' title='bbox 2181 1303 2324 1366; x_wconf 81' lang='lat' dir='ltr'><strong>dant,</strong></span> <span class='ocrx_word' id='word_1_181' title='bbox 2371 1310 2418 1356; x_wconf 86' lang='lat' dir='ltr'><strong>et</strong></span> <span class='ocrx_word' id='word_1_182' title='bbox 2462 1299 2692 1370; x_wconf 75' lang='lat' dir='ltr'><strong>supellex</strong></span> <span class='ocrx_word' id='word_1_183' title='bbox 2743 1301 2892 1354; x_wconf 77' lang='lat' dir='ltr'><strong>varia</strong></span> <span class='ocrx_word' id='word_1_184' title='bbox 2927 1299 2996 1353; x_wconf 90' lang='lat' dir='ltr'><strong>ad</strong></span> <span class='ocrx_word' id='word_1_185' title='bbox 3046 1300 3290 1353; x_wconf 82' lang='lat' dir='ltr'><strong>ornanda</strong></span> <span class='ocrx_word' id='word_1_186' title='bbox 3337 1300 3476 1354; x_wconf 83' lang='lat' dir='ltr'><strong>colla</strong></span> <span class='ocrx_word' id='word_1_187' title='bbox 3525 1306 3769 1372; x_wconf 78' lang='lat' dir='ltr'><strong>congerit.</strong></span> 
     </span>
    </p>
   </div>
   <div class='ocr_carea' id='block_1_23' title="bbox 2184 1392 3775 1459">
    <p class='ocr_par' dir='ltr' id='par_1_23' title="bbox 2184 1392 3775 1459">
     <span class='ocr_line' id='line_1_23' title="bbox 2184 1392 3775 1459; baseline -0.001 -11"><span class='ocrx_word' id='word_1_188' title='bbox 2184 1393 2376 1448; x_wconf 79' lang='lat' dir='ltr'><strong>Vestes</strong></span> <span class='ocrx_word' id='word_1_189' title='bbox 2401 1393 2738 1447; x_wconf 88' lang='lat' dir='ltr'><strong>diversorum</strong></span> <span class='ocrx_word' id='word_1_190' title='bbox 2765 1392 3004 1446; x_wconf 89' lang='lat' dir='ltr'><strong>colorum</strong></span> <span class='ocrx_word' id='word_1_191' title='bbox 3029 1405 3315 1459; x_wconf 88' lang='lat' dir='ltr'><strong>possumus</strong></span> <span class='ocrx_word' id='word_1_192' title='bbox 3339 1402 3667 1446; x_wconf 82' lang='lat' dir='ltr'><strong>ornamenta</strong></span> <span class='ocrx_word' id='word_1_193' title='bbox 3697 1395 3775 1448; x_wconf 89' lang='lat' dir='ltr'><strong>in-</strong></span> 
     </span>
    </p>
   </div>
   <div class='ocr_carea' id='block_1_24' title="bbox 2189 1480 3775 1552">
    <p class='ocr_par' dir='ltr' id='par_1_24' title="bbox 2189 1480 3775 1552">
     <span class='ocr_line' id='line_1_24' title="bbox 2189 1480 3775 1552; baseline 0.001 -15"><span class='ocrx_word' id='word_1_194' title='bbox 2189 1481 2431 1551; x_wconf 76' lang='lat' dir='ltr'><strong>telligere</strong></span> <span class='ocrx_word' id='word_1_195' title='bbox 2460 1480 2750 1547; x_wconf 89' lang='lat' dir='ltr'><strong>idolorum,</strong></span> <span class='ocrx_word' id='word_1_196' title='bbox 2799 1481 2884 1535; x_wconf 77' lang='lat' dir='ltr'><strong>vel</strong></span> <span class='ocrx_word' id='word_1_197' title='bbox 2926 1481 3172 1535; x_wconf 88' lang='lat' dir='ltr'><strong>carmina</strong></span> <span class='ocrx_word' id='word_1_198' title='bbox 3219 1491 3518 1552; x_wconf 87' lang='lat' dir='ltr'><strong>poetarum,</strong></span> <span class='ocrx_word' id='word_1_199' title='bbox 3563 1499 3687 1552; x_wconf 76' lang='lat' dir='ltr'><strong>qua:</strong></span> <span class='ocrx_word' id='word_1_200' title='bbox 3709 1483 3775 1538; x_wconf 89' lang='lat' dir='ltr'><strong>ad</strong></span> 
     </span>
    </p>
   </div>
   <div class='ocr_carea' id='block_1_25' title="bbox 2187 1573 3776 1646">
    <p class='ocr_par' dir='ltr' id='par_1_25' title="bbox 2187 1573 3776 1646">
     <span class='ocr_line' id='line_1_25' title="bbox 2187 1573 3776 1646; baseline 0.002 -18"><span class='ocrx_word' id='word_1_201' title='bbox 2187 1575 2446 1630; x_wconf 86' lang='lat' dir='ltr'><strong>honorem</strong></span> <span class='ocrx_word' id='word_1_202' title='bbox 2483 1573 2709 1630; x_wconf 88' lang='lat' dir='ltr'><strong>deorum</strong></span> <span class='ocrx_word' id='word_1_203' title='bbox 2756 1589 2980 1629; x_wconf 90' lang='lat' dir='ltr'><strong>suorum</strong></span> <span class='ocrx_word' id='word_1_204' title='bbox 3027 1574 3260 1629; x_wconf 74' lang='lat' dir='ltr'><strong>diversis</strong></span> <span class='ocrx_word' id='word_1_205' title='bbox 3318 1576 3513 1629; x_wconf 89' lang='lat' dir='ltr'><strong>metris</strong></span> <span class='ocrx_word' id='word_1_206' title='bbox 3560 1577 3776 1646; x_wconf 74' lang='lat' dir='ltr'><strong>gentiles</strong></span> 
     </span>
    </p>
   </div>
   <div class='ocr_carea' id='block_1_26' title="bbox 2188 1667 3772 1736">
    <p class='ocr_par' dir='ltr' id='par_1_26' title="bbox 2188 1667 3772 1736">
     <span class='ocr_line' id='line_1_26' title="bbox 2188 1667 3772 1736; baseline 0.001 -14"><span class='ocrx_word' id='word_1_207' title='bbox 2188 1668 2542 1723; x_wconf 88' lang='lat' dir='ltr'><strong>condiderunt</strong></span> <span class='ocrx_word' id='word_1_208' title='bbox 2566 1683 2581 1732; x_wconf 88' lang='lat'><strong>;</strong></span> <span class='ocrx_word' id='word_1_209' title='bbox 2611 1667 3083 1736; x_wconf 86' lang='lat' dir='ltr'><strong>et&#39;supellectilem</strong></span> <span class='ocrx_word' id='word_1_210' title='bbox 3110 1669 3338 1733; x_wconf 87' lang='lat' dir='ltr'><strong>variam,</strong></span> <span class='ocrx_word' id='word_1_211' title='bbox 3371 1669 3593 1723; x_wconf 78' lang='lat' dir='ltr'><strong>diversa</strong></span> <span class='ocrx_word' id='word_1_212' title='bbox 3616 1669 3772 1724; x_wconf 75' lang='lat' dir='ltr'><strong>ollicia</strong></span> 
     </span>
    </p>
   </div>
   <div class='ocr_carea' id='block_1_27' title="bbox 2189 1757 3771 1827">
    <p class='ocr_par' dir='ltr' id='par_1_27' title="bbox 2189 1757 3771 1827">
     <span class='ocr_line' id='line_1_27' title="bbox 2189 1757 3771 1827; baseline 0.002 -16"><span class='ocrx_word' id='word_1_213' title='bbox 2189 1757 2448 1814; x_wconf 82' lang='lat' dir='ltr'><strong>falsorum</strong></span> <span class='ocrx_word' id='word_1_214' title='bbox 2478 1759 2841 1823; x_wconf 83' lang='lat' dir='ltr'><strong>sacerdotum,</strong></span> <span class='ocrx_word' id='word_1_215' title='bbox 2879 1773 2999 1827; x_wconf 75' lang='lat' dir='ltr'><strong>qua:</strong></span> <span class='ocrx_word' id='word_1_216' title='bbox 3040 1757 3199 1813; x_wconf 87' lang='lat' dir='ltr'><strong>idolis</strong></span> <span class='ocrx_word' id='word_1_217' title='bbox 3228 1759 3343 1813; x_wconf 87' lang='lat' dir='ltr'><strong>suis</strong></span> <span class='ocrx_word' id='word_1_218' title='bbox 3390 1758 3771 1814; x_wconf 78' lang='lat' dir='ltr'><strong>studiosissime</strong></span> 
     </span>
    </p>
   </div>
   <div class='ocr_carea' id='block_1_28' title="bbox 492 1843 3770 1919">
    <p class='ocr_par' dir='ltr' id='par_1_28' title="bbox 492 1843 3770 1919">
     <span class='ocr_line' id='line_1_28' title="bbox 492 1843 3770 1919; baseline -0.001 -15"><span class='ocrx_word' id='word_1_219' title='bbox 492 1851 606 1919; x_wconf 89' lang='lat' dir='ltr'><strong>ipse</strong></span> <span class='ocrx_word' id='word_1_220' title='bbox 659 1857 901 1904; x_wconf 84' lang='lat' dir='ltr'><strong>vastator</strong></span> <span class='ocrx_word' id='word_1_221' title='bbox 955 1848 1388 1904; x_wconf 87' lang='lat' dir='ltr'><strong>nelandissimus</strong></span> <span class='ocrx_word' id='word_1_222' title='bbox 1432 1857 1558 1904; x_wconf 88' lang='lat' dir='ltr'><strong>ante</strong></span> <span class='ocrx_word' id='word_1_223' title='bbox 1611 1849 1776 1918; x_wconf 87' lang='lat' dir='ltr'><strong>pedes</strong></span> <span class='ocrx_word' id='word_1_224' title='bbox 1817 1849 2082 1912; x_wconf 87' lang='lat' dir='ltr'><strong>mulieris,</strong></span> <span class='ocrx_word' id='word_1_225' title='bbox 2113 1843 2162 1904; x_wconf 88' lang='grc' dir='ltr'><strong>Β</strong></span> <span class='ocrx_word' id='word_1_226' title='bbox 2187 1849 2587 1919; x_wconf 85' lang='lat' dir='ltr'><strong>impendebant.</strong></span> <span class='ocrx_word' id='word_1_227' title='bbox 2621 1847 2728 1903; x_wconf 90' lang='lat' dir='ltr'><strong>Sed</strong></span> <span class='ocrx_word' id='word_1_228' title='bbox 2777 1849 2892 1902; x_wconf 64' lang='lat' dir='ltr'><strong>haec</strong></span> <span class='ocrx_word' id='word_1_229' title='bbox 2923 1848 3106 1903; x_wconf 87' lang='lat' dir='ltr'><strong>omnia</strong></span> <span class='ocrx_word' id='word_1_230' title='bbox 3152 1849 3296 1903; x_wconf 83' lang='lat' dir='ltr'><strong>sicut</strong></span> <span class='ocrx_word' id='word_1_231' title='bbox 3331 1847 3535 1903; x_wconf 82' lang='lat' dir='ltr'><strong>frivola</strong></span> <span class='ocrx_word' id='word_1_232' title='bbox 3575 1849 3770 1903; x_wconf 79' lang='lat' dir='ltr'><strong>fuerunt</strong></span> 
     </span>
    </p>
   </div>
   <div class='ocr_carea' id='block_1_29' title="bbox 490 1939 2086 2011">
    <p class='ocr_par' dir='ltr' id='par_1_29' title="bbox 490 1939 2086 2011">
     <span class='ocr_line' id='line_1_29' title="bbox 490 1939 2086 2011; baseline -0.001 -15"><span class='ocrx_word' id='word_1_233' title='bbox 490 1957 616 1996; x_wconf 91' lang='lat' dir='ltr'><strong>cum</strong></span> <span class='ocrx_word' id='word_1_234' title='bbox 640 1941 882 2011; x_wconf 86' lang='lat' dir='ltr'><strong>quotidie</strong></span> <span class='ocrx_word' id='word_1_235' title='bbox 906 1955 1006 2009; x_wconf 89' lang='lat' dir='ltr'><strong>per</strong></span> <span class='ocrx_word' id='word_1_236' title='bbox 1032 1939 1216 2006; x_wconf 87' lang='lat' dir='ltr'><strong>ﬁdem,</strong></span> <span class='ocrx_word' id='word_1_237' title='bbox 1241 1955 1391 2009; x_wconf 83' lang='lat' dir='ltr'><strong>spem</strong></span> <span class='ocrx_word' id='word_1_238' title='bbox 1424 1956 1488 1995; x_wconf 90' lang='lat' dir='ltr'><strong>ac</strong></span> <span class='ocrx_word' id='word_1_239' title='bbox 1508 1940 1824 2010; x_wconf 84' lang='lat' dir='ltr'><strong>patientiam</strong></span> <span class='ocrx_word' id='word_1_240' title='bbox 1848 1940 2086 1996; x_wconf 90' lang='lat' dir='ltr'><strong>ﬁdelium</strong></span> 
     </span>
    </p>
   </div>
   <div class='ocr_carea' id='block_1_30' title="bbox 491 2031 2084 2097">
    <p class='ocr_par' dir='ltr' id='par_1_30' title="bbox 491 2031 2084 2097">
     <span class='ocr_line' id='line_1_30' title="bbox 491 2031 2084 2097; baseline -0.002 -9"><span class='ocrx_word' id='word_1_241' title='bbox 491 2033 867 2097; x_wconf 87' lang='lat' dir='ltr'><strong>mortiﬁcatur,</strong></span> <span class='ocrx_word' id='word_1_242' title='bbox 909 2041 965 2087; x_wconf 91' lang='lat' dir='ltr'><strong>et</strong></span> <span class='ocrx_word' id='word_1_243' title='bbox 991 2032 1058 2085; x_wconf 92' lang='lat' dir='ltr'><strong>ad</strong></span> <span class='ocrx_word' id='word_1_244' title='bbox 1080 2041 1385 2088; x_wconf 75' lang='lat' dir='ltr'><strong>extremum</strong></span> <span class='ocrx_word' id='word_1_245' title='bbox 1414 2032 1735 2087; x_wconf 88' lang='lat' dir='ltr'><strong>absorbetur</strong></span> <span class='ocrx_word' id='word_1_246' title='bbox 1757 2032 1812 2086; x_wconf 92' lang='lat' dir='ltr'><strong>in</strong></span> <span class='ocrx_word' id='word_1_247' title='bbox 1835 2031 2084 2086; x_wconf 89' lang='lat' dir='ltr'><strong>victoria.</strong></span> 
     </span>
    </p>
   </div>
   <div class='ocr_carea' id='block_1_31' title="bbox 492 2123 2087 2196">
    <p class='ocr_par' dir='ltr' id='par_1_31' title="bbox 492 2123 2087 2196">
     <span class='ocr_line' id='line_1_31' title="bbox 492 2123 2087 2196; baseline 0.001 -18"><span class='ocrx_word' id='word_1_248' title='bbox 492 2124 606 2179; x_wconf 89' lang='lat' dir='ltr'><strong>Nec</strong></span> <span class='ocrx_word' id='word_1_249' title='bbox 615 2127 735 2195; x_wconf 87' lang='lat' dir='ltr'><strong>jam</strong></span> <span class='ocrx_word' id='word_1_250' title='bbox 757 2123 894 2180; x_wconf 90' lang='lat' dir='ltr'><strong>ultra</strong></span> <span class='ocrx_word' id='word_1_251' title='bbox 920 2125 1018 2178; x_wconf 87' lang='lat' dir='ltr'><strong>erit</strong></span> <span class='ocrx_word' id='word_1_252' title='bbox 1044 2142 1208 2189; x_wconf 87' lang='lat' dir='ltr'><strong>mors,</strong></span> <span class='ocrx_word' id='word_1_253' title='bbox 1231 2142 1392 2195; x_wconf 87' lang='lat' dir='ltr'><strong>neque</strong></span> <span class='ocrx_word' id='word_1_254' title='bbox 1418 2124 1612 2191; x_wconf 87' lang='lat' dir='ltr'><strong>luctus,</strong></span> <span class='ocrx_word' id='word_1_255' title='bbox 1655 2141 1819 2196; x_wconf 87' lang='lat' dir='ltr'><strong>neque</strong></span> <span class='ocrx_word' id='word_1_256' title='bbox 1866 2123 2087 2191; x_wconf 86' lang='lat' dir='ltr'><strong>clamor,</strong></span> 
     </span>
    </p>
   </div>
   <div class='ocr_carea' id='block_1_32' title="bbox 490 2217 1692 2288">
    <p class='ocr_par' dir='ltr' id='par_1_32' title="bbox 490 2217 1692 2288">
     <span class='ocr_line' id='line_1_32' title="bbox 490 2217 1692 2288; baseline 0.001 -18"><span class='ocrx_word' id='word_1_257' title='bbox 490 2217 741 2288; x_wconf 86' lang='lat' dir='ltr'><strong>quoniam</strong></span> <span class='ocrx_word' id='word_1_258' title='bbox 769 2217 948 2288; x_wconf 90' lang='lat' dir='ltr'><strong>priora</strong></span> <span class='ocrx_word' id='word_1_259' title='bbox 976 2218 1298 2272; x_wconf 83' lang='lat' dir='ltr'><strong>transierunt</strong></span> <span class='ocrx_word' id='word_1_260' title='bbox 1329 2217 1528 2287; x_wconf 77' lang='lat' dir='ltr'><strong>(Apoc.</strong></span> <span class='ocrx_word' id='word_1_261' title='bbox 1554 2217 1692 2287; x_wconf 71' lang='lat' dir='ltr'><strong>xxx).</strong></span> 
     </span>
    </p>
   </div>
   <div class='ocr_carea' id='block_1_33' title="bbox 568 2306 2090 2378">
    <p class='ocr_par' dir='ltr' id='par_1_33' title="bbox 568 2306 2090 2378">
     <span class='ocr_line' id='line_1_33' title="bbox 568 2306 2090 2378; baseline -0.001 -17"><span class='ocrx_word' id='word_1_262' title='bbox 568 2307 675 2362; x_wconf 86' lang='lat' dir='ltr'><strong>Per</strong></span> <span class='ocrx_word' id='word_1_263' title='bbox 704 2308 986 2377; x_wconf 81' lang='lat' dir='ltr'><strong>fenestram</strong></span> <span class='ocrx_word' id='word_1_264' title='bbox 1042 2309 1360 2378; x_wconf 66' lang='lat' dir='ltr'><strong>prospicimus</strong></span> <span class='ocrx_word' id='word_1_265' title='bbox 1406 2307 1642 2361; x_wconf 86' lang='lat' dir='ltr'><strong>ululabat</strong></span> <span class='ocrx_word' id='word_1_266' title='bbox 1678 2316 1844 2360; x_wconf 86' lang='lat' dir='ltr'><strong>mater</strong></span> <span class='ocrx_word' id='word_1_267' title='bbox 1865 2306 2004 2375; x_wconf 84' lang='lat' dir='ltr'><strong>ejus,</strong></span> <span class='ocrx_word' id='word_1_268' title='bbox 2041 2315 2090 2360; x_wconf 90' lang='lat' dir='ltr'><strong>et</strong></span> 
     </span>
    </p>
   </div>
   <div class='ocr_carea' id='block_1_34' title="bbox 491 2396 2090 2468">
    <p class='ocr_par' dir='ltr' id='par_1_34' title="bbox 491 2396 2090 2468">
     <span class='ocr_line' id='line_1_34' title="bbox 491 2396 2090 2468; baseline -0.001 -15"><span class='ocrx_word' id='word_1_269' title='bbox 491 2401 558 2453; x_wconf 88' lang='lat' dir='ltr'><strong>de</strong></span> <span class='ocrx_word' id='word_1_270' title='bbox 586 2398 852 2452; x_wconf 64' lang='lat' dir='ltr'><strong>cenaculo</strong></span> <span class='ocrx_word' id='word_1_271' title='bbox 896 2398 1220 2468; x_wconf 87' lang='lat' dir='ltr'><strong>loquebatur.</strong></span> <span class='ocrx_word' id='word_1_272' title='bbox 1273 2398 1404 2464; x_wconf 72' lang='lat' dir='ltr'><strong>Quae</strong></span> <span class='ocrx_word' id='word_1_273' title='bbox 1447 2405 1529 2452; x_wconf 87' lang='lat' dir='ltr'><strong>cst</strong></span> <span class='ocrx_word' id='word_1_274' title='bbox 1558 2398 1704 2452; x_wconf 90' lang='lat' dir='ltr'><strong>enim</strong></span> <span class='ocrx_word' id='word_1_275' title='bbox 1730 2405 1903 2451; x_wconf 82' lang='lat' dir='ltr'><strong>mater</strong></span> <span class='ocrx_word' id='word_1_276' title='bbox 1930 2396 2090 2465; x_wconf 84' lang='lat' dir='ltr'><strong>hujus</strong></span> 
     </span>
    </p>
   </div>
   <div class='ocr_carea' id='block_1_35' title="bbox 493 2487 2091 2557">
    <p class='ocr_par' dir='ltr' id='par_1_35' title="bbox 493 2487 2091 2557">
     <span class='ocr_line' id='line_1_35' title="bbox 493 2487 2091 2557; baseline -0.002 -14"><span class='ocrx_word' id='word_1_277' title='bbox 493 2488 754 2557; x_wconf 86' lang='lat' dir='ltr'><strong>spiritalis</strong></span> <span class='ocrx_word' id='word_1_278' title='bbox 781 2488 1015 2553; x_wconf 77' lang='lat' dir='ltr'><strong>Sisarac,</strong></span> <span class='ocrx_word' id='word_1_279' title='bbox 1061 2489 1165 2543; x_wconf 88' lang='lat' dir='ltr'><strong>hoc</strong></span> <span class='ocrx_word' id='word_1_280' title='bbox 1201 2496 1308 2552; x_wconf 88' lang='lat' dir='ltr'><strong>est,</strong></span> <span class='ocrx_word' id='word_1_281' title='bbox 1344 2489 1585 2542; x_wconf 90' lang='lat' dir='ltr'><strong>omnium</strong></span> <span class='ocrx_word' id='word_1_282' title='bbox 1625 2488 1955 2556; x_wconf 90' lang='lat' dir='ltr'><strong>iniquorum,</strong></span> <span class='ocrx_word' id='word_1_283' title='bbox 1985 2487 2091 2541; x_wconf 89' lang='lat' dir='ltr'><strong>nisi</strong></span> 
     </span>
    </p>
   </div>
   <div class='ocr_carea' id='block_1_36' title="bbox 493 2581 2092 2651">
    <p class='ocr_par' dir='ltr' id='par_1_36' title="bbox 493 2581 2092 2651">
     <span class='ocr_line' id='line_1_36' title="bbox 493 2581 2092 2651; baseline -0.001 -15"><span class='ocrx_word' id='word_1_284' title='bbox 493 2581 748 2650; x_wconf 88' lang='lat' dir='ltr'><strong>impietas</strong></span> <span class='ocrx_word' id='word_1_285' title='bbox 769 2597 892 2651; x_wconf 64' lang='lat' dir='ltr'><strong>quae</strong></span> <span class='ocrx_word' id='word_1_286' title='bbox 912 2590 1088 2636; x_wconf 86' lang='lat' dir='ltr'><strong>mater</strong></span> <span class='ocrx_word' id='word_1_287' title='bbox 1114 2589 1278 2651; x_wconf 88' lang='lat' dir='ltr'><strong>atque</strong></span> <span class='ocrx_word' id='word_1_288' title='bbox 1303 2581 1573 2636; x_wconf 78' lang='lat' dir='ltr'><strong>inventrix</strong></span> <span class='ocrx_word' id='word_1_289' title='bbox 1601 2590 1684 2636; x_wconf 88' lang='lat' dir='ltr'><strong>est</strong></span> <span class='ocrx_word' id='word_1_290' title='bbox 1705 2581 1970 2636; x_wconf 74' lang='lat' dir='ltr'><strong>universae</strong></span> <span class='ocrx_word' id='word_1_291' title='bbox 1989 2581 2092 2635; x_wconf 88' lang='lat' dir='ltr'><strong>ini-</strong></span> 
     </span>
    </p>
   </div>
   <div class='ocr_carea' id='block_1_37' title="bbox 493 2671 2086 2744">
    <p class='ocr_par' dir='ltr' id='par_1_37' title="bbox 493 2671 2086 2744">
     <span class='ocr_line' id='line_1_37' title="bbox 493 2671 2086 2744; baseline 0 -18"><span class='ocrx_word' id='word_1_292' title='bbox 493 2672 736 2744; x_wconf 86' lang='lat' dir='ltr'><strong>quitatis.</strong></span> <span class='ocrx_word' id='word_1_293' title='bbox 773 2672 924 2727; x_wconf 91' lang='lat' dir='ltr'><strong>Unde</strong></span> <span class='ocrx_word' id='word_1_294' title='bbox 950 2673 1006 2727; x_wconf 91' lang='lat' dir='ltr'><strong>in</strong></span> <span class='ocrx_word' id='word_1_295' title='bbox 1030 2672 1168 2727; x_wconf 90' lang='lat' dir='ltr'><strong>libro</strong></span> <span class='ocrx_word' id='word_1_296' title='bbox 1195 2671 1321 2727; x_wconf 85' lang='lat' dir='ltr'><strong>Jcsu</strong></span> <span class='ocrx_word' id='word_1_297' title='bbox 1346 2672 1441 2727; x_wconf 89' lang='lat' dir='ltr'><strong>lilii</strong></span> <span class='ocrx_word' id='word_1_298' title='bbox 1465 2671 1655 2726; x_wconf 88' lang='lat' dir='ltr'><strong>Sirach</strong></span> <span class='ocrx_word' id='word_1_299' title='bbox 1682 2671 1943 2739; x_wconf 90' lang='lat' dir='ltr'><strong>scriptum</strong></span> <span class='ocrx_word' id='word_1_300' title='bbox 1961 2679 2047 2726; x_wconf 86' lang='lat' dir='ltr'><strong>est</strong></span> <span class='ocrx_word' id='word_1_301' title='bbox 2071 2689 2086 2726; x_wconf 89' lang='lat'><strong>:</strong></span> 
     </span>
    </p>
   </div>
   <div class='ocr_carea' id='block_1_38' title="bbox 494 2762 2090 2833">
    <p class='ocr_par' dir='ltr' id='par_1_38' title="bbox 494 2762 2090 2833">
     <span class='ocr_line' id='line_1_38' title="bbox 494 2762 2090 2833; baseline -0.002 -16"><span class='ocrx_word' id='word_1_302' title='bbox 494 2762 714 2817; x_wconf 84' lang='lat' dir='ltr'><strong>Initium</strong></span> <span class='ocrx_word' id='word_1_303' title='bbox 741 2764 998 2833; x_wconf 73' lang='lat' dir='ltr'><strong>superbia:</strong></span> <span class='ocrx_word' id='word_1_304' title='bbox 1025 2764 1251 2818; x_wconf 84' lang='lat' dir='ltr'><strong>hominis</strong></span> <span class='ocrx_word' id='word_1_305' title='bbox 1289 2773 1588 2832; x_wconf 86' lang='lat' dir='ltr'><strong>apostatare</strong></span> <span class='ocrx_word' id='word_1_306' title='bbox 1609 2781 1642 2817; x_wconf 90' lang='lat' dir='ltr'><strong>a</strong></span> <span class='ocrx_word' id='word_1_307' title='bbox 1684 2762 1814 2824; x_wconf 88' lang='lat' dir='ltr'><strong>Deo,</strong></span> <span class='ocrx_word' id='word_1_308' title='bbox 1840 2762 2090 2832; x_wconf 84' lang='lat' dir='ltr'><strong>quoniam</strong></span> 
     </span>
    </p>
   </div>
   <div class='ocr_carea' id='block_1_39' title="bbox 493 2853 2087 2926">
    <p class='ocr_par' dir='ltr' id='par_1_39' title="bbox 493 2853 2087 2926">
     <span class='ocr_line' id='line_1_39' title="bbox 493 2853 2087 2926; baseline -0.002 -16"><span class='ocrx_word' id='word_1_309' title='bbox 493 2855 558 2910; x_wconf 87' lang='lat' dir='ltr'><strong>ab</strong></span> <span class='ocrx_word' id='word_1_310' title='bbox 610 2872 672 2910; x_wconf 88' lang='lat' dir='ltr'><strong>eo</strong></span> <span class='ocrx_word' id='word_1_311' title='bbox 713 2857 802 2926; x_wconf 85' lang='lat' dir='ltr'><strong>qui</strong></span> <span class='ocrx_word' id='word_1_312' title='bbox 854 2855 977 2924; x_wconf 81' lang='lat' dir='ltr'><strong>fecit</strong></span> <span class='ocrx_word' id='word_1_313' title='bbox 1029 2854 1201 2920; x_wconf 83' lang='lat' dir='ltr'><strong>illum,</strong></span> <span class='ocrx_word' id='word_1_314' title='bbox 1254 2855 1462 2910; x_wconf 83' lang='lat' dir='ltr'><strong>recessit</strong></span> <span class='ocrx_word' id='word_1_315' title='bbox 1499 2871 1590 2908; x_wconf 88' lang='lat' dir='ltr'><strong>cor</strong></span> <span class='ocrx_word' id='word_1_316' title='bbox 1617 2855 1733 2924; x_wconf 82' lang='lat' dir='ltr'><strong>ejus</strong></span> <span class='ocrx_word' id='word_1_317' title='bbox 1779 2853 1979 2925; x_wconf 85' lang='lat' dir='ltr'><strong>(Eccle.</strong></span> <span class='ocrx_word' id='word_1_318' title='bbox 2007 2853 2087 2923; x_wconf 75' lang='grc' dir='ltr'>χ).</span> 
     </span>
    </p>
   </div>
   <div class='ocr_carea' id='block_1_40' title="bbox 496 2945 2094 3016">
    <p class='ocr_par' dir='ltr' id='par_1_40' title="bbox 496 2945 2094 3016">
     <span class='ocr_line' id='line_1_40' title="bbox 496 2945 2094 3016; baseline 0.001 -17"><span class='ocrx_word' id='word_1_319' title='bbox 496 2945 650 3001; x_wconf 89' lang='lat' dir='ltr'><strong>Dolet</strong></span> <span class='ocrx_word' id='word_1_320' title='bbox 675 2947 821 3002; x_wconf 88' lang='lat' dir='ltr'><strong>enim</strong></span> <span class='ocrx_word' id='word_1_321' title='bbox 846 2962 912 3002; x_wconf 88' lang='lat' dir='ltr'><strong>ac</strong></span> <span class='ocrx_word' id='word_1_322' title='bbox 938 2948 1337 3016; x_wconf 89' lang='lat' dir='ltr'><strong>quodammodo</strong></span> <span class='ocrx_word' id='word_1_323' title='bbox 1364 2947 1535 3002; x_wconf 88' lang='lat' dir='ltr'><strong>ululat</strong></span> <span class='ocrx_word' id='word_1_324' title='bbox 1558 2947 1675 3002; x_wconf 65' lang='lat' dir='ltr'><strong>haec</strong></span> <span class='ocrx_word' id='word_1_325' title='bbox 1705 2955 1880 3000; x_wconf 89' lang='lat' dir='ltr'><strong>mater</strong></span> <span class='ocrx_word' id='word_1_326' title='bbox 1901 2947 1953 3001; x_wconf 91' lang='lat' dir='ltr'><strong>in</strong></span> <span class='ocrx_word' id='word_1_327' title='bbox 1973 2961 2094 3000; x_wconf 91' lang='lat' dir='ltr'><strong>cor-</strong></span> 
     </span>
    </p>
   </div>
   <div class='ocr_carea' id='block_1_41' title="bbox 495 3037 2092 3107">
    <p class='ocr_par' dir='ltr' id='par_1_41' title="bbox 495 3037 2092 3107">
     <span class='ocr_line' id='line_1_41' title="bbox 495 3037 2092 3107; baseline 0.001 -16"><span class='ocrx_word' id='word_1_328' title='bbox 495 3037 654 3093; x_wconf 88' lang='lat' dir='ltr'><strong>dibus</strong></span> <span class='ocrx_word' id='word_1_329' title='bbox 678 3037 990 3107; x_wconf 88' lang='lat' dir='ltr'><strong>impiorum,</strong></span> <span class='ocrx_word' id='word_1_330' title='bbox 1016 3054 1140 3092; x_wconf 88' lang='lat' dir='ltr'><strong>cum</strong></span> <span class='ocrx_word' id='word_1_331' title='bbox 1173 3037 1404 3094; x_wconf 88' lang='lat' dir='ltr'><strong>deﬁcere</strong></span> <span class='ocrx_word' id='word_1_332' title='bbox 1442 3037 1803 3094; x_wconf 86' lang='lat' dir='ltr'><strong>idololatriam</strong></span> <span class='ocrx_word' id='word_1_333' title='bbox 1830 3052 1927 3106; x_wconf 87' lang='lat' dir='ltr'><strong>per</strong></span> <span class='ocrx_word' id='word_1_334' title='bbox 1951 3052 2092 3106; x_wconf 83' lang='lat' dir='ltr'><strong>prae-</strong></span> 
     </span>
    </p>
   </div>
   <div class='ocr_carea' id='block_1_42' title="bbox 493 3127 2092 3199">
    <p class='ocr_par' dir='ltr' id='par_1_42' title="bbox 493 3127 2092 3199">
     <span class='ocr_line' id='line_1_42' title="bbox 493 3127 2092 3199; baseline -0.001 -16"><span class='ocrx_word' id='word_1_335' title='bbox 493 3129 820 3183; x_wconf 88' lang='lat' dir='ltr'><strong>dicationem</strong></span> <span class='ocrx_word' id='word_1_336' title='bbox 849 3128 1125 3199; x_wconf 77' lang='lat' dir='ltr'><strong>Evangelii</strong></span> <span class='ocrx_word' id='word_1_337' title='bbox 1152 3129 1205 3183; x_wconf 94' lang='lat' dir='ltr'><strong>in</strong></span> <span class='ocrx_word' id='word_1_338' title='bbox 1242 3138 1354 3184; x_wconf 91' lang='lat' dir='ltr'><strong>toto</strong></span> <span class='ocrx_word' id='word_1_339' title='bbox 1381 3128 1514 3183; x_wconf 91' lang='lat' dir='ltr'><strong>orbe</strong></span> <span class='ocrx_word' id='word_1_340' title='bbox 1553 3127 1878 3191; x_wconf 88' lang='lat' dir='ltr'><strong>considerat,</strong></span> <span class='ocrx_word' id='word_1_341' title='bbox 1905 3142 1970 3182; x_wconf 88' lang='lat' dir='ltr'><strong>ac</strong></span> <span class='ocrx_word' id='word_1_342' title='bbox 1991 3141 2092 3195; x_wconf 87' lang='lat' dir='ltr'><strong>per</strong></span> 
     </span>
    </p>
   </div>
   <div class='ocr_carea' id='block_1_43' title="bbox 2189 1939 3770 2010">
    <p class='ocr_par' dir='ltr' id='par_1_43' title="bbox 2189 1939 3770 2010">
     <span class='ocr_line' id='line_1_43' title="bbox 2189 1939 3770 2010; baseline 0.003 -17"><span class='ocrx_word' id='word_1_343' title='bbox 2189 1940 2244 1994; x_wconf 92' lang='lat' dir='ltr'><strong>in</strong></span> <span class='ocrx_word' id='word_1_344' title='bbox 2274 1941 2650 2006; x_wconf 80' lang='lat' dir='ltr'><strong>aestimatione,</strong></span> <span class='ocrx_word' id='word_1_345' title='bbox 2695 1939 2773 1994; x_wconf 87' lang='lat' dir='ltr'><strong>sic</strong></span> <span class='ocrx_word' id='word_1_346' title='bbox 2803 1940 2966 1994; x_wconf 87' lang='lat' dir='ltr'><strong>etiam</strong></span> <span class='ocrx_word' id='word_1_347' title='bbox 2999 1940 3178 2010; x_wconf 90' lang='lat' dir='ltr'><strong>turpia</strong></span> <span class='ocrx_word' id='word_1_348' title='bbox 3213 1941 3558 2010; x_wconf 87' lang='lat' dir='ltr'><strong>apparebant</strong></span> <span class='ocrx_word' id='word_1_349' title='bbox 3597 1945 3648 1996; x_wconf 87' lang='lat' dir='ltr'><strong>in</strong></span> <span class='ocrx_word' id='word_1_350' title='bbox 3687 1957 3770 1996; x_wconf 83' lang='lat' dir='ltr'><strong>ac-</strong></span> 
     </span>
    </p>
   </div>
   <div class='ocr_carea' id='block_1_44' title="bbox 2191 2032 3771 2102">
    <p class='ocr_par' dir='ltr' id='par_1_44' title="bbox 2191 2032 3771 2102">
     <span class='ocr_line' id='line_1_44' title="bbox 2191 2032 3771 2102; baseline 0.001 -15"><span class='ocrx_word' id='word_1_351' title='bbox 2191 2034 2353 2089; x_wconf 90' lang='lat' dir='ltr'><strong>tione.</strong></span> <span class='ocrx_word' id='word_1_352' title='bbox 2406 2033 2559 2090; x_wconf 90' lang='lat' dir='ltr'><strong>Unde</strong></span> <span class='ocrx_word' id='word_1_353' title='bbox 2604 2032 2850 2088; x_wconf 89' lang='lat' dir='ltr'><strong>Debbora</strong></span> <span class='ocrx_word' id='word_1_354' title='bbox 2900 2033 3158 2102; x_wconf 85' lang='lat' dir='ltr'><strong>spiritalis</strong></span> <span class='ocrx_word' id='word_1_355' title='bbox 3213 2035 3493 2088; x_wconf 86' lang='lat' dir='ltr'><strong>canticum</strong></span> <span class='ocrx_word' id='word_1_356' title='bbox 3548 2051 3691 2089; x_wconf 84' lang='lat' dir='ltr'><strong>suum</strong></span> <span class='ocrx_word' id='word_1_357' title='bbox 3716 2035 3771 2088; x_wconf 89' lang='lat' dir='ltr'><strong>ﬁ-</strong></span> 
     </span>
    </p>
   </div>
   <div class='ocr_carea' id='block_1_45' title="bbox 2190 2123 3770 2194">
    <p class='ocr_par' dir='ltr' id='par_1_45' title="bbox 2190 2123 3770 2194">
     <span class='ocr_line' id='line_1_45' title="bbox 2190 2123 3770 2194; baseline 0 -14"><span class='ocrx_word' id='word_1_358' title='bbox 2190 2126 2407 2190; x_wconf 91' lang='lat' dir='ltr'><strong>niendo,</strong></span> <span class='ocrx_word' id='word_1_359' title='bbox 2442 2125 2516 2180; x_wconf 91' lang='lat' dir='ltr'><strong>ita</strong></span> <span class='ocrx_word' id='word_1_360' title='bbox 2545 2125 2830 2189; x_wconf 89' lang='lat' dir='ltr'><strong>conclusit,</strong></span> <span class='ocrx_word' id='word_1_361' title='bbox 2864 2124 3050 2180; x_wconf 89' lang='lat' dir='ltr'><strong>dicens</strong></span> <span class='ocrx_word' id='word_1_362' title='bbox 3076 2145 3090 2177; x_wconf 85' lang='lat'>:</span> <span class='ocrx_word' id='word_1_363' title='bbox 3122 2123 3214 2177; x_wconf 85' lang='lat' dir='ltr'><strong>Sic</strong></span> <span class='ocrx_word' id='word_1_364' title='bbox 3235 2135 3457 2194; x_wconf 83' lang='lat' dir='ltr'><strong>pereant</strong></span> <span class='ocrx_word' id='word_1_365' title='bbox 3489 2143 3660 2180; x_wconf 85' lang='lat' dir='ltr'><strong>omnes</strong></span> <span class='ocrx_word' id='word_1_366' title='bbox 3682 2128 3770 2180; x_wconf 76' lang='lat' dir='ltr'><strong>isi-</strong></span> 
     </span>
    </p>
   </div>
   <div class='ocr_carea' id='block_1_46' title="bbox 2190 2213 3770 2284">
    <p class='ocr_par' dir='ltr' id='par_1_46' title="bbox 2190 2213 3770 2284">
     <span class='ocr_line' id='line_1_46' title="bbox 2190 2213 3770 2284; baseline 0.001 -16"><span class='ocrx_word' id='word_1_367' title='bbox 2190 2215 2310 2268; x_wconf 87' lang='lat' dir='ltr'><strong>mici</strong></span> <span class='ocrx_word' id='word_1_368' title='bbox 2337 2215 2435 2279; x_wconf 88' lang='lat' dir='ltr'><strong>tui,</strong></span> <span class='ocrx_word' id='word_1_369' title='bbox 2459 2215 2720 2278; x_wconf 85' lang='lat' dir='ltr'><strong>Domine;</strong></span> <span class='ocrx_word' id='word_1_370' title='bbox 2759 2214 2851 2284; x_wconf 88' lang='lat' dir='ltr'><strong>qui</strong></span> <span class='ocrx_word' id='word_1_371' title='bbox 2899 2223 3074 2268; x_wconf 83' lang='lat' dir='ltr'><strong>autem</strong></span> <span class='ocrx_word' id='word_1_372' title='bbox 3101 2213 3330 2282; x_wconf 85' lang='lat' dir='ltr'><strong>diligunt</strong></span> <span class='ocrx_word' id='word_1_373' title='bbox 3375 2225 3451 2279; x_wconf 89' lang='lat' dir='ltr'><strong>te,</strong></span> <span class='ocrx_word' id='word_1_374' title='bbox 3480 2216 3611 2269; x_wconf 82' lang='lat' dir='ltr'><strong>sicut</strong></span> <span class='ocrx_word' id='word_1_375' title='bbox 3631 2215 3703 2269; x_wconf 88' lang='lat' dir='ltr'><strong>sol</strong></span> <span class='ocrx_word' id='word_1_376' title='bbox 3722 2217 3770 2268; x_wconf 70' lang='lat' dir='ltr'><strong>in</strong></span> 
     </span>
    </p>
   </div>
   <div class='ocr_carea' id='block_1_47' title="bbox 2191 2303 3769 2377">
    <p class='ocr_par' dir='ltr' id='par_1_47' title="bbox 2191 2303 3769 2377">
     <span class='ocr_line' id='line_1_47' title="bbox 2191 2303 3769 2377; baseline -0.001 -16"><span class='ocrx_word' id='word_1_377' title='bbox 2191 2317 2308 2361; x_wconf 90' lang='lat' dir='ltr'><strong>ortu</strong></span> <span class='ocrx_word' id='word_1_378' title='bbox 2335 2325 2430 2362; x_wconf 88' lang='lat' dir='ltr'><strong>suo</strong></span> <span class='ocrx_word' id='word_1_379' title='bbox 2465 2307 2717 2377; x_wconf 85' lang='lat' dir='ltr'><strong>splendet,</strong></span> <span class='ocrx_word' id='word_1_380' title='bbox 2761 2308 2836 2360; x_wconf 87' lang='lat' dir='ltr'><strong>ita</strong></span> <span class='ocrx_word' id='word_1_381' title='bbox 2882 2305 3115 2359; x_wconf 84' lang='lat' dir='ltr'><strong>rutilent.</strong></span> <span class='ocrx_word' id='word_1_382' title='bbox 3171 2303 3390 2360; x_wconf 68' lang='lat' dir='ltr'><strong>Per-ient</strong></span> <span class='ocrx_word' id='word_1_383' title='bbox 3425 2317 3711 2376; x_wconf 84' lang='lat' dir='ltr'><strong>peccatores</strong></span> <span class='ocrx_word' id='word_1_384' title='bbox 3735 2323 3769 2360; x_wconf 72' lang='grc' dir='ltr'><strong>ι</strong></span> 
     </span>
    </p>
   </div>
   <div class='ocr_carea' id='block_1_48' title="bbox 2193 2398 3771 2468">
    <p class='ocr_par' dir='ltr' id='par_1_48' title="bbox 2193 2398 3771 2468">
     <span class='ocr_line' id='line_1_48' title="bbox 2193 2398 3771 2468; baseline 0 -14"><span class='ocrx_word' id='word_1_385' title='bbox 2193 2399 2328 2468; x_wconf 81' lang='lat' dir='ltr'><strong>facie</strong></span> <span class='ocrx_word' id='word_1_386' title='bbox 2356 2399 2452 2452; x_wconf 89' lang='lat' dir='ltr'><strong>Dei</strong></span> <span class='ocrx_word' id='word_1_387' title='bbox 2490 2408 2540 2452; x_wconf 88' lang='lat' dir='ltr'><strong>et</strong></span> <span class='ocrx_word' id='word_1_388' title='bbox 2561 2399 2696 2468; x_wconf 85' lang='lat' dir='ltr'><strong>justi</strong></span> <span class='ocrx_word' id='word_1_389' title='bbox 2736 2398 3068 2452; x_wconf 71' lang='lat' dir='ltr'><strong>exsultabant</strong></span> <span class='ocrx_word' id='word_1_390' title='bbox 3095 2399 3151 2452; x_wconf 87' lang='lat' dir='ltr'><strong>in</strong></span> <span class='ocrx_word' id='word_1_391' title='bbox 3194 2410 3474 2468; x_wconf 80' lang='lat' dir='ltr'><strong>conspectu</strong></span> <span class='ocrx_word' id='word_1_392' title='bbox 3503 2400 3616 2464; x_wconf 82' lang='lat' dir='ltr'><strong>Dei,</strong></span> <span class='ocrx_word' id='word_1_393' title='bbox 3635 2401 3771 2454; x_wconf 82' lang='lat' dir='ltr'><strong>dele-</strong></span> 
     </span>
    </p>
   </div>
   <div class='ocr_carea' id='block_1_49' title="bbox 2192 2490 3773 2561">
    <p class='ocr_par' dir='ltr' id='par_1_49' title="bbox 2192 2490 3773 2561">
     <span class='ocr_line' id='line_1_49' title="bbox 2192 2490 3773 2561; baseline 0.002 -17"><span class='ocrx_word' id='word_1_394' title='bbox 2192 2501 2388 2545; x_wconf 83' lang='lat' dir='ltr'><strong>ctantes</strong></span> <span class='ocrx_word' id='word_1_395' title='bbox 2425 2492 2479 2545; x_wconf 87' lang='lat' dir='ltr'><strong>in</strong></span> <span class='ocrx_word' id='word_1_396' title='bbox 2507 2491 2711 2545; x_wconf 77' lang='lat' dir='ltr'><strong>lwtitia.</strong></span> <span class='ocrx_word' id='word_1_397' title='bbox 2757 2490 2912 2556; x_wconf 85' lang='lat' dir='ltr'><strong>Quod</strong></span> <span class='ocrx_word' id='word_1_398' title='bbox 2954 2500 3136 2544; x_wconf 85' lang='lat' dir='ltr'><strong>autem</strong></span> <span class='ocrx_word' id='word_1_399' title='bbox 3182 2490 3298 2543; x_wconf 86' lang='lat' dir='ltr'><strong>ait:</strong></span> <span class='ocrx_word' id='word_1_400' title='bbox 3352 2490 3455 2555; x_wconf 82' lang='lat' dir='ltr'><strong>Qui</strong></span> <span class='ocrx_word' id='word_1_401' title='bbox 3496 2491 3773 2561; x_wconf 66' lang='lat' dir='ltr'><strong>diligunt“</strong></span> 
     </span>
    </p>
   </div>
   <div class='ocr_carea' id='block_1_50' title="bbox 2192 2580 3772 2651">
    <p class='ocr_par' dir='ltr' id='par_1_50' title="bbox 2192 2580 3772 2651">
     <span class='ocr_line' id='line_1_50' title="bbox 2192 2580 3772 2651; baseline 0.001 -15"><span class='ocrx_word' id='word_1_402' title='bbox 2192 2583 2326 2636; x_wconf 82' lang='lat' dir='ltr'><strong>sicut</strong></span> <span class='ocrx_word' id='word_1_403' title='bbox 2348 2582 2426 2636; x_wconf 82' lang='lat' dir='ltr'><strong>sol</strong></span> <span class='ocrx_word' id='word_1_404' title='bbox 2461 2583 2514 2636; x_wconf 87' lang='lat' dir='ltr'><strong>in</strong></span> <span class='ocrx_word' id='word_1_405' title='bbox 2536 2591 2653 2636; x_wconf 88' lang='lat' dir='ltr'><strong>ortu</strong></span> <span class='ocrx_word' id='word_1_406' title='bbox 2673 2597 2770 2636; x_wconf 88' lang='lat' dir='ltr'><strong>suo</strong></span> <span class='ocrx_word' id='word_1_407' title='bbox 2792 2580 3045 2651; x_wconf 84' lang='lat' dir='ltr'><strong>splendet,</strong></span> <span class='ocrx_word' id='word_1_408' title='bbox 3073 2581 3150 2634; x_wconf 91' lang='lat' dir='ltr'><strong>ita</strong></span> <span class='ocrx_word' id='word_1_409' title='bbox 3178 2581 3419 2646; x_wconf 85' lang='lat' dir='ltr'><strong>rutilent,</strong></span> <span class='ocrx_word' id='word_1_410' title='bbox 3462 2583 3547 2636; x_wconf 74' lang='lat' dir='ltr'><strong>vel</strong></span> <span class='ocrx_word' id='word_1_411' title='bbox 3589 2584 3772 2651; x_wconf 79' lang='lat' dir='ltr'><strong>tropice</strong></span> 
     </span>
    </p>
   </div>
   <div class='ocr_carea' id='block_1_51' title="bbox 2192 2673 3775 2745">
    <p class='ocr_par' dir='ltr' id='par_1_51' title="bbox 2192 2673 3775 2745">
     <span class='ocr_line' id='line_1_51' title="bbox 2192 2673 3775 2745; baseline -0.001 -15"><span class='ocrx_word' id='word_1_412' title='bbox 2192 2692 2260 2730; x_wconf 86' lang='lat' dir='ltr'><strong>ex</strong></span> <span class='ocrx_word' id='word_1_413' title='bbox 2297 2674 2729 2745; x_wconf 90' lang='lat' dir='ltr'><strong>splendidissimo</strong></span> <span class='ocrx_word' id='word_1_414' title='bbox 2773 2673 3038 2730; x_wconf 88' lang='lat' dir='ltr'><strong>elemento</strong></span> <span class='ocrx_word' id='word_1_415' title='bbox 3059 2673 3290 2744; x_wconf 80' lang='lat' dir='ltr'><strong>gloriam</strong></span> <span class='ocrx_word' id='word_1_416' title='bbox 3331 2675 3622 2728; x_wconf 79' lang='lat' dir='ltr'><strong>maximam</strong></span> <span class='ocrx_word' id='word_1_417' title='bbox 3661 2689 3775 2729; x_wconf 86' lang='lat' dir='ltr'><strong>san—</strong></span> 
     </span>
    </p>
   </div>
   <div class='ocr_carea' id='block_1_52' title="bbox 2192 2765 3772 2836">
    <p class='ocr_par' dir='ltr' id='par_1_52' title="bbox 2192 2765 3772 2836">
     <span class='ocr_line' id='line_1_52' title="bbox 2192 2765 3772 2836; baseline -0.003 -12"><span class='ocrx_word' id='word_1_418' title='bbox 2192 2776 2402 2824; x_wconf 87' lang='lat' dir='ltr'><strong>ctorum</strong></span> <span class='ocrx_word' id='word_1_419' title='bbox 2451 2767 2506 2821; x_wconf 92' lang='lat' dir='ltr'><strong>in</strong></span> <span class='ocrx_word' id='word_1_420' title='bbox 2557 2766 2711 2822; x_wconf 62' lang='lat' dir='ltr'><strong>caelis</strong></span> <span class='ocrx_word' id='word_1_421' title='bbox 2757 2781 2856 2836; x_wconf 91' lang='lat' dir='ltr'><strong>per</strong></span> <span class='ocrx_word' id='word_1_422' title='bbox 2899 2765 3367 2835; x_wconf 86' lang='lat' dir='ltr'><strong>comparationem</strong></span> <span class='ocrx_word' id='word_1_423' title='bbox 3415 2766 3772 2831; x_wconf 86' lang='lat' dir='ltr'><strong>demonstrat;</strong></span> 
     </span>
    </p>
   </div>
   <div class='ocr_carea' id='block_1_53' title="bbox 2192 2855 3769 2929">
    <p class='ocr_par' dir='ltr' id='par_1_53' title="bbox 2192 2855 3769 2929">
     <span class='ocr_line' id='line_1_53' title="bbox 2192 2855 3769 2929; baseline -0.003 -13"><span class='ocrx_word' id='word_1_424' title='bbox 2192 2860 2278 2916; x_wconf 90' lang='lat' dir='ltr'><strong>vel</strong></span> <span class='ocrx_word' id='word_1_425' title='bbox 2333 2859 2626 2915; x_wconf 90' lang='lat' dir='ltr'><strong>secundum</strong></span> <span class='ocrx_word' id='word_1_426' title='bbox 2681 2858 3000 2929; x_wconf 77' lang='lat' dir='ltr'><strong>mysterium</strong></span> <span class='ocrx_word' id='word_1_427' title='bbox 3066 2855 3479 2912; x_wconf 85' lang='lat' dir='ltr'><strong>similitudinem</strong></span> <span class='ocrx_word' id='word_1_428' title='bbox 3535 2857 3769 2911; x_wconf 89' lang='lat' dir='ltr'><strong>incorru-</strong></span> 
     </span>
    </p>
   </div>
   <div class='ocr_carea' id='block_1_54' title="bbox 2194 2947 3778 3023">
    <p class='ocr_par' dir='ltr' id='par_1_54' title="bbox 2194 2947 3778 3023">
     <span class='ocr_line' id='line_1_54' title="bbox 2194 2947 3778 3023; baseline -0.003 -17"><span class='ocrx_word' id='word_1_429' title='bbox 2194 2953 2394 3023; x_wconf 90' lang='lat' dir='ltr'><strong>ptionis</strong></span> <span class='ocrx_word' id='word_1_430' title='bbox 2418 2951 2774 3008; x_wconf 87' lang='lat' dir='ltr'><strong>humanitatis</strong></span> <span class='ocrx_word' id='word_1_431' title='bbox 2799 2950 3022 3014; x_wconf 85' lang='lat' dir='ltr'><strong>Christi,</strong></span> <span class='ocrx_word' id='word_1_432' title='bbox 3053 2949 3148 3020; x_wconf 89' lang='lat' dir='ltr'><strong>qui</strong></span> <span class='ocrx_word' id='word_1_433' title='bbox 3185 2948 3268 3002; x_wconf 87' lang='lat' dir='ltr'><strong>sol</strong></span> <span class='ocrx_word' id='word_1_434' title='bbox 3304 2949 3534 3018; x_wconf 82' lang='lat' dir='ltr'><strong>justitia:</strong></span> <span class='ocrx_word' id='word_1_435' title='bbox 3559 2947 3778 3019; x_wconf 85' lang='lat' dir='ltr'><strong>appella-</strong></span> 
     </span>
    </p>
   </div>
   <div class='ocr_carea' id='block_1_55' title="bbox 2194 3039 3776 3116">
    <p class='ocr_par' dir='ltr' id='par_1_55' title="bbox 2194 3039 3776 3116">
     <span class='ocr_line' id='line_1_55' title="bbox 2194 3039 3776 3116; baseline -0.005 -17"><span class='ocrx_word' id='word_1_436' title='bbox 2194 3054 2282 3100; x_wconf 89' lang='lat' dir='ltr'><strong>tur</strong></span> <span class='ocrx_word' id='word_1_437' title='bbox 2320 3043 2536 3116; x_wconf 81' lang='lat' dir='ltr'><strong>(Matth.</strong></span> <span class='ocrx_word' id='word_1_438' title='bbox 2565 3042 2662 3116; x_wconf 82' lang='lat' dir='ltr'><strong>tv),</strong></span> <span class='ocrx_word' id='word_1_439' title='bbox 2719 3042 2927 3098; x_wconf 90' lang='lat' dir='ltr'><strong>sanctis</strong></span> <span class='ocrx_word' id='word_1_440' title='bbox 2981 3041 3036 3095; x_wconf 90' lang='lat' dir='ltr'><strong>in</strong></span> <span class='ocrx_word' id='word_1_441' title='bbox 3087 3039 3273 3095; x_wconf 81' lang='lat' dir='ltr'><strong>futura</strong></span> <span class='ocrx_word' id='word_1_442' title='bbox 3320 3041 3432 3094; x_wconf 87' lang='lat' dir='ltr'><strong>vita</strong></span> <span class='ocrx_word' id='word_1_443' title='bbox 3477 3039 3776 3109; x_wconf 83' lang='lat' dir='ltr'><strong>promittit;</strong></span> 
     </span>
    </p>
   </div>
   <div class='ocr_carea' id='block_1_56' title="bbox 2195 3130 3780 3204">
    <p class='ocr_par' dir='ltr' id='par_1_56' title="bbox 2195 3130 3780 3204">
     <span class='ocr_line' id='line_1_56' title="bbox 2195 3130 3780 3204; baseline -0.004 -14"><span class='ocrx_word' id='word_1_444' title='bbox 2195 3135 2334 3190; x_wconf 90' lang='lat' dir='ltr'><strong>unde</strong></span> <span class='ocrx_word' id='word_1_445' title='bbox 2361 3133 2596 3191; x_wconf 84' lang='lat' dir='ltr'><strong>Joannes</strong></span> <span class='ocrx_word' id='word_1_446' title='bbox 2623 3133 2899 3204; x_wconf 86' lang='lat' dir='ltr'><strong>apostolus</strong></span> <span class='ocrx_word' id='word_1_447' title='bbox 2929 3131 2983 3186; x_wconf 90' lang='lat' dir='ltr'><strong>in</strong></span> <span class='ocrx_word' id='word_1_448' title='bbox 3019 3131 3254 3200; x_wconf 86' lang='lat' dir='ltr'><strong>Epistola</strong></span> <span class='ocrx_word' id='word_1_449' title='bbox 3283 3147 3378 3186; x_wconf 87' lang='lat' dir='ltr'><strong>sua</strong></span> <span class='ocrx_word' id='word_1_450' title='bbox 3420 3130 3488 3184; x_wconf 88' lang='lat' dir='ltr'><strong>ad</strong></span> <span class='ocrx_word' id='word_1_451' title='bbox 3509 3130 3780 3185; x_wconf 87' lang='lat' dir='ltr'><strong>credentes</strong></span> 
     </span>
    </p>
   </div>
   <div class='ocr_carea' id='block_1_57' title="bbox 495 3217 3783 3292">
    <p class='ocr_par' dir='ltr' id='par_1_57' title="bbox 495 3217 3783 3292">
     <span class='ocr_line' id='line_1_57' title="bbox 495 3217 3783 3292; baseline -0.004 -6"><span class='ocrx_word' id='word_1_452' title='bbox 495 3221 789 3276; x_wconf 80' lang='lat' dir='ltr'><strong>fenestram</strong></span> <span class='ocrx_word' id='word_1_453' title='bbox 831 3231 993 3292; x_wconf 80' lang='lat' dir='ltr'><strong>atque</strong></span> <span class='ocrx_word' id='word_1_454' title='bbox 1018 3223 1359 3278; x_wconf 73' lang='lat' dir='ltr'><strong>cmnaculum</strong></span> <span class='ocrx_word' id='word_1_455' title='bbox 1390 3221 1562 3278; x_wconf 81' lang='lat' dir='ltr'><strong>fastus</strong></span> <span class='ocrx_word' id='word_1_456' title='bbox 1590 3221 1848 3276; x_wconf 86' lang='lat' dir='ltr'><strong>mundani</strong></span> <span class='ocrx_word' id='word_1_457' title='bbox 1877 3221 2088 3291; x_wconf 81' lang='lat' dir='ltr'><strong>prospi-</strong></span> <span class='ocrx_word' id='word_1_458' title='bbox 2117 3217 2166 3284; x_wconf 85' lang='lat' dir='ltr'><strong>C</strong></span> <span class='ocrx_word' id='word_1_459' title='bbox 2197 3226 2438 3280; x_wconf 89' lang='lat' dir='ltr'><strong>scribens</strong></span> <span class='ocrx_word' id='word_1_460' title='bbox 2460 3225 2562 3280; x_wconf 89' lang='lat' dir='ltr'><strong>ait:</strong></span> <span class='ocrx_word' id='word_1_461' title='bbox 2595 3222 2926 3288; x_wconf 83' lang='lat' dir='ltr'><strong>Charissimi,</strong></span> <span class='ocrx_word' id='word_1_462' title='bbox 2959 3238 3097 3276; x_wconf 89' lang='lat' dir='ltr'><strong>nunc</strong></span> <span class='ocrx_word' id='word_1_463' title='bbox 3122 3221 3222 3289; x_wconf 84' lang='lat' dir='ltr'><strong>ﬁlii</strong></span> <span class='ocrx_word' id='word_1_464' title='bbox 3245 3221 3339 3274; x_wconf 80' lang='lat' dir='ltr'><strong>Dei</strong></span> <span class='ocrx_word' id='word_1_465' title='bbox 3358 3237 3556 3283; x_wconf 80' lang='lat' dir='ltr'><strong>sumus,</strong></span> <span class='ocrx_word' id='word_1_466' title='bbox 3583 3229 3783 3272; x_wconf 82' lang='lat' dir='ltr'><strong>etnon-</strong></span> 
     </span>
    </p>
   </div>
   <div class='ocr_carea' id='block_1_58' title="bbox 495 3314 2093 3384">
    <p class='ocr_par' dir='ltr' id='par_1_58' title="bbox 495 3314 2093 3384">
     <span class='ocr_line' id='line_1_58' title="bbox 495 3314 2093 3384; baseline -0.001 -16"><span class='ocrx_word' id='word_1_467' title='bbox 495 3315 668 3378; x_wconf 88' lang='lat' dir='ltr'><strong>ciens,</strong></span> <span class='ocrx_word' id='word_1_468' title='bbox 698 3315 877 3368; x_wconf 82' lang='lat' dir='ltr'><strong>taliter</strong></span> <span class='ocrx_word' id='word_1_469' title='bbox 923 3315 1194 3384; x_wconf 89' lang='lat' dir='ltr'><strong>loquitur:</strong></span> <span class='ocrx_word' id='word_1_470' title='bbox 1243 3315 1353 3369; x_wconf 82' lang='lat' dir='ltr'><strong>Cur</strong></span> <span class='ocrx_word' id='word_1_471' title='bbox 1390 3324 1629 3369; x_wconf 88' lang='lat' dir='ltr'><strong>moratur</strong></span> <span class='ocrx_word' id='word_1_472' title='bbox 1668 3314 1869 3384; x_wconf 84' lang='lat' dir='ltr'><strong>regredi</strong></span> <span class='ocrx_word' id='word_1_473' title='bbox 1907 3330 2093 3367; x_wconf 87' lang='lat' dir='ltr'><strong>currus</strong></span> 
     </span>
    </p>
   </div>
   <div class='ocr_carea' id='block_1_59' title="bbox 495 3403 2096 3475">
    <p class='ocr_par' dir='ltr' id='par_1_59' title="bbox 495 3403 2096 3475">
     <span class='ocr_line' id='line_1_59' title="bbox 495 3403 2096 3475; baseline -0.001 -17"><span class='ocrx_word' id='word_1_474' title='bbox 495 3404 651 3474; x_wconf 72' lang='lat' dir='ltr'><strong>ejus?</strong></span> <span class='ocrx_word' id='word_1_475' title='bbox 687 3420 852 3473; x_wconf 88' lang='lat' dir='ltr'><strong>quare</strong></span> <span class='ocrx_word' id='word_1_476' title='bbox 893 3405 1231 3459; x_wconf 84' lang='lat' dir='ltr'><strong>tardaverunt</strong></span> <span class='ocrx_word' id='word_1_477' title='bbox 1275 3405 1431 3475; x_wconf 88' lang='lat' dir='ltr'><strong>pedes</strong></span> <span class='ocrx_word' id='word_1_478' title='bbox 1471 3405 1851 3475; x_wconf 81' lang='lat' dir='ltr'><strong>quadrigarum</strong></span> <span class='ocrx_word' id='word_1_479' title='bbox 1898 3403 2042 3456; x_wconf 86' lang='lat' dir='ltr'><strong>illius</strong></span> <span class='ocrx_word' id='word_1_480' title='bbox 2071 3405 2096 3457; x_wconf 66' lang='grc' dir='ltr'><em>Υ</em></span> 
     </span>
    </p>
   </div>
   <div class='ocr_carea' id='block_1_60' title="bbox 495 3494 2094 3569">
    <p class='ocr_par' dir='ltr' id='par_1_60' title="bbox 495 3494 2094 3569">
     <span class='ocr_line' id='line_1_60' title="bbox 495 3494 2094 3569; baseline 0.001 -20"><span class='ocrx_word' id='word_1_481' title='bbox 495 3494 637 3562; x_wconf 83' lang='lat' dir='ltr'><strong>Quid</strong></span> <span class='ocrx_word' id='word_1_482' title='bbox 662 3505 788 3551; x_wconf 88' lang='lat' dir='ltr'><strong>sunt.</strong></span> <span class='ocrx_word' id='word_1_483' title='bbox 833 3496 1108 3569; x_wconf 75' lang='lat' dir='ltr'><strong>quadriga:</strong></span> <span class='ocrx_word' id='word_1_484' title='bbox 1134 3504 1188 3552; x_wconf 89' lang='lat' dir='ltr'><strong>et</strong></span> <span class='ocrx_word' id='word_1_485' title='bbox 1230 3513 1422 3552; x_wconf 91' lang='lat' dir='ltr'><strong>currus</strong></span> <span class='ocrx_word' id='word_1_486' title='bbox 1449 3495 1670 3562; x_wconf 89' lang='lat' dir='ltr'><strong>diaboli,</strong></span> <span class='ocrx_word' id='word_1_487' title='bbox 1700 3495 1802 3551; x_wconf 90' lang='lat' dir='ltr'><strong>nisi</strong></span> <span class='ocrx_word' id='word_1_488' title='bbox 1848 3495 2094 3550; x_wconf 86' lang='lat' dir='ltr'><strong>homines</strong></span> 
     </span>
    </p>
   </div>
   <div class='ocr_carea' id='block_1_61' title="bbox 497 3585 2094 3658">
    <p class='ocr_par' dir='ltr' id='par_1_61' title="bbox 497 3585 2094 3658">
     <span class='ocr_line' id='line_1_61' title="bbox 497 3585 2094 3658; baseline 0.001 -16"><span class='ocrx_word' id='word_1_489' title='bbox 497 3587 726 3642; x_wconf 86' lang='lat' dir='ltr'><strong>diversis</strong></span> <span class='ocrx_word' id='word_1_490' title='bbox 754 3586 1033 3642; x_wconf 88' lang='lat' dir='ltr'><strong>erroribus</strong></span> <span class='ocrx_word' id='word_1_491' title='bbox 1063 3596 1225 3658; x_wconf 90' lang='lat' dir='ltr'><strong>atque</strong></span> <span class='ocrx_word' id='word_1_492' title='bbox 1252 3587 1399 3643; x_wconf 87' lang='lat' dir='ltr'><strong>vitiis</strong></span> <span class='ocrx_word' id='word_1_493' title='bbox 1431 3587 1640 3643; x_wconf 88' lang='lat' dir='ltr'><strong>dediti?</strong></span> <span class='ocrx_word' id='word_1_494' title='bbox 1664 3585 1922 3657; x_wconf 89' lang='lat' dir='ltr'><strong>Princeps</strong></span> <span class='ocrx_word' id='word_1_495' title='bbox 1950 3589 2094 3643; x_wconf 91' lang='lat' dir='ltr'><strong>enim</strong></span> 
     </span>
    </p>
   </div>
   <div class='ocr_carea' id='block_1_62' title="bbox 495 3679 2089 3751">
    <p class='ocr_par' dir='ltr' id='par_1_62' title="bbox 495 3679 2089 3751">
     <span class='ocr_line' id='line_1_62' title="bbox 495 3679 2089 3751; baseline -0.001 -16"><span class='ocrx_word' id='word_1_496' title='bbox 495 3680 702 3746; x_wconf 88' lang='lat' dir='ltr'><strong>mundi,</strong></span> <span class='ocrx_word' id='word_1_497' title='bbox 733 3680 826 3750; x_wconf 89' lang='lat' dir='ltr'><strong>qui</strong></span> <span class='ocrx_word' id='word_1_498' title='bbox 870 3688 1061 3751; x_wconf 87' lang='lat' dir='ltr'><strong>regnat</strong></span> <span class='ocrx_word' id='word_1_499' title='bbox 1108 3696 1271 3751; x_wconf 89' lang='lat' dir='ltr'><strong>super</strong></span> <span class='ocrx_word' id='word_1_500' title='bbox 1314 3680 1597 3736; x_wconf 88' lang='lat' dir='ltr'><strong>universos</strong></span> <span class='ocrx_word' id='word_1_501' title='bbox 1641 3679 1778 3736; x_wconf 89' lang='lat' dir='ltr'><strong>ﬁlios</strong></span> <span class='ocrx_word' id='word_1_502' title='bbox 1807 3680 2089 3750; x_wconf 66' lang='lat' dir='ltr'><strong>superbiae,</strong></span> 
     </span>
    </p>
   </div>
   <div class='ocr_carea' id='block_1_63' title="bbox 497 3773 2094 3844">
    <p class='ocr_par' dir='ltr' id='par_1_63' title="bbox 497 3773 2094 3844">
     <span class='ocr_line' id='line_1_63' title="bbox 497 3773 2094 3844; baseline -0.001 -16"><span class='ocrx_word' id='word_1_503' title='bbox 497 3774 642 3829; x_wconf 88' lang='lat' dir='ltr'><strong>velut</strong></span> <span class='ocrx_word' id='word_1_504' title='bbox 683 3774 1050 3843; x_wconf 87' lang='lat' dir='ltr'><strong>potentiorum</strong></span> <span class='ocrx_word' id='word_1_505' title='bbox 1103 3775 1161 3829; x_wconf 91' lang='lat' dir='ltr'><strong>in</strong></span> <span class='ocrx_word' id='word_1_506' title='bbox 1209 3774 1415 3829; x_wconf 88' lang='lat' dir='ltr'><strong>malitia</strong></span> <span class='ocrx_word' id='word_1_507' title='bbox 1469 3782 1524 3828; x_wconf 85' lang='lat' dir='ltr'><strong>et</strong></span> <span class='ocrx_word' id='word_1_508' title='bbox 1570 3788 1794 3844; x_wconf 87' lang='lat' dir='ltr'><strong>regnum</strong></span> <span class='ocrx_word' id='word_1_509' title='bbox 1841 3773 2094 3842; x_wconf 72' lang='lat' dir='ltr'><strong>nequitia:</strong></span> 
     </span>
    </p>
   </div>
   <div class='ocr_carea' id='block_1_64' title="bbox 499 3865 2095 3937">
    <p class='ocr_par' dir='ltr' id='par_1_64' title="bbox 499 3865 2095 3937">
     <span class='ocr_line' id='line_1_64' title="bbox 499 3865 2095 3937; baseline -0.002 -16"><span class='ocrx_word' id='word_1_510' title='bbox 499 3875 688 3921; x_wconf 85' lang='lat' dir='ltr'><strong>tenens</strong></span> <span class='ocrx_word' id='word_1_511' title='bbox 719 3865 1010 3936; x_wconf 80' lang='lat' dir='ltr'><strong>quadrigas</strong></span> <span class='ocrx_word' id='word_1_512' title='bbox 1059 3865 1191 3937; x_wconf 82' lang='lat' dir='ltr'><strong>agit.</strong></span> <span class='ocrx_word' id='word_1_513' title='bbox 1237 3865 1355 3920; x_wconf 86' lang='lat' dir='ltr'><strong>Non</strong></span> <span class='ocrx_word' id='word_1_514' title='bbox 1384 3865 1459 3919; x_wconf 91' lang='lat' dir='ltr'><strong>illi</strong></span> <span class='ocrx_word' id='word_1_515' title='bbox 1516 3866 1650 3920; x_wconf 89' lang='lat' dir='ltr'><strong>satis</strong></span> <span class='ocrx_word' id='word_1_516' title='bbox 1695 3873 1781 3918; x_wconf 78' lang='lat' dir='ltr'><strong>est</strong></span> <span class='ocrx_word' id='word_1_517' title='bbox 1824 3865 1917 3918; x_wconf 90' lang='lat' dir='ltr'><strong>uni</strong></span> <span class='ocrx_word' id='word_1_518' title='bbox 1954 3879 2095 3933; x_wconf 92' lang='lat' dir='ltr'><strong>equo</strong></span> 
     </span>
    </p>
   </div>
   <div class='ocr_carea' id='block_1_65' title="bbox 499 3954 2094 4027">
    <p class='ocr_par' dir='ltr' id='par_1_65' title="bbox 499 3954 2094 4027">
     <span class='ocr_line' id='line_1_65' title="bbox 499 3954 2094 4027; baseline -0.001 -15"><span class='ocrx_word' id='word_1_519' title='bbox 499 3957 813 4024; x_wconf 87' lang='lat' dir='ltr'><strong>ascendere,</strong></span> <span class='ocrx_word' id='word_1_520' title='bbox 857 3957 1120 4027; x_wconf 89' lang='lat' dir='ltr'><strong>plurimos</strong></span> <span class='ocrx_word' id='word_1_521' title='bbox 1165 3957 1326 4013; x_wconf 88' lang='lat' dir='ltr'><strong>simul</strong></span> <span class='ocrx_word' id='word_1_522' title='bbox 1375 3957 1562 4026; x_wconf 80' lang='lat' dir='ltr'><strong>agitat,</strong></span> <span class='ocrx_word' id='word_1_523' title='bbox 1621 3957 1885 4026; x_wconf 90' lang='lat' dir='ltr'><strong>plurimos</strong></span> <span class='ocrx_word' id='word_1_524' title='bbox 1933 3954 2094 4010; x_wconf 90' lang='lat' dir='ltr'><strong>simul</strong></span> 
     </span>
    </p>
   </div>
   <div class='ocr_carea' id='block_1_66' title="bbox 497 4047 2094 4121">
    <p class='ocr_par' dir='ltr' id='par_1_66' title="bbox 497 4047 2094 4121">
     <span class='ocr_line' id='line_1_66' title="bbox 497 4047 2094 4121; baseline -0.001 -19"><span class='ocrx_word' id='word_1_525' title='bbox 497 4049 670 4120; x_wconf 88' lang='lat' dir='ltr'><strong>plagis</strong></span> <span class='ocrx_word' id='word_1_526' title='bbox 697 4049 854 4104; x_wconf 90' lang='lat' dir='ltr'><strong>tortis</strong></span> <span class='ocrx_word' id='word_1_527' title='bbox 879 4049 1122 4104; x_wconf 85' lang='lat' dir='ltr'><strong>verberis</strong></span> <span class='ocrx_word' id='word_1_528' title='bbox 1171 4050 1334 4121; x_wconf 89' lang='lat' dir='ltr'><strong>cogit.</strong></span> <span class='ocrx_word' id='word_1_529' title='bbox 1391 4047 1754 4118; x_wconf 81' lang='lat' dir='ltr'><strong>Quoscnnque</strong></span> <span class='ocrx_word' id='word_1_530' title='bbox 1798 4047 1997 4102; x_wconf 87' lang='lat' dir='ltr'><strong>videris</strong></span> <span class='ocrx_word' id='word_1_531' title='bbox 2041 4047 2094 4101; x_wconf 91' lang='lat' dir='ltr'><strong>in</strong></span> 
     </span>
    </p>
   </div>
   <div class='ocr_carea' id='block_1_67' title="bbox 505 4139 2097 4210">
    <p class='ocr_par' dir='ltr' id='par_1_67' title="bbox 505 4139 2097 4210">
     <span class='ocr_line' id='line_1_67' title="bbox 505 4139 2097 4210; baseline -0.001 -15"><span class='ocrx_word' id='word_1_532' title='bbox 505 4142 715 4195; x_wconf 84' lang='lat' dir='ltr'><strong>luxuria</strong></span> <span class='ocrx_word' id='word_1_533' title='bbox 748 4142 1041 4210; x_wconf 89' lang='lat' dir='ltr'><strong>turpiores,</strong></span> <span class='ocrx_word' id='word_1_534' title='bbox 1073 4143 1126 4194; x_wconf 91' lang='lat' dir='ltr'><strong>in</strong></span> <span class='ocrx_word' id='word_1_535' title='bbox 1159 4141 1534 4196; x_wconf 87' lang='lat' dir='ltr'><strong>incredulitate</strong></span> <span class='ocrx_word' id='word_1_536' title='bbox 1580 4140 1850 4203; x_wconf 68' lang='lat' dir='ltr'><strong>saeviores,</strong></span> <span class='ocrx_word' id='word_1_537' title='bbox 1883 4139 1938 4193; x_wconf 90' lang='lat' dir='ltr'><strong>in</strong></span> <span class='ocrx_word' id='word_1_538' title='bbox 1969 4155 2097 4194; x_wconf 80' lang='lat' dir='ltr'><strong>ava-</strong></span> 
     </span>
    </p>
   </div>
   <div class='ocr_carea' id='block_1_68' title="bbox 501 4229 2095 4300">
    <p class='ocr_par' dir='ltr' id='par_1_68' title="bbox 501 4229 2095 4300">
     <span class='ocr_line' id='line_1_68' title="bbox 501 4229 2095 4300; baseline 0.002 -17"><span class='ocrx_word' id='word_1_539' title='bbox 501 4231 628 4284; x_wconf 88' lang='lat' dir='ltr'><strong>ritia</strong></span> <span class='ocrx_word' id='word_1_540' title='bbox 678 4229 950 4290; x_wconf 89' lang='lat' dir='ltr'><strong>tetriores,</strong></span> <span class='ocrx_word' id='word_1_541' title='bbox 985 4230 1038 4282; x_wconf 91' lang='lat' dir='ltr'><strong>in</strong></span> <span class='ocrx_word' id='word_1_542' title='bbox 1069 4231 1344 4298; x_wconf 89' lang='lat' dir='ltr'><strong>impietate</strong></span> <span class='ocrx_word' id='word_1_543' title='bbox 1388 4231 1784 4300; x_wconf 85' lang='lat' dir='ltr'><strong>ﬁagitiosiores,</strong></span> <span class='ocrx_word' id='word_1_544' title='bbox 1827 4231 1964 4286; x_wconf 90' lang='lat' dir='ltr'><strong>scito</strong></span> <span class='ocrx_word' id='word_1_545' title='bbox 1991 4230 2095 4286; x_wconf 86' lang='lat' dir='ltr'><strong>hoc</strong></span> 
     </span>
    </p>
   </div>
   <div class='ocr_carea' id='block_1_69' title="bbox 502 4317 2095 4389">
    <p class='ocr_par' dir='ltr' id='par_1_69' title="bbox 502 4317 2095 4389">
     <span class='ocr_line' id='line_1_69' title="bbox 502 4317 2095 4389; baseline -0.001 -14"><span class='ocrx_word' id='word_1_546' title='bbox 502 4321 568 4376; x_wconf 87' lang='lat' dir='ltr'><strong>de</strong></span> <span class='ocrx_word' id='word_1_547' title='bbox 593 4319 870 4389; x_wconf 87' lang='lat' dir='ltr'><strong>quadrigis</strong></span> <span class='ocrx_word' id='word_1_548' title='bbox 898 4332 1017 4372; x_wconf 89' lang='lat' dir='ltr'><strong>esse</strong></span> <span class='ocrx_word' id='word_1_549' title='bbox 1040 4317 1358 4383; x_wconf 88' lang='lat' dir='ltr'><strong>Pharaonis,</strong></span> <span class='ocrx_word' id='word_1_550' title='bbox 1389 4319 1518 4388; x_wconf 91' lang='lat' dir='ltr'><strong>ipsis</strong></span> <span class='ocrx_word' id='word_1_551' title='bbox 1545 4321 1716 4383; x_wconf 89' lang='lat' dir='ltr'><strong>sedet,</strong></span> <span class='ocrx_word' id='word_1_552' title='bbox 1748 4321 1891 4388; x_wconf 80' lang='lat' dir='ltr'><strong>ipsos</strong></span> <span class='ocrx_word' id='word_1_553' title='bbox 1913 4321 2095 4375; x_wconf 89' lang='lat' dir='ltr'><strong>currui</strong></span> 
     </span>
    </p>
   </div>
   <div class='ocr_carea' id='block_1_70' title="bbox 491 4407 2095 4482">
    <p class='ocr_par' dir='ltr' id='par_1_70' title="bbox 491 4407 2095 4482">
     <span class='ocr_line' id='line_1_70' title="bbox 491 4407 2095 4482; baseline -0.002 -14"><span class='ocrx_word' id='word_1_554' title='bbox 491 4429 598 4469; x_wconf 74' lang='lat' dir='ltr'><strong>suo</strong></span> <span class='ocrx_word' id='word_1_555' title='bbox 619 4411 912 4482; x_wconf 75' lang='lat' dir='ltr'><strong>subiungit,</strong></span> <span class='ocrx_word' id='word_1_556' title='bbox 942 4411 996 4465; x_wconf 91' lang='lat' dir='ltr'><strong>in</strong></span> <span class='ocrx_word' id='word_1_557' title='bbox 1020 4409 1152 4480; x_wconf 90' lang='lat' dir='ltr'><strong>ipsis</strong></span> <span class='ocrx_word' id='word_1_558' title='bbox 1169 4407 1343 4464; x_wconf 79' lang='lat' dir='ltr'><strong>fertur</strong></span> <span class='ocrx_word' id='word_1_559' title='bbox 1362 4416 1415 4463; x_wconf 89' lang='lat' dir='ltr'><strong>et</strong></span> <span class='ocrx_word' id='word_1_560' title='bbox 1437 4409 1644 4473; x_wconf 86' lang='lat' dir='ltr'><strong>volitat,</strong></span> <span class='ocrx_word' id='word_1_561' title='bbox 1669 4416 1724 4464; x_wconf 83' lang='lat' dir='ltr'><strong>et</strong></span> <span class='ocrx_word' id='word_1_562' title='bbox 1741 4423 1838 4478; x_wconf 88' lang='lat' dir='ltr'><strong>per</strong></span> <span class='ocrx_word' id='word_1_563' title='bbox 1881 4417 2095 4478; x_wconf 88' lang='lat' dir='ltr'><strong>apertos</strong></span> 
     </span>
    </p>
   </div>
   <div class='ocr_carea' id='block_1_71' title="bbox 501 4501 1774 4574">
    <p class='ocr_par' dir='ltr' id='par_1_71' title="bbox 501 4501 1774 4574">
     <span class='ocr_line' id='line_1_71' title="bbox 501 4501 1774 4574; baseline -0.006 -11"><span class='ocrx_word' id='word_1_564' title='bbox 501 4509 770 4563; x_wconf 86' lang='lat' dir='ltr'><strong>scelerum</strong></span> <span class='ocrx_word' id='word_1_565' title='bbox 802 4520 1026 4574; x_wconf 89' lang='lat' dir='ltr'><strong>campos</strong></span> <span class='ocrx_word' id='word_1_566' title='bbox 1055 4501 1240 4558; x_wconf 83' lang='lat' dir='ltr'><strong>eﬁ‘usis</strong></span> <span class='ocrx_word' id='word_1_567' title='bbox 1266 4517 1361 4558; x_wconf 90' lang='lat' dir='ltr'><strong>eos</strong></span> <span class='ocrx_word' id='word_1_568' title='bbox 1391 4501 1504 4572; x_wconf 90' lang='lat' dir='ltr'><strong>agit</strong></span> <span class='ocrx_word' id='word_1_569' title='bbox 1528 4501 1774 4557; x_wconf 88' lang='lat' dir='ltr'><strong>habenis.</strong></span> 
     </span>
    </p>
   </div>
   <div class='ocr_carea' id='block_1_72' title="bbox 2196 3312 3786 3388">
    <p class='ocr_par' dir='ltr' id='par_1_72' title="bbox 2196 3312 3786 3388">
     <span class='ocr_line' id='line_1_72' title="bbox 2196 3312 3786 3388; baseline -0.008 -17"><span class='ocrx_word' id='word_1_570' title='bbox 2196 3318 2323 3371; x_wconf 88' lang='lat' dir='ltr'><strong>dum</strong></span> <span class='ocrx_word' id='word_1_571' title='bbox 2346 3317 2585 3388; x_wconf 83' lang='lat' dir='ltr'><strong>apparuit</strong></span> <span class='ocrx_word' id='word_1_572' title='bbox 2614 3315 2739 3386; x_wconf 87' lang='lat' dir='ltr'><strong>quid</strong></span> <span class='ocrx_word' id='word_1_573' title='bbox 2774 3316 2988 3369; x_wconf 85' lang='lat' dir='ltr'><strong>erimus.</strong></span> <span class='ocrx_word' id='word_1_574' title='bbox 3024 3312 3225 3368; x_wconf 78' lang='lat' dir='ltr'><strong>Scimus</strong></span> <span class='ocrx_word' id='word_1_575' title='bbox 3257 3313 3497 3381; x_wconf 82' lang='lat' dir='ltr'><strong>quoniam</strong></span> <span class='ocrx_word' id='word_1_576' title='bbox 3534 3326 3658 3362; x_wconf 86' lang='lat' dir='ltr'><strong>cum</strong></span> <span class='ocrx_word' id='word_1_577' title='bbox 3683 3326 3786 3377; x_wconf 77' lang='lat' dir='ltr'><strong>ap-</strong></span> 
     </span>
    </p>
   </div>
   <div class='ocr_carea' id='block_1_73' title="bbox 2194 3404 3780 3482">
    <p class='ocr_par' dir='ltr' id='par_1_73' title="bbox 2194 3404 3780 3482">
     <span class='ocr_line' id='line_1_73' title="bbox 2194 3404 3780 3482; baseline -0.008 -16"><span class='ocrx_word' id='word_1_578' title='bbox 2194 3413 2450 3482; x_wconf 88' lang='lat' dir='ltr'><strong>paruerit,</strong></span> <span class='ocrx_word' id='word_1_579' title='bbox 2476 3410 2669 3465; x_wconf 83' lang='lat' dir='ltr'><strong>similes</strong></span> <span class='ocrx_word' id='word_1_580' title='bbox 2717 3411 2764 3464; x_wconf 87' lang='lat' dir='ltr'><strong>ei</strong></span> <span class='ocrx_word' id='word_1_581' title='bbox 2788 3411 3001 3474; x_wconf 83' lang='lat' dir='ltr'><strong>erimus,</strong></span> <span class='ocrx_word' id='word_1_582' title='bbox 3029 3409 3278 3480; x_wconf 83' lang='lat' dir='ltr'><strong>quoniam</strong></span> <span class='ocrx_word' id='word_1_583' title='bbox 3321 3404 3612 3458; x_wconf 76' lang='lat' dir='ltr'><strong>ridebimus</strong></span> <span class='ocrx_word' id='word_1_584' title='bbox 3639 3418 3780 3469; x_wconf 76' lang='lat' dir='ltr'><strong>eum,</strong></span> 
     </span>
    </p>
   </div>
   <div class='ocr_carea' id='block_1_74' title="bbox 2195 3498 2861 3573">
    <p class='ocr_par' dir='ltr' id='par_1_74' title="bbox 2195 3498 2861 3573">
     <span class='ocr_line' id='line_1_74' title="bbox 2195 3498 2861 3573; baseline -0.009 -16"><span class='ocrx_word' id='word_1_585' title='bbox 2195 3501 2350 3557; x_wconf 85' lang='lat' dir='ltr'><strong>sicuti</strong></span> <span class='ocrx_word' id='word_1_586' title='bbox 2377 3509 2452 3556; x_wconf 88' lang='lat' dir='ltr'><strong>est</strong></span> <span class='ocrx_word' id='word_1_587' title='bbox 2484 3499 2535 3573; x_wconf 89' lang='lat' dir='ltr'><strong>(I</strong></span> <span class='ocrx_word' id='word_1_588' title='bbox 2562 3499 2727 3554; x_wconf 77' lang='lat' dir='ltr'><strong>Joan.</strong></span> <span class='ocrx_word' id='word_1_589' title='bbox 2754 3498 2861 3569; x_wconf 87' lang='grc' dir='ltr'>ιιι).</span> 
     </span>
    </p>
   </div>
   <div class='ocr_carea' id='block_1_75' title="bbox 2797 3589 3198 3648">
    <p class='ocr_par' dir='ltr' id='par_1_75' title="bbox 2797 3589 3198 3648">
     <span class='ocr_line' id='line_1_75' title="bbox 2797 3589 3198 3648; baseline -0.007 0"><span class='ocrx_word' id='word_1_590' title='bbox 2797 3591 3027 3648; x_wconf 85' lang='lat' dir='ltr'><strong>CAPUT</strong></span> <span class='ocrx_word' id='word_1_591' title='bbox 3057 3589 3198 3647; x_wconf 78' lang='lat' dir='ltr'><strong>XIV.</strong></span> 
     </span>
    </p>
   </div>
   <div class='ocr_carea' id='block_1_76' title="bbox 2197 3676 3778 3755">
    <p class='ocr_par' dir='ltr' id='par_1_76' title="bbox 2197 3676 3778 3755">
     <span class='ocr_line' id='line_1_76' title="bbox 2197 3676 3778 3755; baseline -0.008 -15"><span class='ocrx_word' id='word_1_592' title='bbox 2197 3685 2350 3752; x_wconf 82' lang='lat' dir='ltr'><strong>Quod</strong></span> <span class='ocrx_word' id='word_1_593' title='bbox 2375 3685 2474 3755; x_wconf 71' lang='lat' dir='ltr'><strong>filii</strong></span> <span class='ocrx_word' id='word_1_594' title='bbox 2497 3684 2667 3740; x_wconf 85' lang='lat' dir='ltr'><strong>Israel</strong></span> <span class='ocrx_word' id='word_1_595' title='bbox 2715 3684 2898 3738; x_wconf 85' lang='lat' dir='ltr'><strong>traditi</strong></span> <span class='ocrx_word' id='word_1_596' title='bbox 2937 3692 3058 3755; x_wconf 88' lang='lat' dir='ltr'><strong>sunt</strong></span> <span class='ocrx_word' id='word_1_597' title='bbox 3088 3689 3302 3752; x_wconf 85' lang='lat' dir='ltr'><strong>propter</strong></span> <span class='ocrx_word' id='word_1_598' title='bbox 3339 3686 3552 3755; x_wconf 83' lang='lat' dir='ltr'><strong>peccata</strong></span> <span class='ocrx_word' id='word_1_599' title='bbox 3591 3693 3696 3755; x_wconf 36' lang='lat' dir='ltr'><strong>suo.</strong></span> <span class='ocrx_word' id='word_1_600' title='bbox 3725 3676 3778 3728; x_wconf 74' lang='lat' dir='ltr'><strong>is</strong></span> 
     </span>
    </p>
   </div>
   <div class='ocr_carea' id='block_1_77' title="bbox 2228 3747 3743 3825">
    <p class='ocr_par' dir='ltr' id='par_1_77' title="bbox 2228 3747 3743 3825">
     <span class='ocr_line' id='line_1_77' title="bbox 2228 3747 3743 3825; baseline -0.009 -13"><span class='ocrx_word' id='word_1_601' title='bbox 2228 3747 2414 3812; x_wconf 79' lang='lat' dir='ltr'><strong>manus</strong></span> <span class='ocrx_word' id='word_1_602' title='bbox 2439 3756 2659 3811; x_wconf 78' lang='lat' dir='ltr'><strong>Madian</strong></span> <span class='ocrx_word' id='word_1_603' title='bbox 2692 3764 2883 3825; x_wconf 87' lang='lat' dir='ltr'><strong>septem</strong></span> <span class='ocrx_word' id='word_1_604' title='bbox 2912 3747 3097 3818; x_wconf 75' lang='lat' dir='ltr'><strong>annis,</strong></span> <span class='ocrx_word' id='word_1_605' title='bbox 3120 3762 3168 3806; x_wconf 91' lang='lat' dir='ltr'><strong>et</strong></span> <span class='ocrx_word' id='word_1_606' title='bbox 3184 3747 3427 3822; x_wconf 56' lang='lat' dir='ltr'><strong>&#39;oppressi</strong></span> <span class='ocrx_word' id='word_1_607' title='bbox 3450 3758 3564 3803; x_wconf 86' lang='lat' dir='ltr'><strong>sunt</strong></span> <span class='ocrx_word' id='word_1_608' title='bbox 3585 3747 3743 3802; x_wconf 82' lang='lat' dir='ltr'><strong>ralde.</strong></span> 
     </span>
    </p>
   </div>
   <div class='ocr_carea' id='block_1_78' title="bbox 2267 3839 3779 3919">
    <p class='ocr_par' dir='ltr' id='par_1_78' title="bbox 2267 3839 3779 3919">
     <span class='ocr_line' id='line_1_78' title="bbox 2267 3839 3779 3919; baseline -0.007 -17"><span class='ocrx_word' id='word_1_609' title='bbox 2267 3847 2416 3919; x_wconf 76' lang='lat' dir='ltr'><strong>(CAP.</strong></span> <span class='ocrx_word' id='word_1_610' title='bbox 2454 3846 2555 3917; x_wconf 80' lang='lat' dir='ltr'><strong>vi.)</strong></span> <span class='ocrx_word' id='word_1_611' title='bbox 2583 3846 2875 3915; x_wconf 87' lang='lat' dir='ltr'><strong>Postquam</strong></span> <span class='ocrx_word' id='word_1_612' title='bbox 2921 3843 3194 3899; x_wconf 89' lang='lat' dir='ltr'><strong>canticum</strong></span> <span class='ocrx_word' id='word_1_613' title='bbox 3243 3841 3378 3896; x_wconf 87' lang='lat' dir='ltr'><strong>illud</strong></span> <span class='ocrx_word' id='word_1_614' title='bbox 3419 3839 3779 3912; x_wconf 84' lang='lat' dir='ltr'><strong>propheticum</strong></span> 
     </span>
    </p>
   </div>
   <div class='ocr_carea' id='block_1_79' title="bbox 2197 3928 3774 4005">
    <p class='ocr_par' dir='ltr' id='par_1_79' title="bbox 2197 3928 3774 4005">
     <span class='ocr_line' id='line_1_79' title="bbox 2197 3928 3774 4005; baseline -0.008 -12"><span class='ocrx_word' id='word_1_615' title='bbox 2197 3939 2458 3994; x_wconf 81' lang='lat' dir='ltr'><strong>Debborae</strong></span> <span class='ocrx_word' id='word_1_616' title='bbox 2481 3945 2537 3991; x_wconf 89' lang='lat' dir='ltr'><strong>et</strong></span> <span class='ocrx_word' id='word_1_617' title='bbox 2566 3937 2774 3992; x_wconf 88' lang='lat' dir='ltr'><strong>Barach</strong></span> <span class='ocrx_word' id='word_1_618' title='bbox 2824 3935 3098 4005; x_wconf 78' lang='lat' dir='ltr'><strong>expletum</strong></span> <span class='ocrx_word' id='word_1_619' title='bbox 3144 3941 3250 3998; x_wconf 89' lang='lat' dir='ltr'><strong>est,</strong></span> <span class='ocrx_word' id='word_1_620' title='bbox 3284 3933 3521 4002; x_wconf 89' lang='lat' dir='ltr'><strong>scriptor</strong></span> <span class='ocrx_word' id='word_1_621' title='bbox 3555 3928 3774 3984; x_wconf 60' lang='lat' dir='ltr'><strong>historia</strong></span> 
     </span>
    </p>
   </div>
   <div class='ocr_carea' id='block_1_80' title="bbox 2199 4023 3774 4094">
    <p class='ocr_par' dir='ltr' id='par_1_80' title="bbox 2199 4023 3774 4094">
     <span class='ocr_line' id='line_1_80' title="bbox 2199 4023 3774 4094; baseline -0.006 -9"><span class='ocrx_word' id='word_1_622' title='bbox 2199 4030 2264 4085; x_wconf 88' lang='lat' dir='ltr'><strong>ad</strong></span> <span class='ocrx_word' id='word_1_623' title='bbox 2289 4030 2533 4085; x_wconf 88' lang='lat' dir='ltr'><strong>ordinem</strong></span> <span class='ocrx_word' id='word_1_624' title='bbox 2579 4027 2906 4083; x_wconf 86' lang='lat' dir='ltr'><strong>narrationis</strong></span> <span class='ocrx_word' id='word_1_625' title='bbox 2954 4043 3064 4082; x_wconf 83' lang='lat' dir='ltr'><strong>sua:</strong></span> <span class='ocrx_word' id='word_1_626' title='bbox 3121 4026 3285 4091; x_wconf 88' lang='lat' dir='ltr'><strong>redit,</strong></span> <span class='ocrx_word' id='word_1_627' title='bbox 3333 4033 3498 4094; x_wconf 87' lang='lat' dir='ltr'><strong>atque</strong></span> <span class='ocrx_word' id='word_1_628' title='bbox 3525 4023 3601 4077; x_wconf 90' lang='lat' dir='ltr'><strong>rei</strong></span> <span class='ocrx_word' id='word_1_629' title='bbox 3626 4028 3774 4094; x_wconf 63' lang='lat' dir='ltr'><strong>gesta</strong></span> 
     </span>
    </p>
   </div>
   <div class='ocr_carea' id='block_1_81' title="bbox 2199 4115 3775 4191">
    <p class='ocr_par' dir='ltr' id='par_1_81' title="bbox 2199 4115 3775 4191">
     <span class='ocr_line' id='line_1_81' title="bbox 2199 4115 3775 4191; baseline -0.009 -14"><span class='ocrx_word' id='word_1_630' title='bbox 2199 4123 2348 4191; x_wconf 92' lang='lat' dir='ltr'><strong>cupit</strong></span> <span class='ocrx_word' id='word_1_631' title='bbox 2368 4121 2653 4176; x_wconf 86' lang='lat' dir='ltr'><strong>ostendere</strong></span> <span class='ocrx_word' id='word_1_632' title='bbox 2674 4119 3072 4184; x_wconf 85' lang='lat' dir='ltr'><strong>veritatem,ita</strong></span> <span class='ocrx_word' id='word_1_633' title='bbox 3101 4119 3289 4172; x_wconf 85' lang='lat' dir='ltr'><strong>dicens</strong></span> <span class='ocrx_word' id='word_1_634' title='bbox 3315 4131 3328 4168; x_wconf 90' lang='lat'><strong>:</strong></span> <span class='ocrx_word' id='word_1_635' title='bbox 3359 4115 3655 4184; x_wconf 69' lang='lat' dir='ltr'><strong>Quicmque</strong></span> <span class='ocrx_word' id='word_1_636' title='bbox 3681 4122 3775 4164; x_wconf 89' lang='lat' dir='ltr'><strong>ter-</strong></span> 
     </span>
    </p>
   </div>
   <div class='ocr_carea' id='block_1_82' title="bbox 2198 4202 3774 4284">
    <p class='ocr_par' dir='ltr' id='par_1_82' title="bbox 2198 4202 3774 4284">
     <span class='ocr_line' id='line_1_82' title="bbox 2198 4202 3774 4284; baseline -0.007 -18"><span class='ocrx_word' id='word_1_637' title='bbox 2198 4230 2258 4266; x_wconf 91' lang='lat' dir='ltr'><strong>ra</strong></span> <span class='ocrx_word' id='word_1_638' title='bbox 2288 4229 2379 4284; x_wconf 88' lang='lat' dir='ltr'><strong>per</strong></span> <span class='ocrx_word' id='word_1_639' title='bbox 2401 4211 2754 4283; x_wconf 84' lang='lat' dir='ltr'><strong>quadraginta</strong></span> <span class='ocrx_word' id='word_1_640' title='bbox 2781 4227 2968 4266; x_wconf 87' lang='lat' dir='ltr'><strong>annos.</strong></span> <span class='ocrx_word' id='word_1_641' title='bbox 3007 4209 3270 4264; x_wconf 80' lang='lat' dir='ltr'><strong>Fecerunt</strong></span> <span class='ocrx_word' id='word_1_642' title='bbox 3295 4218 3472 4261; x_wconf 86' lang='lat' dir='ltr'><strong>autem</strong></span> <span class='ocrx_word' id='word_1_643' title='bbox 3500 4206 3592 4274; x_wconf 82' lang='lat' dir='ltr'><strong>ﬁlii</strong></span> <span class='ocrx_word' id='word_1_644' title='bbox 3619 4202 3774 4258; x_wconf 80' lang='lat' dir='ltr'><strong>Israel</strong></span> 
     </span>
    </p>
   </div>
   <div class='ocr_carea' id='block_1_83' title="bbox 2198 4301 3776 4375">
    <p class='ocr_par' dir='ltr' id='par_1_83' title="bbox 2198 4301 3776 4375">
     <span class='ocr_line' id='line_1_83' title="bbox 2198 4301 3776 4375; baseline -0.007 -18"><span class='ocrx_word' id='word_1_645' title='bbox 2198 4305 2396 4359; x_wconf 87' lang='lat' dir='ltr'><strong>malum</strong></span> <span class='ocrx_word' id='word_1_646' title='bbox 2415 4306 2470 4359; x_wconf 86' lang='lat' dir='ltr'><strong>in</strong></span> <span class='ocrx_word' id='word_1_647' title='bbox 2505 4315 2778 4375; x_wconf 84' lang='lat' dir='ltr'><strong>conspectu</strong></span> <span class='ocrx_word' id='word_1_648' title='bbox 2815 4303 3052 4369; x_wconf 87' lang='lat' dir='ltr'><strong>Domini,</strong></span> <span class='ocrx_word' id='word_1_649' title='bbox 3080 4303 3170 4374; x_wconf 87' lang='lat' dir='ltr'><strong>qui</strong></span> <span class='ocrx_word' id='word_1_650' title='bbox 3192 4302 3416 4354; x_wconf 89' lang='lat' dir='ltr'><strong>tradidit</strong></span> <span class='ocrx_word' id='word_1_651' title='bbox 3441 4317 3526 4353; x_wconf 85' lang='lat' dir='ltr'><strong>eos</strong></span> <span class='ocrx_word' id='word_1_652' title='bbox 3556 4301 3608 4352; x_wconf 85' lang='lat' dir='ltr'><strong>in</strong></span> <span class='ocrx_word' id='word_1_653' title='bbox 3631 4312 3776 4348; x_wconf 78' lang='lat' dir='ltr'><strong>manu</strong></span> 
     </span>
    </p>
   </div>
   <div class='ocr_carea' id='block_1_84' title="bbox 2199 4389 3778 4466">
    <p class='ocr_par' dir='ltr' id='par_1_84' title="bbox 2199 4389 3778 4466">
     <span class='ocr_line' id='line_1_84' title="bbox 2199 4389 3778 4466; baseline -0.008 -16"><span class='ocrx_word' id='word_1_654' title='bbox 2199 4395 2420 4450; x_wconf 82' lang='lat' dir='ltr'><strong>Madian</strong></span> <span class='ocrx_word' id='word_1_655' title='bbox 2448 4406 2638 4466; x_wconf 86' lang='lat' dir='ltr'><strong>septem</strong></span> <span class='ocrx_word' id='word_1_656' title='bbox 2676 4397 2848 4460; x_wconf 86' lang='lat' dir='ltr'><strong>annis,</strong></span> <span class='ocrx_word' id='word_1_657' title='bbox 2893 4403 2940 4449; x_wconf 88' lang='lat' dir='ltr'><strong>et</strong></span> <span class='ocrx_word' id='word_1_658' title='bbox 2980 4394 3210 4465; x_wconf 87' lang='lat' dir='ltr'><strong>oppressi</strong></span> <span class='ocrx_word' id='word_1_659' title='bbox 3237 4403 3360 4446; x_wconf 81' lang='lat' dir='ltr'><strong>sunt</strong></span> <span class='ocrx_word' id='word_1_660' title='bbox 3404 4391 3550 4444; x_wconf 70' lang='lat' dir='ltr'><strong>valde</strong></span> <span class='ocrx_word' id='word_1_661' title='bbox 3591 4389 3651 4441; x_wconf 87' lang='lat' dir='ltr'><strong>ab</strong></span> <span class='ocrx_word' id='word_1_662' title='bbox 3690 4389 3778 4439; x_wconf 78' lang='lat' dir='ltr'><strong>eis.</strong></span> 
     </span>
    </p>
   </div>
   <div class='ocr_carea' id='block_1_85' title="bbox 2199 4481 3780 4559">
    <p class='ocr_par' dir='ltr' id='par_1_85' title="bbox 2199 4481 3780 4559">
     <span class='ocr_line' id='line_1_85' title="bbox 2199 4481 3780 4559; baseline -0.009 -14"><span class='ocrx_word' id='word_1_663' title='bbox 2199 4491 2441 4559; x_wconf 85' lang='lat' dir='ltr'><strong>Quiescit</strong></span> <span class='ocrx_word' id='word_1_664' title='bbox 2469 4501 2634 4555; x_wconf 88' lang='lat' dir='ltr'><strong>terra,</strong></span> <span class='ocrx_word' id='word_1_665' title='bbox 2663 4491 2834 4546; x_wconf 90' lang='lat' dir='ltr'><strong>donec</strong></span> <span class='ocrx_word' id='word_1_666' title='bbox 2862 4488 3095 4558; x_wconf 89' lang='lat' dir='ltr'><strong>quiescit</strong></span> <span class='ocrx_word' id='word_1_667' title='bbox 3126 4494 3434 4557; x_wconf 89' lang='lat' dir='ltr'><strong>peccatum.</strong></span> <span class='ocrx_word' id='word_1_668' title='bbox 3467 4481 3664 4536; x_wconf 73' lang='lat' dir='ltr'><strong>Moveri</strong></span> <span class='ocrx_word' id='word_1_669' title='bbox 3691 4495 3780 4531; x_wconf 82' lang='lat' dir='ltr'><strong>au-</strong></span> 
     </span>
    </p>
   </div>
   <div class='ocr_carea' id='block_1_86' title="bbox 579 4575 3780 4666">
    <p class='ocr_par' dir='ltr' id='par_1_86' title="bbox 579 4575 3780 4666">
     <span class='ocr_line' id='line_1_86' title="bbox 579 4575 3780 4666; baseline -0.005 -17"><span class='ocrx_word' id='word_1_670' title='bbox 579 4597 700 4649; x_wconf 80' lang='lat' dir='ltr'><strong>Una</strong></span> <span class='ocrx_word' id='word_1_671' title='bbox 746 4596 1032 4666; x_wconf 85' lang='lat' dir='ltr'><strong>sapientior</strong></span> <span class='ocrx_word' id='word_1_672' title='bbox 1062 4595 1265 4650; x_wconf 73' lang='lat' dir='ltr'><strong>cmteris</strong></span> <span class='ocrx_word' id='word_1_673' title='bbox 1314 4593 1565 4650; x_wconf 71' lang='lat' dir='ltr'><strong>uxoribus</strong></span> <span class='ocrx_word' id='word_1_674' title='bbox 1613 4594 1728 4664; x_wconf 84' lang='lat' dir='ltr'><strong>ejus</strong></span> <span class='ocrx_word' id='word_1_675' title='bbox 1772 4594 1883 4647; x_wconf 75' lang='lat' dir='ltr'><strong>Ita’c</strong></span> <span class='ocrx_word' id='word_1_676' title='bbox 1923 4594 2096 4650; x_wconf 64' lang='lat' dir='ltr'><strong>socrui</strong></span> <span class='ocrx_word' id='word_1_677' title='bbox 2121 4575 2176 4636; x_wconf 87' lang='lat' dir='ltr'><strong>D</strong></span> <span class='ocrx_word' id='word_1_678' title='bbox 2200 4590 2310 4638; x_wconf 89' lang='lat' dir='ltr'><strong>tem</strong></span> <span class='ocrx_word' id='word_1_679' title='bbox 2345 4582 2544 4637; x_wconf 88' lang='lat' dir='ltr'><strong>dicitur</strong></span> <span class='ocrx_word' id='word_1_680' title='bbox 2575 4589 2742 4646; x_wconf 86' lang='lat' dir='ltr'><strong>terra,</strong></span> <span class='ocrx_word' id='word_1_681' title='bbox 2777 4580 2881 4635; x_wconf 89' lang='lat' dir='ltr'><strong>hoc</strong></span> <span class='ocrx_word' id='word_1_682' title='bbox 2910 4588 3016 4644; x_wconf 88' lang='lat' dir='ltr'><strong>est,</strong></span> <span class='ocrx_word' id='word_1_683' title='bbox 3046 4577 3102 4632; x_wconf 90' lang='lat' dir='ltr'><strong>hi</strong></span> <span class='ocrx_word' id='word_1_684' title='bbox 3148 4577 3241 4647; x_wconf 91' lang='lat' dir='ltr'><strong>qui</strong></span> <span class='ocrx_word' id='word_1_685' title='bbox 3275 4577 3528 4632; x_wconf 86' lang='lat' dir='ltr'><strong>habitant</strong></span> <span class='ocrx_word' id='word_1_686' title='bbox 3568 4581 3780 4632; x_wconf 73' lang='lat' dir='ltr'><strong>terram.</strong></span> 
     </span>
    </p>
   </div>
   <div class='ocr_carea' id='block_1_87' title="bbox 501 4683 2098 4754">
    <p class='ocr_par' dir='ltr' id='par_1_87' title="bbox 501 4683 2098 4754">
     <span class='ocr_line' id='line_1_87' title="bbox 501 4683 2098 4754; baseline -0.001 -17"><span class='ocrx_word' id='word_1_687' title='bbox 501 4685 657 4738; x_wconf 72' lang='lat' dir='ltr'><strong>verba</strong></span> <span class='ocrx_word' id='word_1_688' title='bbox 683 4685 981 4753; x_wconf 85' lang='lat' dir='ltr'><strong>respondit:</strong></span> <span class='ocrx_word' id='word_1_689' title='bbox 1006 4683 1259 4739; x_wconf 84' lang='lat' dir='ltr'><strong>Forsitan</strong></span> <span class='ocrx_word' id='word_1_690' title='bbox 1303 4702 1440 4738; x_wconf 87' lang='lat' dir='ltr'><strong>nunc</strong></span> <span class='ocrx_word' id='word_1_691' title='bbox 1478 4684 1659 4738; x_wconf 75' lang='lat' dir='ltr'><strong>dividit</strong></span> <span class='ocrx_word' id='word_1_692' title='bbox 1683 4683 1872 4754; x_wconf 84' lang='lat' dir='ltr'><strong>spolia,</strong></span> <span class='ocrx_word' id='word_1_693' title='bbox 1897 4693 1944 4738; x_wconf 90' lang='lat' dir='ltr'><strong>et</strong></span> <span class='ocrx_word' id='word_1_694' title='bbox 1981 4683 2098 4753; x_wconf 89' lang='lat' dir='ltr'><strong>pul-</strong></span> 
     </span>
    </p>
   </div>
   <div class='ocr_carea' id='block_1_88' title="bbox 503 4775 2095 4846">
    <p class='ocr_par' dir='ltr' id='par_1_88' title="bbox 503 4775 2095 4846">
     <span class='ocr_line' id='line_1_88' title="bbox 503 4775 2095 4846; baseline -0.001 -16"><span class='ocrx_word' id='word_1_695' title='bbox 503 4775 762 4830; x_wconf 80' lang='lat' dir='ltr'><strong>cherrima</strong></span> <span class='ocrx_word' id='word_1_696' title='bbox 794 4775 1108 4842; x_wconf 78' lang='lat' dir='ltr'><strong>feminarum</strong></span> <span class='ocrx_word' id='word_1_697' title='bbox 1149 4777 1361 4846; x_wconf 85' lang='lat' dir='ltr'><strong>eligitur</strong></span> <span class='ocrx_word' id='word_1_698' title='bbox 1399 4777 1465 4830; x_wconf 89' lang='lat' dir='ltr'><strong>ei.</strong></span> <span class='ocrx_word' id='word_1_699' title='bbox 1506 4775 1751 4829; x_wconf 78' lang='lat' dir='ltr'><strong>Diximus</strong></span> <span class='ocrx_word' id='word_1_700' title='bbox 1792 4791 1952 4844; x_wconf 86' lang='lat' dir='ltr'><strong>supra</strong></span> <span class='ocrx_word' id='word_1_701' title='bbox 1991 4775 2095 4829; x_wconf 87' lang='lat' dir='ltr'><strong>im-</strong></span> 
     </span>
    </p>
   </div>
   <div class='ocr_carea' id='block_1_89' title="bbox 505 4867 2096 4938">
    <p class='ocr_par' dir='ltr' id='par_1_89' title="bbox 505 4867 2096 4938">
     <span class='ocr_line' id='line_1_89' title="bbox 505 4867 2096 4938; baseline 0.001 -18"><span class='ocrx_word' id='word_1_702' title='bbox 505 4869 782 4937; x_wconf 86' lang='lat' dir='ltr'><strong>pietatem,</strong></span> <span class='ocrx_word' id='word_1_703' title='bbox 810 4881 930 4935; x_wconf 77' lang='lat' dir='ltr'><strong>qua:</strong></span> <span class='ocrx_word' id='word_1_704' title='bbox 963 4867 1322 4924; x_wconf 70' lang='lat' dir='ltr'><strong>idololatrian]</strong></span> <span class='ocrx_word' id='word_1_705' title='bbox 1354 4869 1588 4938; x_wconf 89' lang='lat' dir='ltr'><strong>primum</strong></span> <span class='ocrx_word' id='word_1_706' title='bbox 1610 4867 1836 4932; x_wconf 91' lang='lat' dir='ltr'><strong>invenit,</strong></span> <span class='ocrx_word' id='word_1_707' title='bbox 1869 4875 2096 4921; x_wconf 86' lang='lat' dir='ltr'><strong>matrem</strong></span> 
     </span>
    </p>
   </div>
   <div class='ocr_carea' id='block_1_90' title="bbox 503 4954 2099 5029">
    <p class='ocr_par' dir='ltr' id='par_1_90' title="bbox 503 4954 2099 5029">
     <span class='ocr_line' id='line_1_90' title="bbox 503 4954 2099 5029; baseline 0.001 -17"><span class='ocrx_word' id='word_1_708' title='bbox 503 4972 624 5012; x_wconf 88' lang='lat' dir='ltr'><strong>esse</strong></span> <span class='ocrx_word' id='word_1_709' title='bbox 669 4955 866 5011; x_wconf 68' lang='lat' dir='ltr'><strong>Sisara:</strong></span> <span class='ocrx_word' id='word_1_710' title='bbox 895 4954 1051 5024; x_wconf 81' lang='lat' dir='ltr'><strong>hujus</strong></span> <span class='ocrx_word' id='word_1_711' title='bbox 1076 4959 1352 5027; x_wconf 87' lang='lat' dir='ltr'><strong>spiritalis,</strong></span> <span class='ocrx_word' id='word_1_712' title='bbox 1393 4959 1521 5029; x_wconf 90' lang='lat' dir='ltr'><strong>quia</strong></span> <span class='ocrx_word' id='word_1_713' title='bbox 1550 4959 1791 5014; x_wconf 89' lang='lat' dir='ltr'><strong>membra</strong></span> <span class='ocrx_word' id='word_1_714' title='bbox 1829 4956 1968 5026; x_wconf 83' lang='lat' dir='ltr'><strong>ejus,</strong></span> <span class='ocrx_word' id='word_1_715' title='bbox 1996 4959 2099 5014; x_wconf 88' lang='lat' dir='ltr'><strong>hoc</strong></span> 
     </span>
    </p>
   </div>
   <div class='ocr_carea' id='block_1_91' title="bbox 504 5047 2099 5117">
    <p class='ocr_par' dir='ltr' id='par_1_91' title="bbox 504 5047 2099 5117">
     <span class='ocr_line' id='line_1_91' title="bbox 504 5047 2099 5117; baseline 0.001 -14"><span class='ocrx_word' id='word_1_716' title='bbox 504 5056 609 5112; x_wconf 87' lang='lat' dir='ltr'><strong>est,</strong></span> <span class='ocrx_word' id='word_1_717' title='bbox 640 5047 833 5117; x_wconf 90' lang='lat' dir='ltr'><strong>impios</strong></span> <span class='ocrx_word' id='word_1_718' title='bbox 866 5055 923 5102; x_wconf 89' lang='lat' dir='ltr'><strong>et</strong></span> <span class='ocrx_word' id='word_1_719' title='bbox 951 5057 1267 5117; x_wconf 84' lang='lat' dir='ltr'><strong>peccatores</strong></span> <span class='ocrx_word' id='word_1_720' title='bbox 1297 5050 1350 5104; x_wconf 92' lang='lat' dir='ltr'><strong>in</strong></span> <span class='ocrx_word' id='word_1_721' title='bbox 1383 5049 1548 5103; x_wconf 83' lang='lat' dir='ltr'><strong>variis</strong></span> <span class='ocrx_word' id='word_1_722' title='bbox 1591 5047 1886 5103; x_wconf 89' lang='lat' dir='ltr'><strong>sceleribus</strong></span> <span class='ocrx_word' id='word_1_723' title='bbox 1926 5049 2099 5104; x_wconf 90' lang='lat' dir='ltr'><strong>nutrit</strong></span> 
     </span>
    </p>
   </div>
   <div class='ocr_carea' id='block_1_92' title="bbox 508 5139 2097 5212">
    <p class='ocr_par' dir='ltr' id='par_1_92' title="bbox 508 5139 2097 5212">
     <span class='ocr_line' id='line_1_92' title="bbox 508 5139 2097 5212; baseline 0.001 -20"><span class='ocrx_word' id='word_1_724' title='bbox 508 5155 569 5194; x_wconf 86' lang='lat' dir='ltr'><strong>ac</strong></span> <span class='ocrx_word' id='word_1_725' title='bbox 598 5139 761 5194; x_wconf 81' lang='lat' dir='ltr'><strong>fovet.</strong></span> <span class='ocrx_word' id='word_1_726' title='bbox 799 5139 953 5195; x_wconf 90' lang='lat' dir='ltr'><strong>Nunc</strong></span> <span class='ocrx_word' id='word_1_727' title='bbox 996 5153 1124 5193; x_wconf 81' lang='lat' dir='ltr'><strong>vero</strong></span> <span class='ocrx_word' id='word_1_728' title='bbox 1166 5141 1287 5208; x_wconf 90' lang='lat' dir='ltr'><strong>quia</strong></span> <span class='ocrx_word' id='word_1_729' title='bbox 1331 5157 1468 5196; x_wconf 80' lang='lat' dir='ltr'><strong>uxor</strong></span> <span class='ocrx_word' id='word_1_730' title='bbox 1497 5141 1614 5212; x_wconf 86' lang='lat' dir='ltr'><strong>ejus</strong></span> <span class='ocrx_word' id='word_1_731' title='bbox 1639 5141 1726 5195; x_wconf 88' lang='lat' dir='ltr'><strong>hic</strong></span> <span class='ocrx_word' id='word_1_732' title='bbox 1769 5154 2097 5195; x_wconf 88' lang='lat' dir='ltr'><strong>commemo-</strong></span> 
     </span>
    </p>
   </div>
   <div class='ocr_carea' id='block_1_93' title="bbox 509 5226 2098 5295">
    <p class='ocr_par' dir='ltr' id='par_1_93' title="bbox 509 5226 2098 5295">
     <span class='ocr_line' id='line_1_93' title="bbox 509 5226 2098 5295; baseline 0.001 -15"><span class='ocrx_word' id='word_1_733' title='bbox 509 5235 658 5281; x_wconf 85' lang='lat' dir='ltr'><strong>ratur</strong></span> <span class='ocrx_word' id='word_1_734' title='bbox 699 5226 997 5295; x_wconf 90' lang='lat' dir='ltr'><strong>sapientior</strong></span> <span class='ocrx_word' id='word_1_735' title='bbox 1048 5226 1276 5290; x_wconf 66' lang='lat' dir='ltr'><strong>caeteris,</strong></span> <span class='ocrx_word' id='word_1_736' title='bbox 1323 5227 1461 5282; x_wconf 90' lang='lat' dir='ltr'><strong>hanc</strong></span> <span class='ocrx_word' id='word_1_737' title='bbox 1513 5242 1621 5281; x_wconf 93' lang='lat' dir='ltr'><strong>non</strong></span> <span class='ocrx_word' id='word_1_738' title='bbox 1650 5226 2098 5281; x_wconf 82' lang='lat' dir='ltr'><strong>inconvenienter</strong></span> 
     </span>
    </p>
   </div>
   <div class='ocr_carea' id='block_1_94' title="bbox 508 5316 2097 5388">
    <p class='ocr_par' dir='ltr' id='par_1_94' title="bbox 508 5316 2097 5388">
     <span class='ocr_line' id='line_1_94' title="bbox 508 5316 2097 5388; baseline -0.001 -14"><span class='ocrx_word' id='word_1_739' title='bbox 508 5321 836 5374; x_wconf 86' lang='lat' dir='ltr'><strong>mundanam</strong></span> <span class='ocrx_word' id='word_1_740' title='bbox 859 5317 1178 5388; x_wconf 89' lang='lat' dir='ltr'><strong>sapientiam</strong></span> <span class='ocrx_word' id='word_1_741' title='bbox 1202 5317 1445 5385; x_wconf 87' lang='lat' dir='ltr'><strong>accipere</strong></span> <span class='ocrx_word' id='word_1_742' title='bbox 1462 5333 1769 5388; x_wconf 89' lang='lat' dir='ltr'><strong>possumus.</strong></span> <span class='ocrx_word' id='word_1_743' title='bbox 1802 5316 1935 5372; x_wconf 83' lang='lat' dir='ltr'><strong>Nam</strong></span> <span class='ocrx_word' id='word_1_744' title='bbox 1957 5318 2097 5372; x_wconf 89' lang='lat' dir='ltr'><strong>sicut</strong></span> 
     </span>
    </p>
   </div>
   <div class='ocr_carea' id='block_1_95' title="bbox 511 5406 2091 5477">
    <p class='ocr_par' dir='ltr' id='par_1_95' title="bbox 511 5406 2091 5477">
     <span class='ocr_line' id='line_1_95' title="bbox 511 5406 2091 5477; baseline 0.002 -16"><span class='ocrx_word' id='word_1_745' title='bbox 511 5409 576 5462; x_wconf 86' lang='lat' dir='ltr'><strong>de</strong></span> <span class='ocrx_word' id='word_1_746' title='bbox 597 5408 863 5476; x_wconf 86' lang='lat' dir='ltr'><strong>sapientia</strong></span> <span class='ocrx_word' id='word_1_747' title='bbox 891 5408 1069 5463; x_wconf 87' lang='lat' dir='ltr'><strong>divina</strong></span> <span class='ocrx_word' id='word_1_748' title='bbox 1095 5424 1128 5462; x_wconf 91' lang='lat' dir='ltr'><strong>a</strong></span> <span class='ocrx_word' id='word_1_749' title='bbox 1150 5406 1440 5462; x_wconf 88' lang='lat' dir='ltr'><strong>Salomone</strong></span> <span class='ocrx_word' id='word_1_750' title='bbox 1466 5407 1677 5464; x_wconf 84' lang='lat' dir='ltr'><strong>dicente</strong></span> <span class='ocrx_word' id='word_1_751' title='bbox 1697 5408 1956 5477; x_wconf 85' lang='lat' dir='ltr'><strong>scriptum</strong></span> <span class='ocrx_word' id='word_1_752' title='bbox 1979 5417 2091 5464; x_wconf 88' lang='lat' dir='ltr'><strong>est:</strong></span> 
     </span>
    </p>
   </div>
   <div class='ocr_carea' id='block_1_96' title="bbox 513 5497 2096 5571">
    <p class='ocr_par' dir='ltr' id='par_1_96' title="bbox 513 5497 2096 5571">
     <span class='ocr_line' id='line_1_96' title="bbox 513 5497 2096 5571; baseline 0 -19"><span class='ocrx_word' id='word_1_753' title='bbox 513 5498 563 5552; x_wconf 84' lang='grc' dir='ltr'><em>Η</em></span> <span class='ocrx_word' id='word_1_754' title='bbox 569 5516 667 5552; x_wconf 90' lang='lat' dir='ltr'><strong>anc</strong></span> <span class='ocrx_word' id='word_1_755' title='bbox 682 5501 852 5553; x_wconf 73' lang='lat' dir='ltr'><strong>antaei</strong></span> <span class='ocrx_word' id='word_1_756' title='bbox 863 5539 877 5564; x_wconf 90' lang='lat'><strong>,</strong></span> <span class='ocrx_word' id='word_1_757' title='bbox 892 5508 941 5553; x_wconf 90' lang='lat' dir='ltr'><strong>et</strong></span> <span class='ocrx_word' id='word_1_758' title='bbox 955 5499 1208 5571; x_wconf 73' lang='lat' dir='ltr'><strong>exquisivi</strong></span> <span class='ocrx_word' id='word_1_759' title='bbox 1224 5515 1336 5554; x_wconf 88' lang='lat' dir='ltr'><strong>eam</strong></span> <span class='ocrx_word' id='word_1_760' title='bbox 1352 5497 1654 5567; x_wconf 78' lang='lat' dir='ltr'><strong>ajurentute</strong></span> <span class='ocrx_word' id='word_1_761' title='bbox 1673 5515 1806 5566; x_wconf 86' lang='lat' dir='ltr'><strong>mea,</strong></span> <span class='ocrx_word' id='word_1_762' title='bbox 1820 5509 1868 5553; x_wconf 91' lang='lat' dir='ltr'><strong>et</strong></span> <span class='ocrx_word' id='word_1_763' title='bbox 1881 5499 2096 5570; x_wconf 76' lang='lat' dir='ltr'><strong>quazsivi</strong></span> 
     </span>
    </p>
   </div>
   <div class='ocr_carea' id='block_1_97' title="bbox 511 5586 2093 5658">
    <p class='ocr_par' dir='ltr' id='par_1_97' title="bbox 511 5586 2093 5658">
     <span class='ocr_line' id='line_1_97' title="bbox 511 5586 2093 5658; baseline 0.001 -17"><span class='ocrx_word' id='word_1_764' title='bbox 511 5604 756 5656; x_wconf 83' lang='lat' dir='ltr'><strong>sponsam</strong></span> <span class='ocrx_word' id='word_1_765' title='bbox 781 5606 1065 5657; x_wconf 88' lang='lat' dir='ltr'><strong>assumere,</strong></span> <span class='ocrx_word' id='word_1_766' title='bbox 1087 5599 1135 5644; x_wconf 90' lang='lat' dir='ltr'><strong>et</strong></span> <span class='ocrx_word' id='word_1_767' title='bbox 1165 5599 1370 5644; x_wconf 86' lang='lat' dir='ltr'><strong>amator</strong></span> <span class='ocrx_word' id='word_1_768' title='bbox 1405 5586 1578 5657; x_wconf 80' lang='lat' dir='ltr'><strong>factus</strong></span> <span class='ocrx_word' id='word_1_769' title='bbox 1603 5605 1720 5642; x_wconf 89' lang='lat' dir='ltr'><strong>sum</strong></span> <span class='ocrx_word' id='word_1_770' title='bbox 1739 5589 1924 5658; x_wconf 78' lang='lat' dir='ltr'><strong>forma:</strong></span> <span class='ocrx_word' id='word_1_771' title='bbox 1947 5589 2093 5643; x_wconf 88' lang='lat' dir='ltr'><strong>illius</strong></span> 
     </span>
    </p>
   </div>
   <div class='ocr_carea' id='block_1_98' title="bbox 514 5677 2093 5753">
    <p class='ocr_par' dir='ltr' id='par_1_98' title="bbox 514 5677 2093 5753">
     <span class='ocr_line' id='line_1_98' title="bbox 514 5677 2093 5753; baseline 0.001 -19"><span class='ocrx_word' id='word_1_772' title='bbox 514 5677 664 5751; x_wconf 87' lang='lat' dir='ltr'><strong>(Sap.</strong></span> <span class='ocrx_word' id='word_1_773' title='bbox 692 5680 847 5752; x_wconf 78' lang='lat' dir='ltr'><strong>vm):</strong></span> <span class='ocrx_word' id='word_1_774' title='bbox 901 5683 977 5737; x_wconf 88' lang='lat' dir='ltr'><strong>ita</strong></span> <span class='ocrx_word' id='word_1_775' title='bbox 1007 5690 1064 5737; x_wconf 90' lang='lat' dir='ltr'><strong>et</strong></span> <span class='ocrx_word' id='word_1_776' title='bbox 1109 5681 1386 5753; x_wconf 86' lang='lat' dir='ltr'><strong>gentilium</strong></span> <span class='ocrx_word' id='word_1_777' title='bbox 1431 5677 1651 5734; x_wconf 84' lang='lat' dir='ltr'><strong>solertia</strong></span> <span class='ocrx_word' id='word_1_778' title='bbox 1700 5679 2093 5751; x_wconf 86' lang='lat' dir='ltr'><strong>philosophiam</strong></span> 
     </span>
    </p>
   </div>
   <div class='ocr_carea' id='block_1_99' title="bbox 516 5771 2094 5846">
    <p class='ocr_par' dir='ltr' id='par_1_99' title="bbox 516 5771 2094 5846">
     <span class='ocr_line' id='line_1_99' title="bbox 516 5771 2094 5846; baseline 0.002 -20"><span class='ocrx_word' id='word_1_779' title='bbox 516 5773 842 5830; x_wconf 85' lang='lat' dir='ltr'><strong>mundanam</strong></span> <span class='ocrx_word' id='word_1_780' title='bbox 869 5775 1160 5846; x_wconf 71' lang='lat' dir='ltr'><strong>praeposuit</strong></span> <span class='ocrx_word' id='word_1_781' title='bbox 1193 5775 1386 5846; x_wconf 90' lang='lat' dir='ltr'><strong>opibus</strong></span> <span class='ocrx_word' id='word_1_782' title='bbox 1411 5771 1643 5829; x_wconf 86' lang='lat' dir='ltr'><strong>terrenis</strong></span> <span class='ocrx_word' id='word_1_783' title='bbox 1681 5787 1747 5828; x_wconf 87' lang='lat' dir='ltr'><strong>ac</strong></span> <span class='ocrx_word' id='word_1_784' title='bbox 1776 5773 1936 5829; x_wconf 88' lang='lat' dir='ltr'><strong>rebus</strong></span> <span class='ocrx_word' id='word_1_785' title='bbox 1974 5773 2094 5830; x_wconf 85' lang='lat' dir='ltr'><strong>uni-</strong></span> 
     </span>
    </p>
   </div>
   <div class='ocr_carea' id='block_1_100' title="bbox 2197 4670 3782 4739">
    <p class='ocr_par' dir='ltr' id='par_1_100' title="bbox 2197 4670 3782 4739">
     <span class='ocr_line' id='line_1_100' title="bbox 2197 4670 3782 4739; baseline -0.011 -7"><span class='ocrx_word' id='word_1_786' title='bbox 2197 4691 2322 4732; x_wconf 90' lang='lat' dir='ltr'><strong>cum</strong></span> <span class='ocrx_word' id='word_1_787' title='bbox 2371 4676 2580 4731; x_wconf 88' lang='lat' dir='ltr'><strong>animas</strong></span> <span class='ocrx_word' id='word_1_788' title='bbox 2625 4675 2906 4730; x_wconf 89' lang='lat' dir='ltr'><strong>hominum</strong></span> <span class='ocrx_word' id='word_1_789' title='bbox 2943 4686 3162 4728; x_wconf 86' lang='lat' dir='ltr'><strong>movere</strong></span> <span class='ocrx_word' id='word_1_790' title='bbox 3187 4670 3454 4739; x_wconf 74' lang='lat' dir='ltr'><strong>cmperint</strong></span> <span class='ocrx_word' id='word_1_791' title='bbox 3483 4678 3539 4720; x_wconf 85' lang='lat' dir='ltr'><strong>et</strong></span> <span class='ocrx_word' id='word_1_792' title='bbox 3590 4675 3782 4735; x_wconf 83' lang='lat' dir='ltr'><strong>pertur-</strong></span> 
     </span>
    </p>
   </div>
   <div class='ocr_carea' id='block_1_101' title="bbox 2198 4760 3786 4837">
    <p class='ocr_par' dir='ltr' id='par_1_101' title="bbox 2198 4760 3786 4837">
     <span class='ocr_line' id='line_1_101' title="bbox 2198 4760 3786 4837; baseline -0.01 -15"><span class='ocrx_word' id='word_1_793' title='bbox 2198 4769 2328 4822; x_wconf 89' lang='lat' dir='ltr'><strong>bare</strong></span> <span class='ocrx_word' id='word_1_794' title='bbox 2349 4777 2590 4837; x_wconf 89' lang='lat' dir='ltr'><strong>peccata.</strong></span> <span class='ocrx_word' id='word_1_795' title='bbox 2637 4766 2704 4820; x_wconf 83' lang='lat' dir='ltr'><strong>Et</strong></span> <span class='ocrx_word' id='word_1_796' title='bbox 2732 4765 2852 4819; x_wconf 88' lang='lat' dir='ltr'><strong>ideo</strong></span> <span class='ocrx_word' id='word_1_797' title='bbox 2877 4766 3139 4834; x_wconf 89' lang='lat' dir='ltr'><strong>scriptum</strong></span> <span class='ocrx_word' id='word_1_798' title='bbox 3177 4770 3263 4816; x_wconf 90' lang='lat' dir='ltr'><strong>est</strong></span> <span class='ocrx_word' id='word_1_799' title='bbox 3302 4761 3427 4824; x_wconf 91' lang='lat' dir='ltr'><strong>hoc,</strong></span> <span class='ocrx_word' id='word_1_800' title='bbox 3469 4760 3618 4827; x_wconf 88' lang='lat' dir='ltr'><strong>quod</strong></span> <span class='ocrx_word' id='word_1_801' title='bbox 3657 4767 3786 4808; x_wconf 83' lang='lat' dir='ltr'><strong>nunc</strong></span> 
     </span>
    </p>
   </div>
   <div class='ocr_carea' id='block_1_102' title="bbox 2198 4853 3789 4930">
    <p class='ocr_par' dir='ltr' id='par_1_102' title="bbox 2198 4853 3789 4930">
     <span class='ocr_line' id='line_1_102' title="bbox 2198 4853 3789 4930; baseline -0.009 -16"><span class='ocrx_word' id='word_1_802' title='bbox 2198 4876 2440 4930; x_wconf 58' lang='lat' dir='ltr'><strong>praesens</strong></span> <span class='ocrx_word' id='word_1_803' title='bbox 2469 4859 2628 4914; x_wconf 88' lang='lat' dir='ltr'><strong>lectio</strong></span> <span class='ocrx_word' id='word_1_804' title='bbox 2664 4858 2922 4923; x_wconf 87' lang='lat' dir='ltr'><strong>continet,</strong></span> <span class='ocrx_word' id='word_1_805' title='bbox 2950 4865 2998 4910; x_wconf 86' lang='lat' dir='ltr'><strong>et</strong></span> <span class='ocrx_word' id='word_1_806' title='bbox 3026 4856 3236 4926; x_wconf 83' lang='lat' dir='ltr'><strong>quievit,</strong></span> <span class='ocrx_word' id='word_1_807' title='bbox 3277 4853 3474 4922; x_wconf 85' lang='lat' dir='ltr'><strong>inquit,</strong></span> <span class='ocrx_word' id='word_1_808' title='bbox 3507 4864 3646 4904; x_wconf 83' lang='lat' dir='ltr'><strong>terra</strong></span> <span class='ocrx_word' id='word_1_809' title='bbox 3669 4866 3789 4919; x_wconf 77' lang='lat' dir='ltr'><strong>qua—</strong></span> 
     </span>
    </p>
   </div>
   <div class='ocr_carea' id='block_1_103' title="bbox 2199 4941 3791 5021">
    <p class='ocr_par' dir='ltr' id='par_1_103' title="bbox 2199 4941 3791 5021">
     <span class='ocr_line' id='line_1_103' title="bbox 2199 4941 3791 5021; baseline -0.009 -17"><span class='ocrx_word' id='word_1_810' title='bbox 2199 4951 2444 5021; x_wconf 89' lang='lat' dir='ltr'><strong>draginta</strong></span> <span class='ocrx_word' id='word_1_811' title='bbox 2483 4951 2656 5004; x_wconf 89' lang='lat' dir='ltr'><strong>annis.</strong></span> <span class='ocrx_word' id='word_1_812' title='bbox 2702 4949 2770 5002; x_wconf 83' lang='lat' dir='ltr'><strong>Et</strong></span> <span class='ocrx_word' id='word_1_813' title='bbox 2816 4949 3044 5018; x_wconf 74' lang='lat' dir='ltr'><strong>fecerunt</strong></span> <span class='ocrx_word' id='word_1_814' title='bbox 3086 4945 3184 5010; x_wconf 82' lang='lat' dir='ltr'><strong>ﬁlii</strong></span> <span class='ocrx_word' id='word_1_815' title='bbox 3219 4945 3391 4999; x_wconf 85' lang='lat' dir='ltr'><strong>Israel</strong></span> <span class='ocrx_word' id='word_1_816' title='bbox 3416 4943 3705 5020; x_wconf 71' lang='lat' dir='ltr'><strong>malignam</strong></span> <span class='ocrx_word' id='word_1_817' title='bbox 3736 4941 3791 4990; x_wconf 77' lang='lat' dir='ltr'><strong>in</strong></span> 
     </span>
    </p>
   </div>
   <div class='ocr_carea' id='block_1_104' title="bbox 2199 5036 3790 5111">
    <p class='ocr_par' dir='ltr' id='par_1_104' title="bbox 2199 5036 3790 5111">
     <span class='ocr_line' id='line_1_104' title="bbox 2199 5036 3790 5111; baseline -0.009 -15"><span class='ocrx_word' id='word_1_818' title='bbox 2199 5052 2474 5111; x_wconf 88' lang='lat' dir='ltr'><strong>conspectu</strong></span> <span class='ocrx_word' id='word_1_819' title='bbox 2506 5041 2742 5107; x_wconf 87' lang='lat' dir='ltr'><strong>Domini,</strong></span> <span class='ocrx_word' id='word_1_820' title='bbox 2790 5048 2837 5094; x_wconf 91' lang='lat' dir='ltr'><strong>et</strong></span> <span class='ocrx_word' id='word_1_821' title='bbox 2888 5039 3105 5093; x_wconf 86' lang='lat' dir='ltr'><strong>tradidit</strong></span> <span class='ocrx_word' id='word_1_822' title='bbox 3134 5054 3220 5092; x_wconf 89' lang='lat' dir='ltr'><strong>eos</strong></span> <span class='ocrx_word' id='word_1_823' title='bbox 3262 5037 3522 5090; x_wconf 81' lang='lat' dir='ltr'><strong>Dominus</strong></span> <span class='ocrx_word' id='word_1_824' title='bbox 3550 5036 3601 5086; x_wconf 82' lang='lat' dir='ltr'><strong>in</strong></span> <span class='ocrx_word' id='word_1_825' title='bbox 3628 5047 3790 5083; x_wconf 84' lang='lat' dir='ltr'><strong>manu</strong></span> 
     </span>
    </p>
   </div>
   <div class='ocr_carea' id='block_1_105' title="bbox 2202 5125 3793 5202">
    <p class='ocr_par' dir='ltr' id='par_1_105' title="bbox 2202 5125 3793 5202">
     <span class='ocr_line' id='line_1_105' title="bbox 2202 5125 3793 5202; baseline -0.009 -16"><span class='ocrx_word' id='word_1_826' title='bbox 2202 5132 2423 5187; x_wconf 81' lang='lat' dir='ltr'><strong>Madian</strong></span> <span class='ocrx_word' id='word_1_827' title='bbox 2450 5135 2600 5188; x_wconf 86' lang='lat' dir='ltr'><strong>annis</strong></span> <span class='ocrx_word' id='word_1_828' title='bbox 2628 5142 2839 5202; x_wconf 79' lang='lat' dir='ltr'><strong>septem.</strong></span> <span class='ocrx_word' id='word_1_829' title='bbox 2873 5131 2942 5184; x_wconf 86' lang='lat' dir='ltr'><strong>Et</strong></span> <span class='ocrx_word' id='word_1_830' title='bbox 2970 5129 3187 5184; x_wconf 83' lang='lat' dir='ltr'><strong>invaluit</strong></span> <span class='ocrx_word' id='word_1_831' title='bbox 3228 5144 3414 5182; x_wconf 86' lang='lat' dir='ltr'><strong>manus</strong></span> <span class='ocrx_word' id='word_1_832' title='bbox 3442 5125 3663 5178; x_wconf 72' lang='lat' dir='ltr'><strong>Madian</strong></span> <span class='ocrx_word' id='word_1_833' title='bbox 3699 5137 3793 5173; x_wconf 85' lang='lat' dir='ltr'><strong>su-</strong></span> 
     </span>
    </p>
   </div>
   <div class='ocr_carea' id='block_1_106' title="bbox 2199 5214 3795 5293">
    <p class='ocr_par' dir='ltr' id='par_1_106' title="bbox 2199 5214 3795 5293">
     <span class='ocr_line' id='line_1_106' title="bbox 2199 5214 3795 5293; baseline -0.006 -17"><span class='ocrx_word' id='word_1_834' title='bbox 2199 5241 2290 5293; x_wconf 89' lang='lat' dir='ltr'><strong>per</strong></span> <span class='ocrx_word' id='word_1_835' title='bbox 2319 5223 2507 5278; x_wconf 87' lang='lat' dir='ltr'><strong>Israel.</strong></span> <span class='ocrx_word' id='word_1_836' title='bbox 2555 5224 2692 5279; x_wconf 91' lang='lat' dir='ltr'><strong>Dum</strong></span> <span class='ocrx_word' id='word_1_837' title='bbox 2719 5233 2864 5278; x_wconf 85' lang='lat' dir='ltr'><strong>esset</strong></span> <span class='ocrx_word' id='word_1_838' title='bbox 2906 5236 3035 5292; x_wconf 89' lang='lat' dir='ltr'><strong>ergo</strong></span> <span class='ocrx_word' id='word_1_839' title='bbox 3070 5220 3286 5290; x_wconf 88' lang='lat' dir='ltr'><strong>justitia</strong></span> <span class='ocrx_word' id='word_1_840' title='bbox 3317 5219 3372 5274; x_wconf 91' lang='lat' dir='ltr'><strong>in</strong></span> <span class='ocrx_word' id='word_1_841' title='bbox 3405 5227 3567 5279; x_wconf 87' lang='lat' dir='ltr'><strong>terra,</strong></span> <span class='ocrx_word' id='word_1_842' title='bbox 3597 5214 3660 5268; x_wconf 89' lang='lat' dir='ltr'><strong>id</strong></span> <span class='ocrx_word' id='word_1_843' title='bbox 3689 5222 3795 5278; x_wconf 88' lang='lat' dir='ltr'><strong>est,</strong></span> 
     </span>
    </p>
   </div>
   <div class='ocr_carea' id='block_1_107' title="bbox 2201 5308 3795 5384">
    <p class='ocr_par' dir='ltr' id='par_1_107' title="bbox 2201 5308 3795 5384">
     <span class='ocr_line' id='line_1_107' title="bbox 2201 5308 3795 5384; baseline -0.006 -16"><span class='ocrx_word' id='word_1_844' title='bbox 2201 5314 2257 5368; x_wconf 92' lang='lat' dir='ltr'><strong>in</strong></span> <span class='ocrx_word' id='word_1_845' title='bbox 2286 5315 2369 5370; x_wconf 89' lang='lat' dir='ltr'><strong>his</strong></span> <span class='ocrx_word' id='word_1_846' title='bbox 2395 5315 2484 5384; x_wconf 88' lang='lat' dir='ltr'><strong>qui</strong></span> <span class='ocrx_word' id='word_1_847' title='bbox 2531 5314 2776 5368; x_wconf 86' lang='lat' dir='ltr'><strong>habitant</strong></span> <span class='ocrx_word' id='word_1_848' title='bbox 2812 5322 3032 5376; x_wconf 87' lang='lat' dir='ltr'><strong>terram,</strong></span> <span class='ocrx_word' id='word_1_849' title='bbox 3075 5311 3346 5381; x_wconf 86' lang='lat' dir='ltr'><strong>quievisse</strong></span> <span class='ocrx_word' id='word_1_850' title='bbox 3381 5308 3578 5364; x_wconf 87' lang='lat' dir='ltr'><strong>dicitur</strong></span> <span class='ocrx_word' id='word_1_851' title='bbox 3625 5315 3795 5361; x_wconf 89' lang='lat' dir='ltr'><strong>terra.</strong></span> 
     </span>
    </p>
   </div>
   <div class='ocr_carea' id='block_1_108' title="bbox 2199 5397 3802 5474">
    <p class='ocr_par' dir='ltr' id='par_1_108' title="bbox 2199 5397 3802 5474">
     <span class='ocr_line' id='line_1_108' title="bbox 2199 5397 3802 5474; baseline -0.006 -15"><span class='ocrx_word' id='word_1_852' title='bbox 2199 5403 2331 5459; x_wconf 90' lang='lat' dir='ltr'><strong>Cum</strong></span> <span class='ocrx_word' id='word_1_853' title='bbox 2361 5421 2489 5460; x_wconf 87' lang='lat' dir='ltr'><strong>vero</strong></span> <span class='ocrx_word' id='word_1_854' title='bbox 2537 5405 2763 5460; x_wconf 80' lang='lat' dir='ltr'><strong>increvit</strong></span> <span class='ocrx_word' id='word_1_855' title='bbox 2808 5403 3086 5474; x_wconf 84' lang='lat' dir='ltr'><strong>iniquitas,</strong></span> <span class='ocrx_word' id='word_1_856' title='bbox 3123 5412 3172 5456; x_wconf 90' lang='lat' dir='ltr'><strong>et</strong></span> <span class='ocrx_word' id='word_1_857' title='bbox 3224 5403 3452 5469; x_wconf 79' lang='lat' dir='ltr'><strong>fecerunt</strong></span> <span class='ocrx_word' id='word_1_858' title='bbox 3505 5397 3802 5469; x_wconf 71' lang='lat' dir='ltr'><strong>malignum</strong></span> 
     </span>
    </p>
   </div>
   <div class='ocr_carea' id='block_1_109' title="bbox 2198 5492 3802 5573">
    <p class='ocr_par' dir='ltr' id='par_1_109' title="bbox 2198 5492 3802 5573">
     <span class='ocr_line' id='line_1_109' title="bbox 2198 5492 3802 5573; baseline -0.006 -19"><span class='ocrx_word' id='word_1_859' title='bbox 2198 5501 2252 5554; x_wconf 90' lang='lat' dir='ltr'><strong>in</strong></span> <span class='ocrx_word' id='word_1_860' title='bbox 2271 5511 2542 5573; x_wconf 87' lang='lat' dir='ltr'><strong>conspectu</strong></span> <span class='ocrx_word' id='word_1_861' title='bbox 2567 5501 2801 5567; x_wconf 88' lang='lat' dir='ltr'><strong>Domini,</strong></span> <span class='ocrx_word' id='word_1_862' title='bbox 2825 5511 2947 5555; x_wconf 88' lang='lat' dir='ltr'><strong>tunc</strong></span> <span class='ocrx_word' id='word_1_863' title='bbox 2978 5499 3191 5552; x_wconf 86' lang='lat' dir='ltr'><strong>tradidit</strong></span> <span class='ocrx_word' id='word_1_864' title='bbox 3222 5515 3331 5562; x_wconf 85' lang='lat' dir='ltr'><strong>eos,</strong></span> <span class='ocrx_word' id='word_1_865' title='bbox 3377 5496 3585 5564; x_wconf 86' lang='lat' dir='ltr'><strong>inquit,</strong></span> <span class='ocrx_word' id='word_1_866' title='bbox 3617 5492 3802 5547; x_wconf 78' lang='lat' dir='ltr'><strong>Domi-</strong></span> 
     </span>
    </p>
   </div>
   <div class='ocr_carea' id='block_1_110' title="bbox 2199 5590 3804 5662">
    <p class='ocr_par' dir='ltr' id='par_1_110' title="bbox 2199 5590 3804 5662">
     <span class='ocr_line' id='line_1_110' title="bbox 2199 5590 3804 5662; baseline -0.004 -16"><span class='ocrx_word' id='word_1_867' title='bbox 2199 5609 2295 5647; x_wconf 88' lang='lat' dir='ltr'><strong>nus</strong></span> <span class='ocrx_word' id='word_1_868' title='bbox 2322 5595 2378 5647; x_wconf 89' lang='lat' dir='ltr'><strong>in</strong></span> <span class='ocrx_word' id='word_1_869' title='bbox 2404 5610 2588 5648; x_wconf 89' lang='lat' dir='ltr'><strong>manus</strong></span> <span class='ocrx_word' id='word_1_870' title='bbox 2610 5592 2832 5648; x_wconf 75' lang='lat' dir='ltr'><strong>Madian</strong></span> <span class='ocrx_word' id='word_1_871' title='bbox 2852 5593 3006 5648; x_wconf 86' lang='lat' dir='ltr'><strong>annis</strong></span> <span class='ocrx_word' id='word_1_872' title='bbox 3035 5603 3247 5662; x_wconf 87' lang='lat' dir='ltr'><strong>septem.</strong></span> <span class='ocrx_word' id='word_1_873' title='bbox 3290 5590 3402 5646; x_wconf 80' lang='lat' dir='ltr'><strong>Nec</strong></span> <span class='ocrx_word' id='word_1_874' title='bbox 3430 5591 3712 5646; x_wconf 87' lang='lat' dir='ltr'><strong>dicuntur</strong></span> <span class='ocrx_word' id='word_1_875' title='bbox 3733 5590 3804 5641; x_wconf 81' lang='lat' dir='ltr'><strong>in-</strong></span> 
     </span>
    </p>
   </div>
   <div class='ocr_carea' id='block_1_111' title="bbox 2196 5683 3808 5757">
    <p class='ocr_par' dir='ltr' id='par_1_111' title="bbox 2196 5683 3808 5757">
     <span class='ocr_line' id='line_1_111' title="bbox 2196 5683 3808 5757; baseline -0.001 -18"><span class='ocrx_word' id='word_1_876' title='bbox 2196 5684 2430 5740; x_wconf 88' lang='lat' dir='ltr'><strong>valuisse</strong></span> <span class='ocrx_word' id='word_1_877' title='bbox 2474 5684 2780 5740; x_wconf 66' lang='lat' dir='ltr'><strong>Madianitaz</strong></span> <span class='ocrx_word' id='word_1_878' title='bbox 2825 5700 2987 5755; x_wconf 91' lang='lat' dir='ltr'><strong>super</strong></span> <span class='ocrx_word' id='word_1_879' title='bbox 3029 5685 3285 5757; x_wconf 86' lang='lat' dir='ltr'><strong>populum</strong></span> <span class='ocrx_word' id='word_1_880' title='bbox 3337 5683 3592 5750; x_wconf 88' lang='lat' dir='ltr'><strong>Domini,</strong></span> <span class='ocrx_word' id='word_1_881' title='bbox 3641 5683 3808 5738; x_wconf 68' lang='lat' dir='ltr'><strong>donec</strong></span> 
     </span>
    </p>
   </div>
   <div class='ocr_carea' id='block_1_112' title="bbox 2195 5774 3810 5848">
    <p class='ocr_par' dir='ltr' id='par_1_112' title="bbox 2195 5774 3810 5848">
     <span class='ocr_line' id='line_1_112' title="bbox 2195 5774 3810 5848; baseline -0.002 -16"><span class='ocrx_word' id='word_1_882' title='bbox 2195 5785 2464 5848; x_wconf 69' lang='lat' dir='ltr'><strong>praecepta</strong></span> <span class='ocrx_word' id='word_1_883' title='bbox 2493 5776 2705 5832; x_wconf 88' lang='lat' dir='ltr'><strong>Domini</strong></span> <span class='ocrx_word' id='word_1_884' title='bbox 2737 5776 2969 5848; x_wconf 88' lang='lat' dir='ltr'><strong>p0pulus</strong></span> <span class='ocrx_word' id='word_1_885' title='bbox 2995 5775 3304 5832; x_wconf 79' lang='lat' dir='ltr'><strong>custodirit.</strong></span> <span class='ocrx_word' id='word_1_886' title='bbox 3344 5774 3486 5832; x_wconf 87' lang='lat' dir='ltr'><strong>Cum</strong></span> <span class='ocrx_word' id='word_1_887' title='bbox 3531 5791 3682 5832; x_wconf 74' lang='lat' dir='ltr'><strong>vero</strong></span> <span class='ocrx_word' id='word_1_888' title='bbox 3721 5786 3810 5828; x_wconf 82' lang='lat' dir='ltr'><strong>ne-</strong></span> 
     </span>
    </p>
   </div>
  </div>
