3986 6348
215 365 360 422 1155

1188 365 1536 424 COMMENT.
1573 365 1642 422 IN
1677 367 1806 424 LIB.
1844 365 2162 428 JUDICUM.
2195 398 2265 412 --
2299 370 2429 427 LIB.
2469 369 2534 426 II.

3346 379 3483 439 1154

210 476 420 550 gligere
441 478 606 548 caspit
648 481 902 536 mandata
924 479 1126 547 divina,
1168 483 1442 538 robustior
1471 490 1526 538 et
1571 483 1801 539 validior
1824 490 1879 548 Α
1902 483 2098 550 ﬁdem;
2125 484 2230 540 iste
2253 487 2435 540 omnia
2475 485 2692 543 condita
2718 499 2817 542 sua
2845 489 3147 557 evacuavit,
3187 497 3243 547 et
3266 507 3334 548 ex
3358 509 3479 550 om-

209 570 503 626 adversum
534 587 658 626 eum
695 572 886 629 eﬁ‘ecta
931 582 1015 629 est
1056 574 1293 628 hostium
1337 587 1547 627 manus.
1586 573 1655 628 Et
1703 576 1797 629 ad-

205 676 433 718 versum
455 661 605 717 illum
652 665 865 733 quidem
909 665 1144 735 priorem
1192 665 1447 736 populum
1493 665 1798 735 corporales

205 750 568 821 insurgebant
601 754 799 820 hostes,
848 772 972 810 cum
1020 756 1368 826 deliquisset;
1406 758 1663 816 adversus
1695 776 1794 816 nos
1825 829 1832 838 ι

206 853 394 897 autem
422 845 512 913 qui
540 844 706 901 Israel
735 849 1031 902 secundum
1071 847 1329 920 Spiritum
1349 851 1599 914 dicimur,
1631 852 1792 922 spiri-

204 932 331 989 talis
364 935 486 990 sine
535 936 700 991 dubio
747 938 919 993 hostis
946 939 1198 1011 insurgit,
1244 955 1367 994 cum
1396 943 1650 996 mandata
1699 943 1794 998 Dei

200 1023 554 1095 negligimus,
589 1035 789 1082 etcum
815 1028 1020 1084 Christi
1064 1039 1331 1100 praecepta
1373 1034 1790 1101 contemnimus,

197 1115 436 1171 validior
459 1120 746 1177 adversum
767 1136 866 1177 nos
906 1121 1135 1176 efﬁcitur
1157 1122 1459 1178 daemonum
1501 1140 1714 1193 manus,
1737 1134 1793 1181 et

201 1207 473 1262 tradimur
501 1210 663 1264 etiam
690 1225 790 1266 nos
819 1213 1072 1278 inimicis,
1105 1228 1229 1269 cum
1260 1215 1584 1272 discedimus
1613 1232 1644 1271 a
1671 1233 1792 1289 gra-

198 1298 292 1354 tia.
341 1297 454 1356 Sed
477 1301 759 1359 videamus
783 1304 914 1374 quid
966 1300 1162 1361 accidit
1205 1307 1285 1361 eis
1325 1307 1418 1377 qui
1451 1307 1634 1363 traditi
1665 1316 1791 1365 sunt

193 1402 295 1456 pro
324 1391 572 1459 peccatis
595 1393 730 1448 suis.

262 1480 634 1556 Feceruntque
657 1486 757 1540 sibi
780 1498 933 1543 antra
957 1498 1005 1543 et
1033 1489 1306 1561 speluncas
1331 1491 1388 1545 in
1431 1492 1714 1559 montibus,
1741 1504 1791 1549 et

190 1575 551 1631 munitissima
593 1578 663 1632 ad
690 1581 1084 1651 repugnandum
1130 1580 1264 1635 loca.
1306 1579 1537 1653 Cumque
1584 1582 1794 1637 sevisset

186 1667 389 1736 Israel,
423 1673 730 1728 ascendebat
752 1674 992 1743 Madian,
1033 1687 1081 1731 et
1105 1676 1316 1732 Amalec
1335 1687 1386 1732 et
1419 1679 1595 1733 cceteri
1619 1680 1793 1733 orien-

187 1759 384 1814 talium
417 1764 707 1830 nationum,
740 1774 787 1819 et
817 1768 955 1837 apud
990 1784 1075 1822 eos
1103 1768 1317 1839 ﬁgentes
1367 1772 1610 1836 tentoria,
1655 1773 1787 1825 sicut

1900 576 2059 632 nibus
2085 575 2436 634 facultatibus
2465 580 2579 636 suis
2607 581 2783 636 nudus
2812 593 3035 652 repente
3072 592 3128 638 et
3153 585 3330 642 inanis
3354 588 3484 645 eﬂ‘e—

1896 675 2016 722 ctus
2043 677 2146 736 est,
2177 672 2303 740 quia
2343 671 2435 726 diu
2466 673 2740 740 quaesitus,
2773 681 2829 728 et
2854 675 3023 729 multo
3046 675 3135 730 vix
3164 677 3345 733 labore
3367 679 3483 734 eol-

1894 756 2035 813 lecto
2065 759 2244 815 subito
2285 761 2462 815 omnis
2491 759 2694 817 eﬁ‘usus
2731 770 2818 818 est
2860 764 3050 832 labor;
3085 775 3139 821 et
3178 767 3318 821 sicut
3351 768 3481 824 dicit

1893 848 2156 917 propheta
2182 866 2195 901 :
2220 849 2412 904 Omnes
2421 850 2642 920 justitia:
2665 854 2800 922 ejus,
2820 870 2951 925 quas
2974 854 3116 925 fecit,
3139 874 3243 913 non
3261 875 3486 915 comme-

1894 939 2239 996 morabuntur
2267 941 2484 1013 (Ezecb.
2508 943 2682 1016 xvm).

1963 1030 2075 1102 Ipsi
2093 1033 2230 1086 enim
2251 1034 2476 1090 universi
2496 1051 2672 1106 greges
2693 1053 2874 1092 eorum
2888 1038 3157 1094 veniebant
3180 1057 3299 1094 cum
3318 1041 3484 1100 tubera

1894 1121 2096 1175 naculis
2121 1124 2254 1189 suis,
2287 1134 2336 1178 et
2356 1125 2526 1180 instar
2550 1125 2874 1182 locustarum
2906 1131 3143 1185 universa
3183 1133 3478 1202 aperiebant

1891 1211 2164 1269 innumera
2192 1215 2472 1271 multitudo
2492 1218 2760 1272 hominum
2787 1228 2836 1275 et
2857 1219 3193 1289 camelorum,
3224 1225 3477 1296 quidquid

1891 1306 2164 1375 tetigerunt
2192 1307 2535 1364 devastantes.
2589 1310 2741 1377 Esto,
2791 1316 3145 1370 convenerint
3190 1319 3476 1373 adversum

1890 1393 2056 1450 Israel
2082 1396 2410 1466 Madianitaa,
2443 1401 2533 1470 qui
2567 1401 2997 1473 interpretantur
3019 1416 3166 1460 extra
3183 1409 3472 1477 judicium.

1890 1487 2042 1554 Esto,
2074 1489 2164 1544 isti
2185 1493 2539 1548 convenerint
2564 1494 2848 1550 adversum
2877 1496 3062 1563 Israel,
3092 1501 3183 1567 qui
3214 1510 3368 1556 extra
3386 1501 3478 1570 ju-

1892 1579 2089 1634 dicium
2131 1581 2228 1636 Dei
2274 1591 2420 1650 sunt,
2452 1592 2502 1637 et
2542 1586 2634 1655 qui
2664 1594 2816 1641 extra
2854 1585 3016 1657 legem
3043 1599 3403 1658 peccaverunt,
3431 1597 3478 1644 et

1890 1680 2040 1725 extra
2062 1671 2225 1742 legem
2271 1675 2513 1744 peribunt
2563 1675 2740 1747 (Rom.
2764 1677 2850 1749 ιι).
2883 1677 3037 1744 Esto,
3083 1681 3397 1736 convenerit
3423 1688 3479 1734 ct

1890 1762 2128 1832 Amalec,
2162 1766 2254 1835 qui
2283 1776 2337 1822 et
2365 1768 2480 1838 ipse
2503 1768 2894 1839 interpretatur
2925 1770 3146 1840 populus
3185 1771 3475 1844 ablingens.

183 1861 339 1903 erant
370 1852 430 1905 in
451 1853 642 1920 herbis,
672 1867 861 1910 cuncta
885 1858 1179 1924 vastabant,
1217 1876 1382 1931 usque
1423 1861 1492 1915 ad
1515 1863 1786 1918 introitum
1813 1857 1864 1917 B
1890 1855 2037 1920 Εειο,
2081 1864 2136 1910 εἰ
2164 1857 2280 1912 hac
2305 1859 2457 1913 natio
2483 1868 2698 1914 terrena
2725 1868 2779 1915 et
2805 1861 2981 1916 ventri
3022 1877 3086 1917 ac
3116 1863 3252 1934 gula:
3295 1864 3475 1920 dedita

183 1940 372 2011 Gnate,
427 1955 532 2003 etc.
591 1947 718 2004 Haec
761 1950 976 2019 quidem
1025 1951 1332 2020 patiebatur
1383 1953 1489 2019 ille,
1525 1955 1615 2022 qui
1665 1964 1784 2010 erat

179 2036 492 2090 secundum
523 2051 766 2103 carnem,
811 2038 994 2094 Israel.
1047 2039 1363 2096 Seminabat
1397 2051 1639 2110 terram;
1690 2043 1784 2100 sed

178 2129 447 2196 quoniam
468 2145 572 2199 pro
600 2133 838 2200 peccatis
859 2133 970 2189 suis
992 2133 1221 2190 traditus
1245 2144 1364 2190 erat
1383 2136 1784 2207 insurgentibus

177 2215 448 2285 inimicis,
476 2235 576 2290 pro
616 2220 862 2291 frugibus
889 2225 1128 2280 metebat
1154 2225 1575 2296 corruptionem.
1617 2227 1783 2283 Nobis

177 2323 314 2364 vero
370 2311 470 2378 qui
519 2313 822 2366 secundum
872 2313 1136 2384 Spiritum
1192 2316 1358 2371 Israel
1410 2317 1776 2383 nominamur,

178 2402 312 2472 quid
339 2401 454 2457 tale
479 2404 726 2460 accidere
753 2414 933 2476 potest
980 2408 1405 2464 consideremus.
1434 2409 1531 2464 Est
1567 2410 1780 2479 quando

180 2494 542 2563 seminamus,
571 2505 630 2552 et
652 2513 758 2553 non
789 2508 1018 2568 possunt
1073 2501 1278 2556 inimici
1321 2517 1670 2571 corrumpere
1695 2517 1781 2558 se-

179 2585 329 2638 mina
357 2600 482 2654 qua:
522 2588 876 2655 seminamus,
905 2606 1013 2645 non
1063 2599 1292 2660 possunt
1335 2592 1582 2647 insidiari
1637 2594 1780 2663 agri-

177 2677 415 2733 culturae
453 2688 671 2736 nostrae.
704 2682 802 2737 Est
847 2691 1026 2738 autem
1069 2685 1287 2754 quando
1331 2685 1678 2750 seminamus,
1725 2693 1782 2740 et

177 2778 606 2839 corrumpuntur
624 2785 745 2843 quae
767 2772 1116 2828 seminamus.
1145 2773 1344 2830 Paulus
1378 2790 1478 2830 nos
1505 2773 1779 2843 apostolus

177 2861 246 2916 de
275 2863 384 2917 hac
429 2863 735 2919 seminandi
763 2865 922 2920 docet
959 2865 1282 2922 diﬁ‘erentia.
1324 2867 1465 2922 Audi
1495 2881 1625 2936 ergo
1664 2867 1780 2936 ipse

178 2953 307 3022 quid
349 2953 487 3010 dicit
517 2971 530 3008 :
557 2953 663 3022 Qui
713 2957 954 3023 seminat,
1005 2959 1200 3027 inquit,
1242 2960 1299 3012 in
1325 2975 1512 3024 came,
1529 2957 1594 3012 de
1619 2973 1778 3012 carne

176 3052 333 3098 metet
353 3046 744 3116 corruptionem
767 3065 786 3113 ;
809 3059 857 3102 et
883 3051 975 3119 qui
995 3052 1220 3104 seminat
1241 3051 1297 3105 in
1317 3050 1548 3120 Spiritu,
1569 3049 1636 3106 de
1655 3051 1777 3121 Spi-

177 3136 280 3189 ritu
312 3146 472 3193 metet
514 3139 676 3193 vitam
724 3150 996 3197 wternam.
1046 3143 1138 3198 Isti
1192 3152 1318 3200 sunt
1365 3159 1494 3216 ergo
1543 3147 1776 3214 quorum

175 3228 390 3283 semina
419 3227 728 3286 Madianitte
759 3245 1132 3306 corrumpunt,
1163 3236 1255 3305 qui
1295 3237 1349 3290 in
1397 3251 1562 3290 carne
1606 3236 1773 3291 semi-

175 3325 346 3383 uant;
398 3319 490 3374 isti
525 3330 671 3388 sunt,
717 3338 946 3393 quorum
1001 3324 1212 3382 fructus
1255 3327 1685 3381 exterminautur
1719 3331 1775 3380 et

173 3416 428 3476 pereunt.
462 3400 556 3462 Illa
585 3421 768 3465 autem
794 3415 1019 3479 semina,
1051 3430 1170 3483 quae
1198 3416 1254 3469 in
1275 3416 1471 3485 spiritu
1497 3416 1774 3471 seminan-

175 3505 286 3563 tur,
312 3514 426 3553 non
450 3508 678 3570 possunt
721 3501 1025 3558 Madianitae
1067 3520 1436 3574 corrumpere.
1469 3507 1588 3561 Non
1626 3507 1772 3562 enim

171 3598 409 3656 possunt
435 3590 758 3646 adversaria:
776 3602 1071 3661 potestates
1089 3596 1382 3649 ascendere
1407 3595 1475 3649 ad
1500 3596 1772 3664 spiritales

171 3693 422 3748 campos,
468 3688 524 3734 et
571 3680 787 3735 novalia
822 3681 1057 3751 Spiritus
1109 3692 1375 3738 temerare
1419 3698 1628 3749 eorum,
1677 3683 1773 3754 qui

170 3786 283 3827 non
308 3771 583 3827 seminant
603 3788 765 3842 super
786 3773 990 3843 spinas,
1013 3774 1108 3829 sed
1132 3775 1394 3830 innovant
1413 3774 1514 3830 sibi
1538 3773 1767 3829 novalia.

172 3861 284 3917 Sed
310 3871 368 3918 et
397 3862 527 3917 illud
555 3864 862 3918 addendum
902 3873 984 3919 est
1017 3865 1158 3936 (volo
1187 3866 1332 3920 enim
1363 3874 1418 3921 et
1459 3881 1547 3921 me
1593 3866 1770 3936 ipsum

170 3955 461 4010 vobiscum
508 3956 716 4026 pariter
763 3957 1129 4028 commonere)
1167 3958 1233 4012 de
1265 3957 1474 4012 cautela
1501 3958 1770 4012 seminum

170 4051 226 4100 et
266 4046 596 4116 spiritalium
639 4047 915 4103 fructuum
961 4049 1257 4120 diligentia.
1313 4049 1648 4121 Frequenter
1681 4063 1770 4104 ac-

171 4137 326 4204 cidit,
360 4145 424 4192 ut
447 4137 644 4208 aliquis
668 4139 724 4193 in
750 4155 912 4208 opere
942 4140 1169 4210 spiritali
1205 4139 1434 4195 multum
1478 4141 1765 4207 desudans,

173 4223 388 4284 fructus
417 4229 799 4299 complurimos
834 4229 1028 4286 fecerit
1054 4239 1109 4285 et
1136 4230 1423 4302 repleverit
1446 4231 1640 4287 horrea
1671 4247 1769 4287 sua

167 4313 399 4382 iustitiae
424 4318 691 4390 frugibus,
740 4328 796 4376 et
823 4321 990 4376 multa
1018 4322 1160 4376 bona
1187 4336 1352 4392 opera
1407 4323 1770 4379 recondiderit

177 4411 228 4464 in
255 4412 606 4467 conscientia:
654 4428 764 4468 suae
796 4414 1077 4480 conclavi;
1113 4421 1302 4484 postea
1346 4430 1476 4472 vero
1525 4416 1570 4471 si
1601 4416 1770 4488 negli-

178 4511 284 4570 gat,
319 4509 378 4556 et
401 4509 525 4570 post
548 4502 786 4556 laborem
807 4505 1084 4573 proclivus
1102 4505 1171 4559 ad
1199 4506 1502 4577 voluptates
1529 4515 1584 4562 et
1612 4507 1768 4562 luxu-

179 4593 288 4648 rias
318 4600 533 4664 vergat,
565 4593 744 4648 omnia
786 4594 877 4649 illa
925 4597 1189 4651 honorum
1221 4600 1428 4654 semina
1473 4609 1527 4655 et
1558 4599 1766 4657 fructus

178 4688 354 4741 sancti
409 4686 610 4756 operis,
667 4686 977 4742 dominante
1030 4687 1274 4754 libidine,
1326 4701 1760 4760 corrumpentur.

179 4777 315 4831 Cum
362 4779 506 4833 enim
557 4778 928 4834 subintroierit
975 4788 1281 4849 peccatum,
1329 4789 1384 4834 et
1409 4781 1766 4851 captivaverit

180 4867 418 4924 hominis
454 4885 692 4936 sensum,
739 4879 799 4925 ut
837 4869 950 4940 jam
991 4889 1099 4928 non
1128 4873 1383 4942 respiciat
1414 4875 1480 4929 ad
1511 4875 1765 4930 mandata

181 4955 298 5024 Dei,
349 4972 451 5013 nec
487 4960 710 5014 arduam
757 4961 975 5016 virtutis
1019 4963 1163 5018 viam
1209 4962 1439 5019 libenter
1485 4965 1765 5029 ascendat,

184 5050 480 5121 depereunt
506 5053 688 5108 omnia
715 5069 834 5124 quae
857 5054 1007 5124 prius
1052 5053 1269 5112 fuerant
1313 5058 1369 5112 in
1411 5057 1607 5114 horrea
1634 5073 1766 5114 con-

182 5145 422 5202 scientiae
459 5154 803 5217 congregata.
844 5145 1135 5216 Propterea
1169 5164 1299 5218 ergo
1325 5147 1621 5218 Scriptura:
1643 5165 1767 5206 san-

186 5243 284 5290 cta:
308 5239 465 5294 nobis
488 5238 755 5294 servanda
783 5238 1135 5294 commonitio
1167 5247 1268 5305 est,
1295 5238 1525 5294 dicentis
1549 5257 1562 5295 :
1609 5240 1766 5296 Omni

187 5331 424 5386 custodia
448 5347 594 5386 serva
620 5341 767 5385 tuum
797 5348 888 5386 cor
915 5331 1096 5403 (Prov.
1117 5332 1223 5404 1v);
1248 5332 1657 5388 custodiendum
1681 5342 1766 5391 est

188 5416 351 5488 igitur
369 5423 552 5477 corab
588 5423 735 5479 omni
774 5432 1017 5495 peccato,
1049 5430 1104 5479 et
1139 5426 1408 5495 praecipue
1429 5425 1483 5480 in
1525 5434 1766 5497 tempore

187 5515 593 5580 persecutionis.
627 5515 682 5570 Si
709 5517 793 5572 cui
821 5517 965 5572 enim
1012 5515 1241 5582 accidat,
1276 5523 1338 5570 ut
1365 5515 1420 5569 in
1445 5515 1624 5586 aliquo
1647 5517 1768 5586 qui-

192 5602 310 5658 dem
349 5613 593 5675 tempore
623 5617 909 5678 congreget
937 5605 1147 5661 fructus
1187 5603 1431 5673 iustitiae,
1481 5606 1766 5674 conquirat

193 5706 348 5763 Opera
372 5699 655 5764 virtutum,
679 5705 735 5752 et
759 5699 1008 5754 omnibus
1033 5713 1092 5755 se
1131 5696 1529 5768 probatissimis
1554 5697 1766 5753 excolat

195 5781 527 5859 disciplinis;
577 5789 632 5846 in
678 5790 1069 5862 persecutionis
1123 5805 1252 5848 vero
1307 5797 1551 5862 tempore
1602 5796 1769 5860 neget

1886 1950 2203 2020 impugnare
2229 1953 2441 2008 venerit
2460 1953 2644 2019 Israel,
2667 1955 2902 2009 carnalis
2933 1954 3271 2025 spiritualem
3298 1956 3475 2011 Israe-

1885 2039 2010 2094 lem.
2055 2039 2194 2107 Quid
2223 2050 2308 2097 est
2349 2044 2471 2110 hoc,
2505 2044 2647 2114 quod
2676 2046 2842 2100 etiam
2871 2045 2968 2099 filii
2997 2045 3235 2101 Orientis
3268 2046 3353 2101 his
3377 2049 3474 2102 ad-

1887 2127 2204 2195 miscentur,
2228 2138 2426 2187 etcum
2457 2133 2589 2202 ipsis
2630 2135 2696 2190 ad
2733 2134 3155 2205 impugnandum
3195 2135 3475 2190 lsraelve-

1883 2218 2002 2272 nire
2029 2220 2563 2278 dicuntur‘IDiceres
2590 2225 2736 2278 enim
2779 2225 2930 2290 mihi,
2974 2225 3205 2289 auditor,
3247 2225 3292 2279 si
3334 2226 3472 2280 scri-

1881 2320 2034 2378 ptum
2074 2319 2213 2366 esset
2260 2313 2386 2381 quia
2419 2313 2518 2368 ﬁlii
2561 2313 2873 2370 Occidentis
2921 2322 3294 2370 convenerunt
3343 2329 3469 2369 cum

1881 2399 2033 2470 ipsis,
2062 2401 2199 2456 nihil
2225 2417 2522 2472 quaererem
2547 2421 2562 2470 ;
2594 2405 2806 2460 diceres
2830 2406 2976 2459 enim
3014 2405 3146 2460 mihi
3172 2405 3476 2476 allegoricis

1880 2489 2109 2560 legibus,
2136 2493 2265 2562 quia
2285 2493 2381 2548 ﬁlii
2410 2493 2724 2551 Occidentis
2754 2503 2882 2551 sunt
2903 2495 2998 2550 ﬁlii
3029 2495 3400 2562 tenebrarum,
3419 2503 3476 2550 et

1880 2583 1984 2651 ipsi
2004 2583 2306 2653 junguntur
2333 2585 2438 2640 illis
2475 2585 2748 2656 gentibus,
2789 2595 2843 2640 et
2868 2601 2988 2657 quae
3028 2595 3184 2641 extra
3206 2584 3472 2654 judicium

1881 2673 1977 2728 Dei
2019 2682 2166 2740 sunt,
2193 2684 2250 2729 et
2283 2689 2404 2744 qua;
2431 2677 2610 2730 ventri
2635 2677 2850 2741 deditae,
2900 2677 3215 2746 impugnant
3256 2690 3352 2730 eos
3377 2676 3471 2746 qui

1879 2774 2062 2820 mente
2081 2767 2369 2822 Dominum
2389 2769 2572 2824 videre
2591 2770 2945 2823 contendunt.
2969 2767 3124 2824 Nunc
3146 2777 3326 2823 autem
3342 2783 3469 2823 cum

1880 2855 2091 2910 dicatur
2117 2857 2245 2925 quia
2290 2856 2387 2911 ﬁlii
2415 2856 2655 2914 Orientis
2683 2868 2952 2914 venerunt
2996 2874 3121 2914 cum
3166 2858 3382 2912 Madian
3412 2867 3474 2912 et

1877 2945 2130 3013 Amalec,
2180 2950 2450 3018 quomodo
2503 2949 2620 3004 haec
2671 2957 2900 3018 possunt
2949 2956 3321 3019 competenter
3375 2963 3468 3002 ex-

1878 3038 2046 3108 poni?
2076 3037 2372 3095 Videamus
2401 3055 2531 3111 ergo
2554 3041 2601 3094 si
2630 3040 2980 3110 possimusin
3021 3049 3131 3096 tam
3162 3039 3468 3096 diﬁicilibus

1879 3130 2014 3186 locis
2054 3130 2351 3202 Scriptum
2397 3133 2619 3203 dignum
2657 3132 2891 3202 aliquem
2921 3133 2977 3186 in
3022 3132 3108 3187 his
3139 3146 3358 3188 sensum
3387 3131 3472 3186 di-

1799 3210 1848 3277 C
1880 3221 2018 3275 vinis
2058 3222 2267 3292 paginis
2313 3223 2578 3277 invenire.
2627 3223 2816 3277 Omnis
2845 3222 2940 3292 qui
2983 3238 3144 3292 super
3171 3238 3230 3278 se
3270 3236 3472 3278 nomn

1874 3313 2100 3382 suscipit
2145 3313 2370 3378 Christi,
2415 3311 2558 3368 ﬁlius
2602 3311 2832 3368 edicitur
2880 3312 3156 3379 Orientis;
3203 3313 3284 3368 sic
3320 3314 3466 3369 enim

1873 3408 2135 3475 scriptum
2157 3415 2241 3463 est
2267 3407 2336 3462 de
2361 3406 2618 3465 Christo:
2665 3408 2804 3463 Ecce
2840 3409 2924 3463 vir
2961 3407 3149 3484 Oriens
3177 3424 3364 3464 nomen
3386 3418 3465 3465 est

1872 3498 1955 3552 illi
1978 3497 2163 3568 (Zach.
2186 3498 2285 3570 v1).
2315 3498 2574 3568 Quisquis
2597 3515 2726 3570 ergo
2751 3498 2958 3554 Christi
2986 3499 3215 3568 suscipit
3241 3515 3462 3566 nomen,
3483 3521 3488 3536 =

1874 3588 2017 3642 ﬁlius
2063 3602 2186 3643 esse
2231 3588 2430 3643 dicitur
2481 3588 2738 3644 Orientis.
2795 3589 2902 3644 Sed
2954 3604 3062 3644 non
3119 3603 3336 3659 semper
3371 3590 3466 3658 qui

1872 3679 2074 3736 Christi
2118 3697 2315 3738 nomen
2361 3683 2647 3753 accipiunt,
2687 3683 2934 3738 etiamin
2963 3683 3205 3738 Ecclesia
3247 3696 3464 3751 perma-

1870 3783 2002 3830 nent
2030 3773 2254 3830 Christi.
2285 3773 2344 3828 Si
2373 3789 2504 3846 ergo
2549 3775 2738 3830 videas
2780 3775 3066 3831 haereticos
3114 3773 3313 3828 Christi
3346 3773 3466 3843 qui-

1871 3865 1994 3920 dem
2022 3865 2244 3920 nomine
2285 3865 2520 3930 censeri,
2575 3865 2892 3936 impugnare
2942 3872 3123 3920 autem
3161 3863 3462 3918 Ecclesiam

1871 3956 1990 4023 Dei,
2017 3963 2074 4010 et
2096 3970 2248 4011 anna
2297 3955 2547 4010 conferre
2591 3955 2881 4010 adversum
2908 3954 3071 4010 ﬁdem
3101 3952 3326 4017 Christi,
3360 3953 3466 4006 im-

1868 4063 2115 4120 pugnare
2150 4049 2412 4120 populum
2454 4047 2688 4114 Domini,
2721 4047 2863 4104 bella
2895 4045 3160 4101 suscitare
3201 4045 3462 4100 adversus

1869 4139 2194 4196 catholicam
2244 4140 2445 4194 ﬁdem:
2499 4137 2626 4193 nolo
2662 4137 2876 4194 dubites
2928 4137 3128 4200 dicere,
3165 4135 3320 4206 equod
3369 4134 3461 4190 isti

1869 4239 1996 4288 sunt
2019 4232 2239 4302 quidem
2260 4231 2358 4286 ﬁlii
2377 4229 2635 4296 Orientis,
2657 4229 2752 4285 sed
2779 4245 2905 4284 cum
2933 4228 3241 4284 Madianitis
3262 4236 3463 4284 etcum

1866 4324 2127 4381 Amalech
2151 4337 2465 4395 expugnare
2489 4323 2716 4378 veniunt
2739 4321 2994 4394 populum
3026 4320 3150 4387 Dei,
3185 4321 3310 4388 quia
3333 4337 3462 4376 cum

1867 4418 2098 4490 paganis
2120 4425 2174 4472 et
2199 4432 2325 4473 cum
2350 4415 2550 4473 Judmis
2585 4415 2883 4471 Ecclesiam
2909 4414 3005 4467 Dei
3032 4413 3198 4467 etiam
3219 4414 3460 4468 haeretici

1869 4519 2293 4582 persequuntur,
2324 4517 2379 4562 et
2405 4509 2554 4576 ipsos
2588 4519 2710 4562 esse
2746 4506 2940 4574 opinor
2964 4503 3057 4571 qui
3103 4501 3458 4573 designantur

1870 4605 1926 4659 in
1972 4603 2099 4658 ﬁliis
2145 4601 2404 4657 Orientis.
2469 4599 2652 4653 Omnis
2700 4613 2843 4666 ergo,
2899 4594 3097 4664 inquit,
3147 4593 3368 4649 Modica
3408 4605 3459 4650 et

1870 4693 2121 4748 Amalech
2147 4702 2195 4746 et
2221 4691 2320 4759 ﬁlii
2348 4690 2577 4744 Orientis
2603 4695 2952 4743 convenerunt
2969 4685 3128 4740 simul
3144 4694 3198 4740 et
3213 4687 3460 4742 ascende-

1872 4792 2017 4851 runt,
2048 4793 2099 4838 et
2131 4790 2537 4850 supervenerunt
2561 4781 2656 4846 eis,
2680 4789 2729 4834 et
2753 4788 2927 4834 castra
2941 4789 3230 4850 posuerunt
3249 4780 3306 4833 in
3326 4779 3460 4834 valle

1871 4875 2103 4932 Jezrael.
2141 4875 2235 4932 Isti
2281 4875 2373 4946 qui
2421 4875 2739 4945 impugnare
2789 4870 2980 4927 volunt
3037 4873 3293 4942 populum
3339 4873 3474 4937 Dei,

1874 4977 2054 5026 castra
2083 4969 2137 5024 in
2161 4967 2390 5023 vallibus
2419 4965 2706 5031 collocant,
2738 4964 2793 5019 in
2824 4963 3047 5034 dejectis
3079 4973 3135 5017 et
3165 4961 3458 5017 humilibus

1869 5063 2043 5120 locis?
2091 5061 2160 5116 In
2209 5059 2362 5126 valle,
2396 5057 2594 5129 inquit,
2644 5055 2873 5114 Jezrael.
2924 5055 3232 5110 Invenimus
3270 5062 3451 5109 autem

1870 5154 2221 5226 interpretari
2245 5150 2457 5208 Jezrael
2497 5165 2671 5205 semen
2714 5147 2833 5205 Dei.
2865 5147 3028 5203 Vides
3067 5147 3159 5201 ubi
3187 5145 3456 5201 collocant

1870 5251 2052 5300 castra
2095 5239 2436 5298 adversarii?
2478 5238 2599 5294 Non
2652 5245 2779 5294 sunt
2807 5237 2919 5292 ausi
2961 5236 3040 5291 ire
3071 5233 3195 5290 illuc
3242 5235 3332 5290 ubi
3375 5235 3455 5288 vi-

1868 5336 2066 5390 dentur
2083 5333 2198 5404 jam
2226 5332 2339 5388 nati
2366 5347 2486 5388 esse
2511 5331 2722 5387 fructus
2745 5330 2986 5400 spiritus,
3017 5328 3112 5383 sed
3137 5327 3230 5383 ubi
3276 5327 3454 5384 adhuc

1868 5443 2054 5485 semen
2081 5426 2175 5482 Dei
2210 5423 2376 5493 jacet,
2420 5423 2513 5480 ubi
2540 5424 2780 5478 nondum
2825 5420 3034 5474 fructus
3062 5419 3323 5475 ascendit.
3347 5417 3451 5485 Qui

1866 5518 2011 5574 enim
2040 5515 2174 5572 exiit
2194 5515 2464 5570 seminare
2500 5513 2750 5578 verbum,
2779 5509 3011 5564 seminat
3035 5523 3197 5578 super
3233 5519 3451 5564 omnem

1865 5608 2064 5664 locum.
2097 5605 2207 5663 Sed
2250 5605 2378 5661 audi
2430 5605 2606 5675 ipsum
2644 5601 2930 5657 Dominum
2975 5601 3262 5665 dicentem,
3320 5597 3452 5669 quid

1865 5699 1978 5770 pati
2018 5697 2189 5754 soleat
2215 5711 2403 5753 semen
2431 5693 2562 5750 Dei:
2606 5690 2786 5756 Aliud,
2835 5692 3034 5762 inquit,
3068 5692 3254 5748 cecidit
3299 5705 3450 5746 secus

1864 5794 2025 5864 viam,
2055 5798 2105 5851 et
2129 5791 2389 5852 venientes
2411 5801 2528 5844 aves
2557 5783 2672 5843 caeli
2691 5784 2948 5858 diripiunt
2967 5785 3142 5854 illud;
3171 5783 3315 5857 quod
3335 5783 3454 5854 ipse
