3986 6348
281 269 428 332 1151

1244 273 1598 338 COMMENT.
1636 276 1705 334 ΙΝ
1741 275 1873 336 LIB.
1909 273 2224 340 JUDICUM.
2260 309 2332 324 --
2365 278 2496 338 LIB.
2530 273 2596 338 Il.

3415 282 3555 344 1158

277 361 576 464 quebatur,
599 403 759 461 quem
779 393 964 447 tamen
991 390 1265 448 hominem
1293 394 1390 450 Dei
1417 392 1661 461 credidit,
1693 402 1756 450 ut
1782 411 1873 451 eo-
1897 397 1948 462 Λ
1974 394 2208 452 nationis
2255 393 2451 449 futurae
2502 388 2783 466 mysterio,
2837 387 3182 457 constitutus,
3237 390 3559 450 rectitudine

278 499 400 539 ram
436 483 557 556 ipso
581 483 909 539 sacriﬁcium
935 483 1092 540 vellet
1119 485 1330 552 oli‘erre,
1360 485 1506 542 velut
1532 487 1864 556 adjuvandus

275 573 400 642 ejus
439 575 731 645 praesentia
774 577 1094 631 sanctitatis.
1131 576 1309 644 Quaeri
1351 585 1532 648 potest
1558 593 1729 648 quare
1754 579 1862 637 Ge-

1963 485 2170 555 judicii,
2215 485 2369 554 quasi
2410 499 2508 554 per
2554 484 2782 552 virgam,
2829 481 3148 560 electionem
3189 492 3499 540 sanctorum
3530 503 3556 540 a

1965 577 2219 631 vitiorum
2241 576 2410 647 paleis
2438 576 2833 644 sequestrabat.
2881 573 2982 634 llic
3019 590 3148 646 ergo
3189 575 3402 632 Gedeon
3434 593 3554 632 cum

275 665 420 720 deon
449 681 614 722 ausus
637 667 801 723 fuerit
828 668 1152 725 sacriﬁcium
1181 670 1376 726 oﬂ'erre
1400 672 1514 727 Deo
1545 681 1742 742 praeter
1787 672 1866 728 to.
1966 667 2205 722 audisset
2255 668 2322 721 ab
2374 666 2566 738 angelo
2608 667 2774 736 quod,
2819 665 3192 723 deﬁcientibus
3235 669 3555 738 populorum

271 769 402 812 cum
431 760 523 814 ubi
543 760 783 831 jusserat
807 761 968 818 Deus.
1002 762 1206 818 Prester
1234 765 1642 821 tabernaculum
1667 767 1864 836 quippe
1962 756 2223 823 millibus,
2257 757 2312 812 in
2347 772 2457 812 uno
2486 757 2604 814 viro
2633 758 2892 813 Dominus
2930 757 3140 830 plebem
3167 771 3320 814 suam
3351 753 3420 815 ab
3454 763 3552 816 ho..-

272 863 435 906 suum
459 852 602 908 Deus
626 855 982 922 prohibuerat
1002 857 1298 912 sacriﬁcari
1327 859 1460 926 sibi;
1495 861 1584 914 cui
1606 861 1858 916 taberna-

271 941 398 996 culo
430 943 689 1015 templum
716 953 903 1014 postea
925 949 1206 1004 successit.
1247 951 1511 1021 Tempore
1537 961 1718 1008 autem
1755 969 1862 1024 quo

267 1032 373 1088 fuit
402 1033 648 1103 Gedeon,
679 1037 1084 1096 tabernaculum
1115 1036 1210 1097 Dei
1238 1052 1358 1098 erat
1401 1044 1459 1098 in
1509 1046 1650 1113 Silo;
1699 1055 1860 1119 atque

255 1126 393 1181 ideo
433 1127 548 1184 illic
591 1137 804 1186 tantum
848 1130 1086 1202 legitime
1141 1141 1325 1205 posset
1379 1131 1699 1194 sacriﬁcari.
1753 1140 1858 1196 Sed

233 1217 677 1291 intelligendum
715 1229 818 1290 est,
851 1223 994 1292 quod
1031 1221 1181 1280 illum
1221 1226 1469 1298 angelum
1511 1229 1690 1299 primo
1732 1246 1860 1303 pro-

259 1307 488 1378 phetam
512 1318 816 1379 putaverat,
856 1320 912 1366 et
953 1321 1206 1383 tanquam
1234 1314 1404 1372 Deum
1442 1319 1497 1373 in
1531 1317 1622 1375 illo
1667 1335 1859 1377 consu-

259 1398 446 1456 luerat
487 1402 553 1458 de
596 1403 870 1460 oti‘erendo
913 1405 1183 1462 sacriﬁcio
1217 1426 1229 1462 :
1261 1410 1406 1478 quod
1443 1410 1532 1466 ille
1582 1412 1627 1467 si
1668 1414 1856 1484 prohi-

255 1489 507 1562 buisset,
526 1509 634 1550 non
665 1495 851 1566 utique
885 1494 1068 1565 ﬁeret;
1105 1497 1197 1554 sed
1227 1502 1485 1570 quoniam
1516 1497 1853 1576 approbavit,

252 1592 309 1640 et
337 1594 402 1641 ut
443 1585 597 1644 ﬁeret
628 1591 836 1657 annuit,
877 1589 973 1647 Dei
1013 1594 1392 1652 auctoritatem
1437 1596 1654 1656 Gedeon
1691 1599 1746 1656 in
1782 1600 1857 1657 ia-

253 1677 457 1736 ciendo
481 1688 700 1738 secutus
721 1690 820 1738 est.
854 1683 934 1740 Ita
957 1686 1154 1758 quippe
1177 1689 1320 1745 Deus
1342 1689 1582 1761 legitima
1607 1693 1697 1748 illa
1727 1709 1854 1750 con-

1962 851 2136 910 Stibus
2161 851 2440 920 liberaret,
2467 852 2716 925 protinus
2743 851 2960 908 haedum
2987 853 3152 919 coxit,
3181 852 3332 923 cujus
3360 863 3555 911 carnes

1963 945 2262 1000 secundum
2288 954 2614 1014 prmeeptum
2662 944 2837 1015 angeli
2879 945 3038 999 simul
3077 961 3200 1000 cum
3238 962 3426 1018 azyma
3463 963 3554 1002 su-

1958 1049 2057 1108 per
2093 1043 2303 1107 petram
2337 1036 2538 1105 posuit,
2564 1041 2619 1090 et
2641 1032 2732 1104 jus
2773 1035 3020 1090 carnium
3060 1036 3290 1107 desuper
3317 1036 3503 1093 effudit
3533 1055 3549 1093 :

1961 1142 2082 1197 quze
2109 1127 2238 1182 dum
2262 1127 2484 1199 angelus
2522 1127 2690 1198 virgae
2717 1127 3000 1184 cacumine
3043 1129 3328 1201 contingit,
3367 1129 3553 1186 statim

1961 1218 2028 1274 de
2070 1226 2225 1289 petra
2269 1218 2410 1289 ignis
2453 1219 2664 1290 erupit;
2713 1227 2876 1290 atque
2919 1219 2994 1276 ita
3039 1218 3368 1277 sacriﬁcium
3411 1221 3553 1290 quod

1958 1307 2288 1366 oii‘erebatur
2311 1311 2652 1380 absumptum
2681 1318 2782 1368 est.
2822 1310 2939 1379 Quo
2965 1308 3172 1380 judicio
3217 1311 3550 1367 declaratum

1957 1402 2171 1457 videtur
2195 1443 2210 1470 ,
2253 1405 2397 1476 quod
2432 1413 2585 1476 petra
2634 1402 2724 1460 illa
2775 1402 3261 1478 typum'habuerit
3307 1405 3551 1474 corporis

1958 1491 2197 1561 Christi,
2243 1491 2410 1550 Paulo
2453 1500 2749 1550 attestante
2791 1511 2806 1550 :
2858 1491 3018 1548 Petra
3067 1503 3282 1560 autem,
3337 1493 3547 1563 inquit,

1957 1594 2072 1642 erat
2123 1584 2363 1640 Christus
2415 1585 2468 1659 (Ι
2517 1585 2640 1642 Cor.
2678 1587 2756 1658 κ).
2816 1584 2936 1642 Jam
2975 1593 3103 1640 tunc
3139 1572 3304 1656 igitur
3339 1584 3395 1640 in
3433 1602 3548 1656 my-

1954 1675 2123 1731 sterio
2149 1675 2477 1732 declaratum
2507 1685 2611 1741 est,
2650 1676 2776 1746 quia
2809 1675 3068 1732 Dominus
3104 1675 3260 1732 Jesus
3297 1675 3351 1731 in
3383 1690 3550 1731 carne

248 1776 458 1844 stituit,
485 1785 548 1833 ut
573 1779 720 1850 leges
745 1797 854 1837 non
883 1781 1007 1850 sibi,
1037 1785 1132 1840 sed
1152 1785 1461 1843 hominibus
1486 1776 1657 1844 daret.
1701 1789 1852 1847 Unde
1879 1775 1928 1838 Β
1956 1783 2055 1823 sua
2091 1768 2256 1824 totius
2294 1766 2482 1823 mundi
2517 1776 2739 1839 peccata
2783 1767 3074 1825 cruciﬁxus
3122 1766 3399 1832 aboleret,
3447 1782 3549 1824 nec

247 1871 622 1942 quodcunque
654 1882 850 1944 praeter
877 1873 963 1930 illa
992 1874 1108 1944 ipse
1144 1879 1421 1948 praecepit,
1458 1895 1568 1935 non
1605 1895 1639 1938 a
1677 1889 1852 1938 trans-

243 1965 626 2033 gressoribus,
650 1967 745 2024 sed
771 1966 952 2035 potius
979 1982 1010 2021 a
1035 1969 1140 2039 piis
1173 1979 1229 2026 et
1264 1971 1640 2028 obedientibus
1663 1973 1854 2045 imple-

245 2063 368 2116 tum
397 2059 808 2131 intelligendum
835 2071 942 2130 est,
971 2063 1114 2120 sicut
1131 2064 1408 2122 Abraham
1429 2067 1496 2122 de
1521 2067 1852 2126 immolando

241 2147 365 2206 ﬁlio
397 2149 557 2222 (Gen.
590 2153 754 2224 χιιι).
790 2153 926 2209 Nam
955 2163 1012 2210 et
1038 2155 1117 2210 sic
1157 2155 1301 2210 Elias
1337 2165 1490 2212 extra
1531 2157 1851 2214 tabernacu-

235 2245 360 2296 lum
411 2241 630 2298 Domini
663 2244 731 2297 ad
780 2244 1181 2304 convincendos
1230 2247 1544 2304 sacerdotes
1582 2249 1850 2306 idolorum

241 2331 580 2388 sacriﬁcavit
606 2331 725 2404 (ΙΙΙ
750 2332 880 2405 Reg.
909 2335 1100 2408 xvnt);
1132 2339 1277 2407 quod
1315 2355 1386 2395 ex
1430 2349 1701 2412 praeepto
1744 2342 1850 2398 Do-

244 2424 382 2480 mini
409 2423 608 2481 fecisse
635 2427 1042 2498 intelligendum
1078 2440 1180 2495 est,
1211 2433 1303 2502 qui
1338 2434 1388 2488 ei
1421 2441 1680 2504 tanquam
1723 2451 1850 2505 pro-

241 2517 425 2588 phetae
475 2518 806 2576 revelatione
845 2530 1009 2591 atque
1050 2523 1404 2594 inspiratione
1425 2527 1590 2596 jussit
1615 2536 1678 2586 ut,
1702 2527 1848 2586 face-

241 2616 328 2663 ret
359 2626 374 2664 :
402 2625 716 2680 quanquam
751 2619 902 2667 tanta
926 2617 1260 2672 consuetudo
1295 2627 1492 2687 praeter
1518 2620 1844 2678 tabernacu-

237 2699 354 2754 lum
375 2701 720 2758 sacriﬁcandi
745 2706 1081 2772 crebruerat,
1105 2709 1352 2764 utetiam
1387 2711 1641 2768 Salomon
1665 2714 1723 2770 in
1751 2729 1847 2769 ex-

235 2794 406 2850 celsis
455 2797 797 2854 sacriﬁcasse
838 2799 1170 2868 inveniatur,
1215 2817 1317 2858 nec
1352 2804 1470 2874 ejus
1515 2806 1843 2863 sacriﬁcium

235 2882 412 2940 fuisse
444 2887 793 2956 reprobatum
820 2887 941 2959 (II!
967 2889 1096 2963 Reg.
1136 2892 1241 2965 ιιι).
1278 2894 1346 2949 Et
1378 2903 1558 2952 tamen
1587 2905 1845 2954 notantur

236 2989 420 3046 reges,
455 2979 549 3048 qui
579 2980 721 3035 inter
747 2995 916 3050 opera
941 2982 1232 3042 laudabilia
1272 3000 1370 3043 sua
1406 3003 1513 3044 non
1554 2991 1842 3047 destruxe-

234 3079 368 3126 runt
411 3071 652 3138 excelsa,
691 3074 784 3130 ubi
827 3085 1018 3133 contra
1053 3077 1225 3149 legem
1254 3079 1351 3136 Dei
1378 3081 1607 3154 populus
1636 3084 1844 3140 sacriﬁ-

233 3175 365 3218 care
402 3176 791 3235 consueverat;
824 3175 882 3224 et
901 3171 994 3239 qui
1021 3171 1311 3238 destruxit,
1340 3175 1546 3246 majore
1579 3177 1842 3246 praedica-

235 3254 387 3309 tione
428 3254 698 3312 laudatur.
731 3259 824 3314 dta
851 3259 995 3316 Deus
1027 3265 1477 3322 consuetudinem
1514 3267 1693 3338 pepuli
1730 3269 1837 3334 sui,

232 3361 343 3416 qua
369 3355 572 3415 praeter
595 3350 712 3418 ejus
733 3354 1160 3420 tabernaculum,
1182 3366 1362 3412 tamen
1389 3373 1494 3413 non
1523 3360 1628 3415 diis
1651 3361 1840 3417 alienis

232 3437 526 3505 oti‘erebat,
578 3442 674 3496 sed
711 3441 939 3497 Domino
964 3445 1093 3500 «Deo
1138 3461 1258 3510 suo,
1309 3449 1610 3504 sustinebat
1657 3451 1838 3520 potius

232 3543 404 3599 quam
439 3525 676 3596 vetabat,
708 3532 875 3587 etiam
913 3535 994 3588 sic
1031 3537 1328 3594 exaudiens
1355 3537 1664 3594 otior-entes.
1722 3539 1838 3597 Hoc

234 3629 425 3676 autem
452 3623 596 3692 quod
616 3621 834 3678 Gedeon
869 3624 1018 3690 fecit,
1049 3628 1173 3696 quis
1200 3641 1308 3684 non
1332 3629 1596 3700 intelligat
1622 3647 1720 3701 per
1739 3647 1838 3687 an-

233 3712 420 3783 gelum
449 3722 818 3783 procuratum,
853 3725 912 3771 ut
937 3720 1252 3788 prophetica
1285 3721 1455 3787 ﬁeret,
1487 3723 1541 3778 in
1573 3739 1678 3793 qua
1707 3739 1835 3794 pro-

232 3804 427 3872 phetia
453 3814 606 3874 petra
641 3807 732 3860 illa
767 3811 1276 3866 commendaretur?
1309 3814 1397 3868 cui
1425 3815 1640 3883 quidem
1667 3826 1835 3887 petra:

231 3911 346 3950 non
378 3897 747 3952 sacriﬁcatum
775 3907 877 3965 est,
913 3901 1007 3956 sed
1035 3904 1100 3958 de
1128 3903 1217 3958 illa
1260 3905 1402 3976 ignis
1441 3922 1836 3964 commemora-

233 3992 327 4038 tur
351 3986 569 4053 exiisse,
593 4003 701 4056 quo
721 3991 1046 4046 sacriﬁcium
1069 4005 1498 4052 consumeretur.
1537 3997 1664 4053 Sive
1687 4001 1832 4055 enim

232 4089 334 4145 per
373 4091 589 4146 aquam,
629 4095 790 4149 quam
838 4097 1092 4151 percussa
1133 4083 1321 4140 eﬁ‘udit
1365 4088 1419 4141 in
1467 4102 1672 4155 eremo,
1719 4090 1833 4146 sive

234 4180 336 4236 per
365 4168 546 4238 ignem
575 4170 776 4226 donum
815 4171 1048 4242 Spiritus
1083 4177 1258 4231 sancti
1290 4177 1648 4248 signiﬁcatur,
1688 4181 1831 4250 quod

236 4260 506 4319 ditissime
542 4263 803 4322 Dominus
836 4266 1084 4324 Christus
1111 4268 1297 4325 eﬁ‘udit
1324 4286 1489 4340 super
1521 4288 1641 4328 nos.
1693 4274 1829 4329 Nam

233 4362 291 4409 et
334 4355 391 4409 in
442 4356 735 4429 Evangelia
783 4360 1146 4432 signiﬁcatum
1197 4371 1283 4418 est
1331 4365 1436 4419 hoc
1481 4365 1684 4420 donum
1733 4383 1831 4437 per

233 4462 459 4516 aquam,
497 4451 587 4502 ubi
614 4451 727 4518 ipse
759 4453 878 4507 ait:
913 4454 974 4507 Si
1017 4455 1135 4524 quis
1178 4456 1316 4520 sitit,
1349 4458 1521 4511 veniat
1566 4468 1614 4513 et
1665 4458 1824 4512 bibat.

1955 1860 2129 1916 solum
2159 1859 2362 1934 delicta,
2383 1859 2674 1928 factorum,
2707 1859 2803 1916 sed
2824 1860 2988 1916 etiam
3008 1859 3332 1930 cupiditates
3349 1875 3548 1932 purga-

1956 1961 2039 2009 ret
2078 1953 2382 2009 animorum
2423 1969 2437 2008 :
2476 1969 2607 2010 caro
2649 1953 2793 2010 enim
2841 1953 2981 2010 haedi
3034 1954 3103 2010 ad
3151 1953 3365 2024 culpam
3415 1951 3547 2010 facti

1952 2046 2222 2116 refertur,
2251 2047 2342 2120 jus
2375 2046 2442 2104 ad
2481 2047 2761 2102 illecebras
2799 2045 3190 2117 cupiditatum,
3236 2045 3377 2104 sicut
3410 2043 3546 2104 scri-

1949 2148 2103 2210 ptum
2139 2149 2222 2198 est
2252 2156 2268 2195 :
2303 2139 2443 2206 Quia
2478 2139 2769 2210 concupiuit
2801 2139 3024 2212 populus
3061 2139 3398 2210 cupiditatem
3433 2155 3546 2210 pes-

1949 2231 2146 2286 simam
2177 2241 2226 2284 et
2262 2232 2508 2286 dixerunt
2541 2247 2560 2286 :
2599 2229 2730 2298 Quis
2767 2247 2861 2288 nos
2910 2231 3102 2287 cibabit
3148 2247 3305 2286 carus
3350 2229 3540 2302 (Num.

1950 2325 2049 2394 ιι).
2089 2325 2242 2392 Quod
2279 2325 2444 2396 igitur
2479 2326 2724 2382 extendit
2759 2324 2985 2396 angelus
3012 2325 3242 2396 virgam,
3275 2333 3332 2381 et
3371 2324 3546 2396 tetigit

1945 2423 2158 2486 petram
2186 2417 2252 2473 de
2275 2433 2382 2487 qua
2410 2417 2550 2488 ignis
2573 2416 2759 2484 exivit,
2801 2417 3040 2472 ostendit
3077 2419 3220 2490 quod
3269 2433 3397 2474 caro
3436 2417 3543 2474 Do-

1947 2510 2079 2564 mini
2112 2508 2319 2579 Spiritu
2361 2510 2568 2579 repleta
2597 2510 2803 2576 divino,
2835 2520 3059 2580 peccata
3089 2511 3270 2568 omnia
3291 2511 3541 2572 humana:

1948 2599 2276 2656 Conditionis
2301 2607 2574 2656 exureret.
2617 2599 2771 2655 Unde
2815 2608 2872 2656 et
2915 2601 3177 2656 Dominus
3215 2600 3541 2672 aitzlgnem

1946 2693 2060 2748 veni
2115 2693 2318 2747 mittere
2362 2693 2418 2746 in
2465 2702 2658 2747 terram
2703 2692 2854 2756 (Luc.
2913 2691 3036 2763 xu).
3085 2691 3337 2749 Advertit
3374 2692 3542 2762 igitur

1943 2782 2031 2838 vir
2057 2791 2112 2840 et
2139 2783 2328 2840 doctus
2349 2793 2404 2842 et
2429 2799 2705 2855 prazsagus
2722 2783 3031 2839 futurorum
3064 2799 3299 2852 superna
3335 2793 3540 2854 myste-

1943 2877 2044 2942 ria,-
2071 2886 2128 2933 et
2155 2878 2276 2935 ideo
2303 2879 2598 2936 secundum
2623 2877 2845 2937 oracula
2869 2879 3071 2937 occidit
3108 2878 3335 2934 vitulum
3373 2893 3402 2934 a
3439 2892 3538 2948 pa-

1942 2982 2026 3029 tre
2075 2990 2172 3030 suo
2216 2975 2374 3030 idolis
2415 2977 2749 3046 deputatum,
2787 2984 2844 3032 et
2881 2976 2998 3046 ipse
3026 2985 3344 3045 septennem
3373 2975 3538 3034 alium

1943 3063 2242 3120 immolavit
2269 3067 2382 3123 Deo
2407 3107 2423 3135 ,
2461 3083 2570 3138 quo
2605 3069 2751 3126 facto
2787 3068 3226 3126 manifestissime
3276 3067 3538 3126 revelavit

1868 3140 1913 3206 C
1944 3174 2044 3229 per
2080 3151 2368 3216 adventum
2419 3163 2632 3218 Domini
2673 3163 2856 3219 omnia
2903 3163 3225 3233 gentilitatis
3274 3161 3535 3218 abolenda

1942 3266 2064 3308 esse
2089 3253 2380 3322 sacriﬁcia,
2407 3256 2690 3326 solumque
2714 3255 3044 3311 sacriﬁcium
3074 3254 3369 3310 Dominicac
3408 3267 3535 3322 pal-

1941 3346 2112 3402 sionis
2149 3348 2260 3403 Deo
2293 3361 2394 3419 pro
2423 3349 2794 3420 redemptione
2821 3356 3006 3405 nostra
3051 3347 3311 3419 religione
3352 3345 3536 3418 populi

1940 3439 2310 3495 deferendum.
2371 3441 2585 3495 Etenim
2614 3441 2815 3496 vitulus
2853 3441 2940 3496 ille
2969 3449 3088 3495 erat
3127 3441 3180 3494 in
3220 3449 3346 3509 typo
3377 3437 3536 3495 Chri-

1939 3531 2029 3594 sti,
2061 3532 2115 3586 in
2142 3547 2251 3601 quo
2279 3531 2610 3601 scptil‘ormis
2647 3532 3006 3602 spiritualium
3053 3531 3334 3601 plenitudo
3370 3532 3535 3586 virtu-

1936 3630 2072 3688 tum,
2115 3622 2254 3678 sicut
2287 3623 2456 3677 lsaias
2484 3623 2635 3684 dixit,
2679 3622 3016 3677 inhabitabat
3059 3622 3195 3692 (Isa.
3241 3623 3341 3693 χι).
3393 3622 3532 3688 Quid

1936 3725 2019 3772 est
2046 3716 2379 3772 frumentum
2409 3719 2558 3788 virga
2593 3717 2821 3783 medere,
2852 3717 2954 3771 nisi
2990 3717 3313 3771 rectitudine
3341 3715 3530 3786 judicii

1937 3823 1967 3863 a
2007 3809 2265 3864 vitiorum
2308 3809 2479 3878 paleis
2524 3810 2783 3863 virtutum
2823 3809 3024 3879 gratias
3075 3808 3372 3878 separare?
3421 3805 3527 3861 Sed

1935 3897 2052 3955 hmo
2093 3899 2377 3970 agentibus
2428 3899 2648 3970 angelus
2697 3907 2940 3968 apparet,
2988 3898 3114 3967 quia
3162 3903 3318 3951 tanto
3357 3895 3527 3965 magis

1934 3995 2196 4052 Dominus
2220 3995 2481 4050 interiora
2511 3995 2811 4058 denuntiat,
2872 3991 3176 4062 quanto’se
3229 3989 3524 4046 studiosius

1935 4090 2182 4147 homines
2211 4090 2279 4147 ab
2302 4091 2660 4147 exterioribus
2687 4096 2938 4161 purgant,
2973 4087 3064 4157 qui
3100 4086 3313 4141 haedum
3334 4084 3526 4154 prisci-

1929 4183 2026 4255 pit,
2057 4180 2112 4237 id
2144 4191 2245 4248 est,
2279 4197 2494 4239 omnem
2517 4183 2813 4253 appetitum
2861 4189 3062 4235 nostrae
3104 4178 3289 4234 carnis
3333 4177 3526 4230 immo-

1929 4275 2066 4342 lare,
2097 4290 2396 4346 carnesque
2424 4287 2588 4346 super
2613 4281 2823 4344 petram
2861 4271 3009 4342 poni,
3053 4277 3108 4324 et
3143 4269 3234 4339 jus
3277 4267 3520 4321 carnium

1931 4368 2164 4438 desuper
2187 4367 2356 4422 fundi.
2412 4367 2582 4436 Quem
2622 4365 2785 4420 alium
2822 4364 2998 4433 signat
3035 4369 3207 4429 petra,
3252 4358 3354 4412 nisi
3394 4371 3519 4411 eum

1932 4459 2000 4514 de
2032 4475 2138 4530 quo
2174 4475 2273 4529 per
2299 4457 2528 4512 Paulum
2555 4457 2754 4511 dicitur
2783 4472 2799 4508 :
2831 4452 2990 4508 Petra
3026 4459 3200 4505 autem
3225 4456 3335 4502 erat
3366 4445 3520 4501 Chri-

237 4538 343 4604 Qui
384 4530 546 4594 crédit
575 4543 631 4594 in
668 4559 770 4608 me,
799 4544 941 4597 sicut
981 4519 1111 4598 dicit
1134 4545 1437 4615 Scriptura,
1489 4550 1708 4616 ﬂumina
1764 4552 1828 4604 de
1854 4519 1906 4581 D
1932 4519 2122 4622 stus-(1
2161 4519 2283 4604 Cor.
2326 4549 2422 4620 x)?
2466 4551 2673 4604 Carncs
2718 4561 2848 4616 ergo
2895 4559 3060 4614 super
3101 4551 3313 4612 petram
3362 4541 3518 4610 poni-

235 4641 410 4686 ventre
438 4632 553 4702 ejus
577 4631 737 4704 ﬂuent
763 4649 915 4705 aqua:
941 4636 1066 4689 vium
1091 4635 1276 4707 (Joau.
1304 4639 1421 4710 vn).
1458 4639 1559 4694 Ubi
1599 4655 1828 4712 evange-

233 4720 359 4778 lista
384 4725 699 4795 subjunxit:
730 4725 844 4780 Hoc
870 4738 1043 4781 autem
1069 4728 1271 4784 dicebat
1312 4729 1376 4785 de
1413 4731 1636 4801 Spiritu,
1673 4751 1826 4805 quem

233 4817 502 4884 accepturi
525 4827 674 4872 erant
693 4819 958 4874 credentes
981 4821 1037 4874 in
1061 4837 1198 4875 eum.
1242 4821 1616 4893 Signiﬁcalum
1659 4834 1744 4880 est
1771 4835 1828 4881 et

232 4917 332 4975 per
362 4907 541 4978 ignem
565 4949 580 4974 ,
612 4909 707 4964 ubi
739 4910 986 4966 veniente
1020 4912 1114 4967 illo
1149 4928 1310 4983 super
1352 4925 1706 4986 congregatos
1750 4916 1827 4972 le-

233 4999 419 5066 gitur:
461 4999 599 5055 Viste
628 5011 746 5055 sunt
780 5002 886 5057 illis
921 5003 1112 5074 lingua:
1149 5007 1328 5062 divisa:
1370 5008 1506 5063 velut
1545 5011 1695 5079 ignis,
1736 5014 1824 5082 qui

1930 4658 2071 4707 mus,
2109 4655 2232 4696 cum
2258 4655 2455 4710 corpus
2486 4647 2728 4695 nostrum
2754 4640 2809 4694 in
2836 4636 3036 4693 Christi
3069 4633 3370 4690 imitatione
3394 4647 3518 4688 cru-

1930 4732 2158 4789 ciamus.
2209 4727 2304 4787 Jus
2355 4731 2521 4787 etiam
2561 4729 2807 4786 carnium
2853 4731 3084 4799 desuper
3114 4725 3310 4792 fundit,
3340 4723 3513 4795 quiin

1929 4823 2340 4881 conversatione
2385 4823 2589 4880 Christi
2625 4823 2771 4894 ipsas
2816 4821 2979 4877 etiam
3009 4818 3252 4875 carnales
3279 4834 3308 4872 a
3337 4833 3396 4872 se
3421 4827 3512 4872 co-

1929 4919 2218 4991 gitationes
2255 4916 2556 4974 exinanivit
2590 4935 2603 4972 :
2633 4916 2788 4987 quasi
2830 4913 2974 4970 enim
3010 4927 3100 4969 res
3134 4923 3202 4968 ex
3243 4923 3406 4965 carne
3445 4907 3512 4964 li-

1925 5009 2086 5078 quida
2116 5009 2170 5063 in
2197 5017 2349 5079 petra
2383 5007 2645 5075 funditur,
2689 5007 2902 5077 quando
2945 5019 3100 5061 mens
3141 5017 3171 5057 a
3221 4999 3507 5070 cogitatio-

237 5099 280 5143 et
312 5091 499 5145 insedit
520 5110 674 5164 super
695 5110 1108 5167 unumquemque
1127 5113 1305 5152 eorum
1328 5099 1466 5170 (Act.
1492 5101 1574 5173 ιι).
1613 5103 1680 5156 Et
1711 5103 1824 5173 ipse
1923 5119 2053 5159 num
2103 5102 2401 5158 carnalium
2444 5101 2588 5156 ﬂuxu
2637 5109 2948 5164 evacuatur,
2993 5111 3111 5167 quae
3150 5103 3331 5148 tamen
3378 5107 3507 5148 mox

239 5178 499 5238 Dominus
528 5184 604 5238 ait
633 5203 646 5238 :
678 5178 866 5255 Ignem
894 5187 1006 5241 veni
1031 5190 1230 5244 mittere
1257 5207 1414 5261 super
1447 5201 1639 5246 terram
1666 5194 1817 5266 (Luc.

236 5270 358 5341 xu).
396 5272 616 5329 Gedeon
639 5283 876 5346 namque
901 5291 1024 5332 cum
1053 5280 1152 5334 sub
1177 5281 1372 5335 arbore
1410 5293 1612 5352 quercu
1653 5284 1822 5341 tritici

237 5374 465 5418 messem
490 5366 638 5438 virga
666 5370 927 5436 cmderct,
960 5379 1014 5424 et
1043 5387 1071 5424 a
1101 5371 1271 5441 paleis
1298 5372 1564 5429 frumenta
1594 5388 1813 5434 excute-

238 5462 342 5520 ret,
387 5456 638 5526 angelum
677 5461 828 5527 vidit,
872 5462 1144 5532 accipiens
1173 5464 1242 5519 ab
1264 5480 1330 5519 eo
1355 5466 1655 5533 oraculum,
1691 5477 1749 5522 ut
1784 5485 1815 5525 a

236 5553 506 5615 potestate
538 5549 774 5606 hostium
802 5553 856 5607 in
884 5553 1190 5610 libertatem
1235 5555 1491 5626 populum
1535 5555 1631 5614 Dei
1659 5561 1816 5617 redu-

1925 5194 2144 5266 angclns
2170 5194 2320 5262 virga
2343 5193 2533 5263 tangit,
2578 5191 2702 5264 quia
2746 5191 3094 5246 intentionem
3126 5194 3367 5242 nostram
3411 5197 3508 5240 ne-

1899 5289 2193 5358 quaquam
2223 5293 2464 5357 potestas
2492 5285 2656 5341 divini
2683 5283 2937 5355 adjutorii
2962 5280 3182 5336 deserit.
3235 5278 3313 5334 De
3350 5285 3504 5348 petra

1923 5391 2103 5437 autem
2133 5381 2276 5450 ignis
2300 5381 2432 5447 exit,
2461 5390 2515 5437 et
2537 5380 2626 5452 jus
2658 5390 2956 5448 carnesque
2981 5373 3266 5437 consumit,
3309 5370 3434 5441 quia
3469 5384 3503 5424 a

1923 5475 2265 5546 redemptore
2288 5474 2507 5545 spiritus
2531 5481 2677 5529 tanta
2705 5483 2800 5528 cor
2828 5475 3076 5526 nostrum
3103 5465 3319 5520 ﬂamma
3349 5473 3501 5517 com-

1918 5566 2231 5639 punctionis
2256 5574 2588 5631 concrcmat,
2619 5573 2677 5619 ut
2704 5571 2864 5618 omne
2901 5559 3045 5631 quod
3079 5559 3136 5614 in
3175 5571 3242 5613 eo
3273 5562 3360 5610 est
3395 5551 3501 5609 illi-

240 5649 406 5733 ceret.
446 5641 553 5698 Iste
595 5641 813 5699 Gedeon
857 5646 1088 5718 ﬁguram
1123 5649 1378 5706 nimirum
1407 5651 1608 5708 Christi
1642 5663 1816 5725 gesta—
1922 5660 2088 5716 citum
2114 5668 2170 5716 et
2197 5661 2376 5733 operis
2395 5667 2453 5716 et
2469 5657 2810 5730 cogitationis
2834 5661 3064 5711 exurat:
3089 5649 3328 5722 perfecte
3352 5645 3499 5703 enim

242 5725 352 5797 bat,
381 5733 472 5798 qui
493 5736 593 5792 sub
616 5737 806 5794 umbra
831 5755 998 5798 sacrae
1021 5745 1218 5813 crucis,
1241 5745 1618 5816 praedestinato
1636 5750 1816 5806 incar-
1919 5759 1978 5810 et
2020 5725 2250 5811 solerter
2291 5725 2561 5824 invigilat,
2599 5757 2660 5808 ut
2698 5764 2806 5807 non
2840 5747 3011 5806 solum
3053 5753 3308 5816 perversa
3335 5751 3497 5811 agere
