3986 6348
247 398 363 457 1161

1138 346 1147 363 ’
1185 368 1644 447 continuum
1680 380 1810 438 Lis.
1852 344 2170 437 iunicum.
2195 375 2415 434 ——un.
2453 376 2518 434 ιι.

3338 374 3478 434 1162

242 524 347 593 gat;
387 524 539 582 quem
576 505 651 562 ire
686 470 1025 577 prohibuere,
1060 503 1170 575 ipse
1209 510 1510 558 revertatur.
1569 499 1801 593 Cumque
1826 496 1881 564 Α
1905 493 2068 593 steria
2087 492 2742 593 designantur-ingentia,-
2766 490 3188 593 sicut-etiamin
3228 493 3333 552 hoc
3360 494 3484 593 loco

239 586 571 663 descendisset
592 595 812 669 populus
839 594 908 650 ad
941 612 1125 666 aquas,
1149 592 1283 648 dixit
1310 592 1566 648 Dominus
1599 592 1667 646 ad
1697 586 1800 647 Ge-

240 696 359 752 deon
379 709 399 746 :
430 691 535 756 Qui
562 690 743 761 lingua
771 688 1084 744 lambuerint
1127 704 1310 758 aquas,
1339 687 1475 740 sicut
1513 684 1675 740 solent
1715 701 1803 739 ca-

239 804 318 842 nes
339 781 582 848 lambere,
616 779 881 850 separabis
909 796 996 834 eos
1013 794 1278 843 seorsum;
1308 778 1397 848 qui
1421 786 1593 832 autem
1620 792 1804 829 curva-

236 880 295 935 tis
316 874 525 948 genibus
544 873 780 938 biberint,
817 871 872 927 in
905 871 1070 927 altera
1091 881 1240 943 parte
1262 883 1433 927 erunt.
1474 870 1602 926 Fuit
1627 872 1801 943 itaque

237 983 469 1023 numerus
506 982 708 1031 eorum,
748 964 837 1036 qui
875 981 1033 1019 manu
1077 963 1148 1017 ad
1190 981 1245 1018 os
1283 963 1587 1036 projiciente
1635 981 1800 1036 aquas

235 1037 569 1121 lambuerant,
600 1054 814 1109 trecenti
848 1054 965 1108 viri.
1016 1050 1199 1108 Omnis
1229 1063 1403 1108 autem
1440 1053 1641 1125 reliqua
1672 1052 1804 1107 mul-

234 1146 390 1200 titudo
410 1147 548 1216 ﬂexo
571 1142 761 1216 poplite
788 1130 1004 1209 biberat,
1028 1151 1132 1199 etc.
1175 1141 1428 1213 Plerique
1452 1142 1629 1198 Latini
1658 1143 1803 1198 codi-

236 1247 317 1295 ‘ses
342 1251 449 1290 non
480 1221 711 1299 habent:
727 1249 888 1286 manu
911 1249 1028 1299 sua,
1070 1233 1167 1288 sed
1200 1232 1592 1299 tantummodo,
1620 1229 1801 1301 lingua

247 1346 341 1395 tua,
376 1328 631 1398 quoniam
672 1327 750 1383 sic
782 1325 1162 1380 intellexerunt
1204 1325 1351 1395 quod
1389 1340 1552 1395 supra
1599 1325 1801 1380 dictum

177 1433 195 1477 ξς
246 1426 324 1484 ist,
372 1418 507 1471 sicut
548 1432 721 1470 canes.
776 1414 996 1471 Graecus
1048 1424 1229 1472 autem
1280 1424 1569 1485 utrumque
1615 1416 1797 1483 habet,

184 1490 194 1585 ξ
244 1525 384 1564 nam
423 1507 774 1583 sua,.lingua
808 1526 928 1574 sua,
972 1515 1033 1563 ut
1074 1508 1405 1578 intelligatur
1454 1509 1597 1578 quod
1637 1524 1799 1566 manu

232 1612 423 1670 nquam
468 1606 677 1669 raptam
722 1598 776 1653 in
814 1612 876 1654 os
906 1598 1275 1669 projiciebant.
1319 1598 1387 1654 Et
1434 1600 1536 1654 hoc
1575 1609 1695 1654 erat
1730 1601 1804 1655 si-

170 1706 178 1715 ’
229 1692 353 1746 mile
378 1690 685 1747 bibentibus
705 1691 947 1753 canibus,
976 1691 1068 1759 qui
1092 1705 1203 1745 non
1228 1705 1323 1744 ore
1351 1689 1619 1759 apposito,
1661 1691 1803 1745 sicut

227 1779 409 1845 boves,
449 1795 644 1850 aquam
679 1780 883 1837 ducunt
906 1793 1069 1848 quam
1089 1779 1299 1843 bibunt,
1328 1779 1423 1834 sed
1444 1778 1627 1850 lingua
1656 1780 1711 1834 in
1739 1795 1801 1836 os

1907 588 2025 644 ﬁeri
2048 588 2292 645 videmus
2318 607 2331 643 :
2360 588 2488 659 quia
2513 587 2569 643 hi
2592 587 2684 658 qui
2710 586 3040 643 descendunt
3070 588 3137 642 ad
3167 604 3385 659 aquam,
3429 590 3485 647 id

1904 682 2127 751 est,'qui
2147 681 2215 736 ad
2240 681 2493 751 baptismi
2515 679 2743 750 gratiam
2770 679 3116 747 conveniunt,
3148 697 3259 736 non
3283 682 3487 739 debent

1902 772 2184 842 procidere
2205 772 2263 828 in
2297 781 2521 838 terram,
2546 787 2651 827 nec
2678 770 2895 827 ﬂectere
2924 788 3097 842 genus
3138 790 3257 841 sua,
3292 784 3347 831 et
3388 790 3481 831 cce

1903 862 2032 918 dere
2056 864 2447 919 tentationibus
2479 864 2702 931 ventris,
2739 863 2833 919 sed
2858 872 3002 920 stare
3029 865 3240 921 fortiter
3274 875 3328 922 et
3357 882 3479 937 con-

1904 964 2133 1023 Stanter,
2148 958 2289 1013 sicut
2311 966 2365 1012 et
2383 957 2673 1028 Apostolus
2700 956 2913 1013 dicebat
2941 978 2952 1011 :
2980 957 3244 1015 Remissas
3265 977 3475 1030 manus,

1901 1053 1951 1098 et
1981 1046 2236 1101 dissoluta
2255 1063 2425 1117 genua
2449 1048 2648 1116 erigite,
2685 1056 2733 1101 et
2756 1063 2989 1117 gressum
3010 1058 3206 1105 rectum
3226 1051 3383 1121 facite
3404 1071 3486 1107 se—

1901 1137 2043 1189 mitis
2068 1138 2249 1192 vestris
2281 1134 2467 1209 (Hebr.
2495 1134 2617 1207 xu).
2650 1134 2862 1192 Venisti
2884 1138 2950 1193 ad
2978 1155 3173 1209 aquam
3193 1142 3479 1212 baptismi;

1901 1226 2047 1282 istud
2098 1236 2181 1283 est
2227 1228 2538 1284 certaminis
2585 1235 2639 1283 et
2688 1244 2881 1302 pugna:
2934 1231 3192 1303 spiritalis
3245 1233 3481 1292 initium.

1902 1315 2040 1373 Hinc
2067 1319 2162 1373 tibi
2188 1321 2474 1375 adversum
2516 1319 2786 1375 diabolum
2830 1322 3068 1401 nascitur
3098 1339 3290 1394 pugna:
3332 1328 3490 1396 prin—

1902 1408 2141 1478 cipium;
2176 1411 2222 1465 si
2262 1412 2542 1466 remissior
2569 1410 2758 1478 fueris,
2789 1412 2835 1467 si
2866 1412 3008 1468 ﬂecti
3034 1411 3192 1469 facile
3224 1418 3490 1487 potueris,

1900 1500 2168 1566 quomodo
2192 1502 2473 1571 pugnabis,
2508 1502 2779 1575 quomodo
2814 1503 2983 1558 stabis
3009 1505 3296 1562 adversum
3334 1514 3489 1563 astu—

1900 1587 2005 1643 tias
2049 1589 2287 1645 diaboli?
2326 1591 2620 1662 Propterea
2655 1602 2709 1649 et
2738 1593 3029 1664 Apostolus
3066 1595 3263 1651 clamat
3295 1615 3308 1652 :
3340 1598 3490 1654 State

1900 1692 2041 1748 ergo,
2088 1689 2137 1734 et
2176 1681 2334 1736 nolite
2374 1683 2563 1737 iterum
2590 1684 2722 1755 jugo
2762 1686 3020 1741 servitutis
3059 1687 3255 1743 haerere
3286 1686 3487 1761 (Galat.

1902 1766 1978 1857 γ).
2026 1768 2094 1825 Et
2121 1770 2317 1826 iterum
2352 1772 2483 1829 dicit
2516 1792 2529 1828 :
2569 1774 2716 1829 State
2759 1775 2814 1830 in
2850 1775 3075 1831 Domino
3126 1777 3344 1851 (Philip.
3385 1781 3487 1857 1v),

227 1871 461 1942 “pium,
491 1871 632 1928 sicut
663 1872 827 1927 etiam
872 1871 961 1926 is“
1005 1869 1201 1926 fecisse
1245 1870 1632 1941 intelliguntur,
1677 1887 1800 1928 cum
1906 1854 1973 1913 Et
2001 1859 2162 1915 tertio
2189 1861 2321 1918 dicit
2349 1880 2362 1915 :
2396 1862 2669 1929 Quomodo
2703 1874 2825 1920 tunc
2849 1868 3090 1935 vivimus,
3125 1869 3172 1922 si
3206 1886 3295 1924 vos
3334 1854 3488 1926 statis

225 1976 387 2016 manu
416 1961 472 2016 in
499 1976 562 2016 os
586 1975 782 2031 aquam
809 1957 1152 2029 projicerent,
1181 1974 1345 2029 quam
1375 1959 1560 2031 lingua
1589 1964 1801 2034 excipe-

225 2058 364 2106 rent.
414 2051 552 2105 Nam
574 2060 629 2105 et
647 2049 1022 2119 interpretatio
1048 2065 1118 2107 ex
1136 2048 1361 2106 Hebraeo
1378 2051 1594 2121 planius
1619 2053 1673 2108 id
1700 2056 1801 2110 ha-

220 2140 316 2196 bet
340 2142 427 2197 his
449 2142 630 2197 verbis
664 2158 677 2195 :
704 2138 835 2194 Fuit
860 2142 1038 2211 itaque
1061 2156 1307 2195 numerus
1328 2158 1510 2196 eorum
1527 2144 1617 2213 qui
1642 2160 1805 2199 manu

220 2232 278 2287 in
300 2250 358 2287 os
378 2233 681 2302 projiciente
701 2248 893 2303 aquam
921 2231 1249 2287 lambuerant
1266 2273 1280 2299 ,
1310 2236 1521 2290 trecenti
1551 2235 1672 2289 viri.
1699 2236 1805 2292 Ne-

220 2340 328 2396 que
367 2326 512 2380 enim
549 2326 723 2380 solent
763 2326 1011 2381 homines
1044 2327 1119 2381 ita
1161 2327 1368 2395 bibere,
1399 2337 1459 2384 ut
1493 2331 1611 2386 sine
1641 2336 1806 2402 opere

221 2429 440 2480 manus,
478 2413 675 2485 lingua,
722 2414 863 2471 sicut
903 2430 1085 2481 canes,
1124 2431 1318 2486 aquam
1358 2419 1632 2475 hauriant.
1697 2422 1806 2476 Aut

220 2519 353 2561 vero
391 2506 511 2560 istis
542 2512 868 2575 praeceptum
905 2506 1083 2562 fuerat
1134 2515 1197 2562 ut
1247 2510 1352 2564 hoc
1394 2508 1634 2566 facerent
1664 2526 1678 2565 :
1711 2514 1807 2569 sed

222 2610 349 2651 cum
397 2596 467 2651 ad
510 2594 802 2652 bibendum
849 2597 1254 2654 descendissent
1295 2600 1363 2653 ad
1414 2614 1599 2670 aquas,
1652 2602 1806 2656 multi

221 2701 363 2757 genu
391 2685 532 2741 ﬂexo
553 2686 824 2754 biberunt,
861 2688 1004 2757 quod
1041 2688 1253 2744 facilius
1287 2697 1345 2744 et
1381 2690 1594 2747 minore
1622 2692 1807 2748 labore

221 2776 407 2843 ﬁeret;
436 2777 593 2847 pauci
620 2792 751 2832 vero
777 2778 904 2847 quia
949 2794 1057 2851 non
1094 2778 1233 2835 ﬂexo
1280 2796 1418 2852 genu
1457 2796 1517 2838 se
1559 2783 1807 2839 incurva-

219 2877 439 2932 verunt,
475 2876 531 2922 et
568 2876 628 2922 ut
664 2884 829 2925 canes
864 2870 1136 2936 biberunt,
1176 2872 1272 2927 sed
1308 2887 1504 2943 aquam
1542 2889 1702 2929 manu
1751 2875 1807 2930 in

218 2972 286 3015 os
316 2959 543 3029 iactam.
597 2959 838 3027 Quorum
876 2976 1153 3027 numerus,
1198 2963 1323 3032 quia
1363 2965 1593 3020 trecenti
1630 2974 1804 3031 erant,

218 3049 440 3119 signum
469 3050 707 3105 insinuat
735 3052 915 3107 crucis
943 3062 1165 3123 propter
1197 3054 1431 3109 litteram
1463 3054 1506 3110 T
1536 3054 1803 3123 Graecam,

1901 1950 1959 2004 in
2000 1950 2225 2007 Domino
2270 1953 2327 2027 (Ι
2372 1953 2551 2011 Thess.
2600 1956 2705 2031 ιιι).
2754 1956 2847 2014 Ille
2886 1974 3014 2030 ergo
3051 1961 3366 2032 probabilis,
3397 1963 3488 2019 ille

1903 2042 2106 2098 electus
2126 2053 2228 2111 est,
2260 2047 2352 2117 qui
2383 2058 2737 2118 posteaquam
2772 2050 2840 2105 ad
2877 2067 3045 2122 aquas
3074 2052 3327 2123 baptismi
3359 2070 3489 2111 ven-

1902 2139 2018 2188 tum
2046 2143 2149 2201 est,
2190 2134 2332 2192 ﬂecti
2365 2140 2434 2194 ad
2469 2140 2817 2196 necessitates
2846 2148 3090 2198 terrenas
3120 2151 3175 2199 et
3201 2159 3489 2216 corporeas

1904 2225 2098 2291 nescit,
2129 2228 2222 2295 qui
2260 2228 2409 2284 vitiis
2438 2245 2547 2285 non
2576 2231 2836 2303 indulget,
2876 2249 3050 2303 neque
3086 2234 3154 2289 ob
3178 2238 3389 2306 peccati
3418 2237 3493 2292 si-

1903 2316 2002 2371 tim
2052 2318 2314 2374 sternitur
2352 2336 2575 2391 pronus.
2635 2323 2742 2380 Sed
2776 2325 2997 2395 etquod
3035 2327 3165 2382 dicit
3203 2344 3295 2383 eos
3326 2346 3487 2385 manu

1903 2408 1989 2463 vel
2016 2410 2198 2480 lingua
2232 2428 2429 2482 aquam
2475 2414 2734 2482 lambere,
2780 2433 2889 2473 non
2922 2418 3124 2488 absque
3162 2420 3491 2477 sacramenti

1905 2500 2138 2566 quadam
2172 2502 2534 2573 signiﬁcantia
2559 2506 2664 2561 hoc
2691 2505 2822 2561 mihi
2858 2506 3108 2564 videtur:
3142 2509 3318 2565 innuit
3348 2511 3493 2567 scili-

1906 2593 2010 2652 cet,
2043 2590 2186 2656 quod
2219 2599 2277 2645 et
2306 2608 2470 2646 manu
2508 2592 2562 2649 et
2603 2594 2783 2665 lingua
2819 2600 3031 2667 operari
3064 2600 3262 2656 debent
3290 2602 3491 2659 milites

1906 2674 2129 2742 Christi,
2166 2680 2270 2735 hoc
2303 2688 2405 2747 est,
2438 2697 2601 2752 opere
2638 2692 2692 2738 et
2734 2685 2940 2752 verbo;
2971 2689 3097 2757 quia
3132 2690 3224 2760 qui
3252 2691 3408 2746 docet
3438 2702 3495 2749 et

1905 2762 2075 2831 facit,
2133 2765 2223 2821 hic
2279 2783 2507 2841 magnus
2562 2773 2845 2828 vocabitur
2890 2776 2945 2829 in
2994 2792 3160 2847 regno
3210 2777 3490 2835 caelorum.

1907 2852 2062 2920 Quod
2112 2864 2294 2912 autem
2342 2859 2506 2914 etiam
2553 2860 2983 2920 similitudinem
3010 2868 3161 2923 canis
3209 2866 3495 2929 lambentis

1907 2941 2190 3014 Scriptura
2213 2950 2658 3019 posuit,'videtur
2692 2953 2823 3009 mihi
2866 2955 3009 3013 istud
3051 2960 3252 3015 animal
3288 2963 3393 3019 hoc
3435 2963 3493 3020 in

1905 3032 2026 3090 loco
2050 3045 2335 3106 propterea
2356 3041 2716 3112 nominatum,
2744 3045 2887 3114 quod
2908 3062 3073 3117 supra
3094 3049 3275 3105 omnia
3297 3062 3495 3109 caetera

216 3145 274 3200 in
306 3160 416 3214 qua
441 3144 543 3199 iste
574 3159 833 3200 numerus
859 3145 1212 3215 signiﬁcatur.
1262 3146 1400 3202 Hinc
1428 3146 1592 3203 etiam
1617 3158 1807 3219 gentes
1909 3124 2164 3182 animalia
2219 3143 2459 3186 amorem
2503 3132 2703 3189 diem"
2757 3138 2961 3208 ΡτοΡΓίί
3004 3140 3206 3196 domini
3250 3158 3492 3213 servare.

217 3238 400 3309 magis
442 3237 498 3292 in
538 3237 856 3293 cruciﬁxum
910 3231 1212 3294 creditur“
1255 3217 1654 3311 [mensuram
1701 3250 1806 3308 est,
1837 3217 1882 3282 α
1911 3230 2014 3271 nec
2041 3225 2282 3311 tempore
2310 3237 2409 3278 nec
2430 3223 2643 3295 injuriis
2664 3227 2978 3286 oblitterare
2998 3232 3055 3287 in
3084 3249 3147 3289 eo
3176 3234 3349 3291 fertur
3369 3238 3498 3295 aﬂ‘ea

217 3330 370 3398 quod
423 3328 603 3384 littera
653 3327 842 3385 Graeca
887 3337 988 3385 est.
1041 3329 1196 3387 Unde
1234 3330 1549 3388 Graecorum
1592 3335 1811 3390 nomine

218 3416 517 3486 Apostolus
541 3430 731 3471 omnes
749 3428 936 3487 gentes
963 3418 1255 3488 signiﬁcat,
1283 3434 1407 3475 cum
1425 3422 1592 3477 dicit:
1618 3422 1810 3479 Judceo

214 3508 563 3578 primum,'et
592 3502 795 3570 Graeco,
835 3515 885 3559 et
916 3505 1125 3561 Iudaeis
1169 3516 1219 3562 et
1267 3506 1469 3563 Gracia
1511 3510 1684 3581 (Rom.
1735 3512 1806 3583 ι);

219 3611 375 3666 saepe
409 3596 485 3650 ita
530 3608 962 3652 commemorans
994 3597 1459 3653 circumcisionem
1501 3608 1558 3654 et
1595 3616 1810 3672 prazpu-

218 3687 386 3751 tium,
416 3685 559 3756 quod
590 3684 644 3739 in
673 3684 869 3755 linguis
894 3686 1134 3755 gentium
1162 3684 1349 3741 Graeca
1372 3688 1448 3742 ita
1475 3689 1725 3755 excellat,
1753 3698 1812 3745 ut

216 3792 325 3848 per
367 3778 512 3832 hanc
536 3792 724 3833 omnes
750 3777 1006 3833 decenter
1033 3775 1423 3849 signiﬁcentur.
1475 3780 1580 3835 lste
1616 3782 1815 3853 quippe

215 3882 493 3925 numerus
518 3875 575 3922 et
608 3867 663 3921 in
695 3869 999 3923 vernaculis
1039 3868 1270 3923 Abrahae
1307 3870 1667 3926 advertendns
1707 3880 1811 3937 est,

216 3974 327 4030 per
369 3972 511 4027 quos
542 3959 769 4013 fratrem
791 3959 860 4012 ab
882 3956 1124 4013 hostibus
1147 3958 1413 4026 liberavit,
1439 3962 1656 4030 quando
1687 3976 1812 4017 eum

218 4048 629 4106 Melchisedech
652 4048 708 4103 in
729 4064 924 4118 magno
944 4049 1652 4124 mysteriobenedixit(Gen.
1672 4053 1810 4125 xw).

1914 3317 2050 3362 ctus.
2108 3309 2363 3367 Trecenti
2396 3328 2525 3385 ergo
2553 3316 2671 3383 soli,
2711 3319 2805 3387 qui
2831 3325 3155 3378 sacramenti
3184 3325 3343 3397 hujus
3362 3328 3498 3384 ima-

1912 3401 2092 3471 ginem
2122 3402 2565 3475 prteformabant,
2594 3409 2682 3483 isti
2706 3412 2882 3479 electi,
2911 3414 3000 3470 isti
3031 3419 3264 3485 probati,
3302 3421 3393 3477 isti
3427 3422 3497 3478 ad

1912 3491 2194 3547 victoriam
2220 3498 2521 3552 consecrati
2549 3517 2561 3552 :
2586 3500 2678 3567 qui
2702 3509 2756 3555 et
2781 3502 2898 3571 ipso
2919 3507 3128 3561 numeri
3153 3520 3497 3568 sacramento

1913 3580 2156 3634 obtinere
2187 3582 2524 3645 adversarios
2551 3596 2792 3657 possent.
2836 3591 3087 3648 Trecenti
3119 3597 3318 3652 etenim
3346 3609 3499 3669 sunt,

1913 3670 2005 3739 qui
2032 3671 2195 3727 tertio
2213 3681 2438 3729 centena
2463 3677 2843 3748 multiplicant,
2888 3688 2941 3737 et
2978 3682 3229 3753 perfectae
3261 3689 3496 3748 Trinita-

1914 3759 1986 3814 tis
2012 3774 2295 3818 numerum
2319 3762 2520 3833 feruut,
2564 3769 2662 3824 sub
2695 3785 2801 3840 quo
2840 3788 3066 3831 numero
3092 3779 3268 3835 omnis
3296 3781 3499 3839 Christi

1914 3859 2167 3908 censetur
2187 3856 2478 3925 exercitus,
2508 3858 2565 3913 in
2591 3874 2699 3929 quo
2737 3860 3060 3931 obtinemus,
3094 3876 3153 3922 ut
3192 3870 3353 3925 etiam
3397 3888 3499 3929 nos

1914 3954 2223 3999 mereamur
2260 3946 2478 4003 ascribi.
2519 3948 2656 4007 Cum
2699 3956 2953 4010 trecentis
3002 3954 3222 4015 Gedeon
3255 3961 3323 4018 ad
3358 3980 3501 4034 pra:-

1912 4033 2045 4089 lium
2060 4039 2320 4107 perrexit,
2347 4054 2546 4112 eosque
2564 4059 2673 4100 non
2697 4048 2884 4114 armis,
2913 4050 3006 4104 sed
3043 4052 3205 4119 tubis,
3234 4052 3496 4126 lampadi-

210 4139 393 4208 Quod
426 4138 569 4195 enim
604 4138 906 4195 exuberant
934 4139 1045 4195 ίιιίο
1072 4140 1260 4196 decem
1289 4148 1340 4195 ει
1365 4148 1490 4197 octo
1518 4142 1666 4213 (nam
1697 4152 1811 4199 ne.
1912 4127 2034 4195 bus,
2059 4130 2264 4201 lagenis
2287 4135 2534 4189 armavit.
2575 4135 2733 4204 Nam,
2766 4139 2906 4195 sicut
2938 4140 3048 4198 illic
3086 4145 3346 4215 scriptum
3387 4157 3493 4217 est,

217 4231 375 4287 centi
407 4229 593 4285 decem
620 4238 677 4284 et
702 4237 823 4285 octo
846 4228 1013 4286 fuisse
1052 4228 1401 4303 referuntur),
1427 4232 1643 4288 videtur
1678 4234 1806 4289 mihi

1916 4233 2175 4276 accensas
2211 4220 2486 4293 lampades
2526 4226 2791 4283 miserunt
2845 4230 2989 4286 intra
3032 4231 3269 4306 lagenas,
3309 4247 3367 4294 et
3414 4247 3498 4296 tu-

218 4320 599 4394 siguiticatum
625 4335 734 4390 quo
760 4321 924 4376 etiam
956 4329 1196 4392 tempore
1227 4322 1405 4388 ﬁeret,
1426 4322 1484 4378 id
1505 4331 1610 4390 est,
1633 4326 1806 4391 tertio,

1915 4307 2013 4362 bas
2064 4310 2120 4363 in
2164 4310 2404 4379 dextera,
2446 4313 2665 4386 lageuas
2711 4328 2892 4375 autem
2937 4322 2991 4374 in
3037 4322 3255 4378 sinistra
3303 4334 3492 4383 tenue—

217 4411 381 4483 (μαι
406 4409 647 4465 “unum
671 4412 917 4467 manu},
939 4412 1135 4482 gnua.
1172 4411 1562 4484 Rammium
1585 4423 1672 4471 est
1689 4426 1815 4472 ,ωε
1916 4404 2070 4461 runt,
2110 4405 2169 4453 et
2209 4401 2276 4454 ad
2315 4400 2499 4458 hostes
2545 4419 2671 4459 suos
2710 4406 2953 4461 cominus
2994 4408 3299 4477 venientes,
3354 4416 3495 4471 ceci-

214 4504 435 4573 legem,
463 4501 757 4555 secundum
784 4502 885 4557 sub
911 4501 1050 4572 lege,
1082 4502 1305 4561 tertium
1324 4504 1430 4562 sub
1455 4505 1649 4576 gratia.
1697 4505 1806 4561 Sin-

1917 4495 2116 4542 nerunt
2162 4488 2324 4556 tubis,
2371 4491 2591 4562 lagenas
2633 4494 3031 4565 confregerunt,
3088 4496 3361 4569 lampades
3401 4519 3492 4578 ap-

216 4590 355 4663 gma
383 4603 517 4643 vero
544 4596 786 4657 tempora
823 4591 1037 4644 senario
1078 4606 1305 4649 mmo
1346 4594 1649 4664 δίεηωωια
1687 4580 1894 4653 sum”
1915 4586 2229 4666 paruerunt,
2273 4585 2329 4633 et
2378 4580 2505 4635 hinc
2555 4584 2800 4638 tubarum
2854 4588 3054 4653 sonitu,
3098 4587 3246 4646 illinc
3286 4593 3495 4666 lampa-

215 4687 460 4752 ωομεν
501 4675 915 4748 perfectionem;
948 4693 1076 4734 nam
1101 4688 1185 4735 ιρι.
1210 4681 1325 4736 seni
1364 4683 1550 4739 decem
1592 4694 1649 4741 et
1691 4697 1817 4744 οαο
1920 4665 2048 4721 dum
2093 4669 2467 4758 coruscatlone
2507 4673 2683 4727 territi
2711 4682 2838 4731 sunt
2874 4678 3086 4746 hostes,
3117 4689 3174 4735 et
3215 4683 3271 4739 in
3309 4665 3494 4758 fugam

216 4777 384 4829 sunt.
450 4766 605 4824 Unde
645 4775 703 4823 et
740 4768 831 4823 illa
876 4768 1071 4824 mulier
1090 4769 1277 4829 decem
1300 4778 1357 4826 et
1377 4780 1501 4829 octo
1525 4779 1816 4834 annosha-
1921 4757 2185 4811 θθυνθτδί·
2237 4758 2315 4813 De
2348 4761 2452 4816 hoc
2483 4778 2713 4833 ηωηειιιθ
2748 4764 2889 4821 δεΠο
2919 4783 3017 4839 Per
3051 4757 3382 4844 Pmpbelaml
3414 4781 3496 4836 di-

214 4853 403 4921 ﬁebat
429 4860 487 4915 in
515 4858 848 4927 inﬁrmium,
880 4874 1042 4930 quam
1063 4877 1284 4921 cunam
1312 4863 1562 4921 suum
1587 4883 1711 4923 cum
1733 4868 1817 4923 in,
1920 4847 2098 4901 citur:
2141 4848 2339 4920 Iugum
2366 4852 2505 4905 enim
2527 4854 2700 4908 oneris
2728 4855 2843 4925 ejus
2861 4897 2877 4922 ,
2911 4867 2962 4912 et
2985 4871 3242 4935 sceptrum
3270 4870 3495 4936 pastoris

214 4954 483 5012 veniam
504 4952 697 5017 exex“,
724 4967 755 5006 a
776 4952 974 5011 diaboli
998 4953 1355 5026 animum,
1384 4964 1443 5014 at
1466 4958 1815 5033 Evangemm
1922 4941 2035 5010 ejus
2059 4943 2335 5011 superasti,
2384 4943 2519 4997 sicut
2541 4945 2596 4998 in
2632 4944 2716 5000 die
2746 4944 2986 5004 Madian.
3025 4951 3273 5023 Eripiens
3299 4956 3496 5029 quippe

216 5044 470 5107 indicat,
505 5041 666 5097 solvit
702 5042 855 5132 (huc.
878 5043 1026 5116 xui).
1065 5044 1202 5101 Nam
1230 5049 1375 5117 quod
1399 5049 1474 5104 ita
1494 5050 1587 5106 isti
1605 5052 1819 5120 probati

219 5140 387 5197 sunt,
427 5145 526 5201 per
564 5144 700 5201 quos
736 5132 976 5188 vinceret
1022 5132 1255 5199 Gedeon,
1294 5144 1354 5191 ut
1394 5138 1601 5195 similes
1646 5140 1705 5196 in
1746 5142 1822 5198 bi-

217 5221 422 5280 bendo
466 5222 689 5277 canibus
733 5222 1064 5290 dicerentur,
1102 5224 1372 5295 signiﬁcat
1409 5229 1551 5298 quod
1579 5237 1823 5287 comem.

1916 5035 2272 5109 gentilitatem
2296 5036 2555 5092 Dominus
2596 5040 2869 5109 superavit
2906 5039 3096 5114 jugum
3135 5036 3316 5102 oneris
3355 5047 3492 5118 ejus,

1916 5140 2040 5181 cum
2072 5141 2194 5181 eam
2236 5126 2469 5205 adventu
2496 5141 2595 5182 suo
2621 5128 2689 5183 ab
2714 5129 2807 5184 illa
2848 5132 3153 5187 daemonica
3195 5138 3494 5207 tyrannidis

1916 5217 2177 5273 servitute
2199 5216 2465 5272 liberavit.
2513 5217 2797 5289 Superavit
2831 5230 2887 5277 et
2912 5230 3182 5291 sceptrum
3222 5231 3494 5299 exactoris

217 5312 457 5386 ptibilia
507 5321 563 5371 et
606 5312 867 5384 ignobilia
904 5314 1057 5386 eligit
1099 5315 1357 5374 Dominus
1401 5317 1453 5389 (Ι
1479 5317 1600 5374 Cor.
1624 5319 1701 5391 i);
1720 5336 1820 5391 pro
1917 5310 2055 5382 ejus,
2082 5326 2207 5369 cum
2230 5302 2453 5384 regnum
2481 5312 2719 5396 ejusdem
2755 5313 2977 5381 diaboli,
3001 5315 3090 5386 qui
3116 5332 3215 5388 pro
3234 5322 3493 5389 pestifera

217 5410 561 5471 contemptu
608 5404 756 5461 enim
803 5403 1033 5461 habetur
1081 5406 1250 5462 canis.
1298 5405 1450 5464 Unde
1488 5406 1662 5464 dicit:
1696 5408 1821 5465 Non
1920 5405 2319 5472 perpetratione
2364 5405 2616 5461 vitiorum
2666 5417 3015 5464 consueverat
3055 5408 3235 5467 debita
3288 5415 3492 5470 tributa

219 5502 305 5549 est
338 5494 543 5549 bonum
574 5492 752 5549 tollere
785 5510 972 5565 partem
1006 5493 1239 5563 ﬁliorum
1281 5504 1331 5551 et
1378 5498 1579 5551 mittere
1607 5499 1822 5556 canibus
1920 5507 2202 5564 pinnarum
2226 5495 2466 5566 exigere,
2492 5497 2559 5552 de
2581 5495 2817 5552 ﬁdelium
2844 5498 3008 5554 corde
3031 5498 3311 5557 destruxit.
3354 5502 3495 5570 Quid

222 5581 471 5659 (lauit.
499 5582 611 5654 xv).
668 5584 739 5639 Et
759 5585 952 5651 David,
987 5592 1048 5641 ut
1074 5600 1133 5642 se
1159 5594 1417 5657 tanquam
1450 5591 1825 5660 contemptibi-
1923 5584 2027 5641 hoc
2045 5593 2149 5651 est,
2178 5585 2321 5655 quod
2349 5585 2454 5642 tale
2478 5587 2674 5642 bellum
2696 5601 2795 5658 per
2824 5588 3139 5659 prophetam
3166 5589 3233 5645 ad
3257 5590 3493 5646 medium

220 5672 353 5733 lem
380 5674 661 5742 abjiceret,
690 5689 880 5731 canem
926 5690 984 5733 se
1021 5677 1306 5749 appellavit
1347 5679 1571 5751 loquens
1598 5680 1667 5737 ad
1698 5682 1825 5739 Sani
1925 5675 2210 5732 adducitur
2232 5684 2287 5732 et
2315 5678 2567 5733 adventui
2593 5676 2963 5748 Redemptoris
2999 5680 3170 5735 nostri
3211 5681 3367 5737 istius
3395 5695 3499 5752 pu-

221 5767 288 5842 (1
313 5766 459 5839 Reg.
480 5766 656 5836 xxiv).
706 5767 764 5822 In
787 5769 1037 5826 omnibus
1060 5785 1198 5842 pene
1223 5780 1468 5830 veterum
1502 5775 1667 5846 gestis
1704 5790 1822 5848 my-
1924 5773 2278 5848 gnaavictoria
2300 5769 2773 5845 comparatur?An
2798 5768 3036 5829 indicare
3060 5772 3215 5829 nobis
3234 5774 3497 5847 propheta

494 5850 768 5923 PATBOL.
811 5855 1035 5926 CVIII.
2974 5865 3055 5926 3'1
