3986 6348
491 357 628 415 1163

1133 354 1217 431 .Β.
1259 355 1514 417 RABANI
1546 355 1771 419 MAURI
1800 352 2122 423 ARCHIEP.
2162 356 2473 421 IOGUNT.
2508 352 2797 425 OPEBUM
2826 352 3005 414 PARS
3038 354 3083 412 ι.

3612 351 3762 410 1164

485 473 693 533 studuit
734 471 877 543 quod
920 471 1211 533 adventum
1253 471 1632 546 Redemptoris
1668 472 1840 531 nostri
1876 478 2068 529 contra
2094 471 2149 539 Α
2170 479 2257 533 cta
2280 470 2524 547 operatio
2547 469 2879 545 designatur.
2902 466 3005 535 Qui
3029 477 3159 537 ergo
3179 462 3307 519 dum
3338 474 3515 534 aquas
3531 461 3767 530 bibunt,

483 566 753 624 diabolum
780 565 868 622 illa
905 565 1006 621 sub
1030 564 1248 625 Gedeon
1274 565 1412 621 duce
1453 582 1647 641 pugnae
1672 565 1901 625 victoria
1922 565 2065 621 desi-

480 658 700 732 gnavit?
722 656 871 715 Talia
899 658 1007 716 illic
1046 660 1304 721 nimirum
1346 666 1469 721 acta
1507 665 1658 726 sunt,
1684 658 1827 733 quod
1860 666 2064 729 quanto

479 751 653 823 magis
693 765 852 809 usum
896 750 1173 823 pugnandi
1216 757 1522 817 transeunt,
1566 756 1716 809 tanto
1758 748 1989 822 amplius
2032 763 2066 804 a

478 841 834 914 prophetandi
886 841 1145 914 mysterio
1169 856 1278 897 non
1306 841 1580 897 recedunt.
1610 838 1743 909 Quis
1784 839 1929 901 enim
1965 854 2065 897 un.

478 949 642 1004 quam
664 948 790 991 cum
824 932 1030 1005 ingenis
1055 940 1109 988 et
1146 931 1482 1001 lampadibus
1514 930 1582 993 ad
1612 929 1857 1003 prmlium
1881 926 2069 985 venit?

477 1025 610 1096 Quis
649 1034 839 1085 contra
884 1040 1032 1083 arma
1055 1024 1278 1087 veniens
1306 1038 1457 1083 arma
1501 1022 1777 1083 deseruit?
1822 1020 2067 1085 Ridicnla

476 1120 634 1179 nobis
657 1120 773 1175 haec
796 1116 1038 1189 profecto
1064 1115 1299 1181 fuerant,
1336 1116 1382 1170 si
1404 1115 1665 1179 terribilia
1688 1114 1933 1173 hostibus
1958 1126 2068 1171 non

477 1208 726 1265 fuissent.
775 1206 881 1263 Sed
922 1205 1149 1262 victoria
1181 1207 1298 1279 ipsa
1340 1213 1630 1267 attestante
1674 1205 1961 1267 didicimus
1997 1218 2068 1261 ne

476 1300 627 1372 parvi
658 1302 771 1355 haec
793 1313 912 1369 qua:
935 1297 1078 1357 facta
1108 1307 1239 1355 sunt
1272 1298 1593 1371 pendamus.
1641 1296 1861 1357 Gedeon
1884 1296 2068 1367 itaque

476 1395 544 1448 ad
570 1390 814 1465 prndium
836 1388 1078 1460 veniens,
1122 1390 1502 1461 Redemptoris
1547 1390 1719 1447 nostri
1751 1389 1928 1461 signat
1971 1388 2066 1449 ed-

476 1491 713 1549 ventum,
749 1481 816 1536 de
846 1496 954 1551 quo
980 1481 1245 1551 scriptum
1282 1489 1408 1538 est:
1438 1479 1625 1539 Tollite
1644 1488 1848 1553 portas,
1871 1479 2070 1551 princi-

472 1592 581 1647 pes,
604 1584 821 1642 uestras,
852 1582 901 1631 et
930 1573 1225 1643 elevamini,
1250 1582 1415 1646 portae
1441 1573 1732 1640 wternales,
1755 1582 1803 1629 et
1833 1570 2068 1628 introibit

473 1682 565 1721 res:
593 1664 795 1737 gloria.
830 1664 962 1733 Quis
1001 1675 1077 1721 est
1100 1667 1198 1721 iste
1228 1682 1321 1730 res;
1360 1665 1580 1739 gloriae?
1613 1665 1873 1721 Dominus
1914 1664 2066 1733 {ortis

473 1767 520 1813 et
545 1768 748 1829 potens,
789 1755 1048 1815 Dominus
1092 1767 1274 1829 potens
1327 1758 1383 1815 in
1430 1757 1613 1829 prndio
1658 1755 1831 1831 (Psal.
1878 1755 2063 1829 mn).

2167 580 2308 638 genu
2366 560 2580 620 ﬂexisse
2636 560 3007 634 perhibentur,
3070 556 3141 615 ab
3188 556 3404 612 illorum
3453 558 3771 617 certamine

2165 652 2421 729 prohibiti
2447 660 2827 711 recesserunt:
2851 650 2977 724 quia
3005 664 3129 708 cum
3154 647 3259 705 illis
3286 646 3542 707 Christus
3562 659 3767 706 contra

2166 749 2352 806 hostes
2387 746 2508 804 ﬁdei
2535 746 2711 821 pergit
2754 743 2823 803 ad
2863 742 3135 821 praelium,
3183 740 3277 818 qui
3324 759 3453 800 cum
3486 741 3767 801 doctrina:

2165 839 2366 903 ﬂuenta
2410 840 2685 907 hauriunt,
2738 855 2769 895 a
2820 834 3141 897 rectitudine
3181 850 3406 911 operum
3448 852 3561 893 non
3606 834 3770 893 inﬂe—

2166 941 2352 1000 ctunt;
2391 945 2583 989 omnes
2610 927 2808 1005 quippe
2847 937 2978 985 tunc
3011 926 3217 987 bibisse
3253 941 3473 1005 aquam,
3519 926 3620 983 sed
3648 941 3766 983 non

2165 1042 2357 1089 omnes
2385 1036 2533 1085 recto
2560 1038 2697 1099 genu
2723 1020 2911 1081 fecisse
2941 1021 3147 1083 narrati
3170 1027 3319 1077 sunt.
3344 1018 3767 1095 Reprobatique

2166 1126 2295 1177 sunt
2324 1117 2416 1191 qui
2462 1131 2655 1191 genua,
2695 1114 2825 1171 dum
2883 1128 3051 1191 aquas
3090 1111 3359 1177 biberent,
3410 1110 3765 1183 iniiexerunt,

2167 1210 2314 1285 quia,
2341 1216 2633 1269 attestante
2655 1205 2938 1281 Apostolo,
2988 1222 3091 1261 non
3139 1204 3412 1259 auditores
3468 1203 3597 1276 legis
3619 1202 3771 1281 justi

2166 1313 2286 1363 sunt
2314 1303 2454 1377 apud
2495 1302 2686 1369 Deum,
2731 1300 2821 1361 sed
2865 1298 3091 1373 factores
3139 1297 3269 1370 legis
3310 1297 3767 1370 justiﬁcabuntur

2168 1393 2346 1470 (Rom.
2374 1392 2458 1465 ιι).
2501 1391 2637 1461 Quia
2661 1390 2829 1461 enim,
2851 1398 2911 1453 ut
2942 1390 3198 1457 diximus,
3222 1386 3508 1447 dissolutio
3533 1404 3766 1462 operum

2166 1485 2223 1543 in
2254 1485 2370 1558 ipsa
2390 1500 2627 1558 genuum
2656 1478 3033 1545 incurvatione
3062 1481 3330 1552 signatur,
3356 1489 3501 1537 recte
3534 1496 3769 1537 rursum

2168 1592 2265 1650 per
2291 1575 2521 1637 Paulum
2565 1573 2799 1633 dicitur:
2833 1570 3100 1637 Remisses
3140 1589 3351 1645 manus,
3399 1572 3770 1647 dissolutoque

2168 1686 2340 1741 genua
2370 1668 2574 1739 erigite,
2607 1674 2655 1723 et
2684 1682 2890 1739 gressus
2922 1674 3089 1725 rectos
3110 1662 3267 1735 facile
3303 1663 3529 1739 pedibus
3561 1665 3764 1737 uestris,

2169 1758 2355 1833 (Hebr.
2386 1757 2510 1831 xu).
2540 1754 2608 1815 Hi
2635 1757 2799 1828 igitur
2822 1755 3040 1817 Christo
3063 1754 3198 1811 duce
3234 1754 3300 1810 ad
3327 1750 3537 1810 bellum
3572 1770 3767 1825 proce—

474 1848 629 1904 Hunc
658 1847 1074 1918 Redemptorem
1104 1859 1352 1907 nostrum
1385 1865 1496 1907 non
1540 1850 1714 1905 solum
1745 1864 1930 1919 opere,
1965 1848 2064 1909 sed
2089 1847 2139 1917 Β
2166 1849 2319 1917 dunt,
2342 1846 2435 1920 qui
2463 1849 2565 1905 hoc
2593 1848 2735 1920 quod
2760 1863 2854 1905 ore
2876 1847 3220 1915 annuntiant,
3246 1861 3414 1919 opere
3441 1846 3767 1919 ostendunt,

473 1944 641 1999 etiam
671 1942 893 2001 nomine
914 1944 1292 2016 prophetarit;
1325 1942 1544 2005 Gedeon
1569 1944 1768 2015 quippe
1797 1943 2064 2014 interpre~

477 2046 655 2092 tatura
687 2036 995 2091 circumiens
1018 2037 1073 2091 in
1095 2045 1264 2092 utero.
1293 2034 1558 2095 Dominus
1590 2037 1736 2093 enim
1756 2045 1943 2093 noster
1965 2050 2065 2107 per

475 2126 773 2197 majestatis
816 2127 1117 2196 potentiam
1157 2130 1340 2189 omnia
1384 2128 1867 2200 circumplectitur,
1900 2135 1958 2184 et
1982 2134 2066 2183 tas

474 2235 598 2276 men
622 2234 720 2292 per
734 2218 1154 2291 dispensationis
1172 2222 1402 2293 gratiam
1432 2223 1577 2279 intra
1599 2230 1817 2279 uterum
1839 2222 2067 2293 virginis

472 2312 638 2367 venit.
664 2311 804 2380 Quid
837 2320 923 2367 est
946 2314 1255 2369 circumiens
1278 2315 1335 2371 in
1368 2315 1556 2369 utero?
1592 2314 1696 2370 nisi
1722 2313 2067 2384 omnipotens

474 2405 617 2462 Deus
644 2419 743 2460 sua
766 2403 1168 2475 dispensatione
1188 2421 1288 2462 nos
1308 2406 1599 2472 redimens,
1630 2406 1912 2462 divinitate
1931 2421 2067 2461 cun-

475 2503 564 2551 cta
590 2494 976 2566 Complectens,
1022 2506 1079 2554 et
1122 2498 1516 2556 humanitatem
1546 2500 1689 2555 intra
1730 2509 1944 2556 uterum
1973 2516 2069 2557 su-

475 2604 649 2658 mens,
678 2590 734 2646 in
760 2606 868 2662 quo
897 2600 1054 2649 utero
1095 2602 1150 2649 et
1180 2593 1495 2653 incarnatus
1536 2602 1700 2661 esset,
1749 2603 1806 2650 et
1849 2595 2068 2652 clausus

474 2696 582 2737 non
603 2690 779 2749 esset;
806 2682 934 2752 quia
955 2692 1010 2739 et
1043 2684 1185 2741 intra
1218 2695 1434 2743 uterum
1460 2685 1565 2741 fuit
1592 2701 1691 2757 per
1728 2685 2066 2742 inﬁrmitatis

474 2773 857 2841 substantiam,
887 2781 946 2830 et
970 2782 1125 2830 extra
1150 2776 1409 2832 mundum
1449 2791 1548 2846 per
1572 2777 1870 2847 potentiam
1898 2777 2067 2847 maje-

473 2865 652 2921 statis.
709 2864 927 2925 Hadian
979 2881 1109 2923 vero
1160 2868 1553 2938 interpretatur
1606 2866 1672 2921 de
1707 2868 1937 2938 judicio.
1995 2867 2068 2923 Ut

472 2959 619 3015 enim
657 2959 846 3016 hostes
883 2960 1003 3031 ejus
1048 2960 1339 3031 repellendi
1392 2961 1814 3032 destruendique
1857 2968 2064 3029 essent,

474 3067 583 3107 non
610 3052 676 3108 de
704 3053 835 3109 vitio
859 3053 1190 3123 repellentis,
1214 3054 1311 3109 sed
1335 3053 1403 3110 de
1426 3053 1632 3125 judicio
1653 3054 1797 3125 iuste
1818 3056 2069 3125 judican-

477 3142 547 3198 tis
580 3142 712 3210 fuit;
740 3153 797 3200 et
821 3144 1026 3200 idcirco
1052 3146 1119 3203 de
1158 3146 1357 3212 iudicio
1398 3156 1689 3214 vocantur,
1731 3148 1857 3219 quia
1899 3146 2065 3203 alieni

2164 1941 2257 2013 qui
2279 1940 2479 2001 fluenta
2516 1941 2776 1999 doctrina:
2801 1940 3117 2013 spiritaliter
3144 1939 3427 2006 hauriunt,
3452 1955 3558 1996 nec
3582 1950 3769 2003 tamen

2164 2033 2220 2091 in
2249 2034 2436 2105 pravis
2462 2033 2719 2105 operibus
2741 2031 3035 2091 carnaliter
3069 2029 3458 2098 inﬂectuntur;
3488 2030 3621 2102 quia
3667 2033 3772 2089 sic-

2165 2134 2227 2185 ut
2265 2126 2529 2201 scriptum
2565 2134 2689 2189 est;
2721 2127 2845 2183 Non
2870 2135 2945 2185 est
2989 2126 3225 2199 speciosa
3269 2126 3390 2183 laus
3427 2127 3490 2185 in
3529 2144 3622 2187 ore
3656 2146 3772 2197 pec-

2166 2220 2361 2279 catoris
2403 2217 2572 2291 (Eccl.
2620 2218 2735 2291 xv).
2787 2219 2928 2279 ltum
2964 2227 3049 2277 est
3089 2233 3219 2290 ergo
3252 2219 3321 2275 ad
3364 2219 3620 2292 prmlinm
3649 2236 3771 2283 cum

2165 2310 2332 2380 tubis,
2363 2325 2484 2371 cum
2511 2310 2869 2382 lampadibus,
2897 2325 3022 2371 cum
3058 2309 3285 2382 lagonis.
3314 2309 3499 2384 Atque
3539 2312 3670 2378 iste,
3709 2321 3771 2369 ut

2167 2399 2425 2468 diximus,
2449 2400 2551 2457 fuit
2580 2401 2715 2458 ordo
2754 2400 3437 2475 pmliaudi?CeCinemnt
3465 2402 3643 2469 tubis;
3682 2403 3768 2463 in-

2167 2498 2253 2549 tra
2276 2492 2495 2564 lagenas
2522 2501 2704 2549 autem
2733 2501 2862 2549 sunt
2898 2492 3079 2554 missae
3124 2492 3444 2571 lampades;
3474 2492 3773 2553 oonfractis

2168 2601 2299 2643 vero
2334 2585 2540 2659 lagenis
2567 2585 2844 2656 lampades
2883 2594 3120 2649 ostensa:
3147 2594 3299 2654 sunt,
3332 2602 3574 2658 quarum
3602 2603 3769 2645 coru-

2168 2686 2355 2738 scante
2383 2679 2502 2735 luce
2530 2680 2714 2739 hostes
2755 2679 2934 2737 territi
2965 2679 3021 2743 in
3064 2678 3251 2750 fugam
3277 2687 3588 2742 vertuntur.
3623 2680 3768 2739 Desi-

2168 2783 2366 2847 gnatur
2412 2774 2597 2845 itaque
2656 2774 2710 2830 in
2766 2774 2910 2829 tubis
2959 2772 3169 2829 clamor
3225 2773 3670 2847 praedicandum,
3718 2775 3775 2831 in

2170 2863 2509 2936 lampadibus
2528 2863 2749 2921 claritas
2769 2863 3179 2929 miraculorum,
3196 2864 3254 2919 in
3270 2863 3483 2935 lagonis
3503 2864 3777 2938 fragilitas

2172 2974 2482 3031 corporum.
2531 2959 2690 3015 Tales
2715 2960 2916 3031 quippe
2959 2973 3146 3016 secum
3173 2958 3285 3017 dux
3312 2968 3503 3016 noster
3529 2962 3600 3016 ad
3632 2977 3776 3033 pra-

2171 3053 2461 3111 dicationis
2507 3052 2751 3123 praelium
2796 3053 2969 3119 duxit,
3002 3054 3095 3123 qui
3140 3054 3400 3123 despecta
3440 3054 3624 3111 salute
3650 3070 3776 3111 cor-

2170 3146 2322 3217 poris
2343 3147 2528 3203 hostes
2548 3161 2676 3203 suos
2706 3147 2988 3203 moriendo
3010 3153 3442 3217 prosternerent,
3468 3162 3777 3218 eorumque

475 3233 653 3303 gratia
711 3233 1089 3303 Redemptoris
1149 3235 1309 3305 justas
1376 3238 1739 3303 damnationis
1809 3239 2065 3295 meritum
2092 3226 2139 3293 Β
2171 3238 2377 3311 gladios
2404 3253 2512 3293 non
2539 3238 2709 3295 armis
2745 3245 2801 3295 et
2847 3237 3064 3308 gladiis,
3110 3237 3207 3299 sed
3235 3237 3502 3310 patientia
3544 3253 3780 3309 supera-

477 3321 642 3377 etiam
666 3322 723 3376 in
748 3325 1071 3380 vocabulum
1110 3328 1345 3384 nominis
1373 3332 1618 3385 trahunt.
1648 3330 1849 3385 Contra
1880 3332 2067 3387 hostes

478 3413 699 3470 Gedeon
745 3429 867 3471 cum
911 3420 1170 3475 trecentis
1211 3421 1388 3491 pergit
1417 3421 1487 3477 ad
1532 3421 1750 3476 bellum.
1805 3421 1956 3481 Bolet
2007 3424 2067 3479 in

479 3506 791 3561 centenario
831 3522 1058 3564 numero
1100 3509 1383 3581 plenitudo
1420 3511 1774 3583 perfectionis
1812 3512 2063 3585 intelligi.

479 3594 618 3662 Quid
657 3611 788 3667 ergo
830 3598 1137 3655 interducto
1182 3603 1496 3659 centenario
1550 3616 1778 3659 numero
1815 3605 2067 3676 designa-

479 3699 589 3757 tur,
616 3692 721 3747 nisi
751 3691 994 3762 perfecta
1019 3694 1256 3765 cognitio
1274 3695 1587 3763 Trinitatis;
1610 3713 1732 3752 cum
1760 3697 1845 3752 his
1868 3698 2069 3767 quippe

477 3779 739 3837 Dominus
766 3791 952 3838 noster
975 3782 1315 3841 adversarios
1352 3786 1476 3841 ﬁdei
1523 3787 1770 3852 destruit,
1817 3800 1941 3841 cum
1980 3787 2067 3842 his

478 3873 549 3928 ad
577 3874 982 3944 praedicationis
1006 3877 1150 3932 bella
1176 3876 1479 3945 descendit,
1506 3879 1601 3949 qui
1629 3885 1856 3948 possunt
1879 3878 2067 3933 divina

477 3980 826 4039 cognoscere,
861 3969 958 4039 qui
984 3970 1163 4025 sciunt
1186 3971 1253 4026 de
1282 3970 1581 4038 Trinitate,
1612 3986 1734 4043 quae
1776 3972 1919 4028 Deus
1958 3979 2063 4039 est,

476 4060 720 4131 perfecta
752 4061 976 4116 sentire.
1007 4060 1314 4117 Notandum
1340 4078 1473 4119 vero
1507 4072 1592 4119 est
1629 4065 1775 4134 quod
1812 4065 1916 4119 iste
1954 4073 2066 4120 tre-

478 4160 760 4208 centorum
784 4169 1043 4208 numerus
1062 4155 1118 4208 in
1150 4152 1195 4208 T
1224 4154 1400 4210 littera
1430 4157 1757 4223 continetur,
1786 4172 1906 4228 quae
1943 4170 2066 4213 crn-

478 4240 564 4297 eis
590 4242 826 4310 speciem
863 4250 1035 4308 tenet,
1074 4245 1162 4297 cui
1198 4246 1244 4299 si
1282 4261 1445 4315 super
1472 4256 1842 4305 transversam
1864 4250 2065 4305 lineam

480 4332 538 4389 id
561 4333 706 4403 quod
745 4333 801 4389 in
828 4348 993 4389 cruce
1017 4333 1224 4389 eminet
1248 4336 1559 4404 adderetur,
1595 4354 1705 4394 non
1733 4341 1848 4411 jam
1886 4343 2067 4396 crucis

477 4425 709 4497 species,
733 4427 828 4482 sed
859 4426 976 4496 ipsa
1006 4441 1139 4482 crux
1164 4436 1327 4484 esset.
1366 4428 1504 4496 Quia
1548 4444 1681 4501 ergo
1713 4432 1815 4487 iste
1850 4442 2065 4489 trecen-

477 4529 656 4575 torum
684 4532 943 4575 numerus
968 4520 1025 4574 in
1052 4519 1097 4574 Τ
1119 4519 1299 4576 littera
1332 4523 1659 4589 continetur,
1684 4531 1739 4579 et
1770 4539 1869 4594 per
1898 4524 1943 4581 Τ
1971 4525 2065 4581 lit-

2170 3336 2312 3387 rent.
2346 3327 2555 3385 Armati
2588 3328 2735 3389 enim
2762 3339 3033 3385 venerunt
3072 3330 3173 3385 sub
3212 3328 3343 3387 duce
3378 3343 3482 3383 suo
3507 3328 3583 3382 ad
3624 3344 3785 3400 pra-

2170 3419 2303 3475 lium
2341 3428 2610 3490 martyres
2653 3419 2846 3493 nostri,
2898 3418 2996 3475 sed
3036 3418 3199 3489 tubis,
3243 3417 3341 3473 sed
3378 3416 3629 3488 lagonis,
3679 3420 3781 3476 sed

2171 3512 2506 3583 lampadibus
2556 3520 2980 3573 consenuerunt.
3033 3511 3383 3569 Cecineruntt
3418 3512 3595 3578 tubis,
3645 3512 3778 3569 dum

2170 3607 2504 3677 praedicant;
2559 3606 2943 3676 confregerunt
3005 3605 3267 3677 lagona,
3326 3604 3459 3661 dum
3513 3605 3776 3663 solvenda

2170 3701 2226 3756 in
2252 3702 2502 3772 passione
2524 3715 2621 3757 sua
2642 3716 2872 3771 corpora
2900 3700 3190 3758 hostilibus
3219 3697 3414 3772 gladiis
3447 3709 3772 3771 opponunt;

2170 3792 2628 3863 resplenduerunt
2681 3791 3040 3864 lampadibus,
3089 3793 3221 3848 dum
3265 3800 3394 3862 post
3443 3792 3772 3853 santione-

2171 3899 2460 3955 eorporum
2509 3884 2787 3942 miraculis
2821 3900 3115 3942 coruscare
3160 3884 3607 3955 conspiciuntur,
3653 3883 3769 3956 lege

2172 3976 2419 4032 veritatis
2445 3974 2611 4042 facta,
2635 3975 2780 4047 quod
2802 3975 2859 4031 in
2885 3991 3066 4049 pugna
3091 3976 3349 4033 venirent
3385 3975 3753 4032 crediderunt.

2172 4065 2500 4123 Cecinerunt
2547 4083 2677 4140 ergo
2723 4067 2869 4123 tubis
2894 4106 2911 4134 ,
2966 4075 3028 4122 ut
3084 4066 3294 4137 lagona)
3342 4065 3763 4135 frangerentur;

2173 4158 2380 4229 lugente
2408 4156 2596 4214 fructm
2621 4166 2766 4226 sunt,
2794 4167 2854 4214 ut
2878 4158 3158 4228 lampades
3202 4166 3565 4227 apparerent;
3610 4170 3767 4226 appr

2175 4257 2403 4305 ruerunt
2438 4250 2735 4319 lampades,
2765 4258 2828 4305 ut
2869 4252 3056 4306 hostes
3080 4250 3136 4304 in
3174 4247 3363 4320 fugam
3387 4258 3761 4312 verterentur;

2173 4343 2230 4397 id
2269 4348 2374 4409 est,
2406 4343 2838 4412 praedicaverunt
2881 4351 3177 4413 martyres,
3214 4341 3393 4401 donec
3420 4356 3613 4397 eorum
3649 4354 3766 4396 eor—

2171 4449 2308 4503 pora
2348 4432 2403 4488 in
2428 4443 2607 4490 morte
2634 4434 3002 4501 solverentur;
3030 4448 3263 4504 corpora
3290 4448 3487 4489 eorum
3512 4433 3568 4487 in
3597 4440 3769 4486 morte

2172 4527 2351 4583 soluta
2371 4537 2516 4595 sunt,
2544 4537 2602 4582 ut
2624 4527 2899 4584 miraculis
2917 4534 3311 4594 coruscarent;
3338 4531 3768 4582 coruscuth

479 4617 673 4674 teram,
701 4611 840 4666 sicut
864 4614 1120 4681 diximus,
1144 4614 1353 4685 species
1381 4619 1559 4673 crucis
1592 4586 1919 4688 ostenditur,
1953 4638 2066 4679 non
2094 4586 2148 4651 Β
2174 4619 2476 4686 miraculis,
2502 4586 2565 4676 ut
2586 4622 2770 4676 hostes
2805 4634 2934 4676 suos
2959 4634 3028 4675 ea
3063 4619 3247 4676 divina
3292 4586 3419 4675 luce
3458 4625 3770 4689 pmsterne-

380 4708 383 4713 ‘
456 4704 753 4757 immerito
776 4706 831 4759 in
861 4706 947 4761 his
976 4709 1234 4764 trecentis
1263 4708 1571 4767 Gedeonem
1606 4715 1959 4784 sequentibus
1985 4714 2062 4771 illi

479 4797 742 4869 designati
775 4808 916 4863 sunt,
948 4801 1139 4870 quibus
1173 4801 1373 4857 dictum
1419 4811 1539 4858 est:
1576 4804 1681 4869 Qui
1709 4805 1818 4859 vult
1843 4817 1957 4876 post
1983 4822 2063 4861 me

478 4889 674 4953 venire,
719 4889 932 4959 abneget
959 4893 1307 4963 semetipsum,
1358 4902 1407 4948 et
1448 4892 1595 4948 tollat
1644 4912 1850 4949 crucem
1882 4913 2057 4963 suam,

478 4991 528 5035 et
570 4989 818 5053 sequatur
842 4994 924 5033 me
973 4981 1186 5052 (Matth.
1232 4985 1363 5057 ιη).
1416 4985 1519 5052 Qui
1562 4975 2058 5057 sequentes'Deum

480 5080 630 5125 tanto
648 5072 830 5127 verius
851 5084 1065 5125 crucem
1088 5073 1300 5142 tollunt,
1329 5083 1532 5146 quanto
1559 5076 1739 5131 acrius
1767 5084 1823 5132 et
1847 5092 1905 5133 se
1933 5078 2064 5134 edo-

480 5171 631 5219 mant
668 5173 724 5219 et
744 5180 872 5236 erga
910 5164 1183 5235 proximos
1213 5182 1340 5223 suos
1374 5169 1658 5225 charitatis
1685 5171 2061 5242 compassione

480 5257 809 5312 cruciantur.
840 5255 992 5313 Unde
1012 5263 1067 5312 et
1090 5271 1188 5328 per
1208 5259 1458 5318 Ezechiel
1485 5272 1631 5319 certe
1659 5264 1711 5319 in
1738 5262 1824 5319 his
1846 5273 2060 5321 trecen-

482 5349 571 5415 tis,
599 5350 692 5419 qui
721 5349 775 5404 in
817 5349 860 5405 Τ
888 5350 1090 5418 littera,
1119 5350 1258 5407 sicut
1304 5370 1466 5426 supra
1511 5359 1713 5413 dictum
1745 5368 1848 5427 est,
1887 5361 2062 5417 conti-

479 5450 698 5508 nentur,
729 5441 834 5497 hoc
858 5443 1130 5514 exprimit,
1163 5446 1305 5517 quod
1337 5445 1539 5503 ferrum
1592 5452 1829 5507 hostium
1877 5454 2056 5510 crucis

481 5534 628 5605 ligno
653 5545 935 5605 superetur
963 5538 1177 5613 (Ezech.
1211 5540 1309 5612 ιε).
1352 5538 1614 5613 Ductique
1663 5554 1787 5602 sunt
1838 5548 1905 5603 ad
1954 5547 2057 5604 flu-

481 5622 631 5679 vium
657 5634 718 5679 ut
747 5642 914 5698 aquas
942 5626 1219 5698 biberent;
1243 5631 1444 5702 quique
1470 5649 1636 5704 aquas
1658 5637 1812 5693 flexis
1834 5638 2061 5710 genibus

484 5711 802 5784 hauserunt,
839 5732 869 5772 a
902 5716 1091 5774 bellica
1122 5721 1418 5778 intentione
1457 5727 1647 5780 remoti
1689 5738 1849 5782 sunt:
1905 5730 2060 5799 aquis

486 5818 720 5877 namque
748 5808 992 5866 doctrina
1037 5812 1334 5884 sapientiae,
1369 5824 1546 5873 stante
1585 5826 1763 5874 autem
1794 5836 1933 5893 genu
1970 5838 2059 5877 re-

2172 4720 2317 4778 rent,
2348 4720 2616 4782 quatenus
2663 4726 3009 4783 nequaquam
3044 4712 3158 4767 Deo
3201 4713 3372 4767 erecti
3430 4709 3767 4774 resistes-em,

2172 4807 2268 4862 sed
2314 4821 2441 4862 eum
2483 4806 2685 4862 subditi
2727 4806 3102 4862 formidarent.
3150 4805 3219 4862 Et
3258 4808 3565 4863 notandum
3623 4803 3771 4876 quod

2170 4908 2438 4957 steterunt
2465 4901 2651 4956 hostes
2679 4907 2807 4955 ante
2847 4900 3086 4972 lugentis,
3122 4899 3381 4969 digerunt
3405 4908 3539 4955 ante
3558 4898 3777 4969 lampa—

2170 4991 2285 5056 des,
2336 4992 2464 5062 quia
2515 4989 2773 5046 nimirum
2821 5005 2918 5061 per
2967 4999 3348 5063 persecutores
3392 4998 3603 5047 unca
3644 4989 3779 5045 laci

2167 5081 2609 5151 praedicatoribus
2641 5082 2821 5139 adhuc
2844 5081 2900 5136 In
2927 5094 3155 5152 corpore
3185 5082 3384 5153 positis
3410 5081 3782 5144 rusticarum;

2165 5179 2292 5241 post
2319 5172 2640 5227 solutionem
2672 5185 2805 5226 vero
2832 5184 3124 5242 corporum
3170 5170 3553 5243 apparentibus
3598 5167 3787 5224 mira-

2164 5262 2304 5317 culis
2330 5262 2385 5317 in
2409 5261 2588 5333 fugam
2614 5263 2759 5318 versi
2795 5270 2944 5328 sent,
2972 5263 3100 5333 quia
3145 5278 3352 5335 pavore
3389 5259 3707 5317 conterriti
3752 5277 3786 5315 a

2166 5358 2548 5426 persecutione
2596 5355 2837 5413 fidelium
2881 5367 3270 5426 cessaverunt;
3316 5352 3789 5428 prndium

2168 5455 2378 5511 scilicet
2427 5455 2713 5522 tubarum,
2769 5453 2958 5511 fractis
3005 5454 3215 5525 lagonis
3256 5462 3590 5525 carpam,
3646 5450 3793 5508 visis

2167 5544 2468 5602 timuerunt
2490 5544 2826 5616 lampadibus
2853 5540 3263 5602 miraculorum.
3304 5540 3658 5599 intuendum
3696 5550 3792 5598 est

2168 5638 2330 5693 etiam
2348 5636 2405 5694 id
2417 5638 2561 5710 quod
2574 5637 2685 5695 illic
2700 5639 2964 5709 scriptum
2982 5645 3088 5704 est,
3104 5636 3231 5710 quia
3248 5636 3310 5692 in
3327 5636 3567 5693 dextera
3594 5634 3795 5703 mbas,

2167 5731 2389 5803 iagenas
2426 5740 2606 5787 autem
2635 5733 2691 5787 in
2739 5732 2959 5788 sinistra
3008 5738 3321 5789 tenuerunt.
3367 5726 3483 5784 Pro
3546 5726 3800 5787 deum

2170 5823 2316 5879 enim
2331 5821 2532 5880 habere
2556 5821 2787 5880 dicimus
2807 5822 3070 5903 quidquid
3088 5837 3190 5897 pro
3209 5832 3411 5894 magno
3429 5828 3796 5899 pensans;
