3986 6348
248 346 383 407 1165

1199 344 1552 404 COMMENT.
1592 346 1661 402 IN
1700 346 1827 403 LIB.
1862 342 2178 404 JUDlCUM.
2217 376 2289 386 -—
2323 345 2451 401 LIB.
2488 344 2552 400 ll.

3362 346 3501 407 1166

244 480 340 537 pro
358 460 583 517 sinistro
604 473 735 515 vero
748 458 891 530 quod
918 472 1017 530 pro
1041 458 1211 515 nihilo
1236 458 1503 515 ducimus.
1528 458 1672 515 Bene
1698 474 1828 531 ergo
1856 464 1910 523 Α
1931 469 2039 514 stra
2062 459 2404 525 descendere;
2428 474 2645 530 cumque
2659 459 2971 530 pervenisset
2997 460 3066 514 ad
3088 462 3502 539 tabernaculum,

247 557 354 616 illic
394 554 655 624 scriptum
693 559 779 608 est
807 552 947 622 quod
970 552 1026 606 in
1062 553 1284 607 dextera
1316 552 1494 617 tubas,
1526 560 1580 607 et
1607 552 1828 624 lagenas

245 648 300 705 in
330 646 551 702 sinistra
581 651 906 700 tenuerunt:
933 644 1061 714 quia
1084 642 1287 699 Christi
1312 652 1582 715 martyres
1599 658 1698 717 pro
1716 659 1829 697 ma—

246 757 350 816 gno
374 742 575 799 habent
593 739 992 812 praedicationis
1022 739 1272 808 gratiam,
1289 753 1574 809 corporum
1586 752 1714 793 vero
1725 738 1829 792 uti-

244 836 449 893 litatem
476 850 575 905 pro
597 832 838 889 minimo.
865 831 1121 902 Quisquis
1148 831 1292 886 enim
1322 830 1444 901 plus
1472 828 1604 884 facit
1627 829 1829 883 utilita-

246 940 350 984 tem
373 926 620 997 corporis
637 940 801 995 quam
826 924 1058 997 gratiam
1084 922 1505 994 praedicationis,
1524 922 1579 976 in
1608 921 1829 976 sinistra

246 1019 446 1083 tubam,
484 1023 644 1085 atque
693 1016 749 1070 in
796 1015 1020 1070 dextera
1080 998 1325 1084 lagenam
1371 1020 1535 1067 tenet.
1583 1009 1641 1067 Si
1682 1011 1827 1067 enim

243 1107 416 1177 primo
438 1106 557 1161 loco
576 1106 751 1177 gratia
772 1104 1176 1175 praedicationis
1204 1101 1539 1169 accenditur,
1571 1112 1624 1158 et
1648 1112 1830 1173 poste—

243 1200 384 1255 riore
408 1198 612 1253 utilitas
641 1198 914 1269 corporis,
938 1205 1150 1252 certum
1178 1203 1264 1252 est
1290 1196 1436 1267 quod
1454 1194 1663 1267 dextris
1686 1197 1829 1267 tuba:

241 1296 294 1345 et
316 1287 520 1363 lagena:
542 1287 779 1345 sinistris
813 1294 1120 1343 teneantur.

848 1400 1080 1458 CAPUT
1132 1400 1220 1457 νι.

239 1510 570 1591 Praeceptum
612 1513 826 1591 Domini
868 1513 945 1591 ad
990 1510 1224 1591 Gedean,
1265 1524 1323 1573 ut
1379 1512 1437 1591 in
1487 1521 1666 1577 castra
1710 1512 1829 1591 lla-

306 1584 632 1641 dianitarum
673 1584 1039 1661 descenderet,
1091 1584 1178 1638 ubi
1239 1586 1499 1643 somnium
1548 1585 1830 1657 quemdam

308 1672 530 1711 narrare
576 1656 820 1728 audiens,
865 1656 1194 1728 confortatus
1237 1663 1338 1723 est,
1367 1664 1416 1711 et
1451 1656 1829 1728 pet-trecentos

308 1728 446 1787 viros
471 1735 642 1789 castra
679 1726 901 1783 Hadiau
928 1726 1149 1797 fugavit.

1929 553 2182 622 percussit
2220 548 2353 605 illud
2392 558 2546 623 atque
2583 551 2862 618 subvertit,
2894 558 2942 605 et
2971 561 3124 607 terra:
3153 553 3391 623 funditus
3425 576 3510 615 co-

1930 642 2175 712 (aquavit,
2220 650 2326 696 etc.
2352 640 2515 707 Quod
2544 641 2633 696 ille
2678 641 2772 710 qui
2813 642 3060 712 proximo
3105 659 3203 700 suo
3237 650 3508 707 somnium

1931 734 2192 800 narravit,
2228 733 2370 802 quod
2391 732 2594 788 audivit
2623 731 2862 800 Gedeon,
2890 742 2951 789 ut
2971 736 3036 790 de
3063 736 3292 793 victoria
3324 740 3505 799 lutura

1932 822 2364 889 conﬁrmaretur,
2399 821 2537 879 dixit
2565 838 2625 879 se
2660 823 2860 881 vidisse
2886 838 3133 883 mensam
3177 828 3335 897 pastis
3377 831 3508 888 hor-

1931 916 2138 981 deacei,
2164 915 2467 972 volventem
2500 915 2554 969 in
2579 916 2791 987 castris,
2821 923 2877 972 et
2898 918 3290 987 percutientem
3323 921 3509 979 taber-

1931 1008 2187 1062 naculum
2216 1005 2449 1073 Madian,
2486 1015 2542 1062 et
2574 1007 2977 1073 subvertentem
3010 1028 3023 1064 :
3069 1012 3172 1077 hoc
3202 1012 3509 1087 intelligen-

1931 1099 2059 1153 dum
2086 1097 2342 1166 arbitror,
2379 1100 2524 1169 quod
2567 1099 2634 1167 de
2673 1099 2923 1169 panibus,
2970 1102 3097 1173 quia
3136 1118 3235 1191 per
3270 1115 3515 1179 contem-

1930 1188 2141 1261 ptibilia
2168 1189 2378 1261 mundi,
2415 1189 2561 1275 quod
2587 1188 2858 1259 significat
2883 1204 3068 1247 mensa
3104 1188 3261 1271 panis
3285 1195 3517 1253 hordea-

1930 1281 2037 1347 cei,
2085 1278 2338 1337 Salvator
2385 1281 2648 1352 superbos
2710 1282 2889 1337 fuerat
2933 1282 3276 1341 confusurus.
3314 1285 3515 1343 Tenue-

1932 1381 2057 1426 runt
2085 1374 2315 1428 sinistris
2355 1373 2599 1428 manibus
2645 1370 2914 1445 lampades
2954 1383 3003 1428 et
3048 1374 3246 1442 dextris
3271 1388 3517 1435 sonantes

1932 1464 2105 1531 tubas,
2131 1464 2586 1536 clamaveruntque
2610 1480 2629 1520 :
2660 1462 2883 1519 Gladius
2908 1464 3122 1521 Domini
3149 1475 3196 1521 et
3223 1464 3478 1525 Gedeonis
3493 1489 3515 1539 ,-

1932 1565 2130 1612 stantes
2168 1556 2363 1629 singuli
2406 1558 2462 1611 in
2502 1557 2617 1612 loco
2659 1573 2755 1611 suo
2782 1574 2875 1629 per
2904 1558 3179 1623 circuitum
3223 1570 3519 1618 castrorum

1934 1647 2223 1716 hostilium,
2245 1657 2299 1703 et
2326 1647 2551 1719 reliqua.
2581 1648 2734 1716 Quod
2773 1649 3067 1709 exclamari
3101 1650 3266 1722 jussit
3302 1651 3524 1710 Gedeon

1937 1755 1969 1794 a
2008 1741 2269 1801 trecentis
2293 1740 2426 1809 suis,
2467 1739 2689 1797 Gladius
2736 1741 2954 1799 Domini
3000 1753 3047 1798 et
3089 1740 3364 1819 Gedeonis,
3408 1747 3524 1804 sive

310 1837 490 1911 (1319.)
544 1837 750 1893 Eadem
809 1848 958 1893 nocte
1017 1836 1153 1892 dixit
1203 1836 1466 1893 Dominus
1530 1837 1599 1893 σά
1664 1854 1784 1893 eum
1812 1851 1831 1892 :
1861 1823 1909 1884 Β
1937 1833 2233 1888 secundum
2274 1831 2649 1904 Septuaginta,
2682 1831 2905 1890 Gladius
2934 1834 3158 1905 Domino
3184 1847 3232 1892 et
3273 1835 3522 1908 Gedeoni,

239 1932 434 2004 Surge,
450 1933 703 1987 descende
726 1932 783 1987 in
803 1940 999 1997 castra,
1019 1933 1144 2009 quia
1169 1932 1367 1987 tradidi
1388 1949 1473 1988 eos
1504 1931 1686 1988 manui
1708 1941 1831 1988 tuae.

239 2025 342 2080 Sin
369 2036 545 2080 autem
566 2024 712 2080 solus
744 2026 821 2079 ire
844 2024 1101 2105 formidas
1141 2022 1423 2079 descendat
1454 2034 1623 2079 tecum
1657 2023 1839 2080 Pltara

232 2130 372 2186 puer
406 2124 549 2170 tuus.
578 2115 710 2171 Cum
734 2116 967 2171 audieris
988 2116 1114 2187 quid
1139 2115 1447 2191 loquantur,
1478 2125 1602 2171 tunc
1627 2115 1839 2186 confar—

235 2209 495 2264 tabuntur
515 2225 704 2265 manus
734 2218 859 2274 tum,
896 2218 943 2264 et
989 2209 1228 2265 securior
1269 2208 1339 2262 ad
1384 2208 1610 2263 hostium
1664 2217 1839 2262 castra

236 2299 545 2356 descendas.
577 2299 856 2354 Descendit
881 2315 1002 2369 ergo
1033 2299 1141 2369 ipse
1170 2308 1221 2353 et
1256 2294 1438 2352 Phara
1471 2312 1602 2369 puer
1626 2296 1740 2367 ejus
1780 2297 1838 2351 in

234 2396 445 2460 partem
510 2398 805 2443 castrorum
861 2388 953 2444 ubi
1007 2397 1158 2443 erant
1218 2396 1548 2443 armatorum
1625 2387 1835 2460 vigilite.

238 2480 599 2552 Septuaginta
646 2499 659 2535 :
709 2477 920 2534 Gedeon
966 2496 1172 2555 quoque
1231 2480 1340 2551 ipse
1391 2487 1441 2533 et
1483 2475 1665 2531 Phara
1709 2494 1840 2548 puer

236 2572 357 2643 ejus
405 2573 463 2626 in
496 2580 699 2643 partem
744 2572 1152 2643 quinquaginta,
1204 2571 1295 2643 qui
1330 2579 1479 2625 erant
1521 2571 1577 2624 in
1628 2571 1835 2624 castris.

236 2662 397 2731 Quod
424 2663 598 2718 Latini
621 2663 844 2734 quidam
870 2661 1085 2718 codices
1105 2661 1309 2717 habent
1336 2679 1349 2717 :
1376 2659 1444 2716 In
1472 2677 1587 2715 eam
1612 2670 1837 2731 partem,

232 2754 295 2809 in
334 2770 445 2825 qua
490 2762 639 2808 erant
688 2753 1045 2827 quinquageni
1086 2752 1326 2807 custodes
1376 2754 1432 2807 in
1477 2753 1699 2818 castris;
1748 2751 1839 2805 alii

239 2858 416 2901 vero:
449 2845 519 2898 In
546 2854 750 2916 partem
790 2844 1281 2917 quinquagesimam
1314 2844 1372 2900 in
1401 2853 1597 2899 castra.
1630 2842 1839 2898 Obscu-

239 2950 363 2991 rum
417 2936 619 3007 quippe
660 2936 866 2992 dictum
904 2936 1088 3011 plures
1132 2938 1432 2994 sententias
1476 2937 1838 3009 interpretum

240 3028 419 3084 fecit:
454 3027 501 3083 si
531 3036 624 3081 aut
654 3042 719 3083 ea
756 3041 887 3099 pars
932 3034 1237 3083 castrorum
1281 3036 1419 3095 erat,
1456 3043 1623 3099 quam
1656 3043 1839 3084 serva-

236 3119 374 3177 bant
394 3119 791 3190 quinquaginta
820 3119 1106 3187 custodes,
1137 3128 1230 3175 aut
1269 3121 1316 3176 si
1359 3120 1725 3193 quinquageni
1752 3119 1835 3175 in-

239 3185 523 3285 telligendi
548 3185 719 3280 sunt,
778 3185 1203 3283 circumquaque
1259 3185 1529 3281 serv-asse-
1559 3185 1631 3270 in
1672 3228 1836 3281 unam
1866 3185 1912 3251 Ο

238 3316 477 3378 partem,
509 3306 599 3363 isti
631 3306 1033 3363 descenderunt
1055 3305 1150 3362 ubi
1177 3316 1336 3363 erant
1355 3307 1769 3381 quinquaginta.

315 3399 545 3455 Madian
571 3408 746 3454 autem
772 3408 821 3454 et
861 3398 1132 3465 Amalech,
1169 3408 1217 3453 et
1243 3416 1415 3455 omnes
1456 3384 1736 3466 orientales
1758 3415 1845 3471 po-

240 3490 357 3563 puli
385 3488 756 3560 fusijacebant
792 3488 849 3541 in
870 3487 1023 3552 calle,
1055 3498 1111 3541 ut
1145 3487 1470 3544 locustarum
1514 3489 1800 3557 multitudo
1823 3502 1842 3539 :

246 3581 439 3638 cameli
471 3596 672 3652 quoque
694 3577 1102 3633 innumerabiles
1129 3587 1298 3643 erant,
1340 3578 1476 3643 sicut
1504 3595 1702 3644 arente,
1728 3594 1845 3649 quae

236 3674 387 3744 jacet
414 3673 469 3726 in
502 3670 765 3725 littoribus
809 3670 992 3724 maris.
1026 3669 1131 3736 Qui
1159 3670 1224 3725 de
1251 3669 1561 3725 cariestibus
1581 3668 1844 3739 loquitur,

245 3766 342 3835 qui
369 3765 436 3821 de
464 3764 796 3836 spiritalibus
825 3764 1067 3831 disserit,
1116 3763 1210 3834 qui
1241 3764 1502 3837 mysteria
1548 3762 1699 3834 regni
1738 3778 1849 3819 co:-

244 3856 426 3912 lorum
458 3854 685 3921 revelat,
737 3854 827 3909 ille
872 3854 1104 3910 buccina
1148 3854 1407 3909 concinit.
1458 3852 1551 3908 ille
1602 3852 1670 3908 de
1718 3852 1848 3907 tuba

244 3945 512 4016 loquitur,
554 3946 648 4017 qui
691 3945 758 3999 de
794 3943 1007 4015 magnis
1053 3950 1108 4009 et
1155 3942 1409 3999 maximis
1450 3940 1713 4013 loquitur,
1754 3939 1848 4015 qui

246 4038 541 4094 scientiam
570 4035 772 4091 Christi
808 4034 1063 4091 humanis
1105 4033 1328 4088 auribus
1356 4033 1565 4105 pandit.
1602 4030 1709 4088 Sed
1751 4047 1849 4097 cur

242 4143 300 4186 et
334 4144 536 4185 cornea
568 4129 764 4197 dicitur
786 4127 1048 4205 buccina?
1070 4125 1207 4195 Quia
1225 4133 1281 4180 et
1303 4125 1369 4179 de
1390 4133 1581 4180 sancto
1602 4124 1804 4185 dicitur
1830 4137 1845 4176 :

247 4219 430 4278 Cornu
473 4221 587 4293 ejus
634 4219 952 4275 exaltabitur
976 4219 1036 4283 in
1072 4218 1245 4297 gloria
1280 4215 1451 4291 (Psal.
1480 4215 1587 4289 ιιι).
1614 4214 1769 4283 Unde
1793 4221 1850 4269 et

246 4313 678 4384 uniuscujusque
729 4311 960 4377 buccina
1011 4312 1212 4368 dicitur
1259 4326 1482 4387 cornea,
1518 4308 1573 4381 in
1606 4326 1671 4365 eo
1699 4307 1848 4381 quod

247 4405 604 4477 multiplicem
652 4404 938 4460 scientiam
983 4403 1207 4470 Christi,
1249 4411 1306 4458 et
1343 4403 1523 4460 crucis
1559 4401 1700 4475 ejus,
1727 4415 1849 4477 quae

1939 1924 1993 1979 id
2022 1934 2130 1993 est,
2159 1925 2285 1982 huic
2324 1926 2542 1993 Gedeon
2570 1946 2583 1982 :
2613 1929 2719 1984 hoc
2743 1929 3035 2003 signiﬁcat,
3067 1931 3211 2007 quod
3237 1933 3446 2007 gladius
3467 1935 3523 1991 id

1936 2028 2058 2103 erat
2079 2029 2404 2093 operaturus
2428 2022 2572 2103 quod
2602 2021 2831 2079 Domino
2860 2022 3101 2103 placeret
3126 2033 3183 2098 et
3210 2023 3449 2101 Cedeon.

2545 2154 2775 2213 CAPUT
2816 2156 2927 2217 VII.

1942 2286 2119 2363 ngd
2149 2285 2357 2363 Gedeon
2415 2289 2560 2363 misit
2626 2292 2837 2351 nuntios
2904 2291 2961 2363 in
3032 2309 3241 2363 omnem
3295 2306 3521 2354 montem

2013 2358 2293 2426 Ephraim,
2321 2361 2584 2415 mandans
2621 2371 2679 2415 ut
2720 2358 3090 2419 descenderent
3138 2367 3196 2421 in
3245 2383 3525 2424 occursum

2075 2428 2257 2496 adian,
2282 2439 2334 2485 et
2356 2441 2670 2501 occuparent
2697 2449 2886 2504 aquas.

2012 2559 2189 2633 (Ialm)
2230 2560 2477 2639 Misitque
2513 2560 2722 2619 Gedeon
2755 2566 2968 2622 nuntios
2993 2566 3050 2627 in
3076 2585 3277 2639 omnem
3293 2580 3522 2628 montem

1941 2649 2220 2737 Ephraim,
2244 2651 2421 2707 dicens
2446 2669 2465 2708 :
2508 2652 2821 2711 Descendite
2860 2658 2917 2711 in
2948 2676 3223 2729 occursum
3274 2661 3522 2733 Madian,

1940 2754 1988 2801 et
2032 2756 2276 2821 occupate
2300 2765 2467 2821 aquas
2504 2766 2666 2823 usque
2715 2750 2786 2805 ad
2833 2750 3087 2810 Betltbera
3133 2766 3289 2828 atque
3333 2756 3532 2823 Iorda-

1942 2853 2079 2891 nem.
2108 2835 2465 2913 Clamavitque
2506 2842 2675 2896 omnis
2720 2841 3000 2917 Ephraim,
3048 2856 3096 2901 et
3142 2848 3532 2919 prteoccuparit

1941 2947 2108 3005 aquas
2137 2950 2299 3009 usque
2324 2932 2583 3003 Bethbera
2618 2945 2773 3009 atque
2800 2938 3110 2999 Iordanem.
3148 2941 3534 3015 Appreltensos-

1941 3040 2040 3097 que
2067 3023 2198 3081 duos
2240 3025 2377 3081 viros
2417 3025 2662 3099 Madian,
2691 3026 2826 3084 Oreb
2850 3040 2897 3093 et
2935 3029 3059 3096 Zeb,
3090 3032 3350 3106 interfecit
3390 3033 3531 3097 Oret

1943 3112 1999 3168 in
2020 3123 2168 3186 petra
2210 3114 2368 3182 Oreb,
2397 3114 2502 3171 Zeb
2544 3134 2663 3172 vero
2686 3117 2744 3173 in
2768 3119 3025 3187 torculan'
3050 3119 3174 3195 Zep,
3200 3132 3247 3179 et
3272 3126 3535 3196 persecuti

1944 3216 2064 3267 sunt
2116 3206 2361 3275 Madian,
2407 3218 2514 3279 etc.
2551 3210 2716 3267 Mittit
2762 3228 2996 3289 namque
3046 3213 3264 3279 ,Gedeon
3313 3218 3536 3283 nuntios

1948 3296 2002 3353 in
2029 3307 2269 3356 montem
2310 3298 2591 3375 Ephraim,
2616 3318 2741 3358 cum
2767 3302 3099 3375 Redemptor
3134 3316 3321 3369 noster
3345 3309 3534 3369 docto-

1946 3408 2037 3449 res
2066 3409 2194 3453 suos
2224 3392 2279 3448 in
2328 3396 2589 3471 pppulum
2642 3397 2969 3461 catholicum
3018 3399 3203 3472 dirigit
3250 3402 3307 3463 in
3348 3402 3530 3463 locum

1946 3484 2289 3549 fructiferum
2317 3487 2404 3543 vel
2431 3497 2772 3555 crescentem
2806 3490 2897 3551 ubi
2935 3490 3265 3553 fructiﬁcant
3302 3494 3533 3555 virtutes

1947 3587 2003 3634 et
2039 3579 2268 3635 altitudo
2300 3581 2774 3653 contemplationis
2800 3581 3035 3649 excellit,
3077 3585 3340 3641 mandans
3378 3593 3440 3642 ut
3474 3589 3533 3644 in

1947 3686 2238 3735 occursum
2264 3671 2482 3741 Madian
2518 3680 2771 3751 pergant,
2806 3683 2862 3729 et
2897 3673 2968 3729 ad
3001 3673 3311 3741 bellandum
3339 3685 3533 3737 contra

1948 3764 2134 3825 hostes
2165 3763 2423 3821 Ecclesiae
2447 3778 2507 3823 se
2530 3762 2913 3836 coadjungant,
2957 3766 3053 3837 qui
3081 3766 3353 3829 declinant
3387 3769 3538 3840 judi-

1950 3855 2095 3917 cium
2149 3855 2427 3921 veritatis,
2471 3856 2617 3927 quod
2665 3866 2826 3919 sonat
2871 3856 3116 3922 Madian,
3164 3868 3221 3917 ct
3267 3868 3540 3932 occupant

1949 3963 2120 4017 aquas
2149 3963 2321 4020 usque
2350 3947 2623 4011 Belhbera
2645 3957 2811 4019 atque
2843 3949 3158 4018 Iordanem,
3184 3966 3358 4022 aquas
3384 3954 3535 4017 vide-
3638 3999 3646 4006 .

1948 4037 2077 4093 licet
2097 4037 2463 4109 baptismatis,
2504 4038 2631 4109 quia
2658 4025 2771 4096 illic
2798 4041 3031 4105 hostium
3062 4039 3358 4109 sullocatut‘
3380 4057 3539 4105 exer-

1951 4131 2113 4197 citus,
2140 4147 2243 4195 nec
2281 4131 2422 4189 ultra
2450 4132 2530 4189 eis
2558 4133 2811 4204 progredi
2840 4133 3049 4200 licebit,
3080 4134 3169 4199 ubi
3213 4133 3420 4195 Christi
3450 4151 3541 4199 re-

1951 4237 2116 4294 gnum
2138 4222 2419 4290 succedit;
2457 4224 2603 4294 quod
2628 4223 2769 4280 bene
2792 4224 3108 4294 signiﬁcant
3152 4225 3270 4296 ipsa
3314 4227 3541 4289 nomina

1948 4313 2194 4377 locorum
2234 4332 2250 4371 :
2292 4314 2565 4385 Bethbera
2596 4315 2744 4373 enim
2786 4316 3177 4388 mterpretatur
3218 4316 3405 4383 deum
3434 4319 3540 4385 ltu-

1946 4405 2115 4473 milis,
2143 4406 2230 4465 vel
2255 4407 2442 4471 damus
2476 4408 2710 4478 uesperi;
2748 4416 2806 4463 et
2837 4406 3109 4471 Iordanis,
3146 4406 3415 4471 descensio
3443 4424 3539 4463 ea-

247 4498 303 4555 in
332 4512 505 4553 cornu
534 4497 870 4568 designatur,
910 4496 1132 4555 disserit
1170 4506 1531 4554 sacramenta.
1578 4495 1712 4551 Cum
1741 4494 1845 4551 hac
1875 4546 1932 4570 ῃ
1956 4514 2095 4559 rum.
2142 4497 2223 4555 lbi
2252 4513 2385 4570 ergo
2434 4498 2714 4557 humilitas
2763 4496 3070 4552 ostenditur
3110 4496 3393 4563 Ecclusite,
3445 4497 3542 4561 ubi

249 4605 383 4659 ergo
412 4587 643 4641 buccina
655 4546 965 4642 tmilitantes
990 4596 1048 4642 et
1088 4605 1214 4643 cum
1241 4589 1348 4642 hac
1393 4596 1699 4659 pugnantes
1728 4586 1851 4639 vin-
1874 4546 1933 4623 Β
1957 4588 2281 4645 occiduntur
2308 4546 2438 4641 ξύει
2477 4595 2533 4641 et
2558 4586 2899 4657 deponuntur
2930 4593 3185 4655 peccata;
3235 4586 3417 4656 ibique
3444 4589 3545 4647 ho-

250 4681 430 4736 cimus
482 4678 839 4748 alienigenas,
891 4685 948 4731 et
990 4677 1178 4733 hostes
1222 4677 1280 4732 in
1334 4677 1518 4747 fugam
1563 4677 1843 4739 vertimus,

250 4768 473 4825 etiamsi
532 4767 699 4823 fuerit
752 4767 1046 4823 multitudo
1090 4766 1235 4837 sicut
1284 4767 1507 4824 locustae
1547 4786 1562 4822 :
1624 4767 1851 4833 locustis

251 4866 402 4919 enim
446 4869 758 4943 comparata
804 4869 891 4917 est
932 4862 1244 4933 daemonum
1294 4860 1603 4931 multitudo,
1658 4860 1853 4931 quibus

252 4970 435 5026 neque
474 4952 529 5007 in
560 4954 717 5023 coelo,
746 4969 925 5024 neque
948 4954 1009 5025 in
1034 4955 1200 5023 terris
1240 4964 1323 5011 est
1363 4954 1542 5017 sedes.
1574 4951 1855 5021 Praecedat

254 5063 389 5121 ergo
422 5052 477 5099 et
522 5061 621 5102 nos
650 5047 753 5103 hoc
787 5045 929 5109 bello
964 5062 1191 5125 operum
1218 5047 1313 5107 lux
1354 5047 1622 5117 scientiae,
1652 5046 1849 5114 virtus,

257 5139 428 5197 divini
454 5137 605 5211 verbi
625 5137 941 5209 praedicatio
958 5157 974 5207 ί
1014 5156 1320 5213 pugnemus
1347 5148 1402 5196 et
1422 5156 1523 5203 nos
1544 5141 1601 5197 in
1634 5140 1852 5215 hymnis

258 5243 314 5290 et
364 5230 594 5303 psalmis
629 5241 684 5297 et
729 5232 964 5303 canticis
1018 5234 1355 5309 spiritali-bus
1402 5233 1753 5293 concinentes
1794 5241 1853 5288 et

260 5326 565 5395 clamantes
590 5325 657 5380 ad
684 5324 877 5392 Deum,
920 5332 983 5387 ut
1022 5326 1091 5387 ab
1126 5326 1251 5401 ipso
1278 5325 1564 5391 victoriam
1592 5324 1853 5401 consequi

260 5433 597 5487 mereamur.

337 5508 518 5583 (lam)
556 5507 787 5584 Cumque
822 5511 1043 5575 uenisset
1084 5506 1314 5579 Gedeon,
1368 5510 1626 5571 narrabat
1664 5509 1856 5582 aliquis

262 5603 534 5657 somnium
569 5602 806 5673 proximo
835 5620 954 5675 suo,
992 5612 1041 5671 et
1069 5603 1127 5657 in
1160 5603 1300 5663 hunc
1344 5602 1559 5657 modum
1603 5601 1857 5673 referebat

267 5693 410 5767 quod
438 5692 635 5749 viderat
664 5707 682 5744 :
717 5691 831 5749 Vidi
861 5696 1141 5763 somniant,
1172 5704 1220 5751 et
1262 5694 1533 5759 uidebatur
1556 5694 1683 5757 mihi
1707 5694 1859 5767 quasi

271 5785 651 5861 subacinericius
687 5785 841 5857 panis
873 5803 939 5841 ea:
964 5786 1159 5855 hordeo
1183 5786 1338 5855 uolui,
1365 5796 1414 5847 et
1442 5787 1498 5843 in
1521 5785 1744 5853 Madiau
1766 5805 1859 5851 ca-

1952 4688 2069 4739 stes
2095 4677 2431 4749 repelluntur
2453 4678 2732 4749 Ephraim,
2765 4693 2889 4733 cum
2916 4692 2953 4732 a
2973 4678 3321 4739 credentibus
3340 4694 3541 4739 renuu—

1958 4771 2127 4827 tiatur
2158 4769 2394 4837 diabolo,
2421 4778 2479 4825 et
2526 4770 2780 4827 omnibus
2816 4770 3072 4839 operibus
3114 4778 3278 4839 atque
3324 4773 3541 4843 pompis
3586 4828 3595 4837 ,

1952 4860 2107 4931 ejus;
2133 4861 2773 4931 comprehendunturque
2801 4859 2910 4923 illic
2951 4859 3095 4921 Oreb
3124 4867 3179 4916 et
3221 4862 3351 4925 Zeb,
3390 4862 3546 4931 prin-

1957 4955 2105 5027 cipes
2135 4953 2348 5015 Manlian
2397 4963 2558 5023 atque
2604 4952 3016 5016 interﬁcianutr,
3064 4967 3189 5013 cum
3223 4950 3304 5015 ibi
3334 4951 3535 5009 trium—

1952 5047 2193 5119 phantur
2236 5045 2574 5117 principatus
2625 5053 2792 5113 atque
2830 5051 3133 5114 potestates
3181 5043 3535 5101 tenebrarum

1956 5137 2192 5207 harum,
2222 5146 2281 5192 et
2314 5151 2545 5208 regnum
2591 5136 2789 5203 diaboli
2839 5136 3151 5206 dissipatur.
3196 5132 3342 5194 Oreb
3393 5137 3541 5197 enim

1956 5244 2144 5287 corvus
2170 5227 2255 5283 vel
2279 5226 2487 5283 siccitas
2530 5226 2939 5295 iuterpuetatur,
2964 5232 3020 5283 et
3046 5223 3157 5283 Zeb
3192 5223 3348 5294 lupus
3376 5242 3398 5280 :
3421 5240 3546 5295 que

1961 5320 2068 5387 duo
2094 5319 2313 5377 nomina
2332 5318 2721 5381 convenienter
2743 5317 3055 5387 exprimunt
3087 5315 3411 5375 aviditatem
3456 5327 3545 5373 at-

1960 5428 2069 5487 que
2102 5412 2449 5473 ferode
2474 5411 2695 5478 diaboli,
2725 5409 2843 5479 qui,
2869 5397 3011 5465 sicui
3040 5407 3238 5465 Petrus
3263 5407 3543 5477 apostolus

1958 5513 2222 5572 testatur,
2256 5502 2393 5561 uelit!
2432 5501 2516 5565 leo
2542 5502 2755 5573 rugiens
2798 5500 3060 5564 circumit,
3109 5514 3348 5570 quarens
3388 5514 3549 5568 quan

1958 5598 2168 5659 devoret
2196 5595 2251 5670 (Ι
2278 5594 2430 5661 Patr.
2462 5595 2539 5667 v).
2564 5592 2949 5661 Occiditumue
2964 5590 3176 5651 Orebin
3188 5598 3353 5663 petra
3364 5588 3545 5656 οη),

1965 5688 2355 5751 cumdiabolus
2398 5689 2455 5746 in
2486 5701 2585 5742 sua
2637 5683 2873 5753 nequitia
2918 5691 3088 5753 atque
3129 5681 3331 5738 duritia
3380 5680 3544 5752 perit.

1965 5786 2076 5845 Zeb
2109 5796 2238 5841 vero
2280 5782 2339 5839 in
2378 5776 2633 5841 torculari
2682 5775 2813 5843 Ζεῦ,
2859 5790 2984 5833 cum
3028 5776 3087 5832 in
3128 5776 3251 5848 ipsa
3286 5786 3551 5847 pressura

1848 5928 1949 5951 .q‘
