3996 6338
439 387 602 489 ’ἱιθτ

1136 416 1197 469 n.
1238 371 1754 468 ΒΑΒᾸΜΜΑΠΜ
1786 379 2100 462 anet-nne.
2133 379 2427 456 Mecum
2465 391 2748 454 OPERUM
2786 345 3035 446 PARSII.

463 560 572 620 qua
605 536 824 598 tribulat
853 534 957 620 ille_
977 539 1034 588 et
1057 505 1257 600 premit
1275 499 1278 506 Ι
1299 527 1519 620 electos,
1549 528 1848 620 superatus-
1871 527 2034 586 atque
2063 517 2117 577 Α
2140 513 2284 618 saltu
2318 511 2566 620 irrisopes
2590 521 2788 620 pueros
2833 503 3254 620 dev'oraverunt;
3272 497 3379 620 ,εἰσ
3411 507 3470 552 et
3495 497 3716 620 nidis:-

465 607 724 694 confusus
761 607 957 698 dignus
983 629 1184 692 aeterna
1222 615 1562 672 damnatione
1601 610 1895 692 apparebit.

1056 729 1282 788 CAPUT
1320 726 1454 783 Vill.

466 863 544 917 ne
565 876 624 915 eo
650 852 792 928 quod
840 849 1070 928 δεάερητ
1095 842 1270 928 fere
1291 850 1360 924 .ει
1410 833 2043 928 ἓαιηξιξῆαξεέεξείίἱέἔέ·

435 987 440 990 _
466 904 748 991 "unum;
759 904 1171 992 comprenendit,
1185 923 1233 968 et
1256 913 1392 992 viros
1420 909 1646 992 Sochoth
1661 907 1761 992 sibi
1784 904 2043 992 insultan—

537 974 939 1055 iéi'ﬁﬁu't'itht
964 990 1049 1053 iis,
1081 974 1343 1054 adiunctis
1368 980 1528 1053 spinis
1567 995 1628 1032 ac
1669 974 1897 1042 tribulis,
1923 989 2045 1027 con-

539 1068 681 1124 trivit
703 1075 856 1134 atque
878 1057 1202 1115 comminuit.

539 1182 692 1257 (Car.
729 1177 872 1246 vm.)
912 1171 1286 1242 Fugeruntque
1326 1163 1488 1220 Zebee
1512 1172 1562 1218 et
1603 1159 1877 1225 Salmana,
1919 1174 2048 1229 quos

468 1252 780 1350 persequens
807 1265 1017 1322 Gedeon
1049 1256 1455 1330 comprehendit,
1489 1254 1696 1309 turbato
1737 1252 1876 1306 omni
1903 1266 2052 1304 exer-

427 1345 578 1436 jl-citu
601 1345 1205 1424 eorum.Revertensque
1248 1349 1311 1404 de
1351 1347 1480 1402 bello
1527 1356 1644 1400 ante
1689 1345 1812 1398 solis
1858 1352 2048 1406 ortum,

427 1433 432 1451 Γ
471 1453 808 1532 apprehendit
832 1463 1053 1524 puerum
1077 1446 1139 1499 de
1170 1443 1294 1498 viris
1323 1439 1576 1505 Sochoth,
1608 1433 2049 1505 interrogavitque

433 1611 438 1620 ,
470 1523 590 1608 eum
611 1546 825 1602 nomina
849 1539 1142 1612 principum
1163 1544 1210 1590 et
1231 1533 1494 1588 seniorum
1520 1527 1766 1592 Sochotlt,
1791 1535 1837 1579 et
1860 1523 2056 1577 descri-

472 1643 573 1714 psit
616 1634 946 1707 septuaginta
985 1637 1176 1700 septem
1203 1625 1357 1688 viros,
1387 1621 1621 1690 venitque
1647 1618 1715 1670 ad
1749 1613 1976 1671 Sochoth
2007 1619 2057 1666 et

2139 604 2286 657 mani
2324 599 2611 672 principes,
2661 599 2766 653 hoc
2803 597 2886 650 est
2911 591 3016 648 duo
3057 591 3416 660 imperatores
3443 586 3723 657 pndieti,

2139 691 2478 764 egredientes
2503 689 2570 744 de
2591 687 2728 743 saltu
2751 685 3013 756 gentium,
3037 680 3450 751 quadragesimo
3473 677 3724 734 secundo

2142 799 2284 839 anno
2315 779 2645 837 ascensionis
2669 776 2872 833 Christi
2899 775 2965 830 ad
2986 773 3174 838 cce-los,
3201 771 3346 840 ipsos
3371 769 3728 824 insnltatores

2138 874 2435 931 Dominicae
2488 867 2754 940 passionis
2803 869 2858 920 in
2908 862 3279 926 Hierusalem,
3341 861 3401 914 in
3455 859 3729 914 Calvarize

2143 965 2262 1020 loco
2307 963 2544 1032 undique
2591 957 2914 1016 constrictos
2969 964 3132 1026 atque
3183 959 3492 1010 coarctatae
3536 950 3730 1007 interi-

2146 1063 2354 1112 mentes
2381 1052 2715 1109 deleverunt.

2759 1140 2992 1202 CAPUT,
3024 1139 3118 1194 IX.

2153 1236 2250 1293 Ubi
2274 1237 2533 1293 Israelita:
2556 1233 2880 1307 postulantes
2907 1229 3174 1284 dominari
3195 1229 3293 1284 sibi
3323 1225 3536 1282 Gedeon
3567 1239 3627 1307 _et
3663 1229 3732 1297 ﬁ-

2220 1308 2318 1364 lios
2345 1310 2456 1379 ejus
2485 1300 2738 1379 dederunt
2764 1304 2824 1379 ei
2847 1304 3058 1356 inaures
3093 1317 3305 1379 aureas,
3335 1315 3472 1379 quas
3502 1300 3730 1379 tulerunt

2221 1380 2288 1434 de
2322 1369 2973 1450 piwdqbladianitarum,
3011 1370 3148 1450 unde
3188 1369 3311 1450 fecit
3335 1369 3732 1450 Getico-affuit,

2224 1458 2271 1504 et
2295 1439 2466 1519 p'osuit
2489 1445 2621 1519 illud
2653 1447 2729 1519 in.
2749 1443 2955 1496 civitate
2975 1457 3074 1496 sua
3099 1439 3303 1512 Ephra,
3331 1441 3470 1510 quod
3495 1439 3598 1509 fuit
3637 1441 3738 1492 do-

2225 1513 2336 1573 mui
2357 1519 2522 1588 ipsius
2559 1517 2617 1570 in
2646 1513 2875 1568 ruinam.

2230 1610 2409 1684 (ιω.)
2447 1609 2803 1678 Dixeruntque
2842 1621 3016 1660 omnes
3047 1601 3146 1658 viri
3176 1601 3349 1657 Israel
3376 1601 3446 1656 ad
3481 1599 3698 1656 Gedeon
3719 1619 3738 1655 :

631 1694 746 1785 eis:
787 1694 873 1780 En
899 1694 1060 1776 Zebee
1088 1729 1135 1773 et
1164 1715 1444 1779 Salmana,
1473 1727 1627 1781 super
1652 1707 1838 1780 quibus
1873 1716 2060 1773 expro-
2158 1707 2444 1761 Dominare
2485 1703 2647 1757 nostri
2678 1708 2758 1765 tu,
2794 1707 2842 1753 et
2873 1698 3015 1766 filius
3056 1706 3197 1760 tuus,
3245 1705 3294 1750 et
3326 1694 3469 1763 ﬁlius
3499 1694 3604 1763 filii
3644 1695 3741 1757 tui,

431 1782 447 1868 ίὶ
475 1782 665 1879 bibatis
687 1782 819 1872 mihi
853 1813 1078 1867 dicentes
1101 1823 1119 1860 .'
1162 1803 1418 1860 Forsitan
1444 1817 1632 1856 manus
1658 1795 1819 1852 Zebee
1842 1805 1888 1849 et
1932 1791 2058 1848 Sal-
2159 1798 2281 1870 quia
2306 1793 2539 1850 liberaui
2572 1809 2663 1846 nos
2694 1792 2757 1845 de
2783 1806 2944 1844 manu
2989 1786 3230 1840 Madian.
3265 1784 3464 1851 Quibus
3491 1782 3585 1836 ίιιε
3629 1785 3704 1836 ait
3725 1797 3743 1834 .-

439 1885 444 1894 '
477 1929 636 1968 mana
676 1910 734 1964 in
759 1903 1002 1959 manibus
1047 1899 1150 1954 tuis
1195 1904 1350 1961 sunt,
1389 1902 1436 1949 et
1488 1891 1683 1946 idcirco
1725 1884 1958 1958 postulas
2003 1892 2061 1936 ut
2089 1879 2136 1939 Β
2165 1890 2290 1946 Non
2317 1886 2627 1941 dominabor
2658 1882 2833 1944 vestri,
2878 1895 2969 1934 nec
3011 1875 3365 1931 dominabitur
3392 1875 3448 1927 in
3477 1891 3571 1928 vos
3600 1872 3746 1941 ﬁlius

478 1967 660 2060 demus
689 1998 836 2063 viris,
859 1995 948 2065 qui
974 1991 1098 2046 lassi
1127 1997 1247 2044 sunt
1269 1998 1317 2042 et
1339 1985 1659 2055 defecerunt,
1692 1995 1872 2051 panes.
1917 1973 2058 2029 Tulit
2159 1998 2324 2046 meus,
2371 1979 2462 2033 sed
2509 1975 2863 2030 dominabitur
2897 1971 3178 2026 Dominus.
3223 1967 3473 2037 Dixitque
3515 1967 3585 2019 ad
3619 1982 3706 2020 ωε
3728 1979 3748 2018 ;

431 2087 438 2092 ”
480 2109 600 2164 ergo
629 2089 856 2146 seniores
877 2082 1118 2148 civitatis,
1146 2092 1194 2134 et
1225 2081 1400 2149 spinas
1436 2073 1627 2130 deserti
1660 2089 1720 2125 ac
1747 2066 1983 2129 tribulos,
2012 2073 2060 2118 et

481 2183 719 2242 contrivit
732 2195 850 2234 cum
873 2177 967 2242 eis,
993 2183 1146 2242 atque
1163 2169 1467 2226 comminuit
1493 2159 1898 2232 virosSoc/zoth.
1927 2155 2062 2210 Tur-

453 2294 592 2348 .rem
632 2287 832 2345 quoque
874 2264 1082 2321 Fanuel
1129 2263 1394 2325 subvertit,
1452 2259 1634 2311 occisis
1685 2247 2062 2308 habitatoribus

483 2342 726 2434 civitatis,
751 2374 858 2420 etc.
891 2351 1050 2429 Quid
1074 2373 1172 2428 per
1201 2353 1375 2409 Zebee
1403 2359 1460 2405 et
1501 2347 1752 2404 Salmana
1791 2342 2065 2414 principes

451 2445 456 2448 ’
487 2433 920 2514 Madianitarum,
951 2461 1087 2518 quos
1113 2456 1445 2514 persequens
1469 2437 1688 2494 Gedeon
1711 2433 2066 2503 comprehen-

487 2547 588 2612 dit,
609 2544 716 2600 nisi
741 2537 1046 2613 philosophi
1072 2542 1234 2604 atque
1261 2529 1527 2593 haeretici,
1570 2527 1816 2581 membra
1843 2521 2063 2587 diaboli,

489 2633 872 2706 designantur?
893 2629 1066 2685 Zebee
1088 2626 1252 2691 enim,
1285 2624 1377 2694 qui
1404 2623 1794 2689 interpretatur
1833 2615 2064 2678 victima,

435 2705 438 2714 Ι
488 2705 627 2786 bene
674 2733 855 2798 potest
907 2721 1213 2792 exprimere
1263 2713 1609 2786 philosophos
1663 2725 1727 2764 ac
1791 2706 2070 2776 theologos

430 2799 434 2804 ’
490 2817 791 2894 gentilium,
823 2813 916 2884 qui
940 2811 1092 2866 libris
1120 2808 1232 2864 suis
1263 2813 1319 2861 et
1347 2805 1580 2859 cultibus
1614 2798 1932 2872 praebebant
1970 2811 2068 2866 pa-

493 2892 636 2968 stum
667 2905 966 2964 dmmoniis.
997 2901 1254 2958 Salmana
1281 2911 1515 2967 quoque,
1545 2893 1637 2962 qui
1681 2892 2073 2958 interpretatur

425 2985 438 3052 ί
491 2999 678 3064 umbra
701 2992 1084 3056 commotionis,
1109 2987 1380 3061 signiﬁcat
1400 2981 1705 3048 haereticos,
1740 2981 1833 3050 qui
1861 2992 2074 3047 semper

429 3139 450 3164 ,ι
494 3093 553 3145 ἰη
579 3089 812 3146 obscuro
845 3084 1049 3139 erroris
1075 3086 1482 3142 conversantes,
1513 3092 1544 3129 a
1583 3072 1828 3128 veritatis
1870 3069 2074 3123 lumine

493 3179 754 3238 illustrari
794 3193 899 3234 non
927 3183 1224 3230 merentur.
1257 3171 1416 3226 Tales
1457 3183 1586 3238 ergo
1629 3164 1850 3220 Gedeon
1885 3171 2076 3228 noster,

2165 2073 2334 2128 Unam
2369 2071 2668 2144 petitionem
2696 2063 2900 2138 postulo
2923 2079 2956 2116 a
2994 2061 3134 2116 vobis
3160 2073 3179 2111 :
3207 2057 3339 2112 Date
3377 2057 3508 2111 mihi
3536 2056 3751 2110 inaures

2163 2182 2226 2220 ea:
2266 2161 2446 2234 prazda
2495 2168 2664 2215 vestra
2704 2157 2958 2225 (inaures
3021 2151 3159 2206 enim
3221 2163 3410 2202 aureas
3457 2145 3752 2199 [metite

2165 2231 2352 2311 habere
2381 2231 2810 2319 consueverant).
2833 2245 2936 2311 Qui
2958 2241 3335 2313 responderunt
3350 2257 3370 2294 :
3386 2238 3755 2294 Libentissime

2166 2348 2424 2402 dabimus.
2479 2342 2950 2414 Expandentesque
3006 2352 3162 2406 super
3219 2345 3419 2388 terram
3489 2333 3751 2402 pallium,

2167 2438 2494 2510 projecerunt
2519 2434 2575 2487 in
2600 2447 2718 2486 eum
2744 2431 2955 2483 inaures
2985 2426 3049 2479 de
3076 2424 3280 2494 prazda.
3323 2422 3395 2476 Et
3423 2421 3522 2490 fuit
3550 2421 3755 2490 pondus

2168 2526 2552 2601 postulaturum
2580 2521 2848 2576 inaurium
2874 2515 3015 2572 mille
3047 2514 3354 2585 septingenti
3390 2511 3531 2576 sicli,
3565 2511 3758 2583 absque

2135 2605 2510 2681 ornamentis,
2541 2621 2588 2666 et
2615 2609 2914 2673 monilibus,
2958 2615 3006 2660 et
3054 2611 3188 2659 veste
3235 2617 3527 2672 purpurea,
3573 2601 3758 2672 quibus

2173 2707 2395 2761 Madian
2421 2721 2561 2775 reges
2584 2703 2660 2757 uti
2686 2700 2828 2756 soliti
2853 2706 3022 2765 erant,
3050 2707 3100 2752 et
3120 2704 3312 2768 praeter
3336 2702 3549 2766 torques
3572 2711 3760 2748 aureas

2173 2803 2510 2858 camelorum.
2541 2797 2791 2870 Fecitque
2817 2814 2881 2852 ea:
2905 2813 2964 2852 eo
3007 2793 3218 2851 Gedeon
3246 2793 3388 2861 cfod,
3420 2802 3469 2846 et
3496 2793 3670 2862 posuit
3701 2791 3764 2845 il-

2143 2896 2266 2978 llud
2297 2897 2353 2948 in
2401 2895 2604 2948 civitate
2633 2907 2733 2946 sua
2775 2889 2977 2960 Ephra.
3028 2885 3449 2956 Fornicatusque
3492 2893 3572 2938 est
3597 2885 3762 2938 amnis

2176 2975 2348 3041 Israel
2381 2986 2436 3040 in
2470 3001 2548 3047 eo,
2594 2991 2642 3038 et
2683 2983 2879 3054 factum
2928 2988 3002 3034 est
3045 2976 3278 3032 Gedeoni
3308 2985 3358 3029 et
3396 2975 3542 3029 omni
3587 2975 3765 3028 domui

2177 3079 2290 3149 ejus
2316 3081 2371 3132 in
2401 3077 2630 3131 ruinam.
2681 3073 2860 3142 Quaeri
2905 3072 3041 3126 solet
3085 3069 3216 3140 quid
3260 3069 3331 3124 sit
3353 3067 3484 3123 efud
3508 3066 3596 3121 vel
3621 3066 3763 3129 efod,

2179 3169 2324 3240 quod
2353 3167 2572 3240 quidem
2601 3165 2645 3222 si
2690 3163 3024 3221 sacerdotale
3066 3173 3150 3216 est
3190 3160 3590 3223 indumentum,
3623 3155 3765 3226 quod

493 3285 826 3344 persequens
873 3259 1327 3335 comprehcndit,‘
1370 3260 1584 3314 turbato
1633 3257 1781 3312 omni
1831 3253 2076 3310 exercitu
2105 3243 2150 3306 C
2180 3260 2423 3331 plerique
2451 3259 2654 3322 dicunt,
2683 3255 2770 3310 vel
2812 3253 2992 3324 potius
3021 3251 3580 3322 super-indumentum,
3611 3247 3762 3316 quod

457 3371 460 3375 ’
497 3377 710 3424 eorum,
742 3359 976 3430 quando,
1005 3355 1178 3409 turbis
1207 3351 1488 3405 nationum
1509 3364 1608 3420 per
1637 3347 2080 3418 praedicationem

423 3509 426 3512 .
495 3451 775 3523 Evangelii
801 3451 869 3505 ab
891 3461 1079 3503 errore
1110 3441 1428 3498 idololatriae
1457 3454 1521 3493 ac
1546 3437 1836 3494 schismate
1862 3435 2080 3489 btereti-

497 3559 688 3603 corum
713 3539 781 3596 ad
801 3539 963 3594 ﬁdem
985 3531 1187 3590 Christi
1213 3529 1510 3592 conversis,
1538 3525 1637 3582 soli
1663 3527 1740 3580 illi
1771 3525 1976 3580 erroris
1997 3524 2079 3578 la-

499 3651 642 3708 queo
673 3630 873 3702 captivi
916 3636 1197 3694 notantur,
1230 3623 1322 3693 qui
1355 3621 1564 3678 caeteris
1589 3632 1754 3674 causa
1786 3617 1989 3672 erroris
2019 3631 2083 3670 ac

500 3703 740 3796 perﬁdia:
769 3718 1044 3776 exstitisse
1080 3715 1402 3787 probantur,
1443 3725 1581 3780 quos
1607 3706 1953 3777 postmodum
1981 3703 2086 3760 Ge-

420 3867 424 3872 .
501 3815 641 3871 deou
663 3811 840 3884 gladio
869 3824 967 3864 suo
995 3804 1288 3868 interfecit,
1319 3801 1446 3872 quia
1477 3799 1533 3854 in
1562 3807 1808 3854 extremo
1833 3796 2085 3852 examine

502 3905 683 3978 gladio
724 3903 886 3975 justte
913 3898 1135 3954 ultionis
1173 3893 1339 3964 judex
1378 3893 1624 3947 vivorum
1660 3899 1714 3945 et
1747 3899 2086 3945 mortuorum

502 4011 629 4052 cum
655 3993 868 4048 diabolo
898 3999 954 4045 et
983 3987 1187 4061 angelis
1215 3984 1332 4055 ejus
1360 3984 1417 4038 in
1457 3979 1656 4037 inferni
1698 3995 1792 4035 eos
1819 3987 2087 4033 tartarum

423 4089 428 4094 ’
502 4085 688 4142 tradit.
715 4079 868 4151 Quod
894 4097 1022 4151 ergo
1044 4079 1192 4134 viros
1222 4075 1466 4132 Sochoth
1496 4089 1560 4128 ac
1599 4071 1830 4138 Fannel,
1858 4069 1951 4141 qui
1985 4069 2087 4125 sibi

431 4187 434 4190 '
503 4175 852 4248 persequenti
885 4174 1071 4227 hostes
1099 4185 1224 4224 suos
1263 4167 1430 4223 verba
1457 4163 1893 4221 subsannationis
1927 4171 2089 4232 atque

503 4263 778 4321 irrisionis
804 4261 1077 4324 dixerunt,
1098 4260 1242 4312 idem
1274 4257 1490 4312 Gedeon
1511 4265 1635 4327 post
1657 4255 1942 4311 victoriam
1964 4271 2088 4309 cum

509 4349 683 4430 spinis
711 4371 775 4410 ac
807 4352 1021 4408 tribulis
1059 4349 1335 4414 contrivit,
1372 4358 1685 4418 turremque
1727 4347 1933 4402 Fanuel
1965 4347 2092 4402 sub-

507 4445 673 4503 vertit
697 4486 712 4512 ,
765 4441 960 4498 occisis
1015 4438 1417 4495 habitatoribus
1490 4436 1742 4501 civitatis,
1824 4435 2092 4505 signiﬁcat

471 4531 474 4538 ’
508 4539 655 4612 quod
681 4535 1014 4604 Redemptor
1034 4538 1223 4586 noster
1242 4529 1456 4584 Iudaeos
1484 4527 1804 4583 insultantes
1822 4527 2091 4598 praedica—

509 4626 645 4684 tioni
679 4623 1002 4695 evangelica:
1040 4639 1104 4676 ac
1129 4619 1378 4691 religioni
1406 4618 1725 4674 Christiana:
1754 4629 1876 4690 post
1904 4635 2088 4674 resur-

419 4781 426 4790 ,
509 4716 811 4772 rectionem
833 4729 986 4771 suam
1013 4721 1177 4783 atque
1211 4711 1580 4766 ascensionem
1621 4711 1689 4764 ad
1733 4711 1920 4776 ccelos,
1965 4725 2090 4765 cum

411 4801 428 4870 ζ
510 4810 723 4866 actibus
773 4806 1123 4863 infructuosis
1158 4820 1222 4860 ac
1242 4805 1412 4873 spinis
1443 4810 1788 4872 peccatorum
1815 4812 2086 4872 gravatos,

421 4897 442 4902 ”
511 4901 688 4972 gladio
728 4897 887 4970 iustae
935 4895 1187 4950 vindictae
1230 4893 1545 4949 comminuit
1588 4901 1750 4962 atque
1807 4892 2087 4959 contrivit,

425 4983 430 4994 ’
511 4999 829 5060 turremque
857 4983 1064 5040 Fanuel
1083 5025 1098 5050 ,
1135 4985 1240 5038 hoc
1272 4990 1376 5049 est,
1420 4983 1590 5051 ipsam
1617 4982 1811 5036 urbem
1837 4980 2091 5036 Hierusa-

509 5079 639 5145 lem,
691 5075 886 5133 occisis
929 5073 1324 5129 habitatoribus
1365 5073 1502 5143 ejus,
1549 5072 1832 5138 subvertit,
1873 5072 2092 5142 quando

511 5185 612 5241 per
666 5165 1060 5236 Vespasianum
1115 5171 1170 5219 et
1212 5162 1412 5230 Titum,
1471 5163 1745 5218 Romanos
1793 5163 2086 5233 principes,

509 5259 649 5314 urbe
695 5257 990 5320 destructa,
1041 5252 1344 5323 temploque
1407 5269 1699 5320 succenso,
1758 5254 2091 5308 habitatores

482 5385 484 5387 -
513 5349 632 5420 ejus
663 5349 863 5419 partim
895 5346 1038 5401 fame
1062 5345 1264 5410 necati,
1292 5346 1491 5414 partim
1518 5345 1698 5416 gladio
1724 5345 1917 5410 occisi,
1961 5357 2091 5413 par-

513 5440 722 5510 timque
767 5439 821 5492 in
862 5421 1232 5508 captivitatem
1286 5437 1498 5492 abducti
1558 5443 1703 5490 sunt.
1759 5436 1873 5492 Hoc
1914 5437 2090 5506 ipsum

512 5529 680 5588 etiam
707 5529 762 5583 in
783 5527 890 5583 illis
915 5527 1099 5598 pueris
1134 5527 1322 5582 Bethel
1349 5525 1703 5595 quadraginta
1739 5528 1966 5594 duobus,
2000 5528 2092 5598 qui

515 5617 772 5675 Elisseum
817 5618 1133 5688 prophetam
1174 5618 1489 5678 irriscrunt,
1527 5614 1768 5669 dicentes
1799 5635 1814 5669 -.
1844 5617 2093 5683 Ascende,

519 5709 680 5774 calve,
709 5707 954 5772 ascende,
1001 5707 1140 5762 calve
1164 5706 1218 5778 (1
1243 5707 1373 5778 Reg.
1412 5705 1496 5778 ιι),
1547 5705 1795 5761 similiter
1833 5710 1888 5762 in
1926 5711 2096 5780 ﬁgura

519 5800 815 5869 praecessit.
869 5798 1006 5864 Quia
1055 5799 1193 5856 sicut
1235 5797 1310 5855 ibi
1352 5798 1456 5856 duo
1505 5798 1620 5856 ursi
1664 5800 2004 5871 egredientes
2031 5804 2095 5858 de

2111 4586 2170 4647 D

2183 3345 2490 3419 Ependyma
2521 3345 2707 3401 Grzece
2732 3344 2952 3408 dicitur,
2989 3340 3073 3395 vel
3119 3340 3358 3410 Epomis,
3409 3339 3549 3407 quod
3587 3336 3768 3408 magis

2184 3438 2465 3493 humerale
2504 3435 2853 3506 interpretari
2877 3433 3068 3488 Latine
3095 3439 3279 3504 potest
3309 3449 3321 3484 :
3345 3430 3540 3485 merito
3563 3437 3769 3494 movet,

2191 3529 2460 3601 quomodo
2496 3529 2562 3584 de
2593 3536 2748 3581 tanto
2775 3541 2908 3580 auro
2930 3524 3151 3580 Gedeon
3191 3523 3246 3577 id
3269 3521 3482 3577 fecerit.
3526 3520 3668 3575 Nam
3699 3523 3774 3576 ita

2187 3621 2447 3690 scriptum
2469 3627 2588 3674 est:
2620 3618 2690 3672 Et
2719 3617 2916 3687 factum
2945 3627 3018 3670 est
3042 3614 3244 3686 pondus
3278 3615 3558 3668 incuriam
3585 3631 3775 3668 aurea-

2187 3729 2304 3766 rum
2326 3729 2456 3784 quas
2485 3709 2726 3781 petierat,
2754 3707 2869 3762 sicli
2892 3706 3034 3760 mille
3063 3705 3368 3776 septingenti
3391 3704 3538 3769 auri,
3580 3712 3778 3773 praeter

2189 3802 2498 3867 brachialia,
2527 3809 2573 3855 et
2604 3807 2830 3871 torques,
2861 3807 2909 3852 et
2945 3797 3252 3868 operimenta
3302 3809 3610 3864 purpurea,
3663 3809 3776 3864 qua

2186 3900 2336 3946 erant
2362 3905 2518 3960 super
2544 3905 2684 3959 reges
2729 3885 2971 3951 Madian,
3001 3894 3194 3956 prceter
3219 3893 3424 3954 torques
3465 3899 3590 3952 qua:
3629 3891 3774 3935 erant

2186 3986 2243 4038 in
2269 3981 2552 4037 cervicibus
2579 3979 2896 4034 camelorum
2926 3978 3180 4048 ipsorum.
3216 3975 3283 4028 Et
3326 3975 3450 4043 fecit
3494 3975 3635 4027 illud
3680 3973 3776 4028 Ge-

2189 4076 2323 4128 deon
2348 4075 2404 4127 in
2423 4071 2565 4142 erud,
2600 4080 2647 4125 et
2675 4070 2856 4124 statuit
2879 4068 3011 4123 illud
3051 4068 3105 4122 in
3129 4067 3336 4120 civitate
3355 4083 3456 4119 sua
3483 4066 3545 4118 in
3575 4064 3768 4133 Ephra,

2189 4176 2238 4220 et
2259 4165 2548 4236 fornicatus
2576 4172 2650 4218 est
2673 4163 2838 4217 omnis
2877 4159 3050 4215 Israel
3071 4167 3186 4230 post
3210 4157 3342 4212 illud
3361 4158 3470 4220 ibi;
3496 4167 3545 4209 et
3575 4157 3774 4223 factum

2190 4267 2266 4312 est
2291 4253 2521 4311 Gedeoni
2548 4264 2597 4309 et
2641 4254 2820 4307 domui
2849 4252 2967 4323 ejus
3009 4252 3067 4305 in
3113 4247 3444 4304 scandalum.
3495 4246 3774 4314 Quomodo

2191 4361 2319 4418 ergo
2346 4347 2451 4401 ista
2473 4344 2641 4399 vestis
2655 4343 2720 4398 de
2741 4349 2892 4397 tanto
2913 4355 3043 4396 auro
3065 4337 3184 4393 ﬂeri
3205 4338 3420 4409 potuit?
3439 4335 3575 4390 Nam
3601 4341 3656 4388 et
3669 4348 3776 4388 ma-

2193 4447 2276 4494 ter
2301 4431 2568 4494 Samuelis
2587 4437 2717 4493 fecit
2737 4436 2846 4490 lilio
2861 4449 2978 4500 suo,
3007 4433 3149 4490 sicut
3167 4431 3401 4502 legimus
3416 4427 3468 4499 (1
3483 4425 3526 4478 γ
3542 4425 3670 4494 Reg.
3685 4425 3774 4494 ιι),

2195 4527 2442 4596 efudbar,
2469 4527 2612 4598 quod
2637 4527 2882 4582 nonnulli
2903 4525 3245 4594 interpretati
3265 4530 3390 4577 sunt
3405 4519 3532 4576 elud
3553 4520 3773 4582 lineam,

2194 4619 2408 4693 quando
2435 4635 2558 4674 eum
2587 4620 2733 4674 dedit
2766 4619 2823 4672 in
2869 4616 3065 4686 templo
3107 4614 3476 4670 nutriendum.
3529 4611 3636 4667 Ubi
3672 4609 3780 4664 evi-

2195 4710 2409 4766 dentius
2437 4717 2683 4778 apparet,
2710 4708 2814 4761 hoc
2842 4720 3011 4776 genus
3037 4715 3159 4758 esse
3189 4701 3515 4758 indumenti.
3545 4700 3634 4753 An
3661 4699 3777 4752 ideo

2195 4799 2400 4853 dictum
2424 4805 2529 4862 est,
2567 4796 2766 4852 Statuit
2801 4794 2936 4847 illud
2972 4795 3031 4848 in
3057 4793 3263 4847 civitate
3289 4807 3408 4858 sua,
3437 4796 3502 4844 ut
3547 4791 3678 4845 hinc
3699 4789 3780 4841 in-

2193 4889 2527 4961 telligeretur
2549 4901 2772 4941 aureum
2793 4869 2969 4941 fuisse.
2984 4884 3188 4941 factum
3206 4885 3230 4937 ?
3249 4881 3368 4938 Non
3403 4882 3556 4937 enim
3581 4880 3780 4935 dictum

2198 4989 2298 5046 est,
2325 4979 2530 5049 posuit,
2563 4979 2657 5033 sed
2698 4977 2915 5043 statuit;
2965 4975 3223 5046 quoniam
3261 4974 3340 5028 ita
3383 4977 3506 5027 erat
3554 4967 3783 5028 solidum

2197 5080 2252 5126 et
2294 5069 2530 5124 validum
2551 5109 2566 5135 ,
2623 5076 2685 5121 ut
2729 5067 2893 5123 statui
2932 5072 3137 5136 posset,
3192 5065 3297 5120 hoc
3360 5072 3490 5128 est,
3543 5061 3782 5133 positum

2199 5172 2361 5219 stare.
2390 5160 2504 5216 Hoc
2529 5175 2660 5231 ergo
2685 5159 2933 5214 illicitum
2979 5173 3102 5212 cum
3138 5156 3361 5211 fecisset
3393 5154 3638 5216 Gedeon,
3669 5152 3788 5207 for-

2200 5255 2410 5310 nicatus
2451 5262 2537 5308 est
2582 5259 2706 5322 post
2745 5250 2876 5306 illud
2927 5248 3105 5303 omnis
3131 5247 3320 5312 Israel,
3349 5245 3629 5316 sequendo
3655 5243 3790 5298 illud

2201 5353 2390 5402 contra
2429 5345 2605 5414 legem
2654 5341 2771 5397 Dei.
2801 5340 2906 5397 Ubi
2935 5355 3040 5395 non
3070 5338 3274 5394 frustra
3321 5338 3618 5409 quaeritur,
3663 5350 3789 5391 cum

2201 5437 2398 5493 idolum
2454 5451 2564 5490 non
2593 5435 2771 5498 fuerit,
2827 5433 2882 5488 id
2911 5441 3021 5498 est,
3072 5431 3394 5502 cujusquam
3433 5428 3522 5484 dei
3571 5427 3701 5482 falsi
3738 5433 3793 5482 et

2202 5528 2360 5583 alieni
2411 5526 2782 5590 simulacrum,
2813 5525 2909 5580 sed
2951 5523 3110 5590 erud,
3169 5523 3224 5577 id
3263 5529 3369 5587 est,
3396 5535 3574 5576 unum
3603 5521 3676 5576 de
3707 5533 3796 5574 ss—

2201 5619 2495 5674 cramentis
2543 5616 2895 5680 tabernaculi,
2951 5615 3096 5684 quod
3127 5614 3196 5668 ad
3237 5622 3444 5668 vestem
3470 5611 3796 5668 sacerdota-

2199 5712 2307 5766 lem
2347 5711 2664 5778 pertineret,
2705 5707 2972 5778 quomodo
3029 5706 3446 5762 fornicationem
3497 5704 3794 5775 Scriptura

2201 5803 2343 5858 dicat
2387 5799 2571 5871 populi
2606 5800 2709 5857 ista
2756 5799 3015 5857 sectantis
3070 5805 3230 5871 atque
3270 5797 3595 5854 venerantis
3615 5796 3642 5856 2
3665 5795 3796 5854 Ideo
