3986 6348
309 375 449 436 “09

313 493 515 550 scilicet
544 489 689 560 quod
740 498 938 561 praster
987 489 1391 548 tabernaculum
1443 481 1677 556 Dei,'ubi
1722 498 1877 546 erant
1902 497 1958 558 Α

308 588 409 643 ista
435 601 557 656 quae
579 585 800 640 ibitieri
821 587 1058 656 jusserat
1099 586 1260 650 Deus,
1297 597 1452 640 extra
1480 585 1656 640 simile
1679 583 1879 654 aliquid

308 677 425 735 ﬁeri
468 675 552 732 fas
578 691 687 731 non
715 687 856 732 erat.
891 677 1014 732 Ideo
1049 677 1290 746 sequitur
1310 685 1360 730 et
1391 675 1521 730 dicit
1551 674 1832 743 Scriptura
1861 687 1876 727 :

306 765 378 823 Et
393 767 592 836 factum
609 776 685 820 est
713 764 942 831 Gedeon,
971 777 1020 821 et
1046 767 1226 821 domui
1251 767 1366 836 ejus
1391 767 1450 820 in
1463 764 1794 831 scandalum,
1822 764 1879 818 id

307 865 410 922 est,
435 865 496 911 ut
521 856 592 910 ab
614 856 960 913 oll'ensoDeo
985 855 1304 921 discederet,
1333 857 1456 925 quia
1502 857 1681 910 ethoc
1710 856 1877 925 quod-

305 945 425 1000 dam
451 960 619 1016 genus
649 946 778 1002 idoli
813 947 1046 1016 quodam
1075 947 1237 1001 modo
1261 955 1397 1011 erat,
1429 947 1574 1015 quod
1608 955 1762 1000 extra
1783 945 1876 1001 Dei

306 1036 710 1091 tabernaculum
731 1036 1006 1106 quodlibet
1037 1052 1200 1090 manu
1248 1035 1448 1092 factum
1479 1052 1578 1106 pro
1603 1037 1714 1092 Deo
1737 1035 1879 1091 cole-

306 1134 472 1192 retur,
503 1143 628 1182 cum
663 1128 755 1182 illa
789 1128 906 1196 ipsa
936 1143 1055 1198 qua:
1080 1126 1231 1195 jussu
1286 1136 1412 1182 sunt
1439 1128 1496 1182 in
1532 1127 1878 1182 tabernaculo

303 1215 418 1270 ﬁeri
467 1217 536 1270 ad
579 1218 676 1272 Dei
733 1219 912 1286 potius
970 1217 1172 1272 cultum
1202 1216 1558 1284 referrentur,
1588 1233 1749 1288 quam
1778 1233 1877 1287 pro

304 1306 412 1360 Deo
452 1307 655 1376 aliquid
684 1323 892 1374 eorum,
945 1317 1039 1362 aut
1065 1323 1166 1377 pro
1213 1308 1309 1362 Dei
1355 1308 1646 1363 simulacro
1700 1309 1879 1364 colen-

303 1396 429 1450 dum
481 1397 773 1452 haberetur
816 1417 828 1451 :
883 1414 1191 1468 quanquam
1219 1414 1317 1469 per
1369 1400 1496 1455 efud
1528 1400 1615 1455 vel
1641 1400 1784 1467 efod,
1812 1416 1876 1457 ea

302 1487 570 1542 locutione
593 1505 711 1558 qua:
739 1490 1006 1561 signiﬁcat
1035 1507 1065 1545 a
1092 1500 1248 1562 parte
1279 1501 1474 1559 totum,
1524 1493 1706 1548 omnia
1749 1509 1874 1563 pos-
1921 1547 1932 1558 ,

299 1585 424 1630 sunt
457 1577 679 1647 intelligi
716 1594 834 1647 quae
858 1581 1138 1635 constituit
1165 1580 1383 1636 Gedeon
1415 1582 1469 1636 in
1500 1597 1597 1637 sua
1630 1583 1872 1649 civitate,

299 1667 464 1723 veluti
511 1669 576 1723 ad
618 1669 900 1724 colendum
935 1671 1101 1726 Deum
1132 1671 1326 1727 similia
1360 1672 1708 1727 tabernaculo
1736 1673 1829 1728 Dei
1856 1689 1871 1740 ;

297 1767 352 1812 et
372 1771 656 1831 pr0pterea
683 1776 780 1832 per
809 1763 944 1828 hoc,
971 1763 1098 1832 quia
1131 1764 1232 1818 hoc
1281 1772 1366 1817 est
1395 1764 1742 1818 sacerdotalis
1777 1765 1873 1820 ho-

1263 373 1612 434 COMMENT.
1649 376 1718 432 IN
1751 375 1878 432 LIB.
1917 370 2230 430 JUDICUM.
2271 399 2339 411 -ο
2369 369 2495 424 LIB.
2515 369 2602 444 ‘ll.

3410 373 3550 430 M70

2559 481 2784 538 CAPUT
2837 481 2904 537 Χ.

1981 598 2132 663 Quod
2171 608 2324 672 Δτενινρ
2375 598 2563 672 quievit
2609 615 2700 667 per
2739 598 3092 672 quadraginta
3138 615 3329 667 annos,
3358 601 3546 672 quibus

2046 614 2131 652 toa
2186 614 2324 678 terra
2375 614 2563 668 quievit
2609 615 2700 667 per
2731 614 3092 719 (quadraginta
3138 615 3329 667 annos,
3358 614 3546 672 quibus

2046 668 2255 742 ρνᾳτιῃι
2276 665 2510 742 ρεάερη,
2543 678 2590 720 et
2627 685 2728 742 quo
2814 684 2922 742 ipse
2957 665 3165 742 Gedeon
3214 672 3546 742 septuaginta

2048 738 2227 791 habuit
2245 738 2402 859 [lica
2421 739 2482 790 de
2510 738 2758 818 uxoribus
2791 740 2922 804 suis,
2953 738 3017 791 de
3048 738 3338 795 concubina
3365 738 3542 797 autem

2048 807 2219 860 solum
2282 807 2423 860 abutt
2449 807 2766 860 Abtmelech.

2048 824 2219 860 δοιηηι
2245 824 2423 860 naouu
2449 824 2743 860 Abtmetecn
2753 846 2766 860 ο

1985 931 1990 940 ’
2049 943 2225 1016 (11311).)
2265 944 2596 999 Ilumiliatus
2617 955 2691 1000 est
2734 957 2908 1001 autem
2937 946 3159 1002 Madian
3219 964 3403 1003 coram
3427 950 3553 1020 ﬁliis

1978 1035 2167 1100 Israel,
2193 1053 2284 1089 nec
2308 1045 2586 1106 potuerunt
2614 1036 2755 1090 ultra
2777 1036 2977 1091 elevare
3007 1039 3228 1091 cervices
3254 1055 3274 1103 ;
3298 1039 3388 1092 sed
3404 1041 3551 1110 quic-

1976 1126 2048 1179 vit
2077 1135 2216 1180 terra
2238 1142 2331 1198 per
2358 1127 2708 1198 quadraginta
2764 1143 2946 1192 annos,
3000 1129 3185 1198 quibus
3215 1129 3425 1198 prwfuit
3451 1127 3553 1184 Ge-

1980 1217 2135 1271 deon.
2167 1216 2285 1272 Non
2322 1217 2697 1288 praetereunda
2747 1218 2922 1272 oritur
2974 1219 3218 1287 quaastio,
3281 1221 3556 1289 quomodo

1978 1311 2242 1381 quieverit
2264 1319 2408 1364 terra
2434 1309 2786 1380 quadraginta
2816 1325 2984 1364 annos
3013 1310 3069 1364 in
3095 1311 3283 1365 diebus
3309 1309 3553 1378 Gedeon,

1979 1419 2101 1456 cum
2133 1413 2255 1472 post
2278 1403 2560 1458 victoriam
2591 1419 2695 1472 qua
2745 1402 2988 1457 liberavit
3026 1401 3299 1466 Hebraeos,
3328 1418 3393 1458 ex
3423 1420 3557 1459 auro

1978 1494 2272 1562 spoliorum
2305 1491 2493 1547 fecerit
2517 1493 2990 1558 abominationem,
3021 1501 3076 1547 et
3117 1500 3240 1562 post
3271 1492 3414 1547 illam
3443 1494 3554 1548 for-

1977 1586 2190 1640 nicatus
2217 1586 2286 1639 sit
2309 1584 2486 1639 omnis
2513 1584 2699 1649 Israel,
2725 1594 2779 1639 et
2805 1584 2969 1639 fuerit
3021 1584 3098 1638 illi
3123 1592 3180 1638 et
3220 1584 3404 1639 domui
3433 1585 3552 1655 ejus

1975 1679 2030 1734 in
2061 1679 2392 1734 scandalum.
2427 1677 2703 1746 Quomodo
2749 1693 2877 1747 ergo
2928 1685 3050 1747 post
3081 1677 3184 1732 hoc
3212 1685 3418 1731 tantum
3461 1693 3557 1733 ne-

1976 1771 2060 1826 fas
2097 1771 2241 1842 quod
2269 1779 2324 1825 et
2366 1770 2585 1826 Gedeon
2634 1779 2688 1824 et
2729 1769 2956 1841 populus
2995 1770 3241 1837 admisit,
3282 1771 3550 1840 requievit

297 1851 446 1905 "Oris
498 1852 732 1921 insigne.
786 1853 925 1922 (ιιιοά
963 1869 1102 1922 δαεΡο
1131 1854 1407 1924 Scriptum
1458 1835 1950 1944 0011111101110?”ka
1982 1872 2128 1919 terra
2159 1865 2512 1936 quadraginta
2543 1879 2736 1930 annos,
2786 1880 2907 1919 cum
2933 1864 3037 1918 hoc
3064 1863 3344 1935 Scriptura
3383 1864 3553 1919 soleat

297 1949 356 1994 ut
381 1941 485 1994 hoc
519 1942 590 1996 sit
634 1951 916 2012 peccatum
943 1942 1162 1998 Gedeon
1187 1945 1330 2013 quod
1385 1954 1540 1998 extra
1568 1945 1664 1999 Dei
1690 1945 1865 2000 taber-

295 2032 545 2086 naculum
570 2031 761 2088 fecerit
791 2035 994 2104 aliquid
1025 2036 1218 2101 simile,
1273 2037 1363 2092 ubi
1391 2037 1660 2093 coleretur
1685 2037 1826 2094 Deus
1856 2056 1870 2093 :

291 2138 401 2176 non
427 2124 569 2193 quod
613 2125 784 2179 solido
814 2141 948 2182 auro
979 2126 1124 2182 velut
1173 2126 1504 2184 adorandum
1533 2131 1876 2186 constituerit

290 2212 444 2277 efud,
474 2213 568 2268 sed
599 2214 743 2282 quod
785 2230 852 2269 ex
897 2230 1030 2271 auro
1067 2217 1183 2286 ipso
1235 2219 1380 2287 quod
1409 2228 1553 2273 esset
1579 2220 1646 2273 de
1693 2221 1872 2288 praeda

288 2301 482 2358 fecerit
503 2317 565 2356 ea
591 2321 710 2374 qua:
733 2307 1068 2374 pertinerent
1100 2309 1169 2362 ad
1197 2318 1515 2364 ornamenta
1553 2311 1637 2365 vel
1667 2311 1872 2366 instru-

287 2406 475 2452 menta
531 2397 801 2452 sacrarii:
842 2413 964 2468 quae
1015 2399 1196 2454 omnia
1248 2414 1347 2468 per
1389 2398 1515 2456 efud
1570 2400 1873 2470 signiﬁcata

290 2493 416 2540 sunt
441 2494 664 2555 propter
717 2487 1110 2554 excellentiam,
1137 2497 1196 2542 ut
1246 2489 1381 2556 dixi,
1409 2490 1576 2545 vestis
1622 2491 1874 2562 sacerdo-

290 2579 433 2633 talis.
466 2578 600 2632 Nam
631 2587 686 2633 et
714 2579 890 2650 ipsum
921 2581 1049 2636 efud
1093 2596 1200 2636 non
1226 2582 1442 2650 quidem
1487 2597 1554 2638 ex
1587 2598 1720 2638 auro
1757 2584 1872 2639 solo

289 2669 410 2723 fieri
441 2679 772 2740 praeceptum
808 2678 914 2736 est,
945 2671 991 2725 si
1040 2673 1142 2726 hoc
1191 2680 1276 2727 est
1312 2674 1752 2744 superhumerale
1780 2690 1870 2731 sa-

288 2762 581 2818 cerdotalis
618 2763 821 2829 vestis;
861 2773 1234 2820 verumtamen
1288 2767 1452 2821 etiam
1505 2767 1708 2836 aliquid
1753 2768 1870 2822 auri

286 2860 468 2922 habet,
509 2875 636 2916 nam
687 2877 754 2917 ex
796 2877 948 2932 auro,
991 2872 1046 2918 et
1082 2865 1394 2934 hyacintho,
1426 2873 1481 2920 et
1505 2881 1767 2936 purpura,
1815 2873 1871 2920 et

284 2951 533 3015 coccino,
571 2961 626 3005 et
651 2953 814 3023 bysso
835 2962 894 3008 ut
929 2953 1106 3019 ﬁeret,
1137 2955 1392 3010 divinitus
1417 2957 1738 3026 imperatum
1763 2966 1865 3012 est.

282 3043 398 3098 Sed
443 3046 569 3115 quia
609 3047 712 3101 hoc
765 3048 840 3102 ita
867 3057 1168 3117 posuerunt
1215 3047 1569 3118 Septuaginta
1599 3050 1868 3121 interpre-

282 3145 389 3198 tes,
429 3143 508 3201 ut,
552 3137 994 3192 commemoratis
1019 3136 1270 3192 omnibus
1319 3153 1439 3206 qua:
1474 3139 1538 3192 de
1569 3139 1755 3209 spoliis
1779 3155 1870 3194 ac-

280 3236 508 3295 ceperat
530 3226 773 3294 Gedeon,
824 3229 1107 3296 inferrent,
1144 3229 1211 3283 Et
1249 3230 1372 3299 fecit
1416 3230 1547 3284 illud
1587 3229 1793 3288 Gedeon
1813 3234 1870 3290 in

281 3316 413 3385 efud
435 3315 458 3367 ε’
482 3317 698 3372 videtur
726 3319 799 3372 ita
839 3318 1063 3384 dictum,
1089 3326 1347 3388 tanquam
1378 3334 1443 3374 ex
1475 3329 1587 3375 toto
1611 3320 1700 3375 illo
1724 3321 1869 3391 quod

284 3417 772 3462 commemoratum
828 3417 932 3473 est,
1001 3411 1104 3464 hoc
1156 3411 1362 3466 factum
1415 3427 1534 3467 esse
1591 3415 1864 3479 credatur,

283 3511 411 3552 cum
461 3498 634 3566 possit
669 3497 836 3552 etiam
867 3499 974 3553 illic
1021 3500 1246 3569 intelligi
1284 3502 1484 3556 locutio
1509 3518 1628 3572 quae
1663 3505 1869 3574 signiﬁ-

282 3600 378 3647 cat
413 3607 443 3646 a
471 3600 583 3646 toto
633 3601 862 3662 partem,
896 3601 957 3647 ut
982 3594 1124 3662 quod
1164 3595 1364 3648 dictum
1393 3603 1518 3648 est:
1552 3593 1698 3648 Fecit
1733 3595 1867 3648 illud

280 3684 338 3734 in
359 3681 506 3751 efud,
535 3682 888 3753 intelligatur,
942 3685 1063 3753 fecit
1085 3684 1205 3738 inde
1229 3685 1355 3754 efud
1377 3703 1398 3750 ;
1429 3686 1534 3749 vel,
1565 3686 1686 3754 fecit
1717 3702 1780 3740 ea:
1806 3702 1865 3739 eo

281 3772 428 3842 efud,
460 3788 565 3828 non
612 3773 820 3828 scilicet
876 3773 1008 3830 illud
1044 3782 1213 3830 totum
1265 3790 1588 3830 consumens
1643 3775 1865 3842 inefud,

284 3865 381 3918 sed
409 3881 475 3918 ex
509 3865 599 3917 illo
625 3875 886 3936 quantum
941 3865 1239 3920 suﬂiciebat
1276 3867 1609 3936 impendens.
1646 3865 1784 3921 Nam
1812 3865 1866 3921 in

282 3955 379 4009 illa
408 3955 856 4024 interpretatione
881 3971 1000 4025 quae
1024 3972 1092 4011 ex
1123 3957 1352 4014 Hebraeo
1376 3968 1480 4023 est,
1513 3959 1592 4013 sic
1621 3959 1820 4030 legitur
1845 3977 1857 4013 :

283 4043 537 4114 Fecitque
582 4062 646 4098 ex
674 4063 733 4100 eo
784 4041 991 4100 Gedeon
1042 4047 1162 4115 efod
1192 4061 1209 4098 .'
1241 4048 1383 4117 quod
1414 4049 1557 4102 enim
1599 4049 1739 4116 apud
1769 4047 1868 4103 Se-

278 4135 559 4204 ptuaginta
600 4136 862 4203 scriptum
899 4145 982 4190 est
1008 4137 1152 4206 efud,
1193 4137 1297 4192 hoc
1346 4138 1402 4192 in
1430 4137 1658 4194 Hebrum
1683 4139 1865 4207 perhi-

279 4227 440 4279 betur
466 4225 570 4279 dici
601 4225 742 4295 efod.
775 4225 892 4280 Non
943 4234 1124 4282 autem
1173 4242 1364 4284 omnes
1415 4227 1723 4283 sacerdotes
1773 4227 1864 4282 tali

280 4316 572 4369 utebantur
627 4316 1079 4386 superhumerali,
1133 4318 1276 4386 quod
1330 4325 1474 4372 esset
1517 4332 1583 4372 ex
1627 4333 1780 4384 auro,
1809 4324 1866 4372 et

281 4407 596 4477 hyacintho,
623 4417 676 4462 et
712 4423 974 4478 purpura,
1003 4418 1058 4466 et
1088 4409 1328 4474 coccino,
1360 4417 1414 4464 et
1438 4411 1623 4480 bysso,
1656 4410 1751 4464 sed
1777 4425 1864 4464 ss-

279 4496 368 4549 lus
393 4512 636 4551 summus
676 4501 945 4554 sacerdos.
980 4499 1135 4554 Unde
1179 4499 1308 4554 illud
1339 4500 1480 4570 quod
1508 4500 1574 4554 de
1613 4499 1864 4554 Samuele

278 4588 854 4652 commemoravimus,
911 4589 1112 4642 factum
1150 4589 1225 4642 illi
1262 4591 1330 4642 ab
1380 4589 1494 4658 ejus
1529 4599 1724 4654 matre,
1756 4603 1862 4643 non

279 4685 407 4732 erat
437 4677 624 4746 utique
655 4676 783 4742 tale,
824 4677 1080 4745 quoniam
1110 4693 1232 4731 cum
1265 4679 1424 4732 datus
1451 4687 1535 4733 est
1583 4679 1862 4734 enutrien-

281 4770 406 4833 dus,
435 4783 543 4824 non
571 4778 690 4823 erat
717 4784 960 4824 summus
991 4769 1260 4834 sacerdos,
1290 4769 1476 4839 utique
1502 4785 1656 4839 puer.
1690 4770 1858 4834 Unde,

279 4871 342 4916 ut
370 4861 572 4915 dictum
597 4871 700 4923 est,
729 4860 952 4929 efudbar
980 4861 1300 4931 appellatur,
1353 4860 1437 4916 vel
1488 4862 1668 4932 potius
1719 4862 1866 4932 efod-

281 4951 438 5015 bach,
471 4952 609 5006 sicut
658 4959 907 5004 asserunt
948 4951 1374 5020 qui‘llebrmam
1433 4951 1670 5023 linguam
1700 4967 1865 5008 nove-

279 5050 432 5107 runt,
460 5049 514 5095 et
535 5042 922 5111 interpretatur
950 5042 1074 5096 elud
1097 5042 1319 5097 lineum.
1356 5042 1463 5100 Sed
1489 5042 1707 5100 Gedeon
1735 5043 1864 5098 illud

279 5136 500 5200 fecisse,
530 5136 674 5206 quod
699 5144 818 5190 erat
841 5137 1170 5205 praecipuum
1211 5137 1409 5191 summi
1455 5137 1756 5194 sacerdotis
1780 5138 1864 5191 in-

281 5231 601 5286 dumentum
626 5237 790 5300 atque
835 5238 1242 5294 ornamentum,
1271 5244 1369 5300 per
1405 5232 1546 5300 quod
1577 5239 1633 5285 et
1667 5238 1864 5285 cattera

283 5322 585 5391 signiﬁcata
613 5328 742 5376 sunt
757 5334 922 5390 opera
963 5319 1204 5384 sacrarii,
1257 5320 1400 5389 quod
1427 5320 1482 5374 in
1513 5336 1612 5376 sua
1641 5321 1861 5376 civitate

281 5421 481 5483 praeter
507 5413 605 5468 Dei
652 5412 1057 5469 tabernaculum
1111 5413 1486 5480 constituerat,
1541 5422 1597 5468 et
1642 5421 1862 5484 propter

284 5506 387 5560 hoc
415 5512 694 5572 peccatum
723 5505 926 5559 factum
955 5513 1038 5560 est
1074 5505 1148 5558 illi
1181 5513 1235 5559 et
1270 5505 1454 5560 domui
1483 5505 1597 5575 ejus
1627 5505 1680 5559 in
1706 5519 1860 5560 scan-

285 5595 488 5659 dalum,
519 5603 579 5650 ut
600 5594 680 5650 sic
707 5596 955 5651 interiret
983 5597 1149 5669 (quod
1178 5606 1303 5667 post
1336 5612 1399 5654 ea
1425 5597 1706 5668 Scriptura
1736 5612 1861 5651 nar-

285 5687 395 5756 rat)
430 5695 581 5743 tanta
615 5685 735 5755 ejus
759 5690 1124 5746 numerositas
1149 5689 1403 5746 ﬁliorum.

1892 4551 1943 4610 D

1978 1957 2287 2022 ostendere,
2320 1972 2496 2010 cuma
2528 1956 2755 2011 Domino
2805 1957 2914 2009 Deo
2970 1955 3197 2026 populus
3250 1955 3552 2011 fornicare-

1977 2053 2086 2110 tur,
2117 2053 2244 2100 tunc
2280 2047 2459 2116 potius
2485 2061 2674 2115 pacem
2704 2045 2821 2099 illos
2843 2045 3090 2114 perdere,
3119 2061 3224 2100 non
3250 2047 3552 2116 acquirere,

1976 2145 2034 2192 et
2057 2137 2303 2192 hostibus
2352 2134 2644 2208 subjugari,
2691 2152 2797 2190 non
2826 2136 2894 2189 ab
2929 2135 3163 2190 hostium
3210 2135 3555 2192 infestatione

1977 2228 2222 2284 muniri?
2262 2227 2368 2284 Sed
2399 2229 2805 2299 intelligendum
2859 2238 2962 2294 est,
3018 2229 3157 2286 sicut
3206 2229 3342 2284 solet
3401 2229 3556 2284 Scri-

1973 2325 2152 2388 ptura,
2181 2332 2282 2387 per
2317 2319 2605 2388 prolepsin,
2670 2319 2853 2383 idest,
2905 2335 3001 2388 per
3030 2321 3553 2391 praeoccupationem

1976 2405 2198 2471 dixisse,
2224 2405 2368 2476 quod
2395 2405 2582 2462 fecerit
2613 2406 2736 2461 efud
2787 2416 2976 2462 contra
3010 2407 3182 2478 legem
3214 2407 3306 2462 Dei
3336 2407 3556 2463 Gedeon

1973 2511 2042 2551 ex
2069 2496 2161 2549 illo
2191 2511 2324 2550 auro
2363 2497 2506 2565 quod
2529 2495 2704 2550 fuerat
2733 2496 2978 2550 hostibus
3004 2496 3227 2552 devictis
3250 2505 3408 2566 atque
3430 2512 3554 2566 pro-

1974 2587 2162 2640 stratis
2191 2586 2448 2652 ablatum,
2482 2587 2606 2655 quia
2637 2602 2744 2640 uno
2784 2586 2902 2642 loco
2933 2587 3110 2642 dicere
3135 2587 3304 2642 voluit
3334 2596 3388 2642 et
3416 2587 3557 2643 unde

1975 2684 2095 2730 erat
2117 2691 2330 2740 aurum,
2363 2683 2418 2729 et
2469 2676 2598 2744 quid
2645 2676 2710 2730 de
2743 2675 2835 2730 illo
2858 2676 3058 2730 factum
3087 2677 3194 2740 sit;
3246 2675 3340 2730 sed
3365 2685 3554 2746 postea

1973 2764 2176 2820 factum
2206 2776 2288 2820 est
2328 2765 2383 2820 in
2433 2766 2540 2820 fine
2594 2765 2803 2820 dierum
2835 2763 3052 2820 Gedeon
3085 2767 3189 2820 hoc
3244 2775 3552 2835 peccatum,

1973 2858 2189 2928 quando
2250 2867 2540 2914 consecuta
2591 2867 2715 2911 sunt
2765 2857 2929 2912 etiam
2982 2856 3121 2911 mala
3178 2871 3296 2927 qum
3360 2856 3554 2913 deinde

1974 2948 2253 3020 Scriptura
2320 2949 2622 3015 contexuit,
2685 2957 3041 3019 posteaquam
3110 2949 3556 3004 commemoravit

1973 3041 2261 3110 quotannis
2313 3041 2370 3094 in
2423 3039 2612 3094 diebus
2666 3039 2884 3094 Gedeon
2938 3047 3082 3092 terra
3134 3037 3555 3108 conquieverit:

1973 3148 2109 3202 quos
2139 3149 2312 3187 annos
2341 3130 2748 3204 recapitulando
2777 3131 3240 3195 commemoravit,
3274 3129 3328 3184 id
3354 3138 3459 3195 est,
3486 3129 3556 3185 ad

1973 3226 2222 3281 ordinem
2270 3240 2430 3294 quem
2478 3231 2917 3294 prieterverterat
2953 3223 3104 3293 prius
3129 3220 3356 3277 dicendo
3379 3221 3443 3276 de
3463 3219 3557 3275 illo

1973 3315 2233 3370 seandalo
2261 3315 2404 3384 quod
2431 3315 2724 3369 novissime
2754 3314 2953 3368 factum
2985 3322 3086 3368 est.

2042 3407 2180 3460 Abiit
2213 3409 2386 3478 itaque
2434 3405 2684 3460 Jerobaal
2726 3405 2869 3475 ﬁlius
2929 3406 3081 3472 Joas,
3115 3415 3164 3461 et
3209 3404 3464 3460 habitavit
3498 3404 3556 3460 in

1969 3499 2124 3552 domo
2152 3515 2268 3552 sua.
2313 3497 2613 3566 Ilabuitque
2666 3498 2996 3566 septuaginta
3049 3497 3206 3564 ﬁlios,
3249 3497 3337 3565 qui
3362 3496 3558 3565 egressi

1970 3599 2090 3643 sunt
2116 3589 2180 3642 de
2206 3589 2401 3656 femore
2432 3589 2567 3657 ejus,
2618 3604 2677 3641 eo
2708 3588 2847 3658 quod
2880 3589 3055 3657 plures
3103 3588 3312 3641 haberet
3342 3603 3552 3644 uxores.

1970 3679 2278 3734 Concubina
2327 3689 2501 3733 autem
2546 3677 2713 3744 illius,
2766 3695 2922 3749 quant
2975 3679 3193 3732 habebat
3228 3679 3285 3732 in
3324 3675 3553 3744 Sichem,

1970 3774 2150 3842 genuit
2191 3773 2237 3825 ei
2263 3771 2433 3839 ﬁlium
2477 3772 2684 3825 nomine
2739 3770 3055 3825 Abimelech.
3106 3770 3454 3843 Mortuusque
3479 3781 3558 3825 est

1971 3863 2182 3920 Gedeon
2203 3865 2346 3934 ﬁlius
2372 3863 2503 3918 Joas
2548 3865 2601 3918 in
2628 3873 2887 3918 senectute
2938 3863 3095 3929 bona,
3139 3873 3186 3918 et
3217 3862 3449 3934 sepultus
3479 3873 3556 3918 est

1969 3956 2025 4010 in
2052 3954 2292 4026 sepulcro
2322 3953 2454 4008 Joas
2478 3955 2643 4023 patris
2669 3953 2753 4008 sui
2775 3952 2830 4007 in
2859 3953 3061 4024 Epitra,
3091 3954 3154 4008 de
3169 3953 3374 4024 familia
3399 3953 3555 4021 Ezri,

1968 4057 2074 4102 etc.
2114 4046 2339 4100 Moritur
2367 4044 2608 4112 Gedeon,
2639 4053 2693 4098 et
2715 4045 2974 4116 relinquit
3021 4047 3360 4117 septuaginta
3391 4044 3553 4112 ﬁlios,

1969 4147 2025 4194 ct
2047 4154 2234 4202 unum,
2279 4138 2496 4192 nomine
2526 4137 2861 4203 Abimelecb,
2891 4147 3077 4192 natum
3107 4153 3175 4192 ex
3223 4137 3549 4205 concubina,

1965 4233 2056 4302 qui
2090 4232 2339 4286 conduxit
2375 4231 2474 4285 sibi
2502 4232 2638 4284 viros
2659 4247 2837 4300 vagos,
2868 4241 2942 4284 et.
2967 4230 3204 4284 abierunt
3239 4239 3351 4300 post
3373 4231 3546 4288 illum.

1968 4323 2037 4377 Et
2084 4324 2296 4378 intravit
2333 4324 2389 4378 in
2433 4323 2648 4377 domum
2691 4323 2859 4393 patris
2899 4322 3005 4388 sui,
3041 4331 3088 4375 et
3125 4322 3313 4375 occidit
3359 4323 3554 4391 fratres

1967 4432 2114 4481 suos,
2138 4416 2471 4486 septuaginta
2508 4418 2670 4480 viros,
2698 4431 2856 4484 super
2895 4413 3120 4482 lapidem
3164 4429 3346 4465 unum.
3377 4412 3447 4466 Et
3476 4431 3556 4468 re-

1969 4510 2161 4564 mansit
2217 4509 2452 4562 Joathan
2493 4509 2713 4576 'junior,
2776 4506 3027 4576 quoniam
3080 4504 3362 4558 absconsus
3417 4516 3551 4572 erat,

1968 4606 2073 4652 etc.
2119 4597 2232 4652 lloc
2250 4597 2452 4652 factum
2483 4597 2529 4650 si
2559 4597 2695 4650 nihil
2724 4595 3099 4668 propheticum
3123 4595 3405 4661 indicaret,
3425 4598 3554 4672 quid

1964 4704 2100 4759 Opus
2128 4696 2248 4744 erat
2275 4696 2335 4742 ut
2364 4701 2694 4757 magnopere
2741 4686 3071 4742 scriberetur
3100 4693 3284 4743 utrum
3334 4685 3552 4746 Gedeon

1967 4781 2308 4852 septuaginta
2340 4779 2478 4836 filios
2523 4789 2577 4834 et
2617 4778 2818 4835 multas
2872 4794 3070 4836 uxores
3127 4781 3429 4848 habuisset,
3458 4783 3556 4838 sed

1964 4880 2022 4927 et
2056 4871 2436 4938 concubinam,
2470 4871 2536 4927 de
2566 4886 2671 4942 qua
2696 4885 2864 4925 unum
2906 4878 2961 4924 et
2989 4870 3190 4926 malum
3217 4869 3386 4926 filium
3424 4886 3549 4927 sus-

1961 4963 2229 5033 cepisset;
2269 4963 2413 5032 quod
2464 4977 2589 5017 cum
2641 4969 2794 5030 turpe
2846 4959 3048 5016 factum
3087 4962 3189 5027 sit,
3219 4969 3349 5017 tunc
3379 4960 3547 5018 etiam

1963 5054 2176 5124 turpius
2199 5061 2363 5118 esset,
2389 5053 2433 5108 si
2463 5053 2577 5107 haec
2601 5051 2839 5121 posteris
2868 5052 2936 5106 ad
2988 5050 3295 5120 exemplum
3324 5049 3379 5106 in
3411 5050 3550 5108 divi-

1963 5147 2047 5201 nis
2084 5145 2238 5200 libris
2287 5143 2487 5213 scripta
2536 5142 2868 5207 viderentur,
2917 5142 3023 5197 nisi
3059 5155 3267 5211 magna:
3318 5139 3548 5212 alicujus

1973 5236 2052 5290 rei
2083 5235 2371 5305 imaginem
2399 5249 2585 5289 earum
2620 5248 2801 5288 rerum
2826 5239 2976 5304 gesta
3017 5245 3116 5301 per
3143 5239 3299 5300 typos
3325 5238 3380 5286 et
3409 5229 3544 5303 ligu-

1971 5340 2062 5380 ras
2089 5324 2478 5380 ostenderent?
2507 5323 2726 5379 Gedeon
2774 5322 2952 5390 igitur,
2982 5327 3042 5373 ut
3067 5319 3315 5390 superius
3344 5321 3548 5377 dictum

1969 5424 2071 5481 est,
2114 5423 2300 5487 typum
2352 5415 2565 5470 Domini
2620 5411 2992 5484 protendebat.
3043 5411 3295 5467 Plurimae
3346 5428 3547 5470 uxores

1965 5506 2107 5578 eius,
2137 5505 2318 5562 multae
2345 5515 2470 5562 sunt
2517 5505 2766 5562 nationes
2809 5514 2928 5570 quae
2976 5515 3072 5572 per
3109 5501 3270 5556 ﬁdem
3325 5501 3543 5560 Christo

1964 5600 2328 5656 adhaeserunt.
2363 5597 2712 5670 Septuaginta
2740 5607 2869 5650 vero
2904 5592 3000 5648 lilii
3026 5593 3164 5664 ejus,
3194 5595 3541 5667 septuaginta

1964 5690 2159 5760 linguae
2185 5696 2312 5744 sunt
2367 5688 2423 5744 in
2454 5689 2557 5742 hoc
2602 5682 2802 5739 mundo
2856 5681 3082 5749 diiiusai,
3135 5683 3191 5737 in
3219 5683 3415 5754 quibus
3441 5698 3541 5755 per

1967 5784 2129 5840 ﬁdem
2151 5781 2290 5838 ﬁlios
2318 5780 2420 5836 sibi
2444 5775 2706 5836 Dominus
2745 5782 3037 5846 generatus
3078 5785 3217 5830 erat.
3276 5772 3543 5833 Concubi-
