  <div class='ocr_page' id='page_1' title='image "/cluster/home/n/w/nwhite01/storage/ocr_20150623/108/hvd.32044015466840/593.png"; bbox 0 0 3986 6348; ppageno 0'>
   <div class='ocr_carea' id='block_1_1' title="bbox 396 384 535 450">
    <p class='ocr_par' dir='ltr' id='par_1_1' title="bbox 396 384 535 450">
     <span class='ocr_line' id='line_1_1' title="bbox 396 384 535 450; baseline -0.007 0"><span class='ocrx_word' id='word_1_1' title='bbox 396 384 535 450; x_wconf 68' lang='lat'><strong>“7!</strong></span> 
     </span>
    </p>
   </div>
   <div class='ocr_carea' id='block_1_2' title="bbox 1072 370 3005 447">
    <p class='ocr_par' dir='ltr' id='par_1_2' title="bbox 1072 370 3005 447">
     <span class='ocr_line' id='line_1_2' title="bbox 1072 370 3005 447; baseline -0.004 0"><span class='ocrx_word' id='word_1_2' title='bbox 1072 391 1135 447; x_wconf 75' lang='grc' dir='ltr'><strong>Β.</strong></span> <span class='ocrx_word' id='word_1_3' title='bbox 1174 378 1428 446; x_wconf 69' lang='lat' dir='ltr'><strong>mare</strong></span> <span class='ocrx_word' id='word_1_4' title='bbox 1466 378 1684 446; x_wconf 68' lang='lat' dir='ltr'><strong>usum</strong></span> <span class='ocrx_word' id='word_1_5' title='bbox 1720 374 2039 446; x_wconf 71' lang='lat' dir='ltr'><strong>attumne.</strong></span> <span class='ocrx_word' id='word_1_6' title='bbox 2083 376 2389 443; x_wconf 63' lang='lat' dir='ltr'><strong>uocum</strong></span> <span class='ocrx_word' id='word_1_7' title='bbox 2424 370 2711 442; x_wconf 72' lang='lat' dir='ltr'><strong>manu</strong></span> <span class='ocrx_word' id='word_1_8' title='bbox 2749 385 2927 441; x_wconf 66' lang='lat' dir='ltr'><strong>esas</strong></span> <span class='ocrx_word' id='word_1_9' title='bbox 2964 384 3005 440; x_wconf 86' lang='grc' dir='ltr'><strong>ι.</strong></span> 
     </span>
    </p>
   </div>
   <div class='ocr_carea' id='block_1_3' title="bbox 3514 376 3665 442">
    <p class='ocr_par' dir='ltr' id='par_1_3' title="bbox 3514 376 3665 442">
     <span class='ocr_line' id='line_1_3' title="bbox 3514 376 3665 442; baseline 0.02 -3"><span class='ocrx_word' id='word_1_10' title='bbox 3514 376 3665 442; x_wconf 75' lang='lat' dir='ltr'><strong>ma</strong></span> 
     </span>
    </p>
   </div>
   <div class='ocr_carea' id='block_1_4' title="bbox 392 492 3671 578">
    <p class='ocr_par' dir='ltr' id='par_1_4' title="bbox 392 492 3671 578">
     <span class='ocr_line' id='line_1_4' title="bbox 392 492 3671 578; baseline -0.002 -12"><span class='ocrx_word' id='word_1_11' title='bbox 392 525 524 567; x_wconf 87' lang='lat' dir='ltr'><strong>nam</strong></span> <span class='ocrx_word' id='word_1_12' title='bbox 576 509 680 564; x_wconf 91' lang='lat' dir='ltr'><strong>hoc</strong></span> <span class='ocrx_word' id='word_1_13' title='bbox 727 507 847 562; x_wconf 87' lang='lat' dir='ltr'><strong>loco</strong></span> <span class='ocrx_word' id='word_1_14' title='bbox 897 504 1240 578; x_wconf 71' lang='lat' dir='ltr'><strong>Synagbgam</strong></span> <span class='ocrx_word' id='word_1_15' title='bbox 1294 516 1474 572; x_wconf 85' lang='lat' dir='ltr'><strong>vocat,</strong></span> <span class='ocrx_word' id='word_1_16' title='bbox 1514 522 1634 575; x_wconf 79' lang='lat' dir='ltr'><strong>quae</strong></span> <span class='ocrx_word' id='word_1_17' title='bbox 1668 503 1979 560; x_wconf 76' lang='lat' dir='ltr'><strong>novissimis</strong></span> <span class='ocrx_word' id='word_1_18' title='bbox 2005 498 2058 564; x_wconf 75' lang='grc' dir='ltr'><strong>Δ</strong></span> <span class='ocrx_word' id='word_1_19' title='bbox 2082 500 2372 556; x_wconf 74' lang='lat' dir='ltr'><strong>noluerint.</strong></span> <span class='ocrx_word' id='word_1_20' title='bbox 2413 492 2583 572; x_wconf 70' lang='lat' dir='ltr'><strong>Ligna</strong></span> <span class='ocrx_word' id='word_1_21' title='bbox 2606 501 2809 571; x_wconf 81' lang='lat' dir='ltr'><strong>quippe</strong></span> <span class='ocrx_word' id='word_1_22' title='bbox 2830 501 2977 558; x_wconf 64' lang='lat' dir='ltr'><strong>sitm</strong></span> <span class='ocrx_word' id='word_1_23' title='bbox 3008 499 3244 558; x_wconf 68' lang='lat' dir='ltr'><strong>amaror</strong></span> <span class='ocrx_word' id='word_1_24' title='bbox 3265 498 3671 560; x_wconf 56' lang='lat' dir='ltr'><strong>mutassem</strong></span> 
     </span>
    </p>
   </div>
   <div class='ocr_carea' id='block_1_5' title="bbox 393 594 1972 672">
    <p class='ocr_par' dir='ltr' id='par_1_5' title="bbox 393 594 1972 672">
     <span class='ocr_line' id='line_1_5' title="bbox 393 594 1972 672; baseline -0.005 -15"><span class='ocrx_word' id='word_1_25' title='bbox 393 600 731 672; x_wconf 57' lang='lat' dir='ltr'><strong>apparitio</strong></span> <span class='ocrx_word' id='word_1_26' title='bbox 760 598 1098 654; x_wconf 75' lang='lat' dir='ltr'><strong>Antichristo</strong></span> <span class='ocrx_word' id='word_1_27' title='bbox 1124 606 1212 653; x_wconf 78' lang='lat' dir='ltr'><strong>est</strong></span> <span class='ocrx_word' id='word_1_28' title='bbox 1246 599 1538 664; x_wconf 80' lang='lat' dir='ltr'><strong>creditura,</strong></span> <span class='ocrx_word' id='word_1_29' title='bbox 1583 598 1651 652; x_wconf 93' lang='lat' dir='ltr'><strong>de</strong></span> <span class='ocrx_word' id='word_1_30' title='bbox 1674 608 1783 666; x_wconf 87' lang='lat' dir='ltr'><strong>quo</strong></span> <span class='ocrx_word' id='word_1_31' title='bbox 1808 594 1972 651; x_wconf 79' lang='lat' dir='ltr'><strong>Joan-</strong></span> 
     </span>
    </p>
   </div>
   <div class='ocr_carea' id='block_1_6' title="bbox 390 686 1971 761">
    <p class='ocr_par' dir='ltr' id='par_1_6' title="bbox 390 686 1971 761">
     <span class='ocr_line' id='line_1_6' title="bbox 390 686 1971 761; baseline -0.004 -15"><span class='ocrx_word' id='word_1_32' title='bbox 390 702 490 747; x_wconf 86' lang='lat' dir='ltr'><strong>nes</strong></span> <span class='ocrx_word' id='word_1_33' title='bbox 518 688 793 761; x_wconf 70' lang='lat' dir='ltr'><strong>apostolus</strong></span> <span class='ocrx_word' id='word_1_34' title='bbox 828 687 885 743; x_wconf 85' lang='lat' dir='ltr'><strong>in</strong></span> <span class='ocrx_word' id='word_1_35' title='bbox 922 686 1249 760; x_wconf 77' lang='lat' dir='ltr'><strong>Apocalypsi</strong></span> <span class='ocrx_word' id='word_1_36' title='bbox 1284 688 1360 742; x_wconf 86' lang='lat' dir='ltr'><strong>ait</strong></span> <span class='ocrx_word' id='word_1_37' title='bbox 1392 701 1408 742; x_wconf 89' lang='lat'><strong>:</strong></span> <span class='ocrx_word' id='word_1_38' title='bbox 1445 686 1549 753; x_wconf 79' lang='lat' dir='ltr'><strong>Qui</strong></span> <span class='ocrx_word' id='word_1_39' title='bbox 1574 686 1759 742; x_wconf 87' lang='lat' dir='ltr'><strong>dicunt</strong></span> <span class='ocrx_word' id='word_1_40' title='bbox 1780 703 1836 742; x_wconf 84' lang='lat' dir='ltr'><strong>se</strong></span> <span class='ocrx_word' id='word_1_41' title='bbox 1868 686 1971 741; x_wconf 82' lang='lat' dir='ltr'><strong>lu-</strong></span> 
     </span>
    </p>
   </div>
   <div class='ocr_carea' id='block_1_7' title="bbox 389 777 1974 850">
    <p class='ocr_par' dir='ltr' id='par_1_7' title="bbox 389 777 1974 850">
     <span class='ocr_line' id='line_1_7' title="bbox 389 777 1974 850; baseline -0.001 -14"><span class='ocrx_word' id='word_1_42' title='bbox 389 780 534 837; x_wconf 72' lang='lat' dir='ltr'><strong>deeos</strong></span> <span class='ocrx_word' id='word_1_43' title='bbox 579 797 708 847; x_wconf 81' lang='lat' dir='ltr'><strong>esse,</strong></span> <span class='ocrx_word' id='word_1_44' title='bbox 759 785 809 834; x_wconf 89' lang='lat' dir='ltr'><strong>et</strong></span> <span class='ocrx_word' id='word_1_45' title='bbox 846 795 951 833; x_wconf 87' lang='lat' dir='ltr'><strong>non</strong></span> <span class='ocrx_word' id='word_1_46' title='bbox 987 788 1129 845; x_wconf 80' lang='lat' dir='ltr'><strong>sunt,</strong></span> <span class='ocrx_word' id='word_1_47' title='bbox 1164 777 1253 833; x_wconf 85' lang='lat' dir='ltr'><strong>sed</strong></span> <span class='ocrx_word' id='word_1_48' title='bbox 1290 786 1411 835; x_wconf 85' lang='lat' dir='ltr'><strong>sunt</strong></span> <span class='ocrx_word' id='word_1_49' title='bbox 1456 795 1723 850; x_wconf 73' lang='lat' dir='ltr'><strong>synagoga</strong></span> <span class='ocrx_word' id='word_1_50' title='bbox 1755 778 1974 835; x_wconf 68' lang='lat' dir='ltr'><strong>Solane</strong></span> 
     </span>
    </p>
   </div>
   <div class='ocr_carea' id='block_1_8' title="bbox 390 870 1975 946">
    <p class='ocr_par' dir='ltr' id='par_1_8' title="bbox 390 870 1975 946">
     <span class='ocr_line' id='line_1_8' title="bbox 390 870 1975 946; baseline -0.001 -20"><span class='ocrx_word' id='word_1_51' title='bbox 390 874 576 946; x_wconf 76' lang='lat' dir='ltr'><strong>(Apoc.</strong></span> <span class='ocrx_word' id='word_1_52' title='bbox 612 871 695 941; x_wconf 83' lang='lat' dir='ltr'><strong>It).</strong></span> <span class='ocrx_word' id='word_1_53' title='bbox 727 872 804 926; x_wconf 88' lang='lat' dir='ltr'><strong>De</strong></span> <span class='ocrx_word' id='word_1_54' title='bbox 829 886 935 941; x_wconf 84' lang='lat' dir='ltr'><strong>qua</strong></span> <span class='ocrx_word' id='word_1_55' title='bbox 986 870 1191 925; x_wconf 75' lang='lat' dir='ltr'><strong>ultimis</strong></span> <span class='ocrx_word' id='word_1_56' title='bbox 1222 870 1556 939; x_wconf 91' lang='lat' dir='ltr'><strong>temporibus</strong></span> <span class='ocrx_word' id='word_1_57' title='bbox 1606 870 1975 941; x_wconf 79' lang='lat' dir='ltr'><strong>nequissimus</strong></span> 
     </span>
    </p>
   </div>
   <div class='ocr_carea' id='block_1_9' title="bbox 389 956 1973 1030">
    <p class='ocr_par' dir='ltr' id='par_1_9' title="bbox 389 956 1973 1030">
     <span class='ocr_line' id='line_1_9' title="bbox 389 956 1973 1030; baseline -0.003 -12"><span class='ocrx_word' id='word_1_58' title='bbox 389 960 557 1027; x_wconf 72' lang='lat' dir='ltr'><strong>llius,</strong></span> <span class='ocrx_word' id='word_1_59' title='bbox 588 963 642 1017; x_wconf 98' lang='lat' dir='ltr'><strong>id</strong></span> <span class='ocrx_word' id='word_1_60' title='bbox 664 970 769 1027; x_wconf 85' lang='lat' dir='ltr'><strong>est,</strong></span> <span class='ocrx_word' id='word_1_61' title='bbox 827 956 1195 1015; x_wconf 85' lang='lat' dir='ltr'><strong>Antichristus</strong></span> <span class='ocrx_word' id='word_1_62' title='bbox 1252 959 1595 1027; x_wconf 82' lang='lat' dir='ltr'><strong>generandus</strong></span> <span class='ocrx_word' id='word_1_63' title='bbox 1625 969 1728 1025; x_wconf 85' lang='lat' dir='ltr'><strong>est,</strong></span> <span class='ocrx_word' id='word_1_64' title='bbox 1761 962 1973 1030; x_wconf 75' lang='lat' dir='ltr'><strong>eritque</strong></span> 
     </span>
    </p>
   </div>
   <div class='ocr_carea' id='block_1_10' title="bbox 387 1052 1973 1124">
    <p class='ocr_par' dir='ltr' id='par_1_10' title="bbox 387 1052 1973 1124">
     <span class='ocr_line' id='line_1_10' title="bbox 387 1052 1973 1124; baseline -0.001 -15"><span class='ocrx_word' id='word_1_65' title='bbox 387 1054 535 1109; x_wconf 77' lang='lat' dir='ltr'><strong>ﬁlius</strong></span> <span class='ocrx_word' id='word_1_66' title='bbox 589 1053 821 1119; x_wconf 73' lang='lat' dir='ltr'><strong>ancilize,</strong></span> <span class='ocrx_word' id='word_1_67' title='bbox 877 1052 932 1106; x_wconf 94' lang='lat' dir='ltr'><strong>id</strong></span> <span class='ocrx_word' id='word_1_68' title='bbox 976 1058 1077 1116; x_wconf 85' lang='lat' dir='ltr'><strong>est,</strong></span> <span class='ocrx_word' id='word_1_69' title='bbox 1103 1052 1404 1123; x_wconf 68' lang='lat' dir='ltr'><strong>Synagogae</strong></span> <span class='ocrx_word' id='word_1_70' title='bbox 1448 1053 1814 1123; x_wconf 86' lang='lat' dir='ltr'><strong>peccatricis:</strong></span> <span class='ocrx_word' id='word_1_71' title='bbox 1846 1054 1973 1124; x_wconf 82' lang='lat' dir='ltr'><strong>quia</strong></span> 
     </span>
    </p>
   </div>
   <div class='ocr_carea' id='block_1_11' title="bbox 386 1144 1965 1218">
    <p class='ocr_par' dir='ltr' id='par_1_11' title="bbox 386 1144 1965 1218">
     <span class='ocr_line' id='line_1_11' title="bbox 386 1144 1965 1218; baseline 0.001 -20"><span class='ocrx_word' id='word_1_72' title='bbox 386 1147 479 1217; x_wconf 77' lang='lat' dir='ltr'><strong>qui</strong></span> <span class='ocrx_word' id='word_1_73' title='bbox 502 1153 796 1217; x_wconf 81' lang='lat' dir='ltr'><strong>peccatum,</strong></span> <span class='ocrx_word' id='word_1_74' title='bbox 834 1144 1027 1213; x_wconf 90' lang='lat' dir='ltr'><strong>inquit,</strong></span> <span class='ocrx_word' id='word_1_75' title='bbox 1067 1144 1219 1213; x_wconf 77' lang='lat' dir='ltr'><strong>facit,</strong></span> <span class='ocrx_word' id='word_1_76' title='bbox 1244 1156 1421 1198; x_wconf 75' lang='lat' dir='ltr'><strong>servus</strong></span> <span class='ocrx_word' id='word_1_77' title='bbox 1448 1154 1523 1199; x_wconf 88' lang='lat' dir='ltr'><strong>est</strong></span> <span class='ocrx_word' id='word_1_78' title='bbox 1562 1147 1760 1214; x_wconf 79' lang='lat' dir='ltr'><strong>peccati</strong></span> <span class='ocrx_word' id='word_1_79' title='bbox 1784 1146 1965 1218; x_wconf 81' lang='lat' dir='ltr'><strong>(Joan.</strong></span> 
     </span>
    </p>
   </div>
   <div class='ocr_carea' id='block_1_12' title="bbox 386 1236 1974 1308">
    <p class='ocr_par' dir='ltr' id='par_1_12' title="bbox 386 1236 1974 1308">
     <span class='ocr_line' id='line_1_12' title="bbox 386 1236 1974 1308; baseline 0.001 -16"><span class='ocrx_word' id='word_1_80' title='bbox 386 1237 531 1308; x_wconf 79' lang='lat' dir='ltr'><strong>vui).</strong></span> <span class='ocrx_word' id='word_1_81' title='bbox 575 1237 694 1301; x_wconf 82' lang='lat' dir='ltr'><strong>llic,</strong></span> <span class='ocrx_word' id='word_1_82' title='bbox 753 1236 996 1306; x_wconf 87' lang='lat' dir='ltr'><strong>inquam,</strong></span> <span class='ocrx_word' id='word_1_83' title='bbox 1052 1236 1398 1307; x_wconf 83' lang='lat' dir='ltr'><strong>congregatis</strong></span> <span class='ocrx_word' id='word_1_84' title='bbox 1449 1236 1552 1292; x_wconf 85' lang='lat' dir='ltr'><strong>sibi</strong></span> <span class='ocrx_word' id='word_1_85' title='bbox 1596 1238 1796 1308; x_wconf 89' lang='lat' dir='ltr'><strong>impiis,</strong></span> <span class='ocrx_word' id='word_1_86' title='bbox 1828 1239 1974 1293; x_wconf 80' lang='lat' dir='ltr'><strong>sicut</strong></span> 
     </span>
    </p>
   </div>
   <div class='ocr_carea' id='block_1_13' title="bbox 387 1325 1972 1399">
    <p class='ocr_par' dir='ltr' id='par_1_13' title="bbox 387 1325 1972 1399">
     <span class='ocr_line' id='line_1_13' title="bbox 387 1325 1972 1399; baseline 0.002 -17"><span class='ocrx_word' id='word_1_87' title='bbox 387 1326 700 1382; x_wconf 82' lang='lat' dir='ltr'><strong>Abimeiech</strong></span> <span class='ocrx_word' id='word_1_88' title='bbox 728 1325 876 1391; x_wconf 79' lang='lat' dir='ltr'><strong>fecit,</strong></span> <span class='ocrx_word' id='word_1_89' title='bbox 908 1338 1135 1395; x_wconf 79' lang='lat' dir='ltr'><strong>regnum</strong></span> <span class='ocrx_word' id='word_1_90' title='bbox 1174 1328 1420 1398; x_wconf 79' lang='lat' dir='ltr'><strong>improbe</strong></span> <span class='ocrx_word' id='word_1_91' title='bbox 1441 1330 1723 1399; x_wconf 86' lang='lat' dir='ltr'><strong>usurpabit</strong></span> <span class='ocrx_word' id='word_1_92' title='bbox 1754 1347 1769 1395; x_wconf 88' lang='lat'><strong>;</strong></span> <span class='ocrx_word' id='word_1_93' title='bbox 1803 1329 1972 1385; x_wconf 87' lang='lat' dir='ltr'><strong>luter-</strong></span> 
     </span>
    </p>
   </div>
   <div class='ocr_carea' id='block_1_14' title="bbox 387 1419 1970 1493">
    <p class='ocr_par' dir='ltr' id='par_1_14' title="bbox 387 1419 1970 1493">
     <span class='ocr_line' id='line_1_14' title="bbox 387 1419 1970 1493; baseline 0.003 -18"><span class='ocrx_word' id='word_1_94' title='bbox 387 1420 652 1490; x_wconf 84' lang='lat' dir='ltr'><strong>fectisque</strong></span> <span class='ocrx_word' id='word_1_95' title='bbox 681 1419 950 1475; x_wconf 86' lang='lat' dir='ltr'><strong>nobilibus</strong></span> <span class='ocrx_word' id='word_1_96' title='bbox 1006 1419 1153 1485; x_wconf 84' lang='lat' dir='ltr'><strong>ﬁliis,</strong></span> <span class='ocrx_word' id='word_1_97' title='bbox 1186 1421 1240 1475; x_wconf 90' lang='lat' dir='ltr'><strong>id</strong></span> <span class='ocrx_word' id='word_1_98' title='bbox 1277 1428 1383 1487; x_wconf 89' lang='lat' dir='ltr'><strong>est,</strong></span> <span class='ocrx_word' id='word_1_99' title='bbox 1411 1422 1497 1477; x_wconf 85' lang='lat' dir='ltr'><strong>his</strong></span> <span class='ocrx_word' id='word_1_100' title='bbox 1523 1421 1616 1493; x_wconf 88' lang='lat' dir='ltr'><strong>qui</strong></span> <span class='ocrx_word' id='word_1_101' title='bbox 1641 1437 1710 1477; x_wconf 78' lang='lat' dir='ltr'><strong>ex</strong></span> <span class='ocrx_word' id='word_1_102' title='bbox 1738 1423 1970 1479; x_wconf 81' lang='lat' dir='ltr'><strong>diversis</strong></span> 
     </span>
    </p>
   </div>
   <div class='ocr_carea' id='block_1_15' title="bbox 385 1512 1970 1585">
    <p class='ocr_par' dir='ltr' id='par_1_15' title="bbox 385 1512 1970 1585">
     <span class='ocr_line' id='line_1_15' title="bbox 385 1512 1970 1585; baseline 0.003 -16"><span class='ocrx_word' id='word_1_103' title='bbox 385 1513 699 1569; x_wconf 91' lang='lat' dir='ltr'><strong>nationibus</strong></span> <span class='ocrx_word' id='word_1_104' title='bbox 748 1520 805 1569; x_wconf 84' lang='lat' dir='ltr'><strong>et</strong></span> <span class='ocrx_word' id='word_1_105' title='bbox 840 1512 1037 1585; x_wconf 79' lang='lat' dir='ltr'><strong>linguis</strong></span> <span class='ocrx_word' id='word_1_106' title='bbox 1078 1514 1131 1569; x_wconf 91' lang='lat' dir='ltr'><strong>in</strong></span> <span class='ocrx_word' id='word_1_107' title='bbox 1180 1513 1403 1571; x_wconf 87' lang='lat' dir='ltr'><strong>Christo</strong></span> <span class='ocrx_word' id='word_1_108' title='bbox 1446 1516 1752 1582; x_wconf 88' lang='lat' dir='ltr'><strong>credentes,</strong></span> <span class='ocrx_word' id='word_1_109' title='bbox 1795 1532 1825 1571; x_wconf 88' lang='lat' dir='ltr'><strong>a</strong></span> <span class='ocrx_word' id='word_1_110' title='bbox 1858 1516 1970 1573; x_wconf 90' lang='lat' dir='ltr'><strong>Deo</strong></span> 
     </span>
    </p>
   </div>
   <div class='ocr_carea' id='block_1_16' title="bbox 384 1605 1974 1680">
    <p class='ocr_par' dir='ltr' id='par_1_16' title="bbox 384 1605 1974 1680">
     <span class='ocr_line' id='line_1_16' title="bbox 384 1605 1974 1680; baseline 0.004 -21"><span class='ocrx_word' id='word_1_111' title='bbox 384 1612 510 1660; x_wconf 87' lang='lat' dir='ltr'><strong>sunt</strong></span> <span class='ocrx_word' id='word_1_112' title='bbox 554 1605 821 1677; x_wconf 82' lang='lat' dir='ltr'><strong>generati,</strong></span> <span class='ocrx_word' id='word_1_113' title='bbox 890 1606 1209 1663; x_wconf 88' lang='lat' dir='ltr'><strong>inducturus</strong></span> <span class='ocrx_word' id='word_1_114' title='bbox 1263 1614 1348 1663; x_wconf 88' lang='lat' dir='ltr'><strong>est</strong></span> <span class='ocrx_word' id='word_1_115' title='bbox 1398 1610 1856 1680; x_wconf 82' lang='lat' dir='ltr'><strong>persecutionem,</strong></span> <span class='ocrx_word' id='word_1_116' title='bbox 1911 1617 1974 1665; x_wconf 93' lang='lat' dir='ltr'><strong>ut</strong></span> 
     </span>
    </p>
   </div>
   <div class='ocr_carea' id='block_1_17' title="bbox 382 1697 1168 1755">
    <p class='ocr_par' dir='ltr' id='par_1_17' title="bbox 382 1697 1168 1755">
     <span class='ocr_line' id='line_1_17' title="bbox 382 1697 1168 1755; baseline 0.001 -2"><span class='ocrx_word' id='word_1_117' title='bbox 382 1712 580 1755; x_wconf 85' lang='lat' dir='ltr'><strong>omnes</strong></span> <span class='ocrx_word' id='word_1_118' title='bbox 607 1707 827 1755; x_wconf 85' lang='lat' dir='ltr'><strong>sanctos</strong></span> <span class='ocrx_word' id='word_1_119' title='bbox 852 1697 1168 1755; x_wconf 82' lang='lat' dir='ltr'><strong>interﬁciat.</strong></span> 
     </span>
    </p>
   </div>
   <div class='ocr_carea' id='block_1_18' title="bbox 994 1804 1357 1873">
    <p class='ocr_par' dir='ltr' id='par_1_18' title="bbox 994 1804 1357 1873">
     <span class='ocr_line' id='line_1_18' title="bbox 994 1804 1357 1873; baseline 0.003 -1"><span class='ocrx_word' id='word_1_120' title='bbox 994 1808 1224 1873; x_wconf 77' lang='lat' dir='ltr'><strong>CAPUT</strong></span> <span class='ocrx_word' id='word_1_121' title='bbox 1267 1804 1357 1873; x_wconf 70' lang='lat' dir='ltr'><strong>XI.</strong></span> 
     </span>
    </p>
   </div>
   <div class='ocr_carea' id='block_1_19' title="bbox 386 1930 1973 2007">
    <p class='ocr_par' dir='ltr' id='par_1_19' title="bbox 386 1930 1973 2007">
     <span class='ocr_line' id='line_1_19' title="bbox 386 1930 1973 2007; baseline 0.003 -20"><span class='ocrx_word' id='word_1_122' title='bbox 386 1930 544 2007; x_wconf 81' lang='lat' dir='ltr'><strong>Quod</strong></span> <span class='ocrx_word' id='word_1_123' title='bbox 569 1932 865 2007; x_wconf 78' lang='lat' dir='ltr'><strong>A_bimeleclt</strong></span> <span class='ocrx_word' id='word_1_124' title='bbox 894 1952 1075 2007; x_wconf 69' lang='lat' dir='ltr'><strong>omnes</strong></span> <span class='ocrx_word' id='word_1_125' title='bbox 1096 1935 1295 2007; x_wconf 80' lang='lat' dir='ltr'><strong>fratres</strong></span> <span class='ocrx_word' id='word_1_126' title='bbox 1314 1952 1437 1991; x_wconf 78' lang='lat' dir='ltr'><strong>suos</strong></span> <span class='ocrx_word' id='word_1_127' title='bbox 1464 1937 1743 2007; x_wconf 73' lang='lat' dir='ltr'><strong>interfecit,</strong></span> <span class='ocrx_word' id='word_1_128' title='bbox 1762 1947 1973 2007; x_wconf 74' lang='lat' dir='ltr'><strong>excepto</strong></span> 
     </span>
    </p>
   </div>
   <div class='ocr_carea' id='block_1_20' title="bbox 455 2002 1973 2080">
    <p class='ocr_par' dir='ltr' id='par_1_20' title="bbox 455 2002 1973 2080">
     <span class='ocr_line' id='line_1_20' title="bbox 455 2002 1973 2080; baseline 0.003 -22"><span class='ocrx_word' id='word_1_129' title='bbox 455 2003 568 2080; x_wconf 67' lang='lat' dir='ltr'><strong>solo</strong></span> <span class='ocrx_word' id='word_1_130' title='bbox 589 2002 847 2070; x_wconf 83' lang='lat' dir='ltr'><strong>Joathan,</strong></span> <span class='ocrx_word' id='word_1_131' title='bbox 904 2005 1017 2080; x_wconf 78' lang='lat' dir='ltr'><strong>ﬁlio</strong></span> <span class='ocrx_word' id='word_1_132' title='bbox 1045 2002 1297 2080; x_wconf 61' lang='lat' dir='ltr'><strong>Jrrobaal</strong></span> <span class='ocrx_word' id='word_1_133' title='bbox 1331 2002 1710 2080; x_wconf 51' lang='grc' dir='ltr'><strong>Δηιίηἰηιοιίίιηὶ</strong></span> <span class='ocrx_word' id='word_1_134' title='bbox 1756 2002 1973 2063; x_wconf 79' lang='lat' dir='ltr'><strong>abscon-</strong></span> 
     </span>
    </p>
   </div>
   <div class='ocr_carea' id='block_1_21' title="bbox 453 2047 1971 2150">
    <p class='ocr_par' dir='ltr' id='par_1_21' title="bbox 453 2047 1971 2150">
     <span class='ocr_line' id='line_1_21' title="bbox 453 2047 1971 2150; baseline 0.005 -24"><span class='ocrx_word' id='word_1_135' title='bbox 453 2074 597 2150; x_wconf 75' lang='lat' dir='ltr'><strong>ditus</strong></span> <span class='ocrx_word' id='word_1_136' title='bbox 612 2091 793 2150; x_wconf 86' lang='lat' dir='ltr'><strong>_nece_m</strong></span> <span class='ocrx_word' id='word_1_137' title='bbox 810 2047 977 2150; x_wconf 53' lang='lat' dir='ltr'><strong>evulsit</strong></span> <span class='ocrx_word' id='word_1_138' title='bbox 1006 2047 1172 2150; x_wconf 55' lang='lat' dir='ltr'><strong>solas,</strong></span> <span class='ocrx_word' id='word_1_139' title='bbox 1207 2047 1274 2131; x_wconf 58' lang='lat'><strong>&#39;25</strong></span> <span class='ocrx_word' id='word_1_140' title='bbox 1307 2047 1393 2132; x_wconf 61' lang='lat' dir='ltr'><strong>de&quot;</strong></span> <span class='ocrx_word' id='word_1_141' title='bbox 1417 2047 1971 2150; x_wconf 49' lang='lat' dir='ltr'><strong>Sarddlguarlvl};§-</strong></span> 
     </span>
    </p>
   </div>
   <div class='ocr_carea' id='block_1_22' title="bbox 453 2144 1575 2219">
    <p class='ocr_par' dir='ltr' id='par_1_22' title="bbox 453 2144 1575 2219">
     <span class='ocr_line' id='line_1_22' title="bbox 453 2144 1575 2219; baseline 0.004 -21"><span class='ocrx_word' id='word_1_142' title='bbox 453 2145 573 2199; x_wconf 78' lang='lat' dir='ltr'><strong>dem</strong></span> <span class='ocrx_word' id='word_1_143' title='bbox 596 2144 809 2200; x_wconf 70' lang='lat' dir='ltr'><strong>Joatttat</strong></span> <span class='ocrx_word' id='word_1_144' title='bbox 837 2144 907 2199; x_wconf 83' lang='lat' dir='ltr'><strong>ad</strong></span> <span class='ocrx_word' id='word_1_145' title='bbox 941 2149 1081 2201; x_wconf 79' lang='lat' dir='ltr'><strong>riros</strong></span> <span class='ocrx_word' id='word_1_146' title='bbox 1114 2147 1321 2203; x_wconf 72' lang='lat' dir='ltr'><strong>Sit-Item</strong></span> <span class='ocrx_word' id='word_1_147' title='bbox 1348 2144 1575 2219; x_wconf 79' lang='lat' dir='ltr'><strong>prolato.</strong></span> 
     </span>
    </p>
   </div>
   <div class='ocr_carea' id='block_1_23' title="bbox 455 2256 1974 2333">
    <p class='ocr_par' dir='ltr' id='par_1_23' title="bbox 455 2256 1974 2333">
     <span class='ocr_line' id='line_1_23' title="bbox 455 2256 1974 2333; baseline -0.001 -19"><span class='ocrx_word' id='word_1_148' title='bbox 455 2258 609 2330; x_wconf 64' lang='lat' dir='ltr'><strong>(Car.</strong></span> <span class='ocrx_word' id='word_1_149' title='bbox 652 2257 757 2332; x_wconf 68' lang='lat' dir='ltr'><strong>rx.)</strong></span> <span class='ocrx_word' id='word_1_150' title='bbox 802 2256 1174 2332; x_wconf 79' lang='lat' dir='ltr'><strong>Rentansitque</strong></span> <span class='ocrx_word' id='word_1_151' title='bbox 1206 2260 1479 2326; x_wconf 83' lang='lat' dir='ltr'><strong>Joatlmm,</strong></span> <span class='ocrx_word' id='word_1_152' title='bbox 1534 2258 1680 2333; x_wconf 83' lang='lat' dir='ltr'><strong>[ilius</strong></span> <span class='ocrx_word' id='word_1_153' title='bbox 1720 2256 1974 2315; x_wconf 85' lang='lat' dir='ltr'><strong>Jerobaat</strong></span> 
     </span>
    </p>
   </div>
   <div class='ocr_carea' id='block_1_24' title="bbox 381 2348 1973 2422">
    <p class='ocr_par' dir='ltr' id='par_1_24' title="bbox 381 2348 1973 2422">
     <span class='ocr_line' id='line_1_24' title="bbox 381 2348 1973 2422; baseline 0.001 -18"><span class='ocrx_word' id='word_1_154' title='bbox 381 2348 653 2415; x_wconf 82' lang='lat' dir='ltr'><strong>minimus,</strong></span> <span class='ocrx_word' id='word_1_155' title='bbox 695 2359 743 2405; x_wconf 89' lang='lat' dir='ltr'><strong>et</strong></span> <span class='ocrx_word' id='word_1_156' title='bbox 783 2350 1121 2405; x_wconf 81' lang='lat' dir='ltr'><strong>absconditus</strong></span> <span class='ocrx_word' id='word_1_157' title='bbox 1150 2360 1244 2405; x_wconf 86' lang='lat' dir='ltr'><strong>est.</strong></span> <span class='ocrx_word' id='word_1_158' title='bbox 1280 2351 1596 2422; x_wconf 84' lang='lat' dir='ltr'><strong>Congregati</strong></span> <span class='ocrx_word' id='word_1_159' title='bbox 1646 2360 1768 2406; x_wconf 85' lang='lat' dir='ltr'><strong>sunt</strong></span> <span class='ocrx_word' id='word_1_160' title='bbox 1797 2360 1973 2409; x_wconf 85' lang='lat' dir='ltr'><strong>autem</strong></span> 
     </span>
    </p>
   </div>
   <div class='ocr_carea' id='block_1_25' title="bbox 381 2438 1973 2513">
    <p class='ocr_par' dir='ltr' id='par_1_25' title="bbox 381 2438 1973 2513">
     <span class='ocr_line' id='line_1_25' title="bbox 381 2438 1973 2513; baseline 0.003 -19"><span class='ocrx_word' id='word_1_161' title='bbox 381 2457 557 2495; x_wconf 86' lang='lat' dir='ltr'><strong>omnes</strong></span> <span class='ocrx_word' id='word_1_162' title='bbox 579 2438 679 2495; x_wconf 73' lang='lat' dir='ltr'><strong>uiri</strong></span> <span class='ocrx_word' id='word_1_163' title='bbox 709 2439 937 2508; x_wconf 79' lang='lat' dir='ltr'><strong>Sichem,</strong></span> <span class='ocrx_word' id='word_1_164' title='bbox 970 2446 1018 2496; x_wconf 88' lang='lat' dir='ltr'><strong>et</strong></span> <span class='ocrx_word' id='word_1_165' title='bbox 1049 2443 1305 2496; x_wconf 75' lang='lat' dir='ltr'><strong>universm</strong></span> <span class='ocrx_word' id='word_1_166' title='bbox 1336 2438 1555 2513; x_wconf 72' lang='lat' dir='ltr'><strong>familia:</strong></span> <span class='ocrx_word' id='word_1_167' title='bbox 1586 2440 1731 2498; x_wconf 80' lang='lat' dir='ltr'><strong>urbis</strong></span> <span class='ocrx_word' id='word_1_168' title='bbox 1769 2440 1927 2498; x_wconf 81' lang='lat' dir='ltr'><strong>Mella</strong></span> <span class='ocrx_word' id='word_1_169' title='bbox 1955 2463 1973 2509; x_wconf 89' lang='lat'><strong><em>;</em></strong></span> 
     </span>
    </p>
   </div>
   <div class='ocr_carea' id='block_1_26' title="bbox 382 2530 1974 2606">
    <p class='ocr_par' dir='ltr' id='par_1_26' title="bbox 382 2530 1974 2606">
     <span class='ocr_line' id='line_1_26' title="bbox 382 2530 1974 2606; baseline 0.003 -22"><span class='ocrx_word' id='word_1_170' title='bbox 382 2530 724 2601; x_wconf 81' lang='lat' dir='ltr'><strong>abieruntqtte</strong></span> <span class='ocrx_word' id='word_1_171' title='bbox 750 2538 798 2585; x_wconf 82' lang='lat' dir='ltr'><strong>et</strong></span> <span class='ocrx_word' id='word_1_172' title='bbox 844 2532 1231 2586; x_wconf 84' lang='lat' dir='ltr'><strong>constituerunt</strong></span> <span class='ocrx_word' id='word_1_173' title='bbox 1286 2550 1453 2605; x_wconf 82' lang='lat' dir='ltr'><strong>regem</strong></span> <span class='ocrx_word' id='word_1_174' title='bbox 1497 2530 1791 2589; x_wconf 77' lang='lat' dir='ltr'><strong>Abimelech</strong></span> <span class='ocrx_word' id='word_1_175' title='bbox 1810 2532 1974 2606; x_wconf 67' lang='lat' dir='ltr'><strong>juxta</strong></span> 
     </span>
    </p>
   </div>
   <div class='ocr_carea' id='block_1_27' title="bbox 378 2623 1972 2699">
    <p class='ocr_par' dir='ltr' id='par_1_27' title="bbox 378 2623 1972 2699">
     <span class='ocr_line' id='line_1_27' title="bbox 378 2623 1972 2699; baseline 0.002 -20"><span class='ocrx_word' id='word_1_176' title='bbox 378 2641 629 2696; x_wconf 83' lang='lat' dir='ltr'><strong>quercum</strong></span> <span class='ocrx_word' id='word_1_177' title='bbox 658 2641 777 2698; x_wconf 65' lang='lat' dir='ltr'><strong>quia</strong></span> <span class='ocrx_word' id='word_1_178' title='bbox 804 2624 974 2680; x_wconf 88' lang='lat' dir='ltr'><strong>stabat</strong></span> <span class='ocrx_word' id='word_1_179' title='bbox 1006 2627 1060 2679; x_wconf 92' lang='lat' dir='ltr'><strong>in</strong></span> <span class='ocrx_word' id='word_1_180' title='bbox 1088 2623 1299 2681; x_wconf 79' lang='lat' dir='ltr'><strong>Sicltem</strong></span> <span class='ocrx_word' id='word_1_181' title='bbox 1316 2644 1334 2693; x_wconf 87' lang='lat'><strong><em>;</em></strong></span> <span class='ocrx_word' id='word_1_182' title='bbox 1361 2627 1500 2699; x_wconf 87' lang='lat' dir='ltr'><strong>quod</strong></span> <span class='ocrx_word' id='word_1_183' title='bbox 1522 2644 1639 2681; x_wconf 89' lang='lat' dir='ltr'><strong>cum</strong></span> <span class='ocrx_word' id='word_1_184' title='bbox 1672 2629 1972 2682; x_wconf 88' lang='lat' dir='ltr'><strong>nuntialum</strong></span> 
     </span>
    </p>
   </div>
   <div class='ocr_carea' id='block_1_28' title="bbox 379 2710 1972 2783">
    <p class='ocr_par' dir='ltr' id='par_1_28' title="bbox 379 2710 1972 2783">
     <span class='ocr_line' id='line_1_28' title="bbox 379 2710 1972 2783; baseline 0.003 -12"><span class='ocrx_word' id='word_1_185' title='bbox 379 2722 511 2771; x_wconf 61' lang='lat' dir='ltr'><strong>cisset</strong></span> <span class='ocrx_word' id='word_1_186' title='bbox 562 2710 816 2783; x_wconf 81' lang='lat' dir='ltr'><strong>Joathan,</strong></span> <span class='ocrx_word' id='word_1_187' title='bbox 866 2716 980 2783; x_wconf 84' lang='lat' dir='ltr'><strong>ivil,</strong></span> <span class='ocrx_word' id='word_1_188' title='bbox 1022 2720 1069 2772; x_wconf 89' lang='lat' dir='ltr'><strong>et</strong></span> <span class='ocrx_word' id='word_1_189' title='bbox 1113 2718 1251 2772; x_wconf 86' lang='lat' dir='ltr'><strong>slelit</strong></span> <span class='ocrx_word' id='word_1_190' title='bbox 1285 2719 1340 2772; x_wconf 83' lang='lat' dir='ltr'><strong>in</strong></span> <span class='ocrx_word' id='word_1_191' title='bbox 1368 2719 1555 2773; x_wconf 80' lang='lat' dir='ltr'><strong>vertice</strong></span> <span class='ocrx_word' id='word_1_192' title='bbox 1598 2722 1789 2774; x_wconf 86' lang='lat' dir='ltr'><strong>montis</strong></span> <span class='ocrx_word' id='word_1_193' title='bbox 1814 2717 1972 2775; x_wconf 77' lang='lat' dir='ltr'><strong>Cari-</strong></span> 
     </span>
    </p>
   </div>
   <div class='ocr_carea' id='block_1_29' title="bbox 380 2802 1971 2881">
    <p class='ocr_par' dir='ltr' id='par_1_29' title="bbox 380 2802 1971 2881">
     <span class='ocr_line' id='line_1_29' title="bbox 380 2802 1971 2881; baseline 0.002 -18"><span class='ocrx_word' id='word_1_194' title='bbox 380 2806 509 2872; x_wconf 69' lang='lat' dir='ltr'><strong>sirit,</strong></span> <span class='ocrx_word' id='word_1_195' title='bbox 540 2807 840 2879; x_wconf 81' lang='lat' dir='ltr'><strong>elevataque</strong></span> <span class='ocrx_word' id='word_1_196' title='bbox 894 2825 1016 2863; x_wconf 85' lang='lat' dir='ltr'><strong>voce</strong></span> <span class='ocrx_word' id='word_1_197' title='bbox 1053 2802 1296 2864; x_wconf 78' lang='lat' dir='ltr'><strong>clamavit</strong></span> <span class='ocrx_word' id='word_1_198' title='bbox 1336 2818 1384 2864; x_wconf 90' lang='lat' dir='ltr'><strong>et</strong></span> <span class='ocrx_word' id='word_1_199' title='bbox 1416 2804 1547 2864; x_wconf 70' lang='lat' dir='ltr'><strong>dixit</strong></span> <span class='ocrx_word' id='word_1_200' title='bbox 1579 2827 1597 2865; x_wconf 91' lang='lat'><strong><em>:</em></strong></span> <span class='ocrx_word' id='word_1_201' title='bbox 1640 2810 1831 2867; x_wconf 82' lang='lat' dir='ltr'><strong>Audite</strong></span> <span class='ocrx_word' id='word_1_202' title='bbox 1868 2830 1971 2881; x_wconf 87' lang='lat' dir='ltr'><strong>me,</strong></span> 
     </span>
    </p>
   </div>
   <div class='ocr_carea' id='block_1_30' title="bbox 379 2894 1974 2974">
    <p class='ocr_par' dir='ltr' id='par_1_30' title="bbox 379 2894 1974 2974">
     <span class='ocr_line' id='line_1_30' title="bbox 379 2894 1974 2974; baseline 0.003 -22"><span class='ocrx_word' id='word_1_203' title='bbox 379 2896 483 2952; x_wconf 73' lang='lat' dir='ltr'><strong>uiri</strong></span> <span class='ocrx_word' id='word_1_204' title='bbox 541 2894 783 2965; x_wconf 79' lang='lat' dir='ltr'><strong>Sichein,</strong></span> <span class='ocrx_word' id='word_1_205' title='bbox 839 2894 915 2953; x_wconf 85' lang='lat' dir='ltr'><strong>ita</strong></span> <span class='ocrx_word' id='word_1_206' title='bbox 969 2897 1153 2954; x_wconf 82' lang='lat' dir='ltr'><strong>audiat</strong></span> <span class='ocrx_word' id='word_1_207' title='bbox 1202 2917 1289 2954; x_wconf 83' lang='lat' dir='ltr'><strong>vos</strong></span> <span class='ocrx_word' id='word_1_208' title='bbox 1335 2896 1498 2955; x_wconf 86' lang='lat' dir='ltr'><strong>Deus.</strong></span> <span class='ocrx_word' id='word_1_209' title='bbox 1526 2894 1713 2955; x_wconf 84' lang='lat' dir='ltr'><strong>lerunt</strong></span> <span class='ocrx_word' id='word_1_210' title='bbox 1752 2894 1894 2974; x_wconf 84' lang='lat' dir='ltr'><strong>ligna</strong></span> <span class='ocrx_word' id='word_1_211' title='bbox 1916 2898 1974 2957; x_wconf 85' lang='lat' dir='ltr'><strong>ut</strong></span> 
     </span>
    </p>
   </div>
   <div class='ocr_carea' id='block_1_31' title="bbox 380 2984 1972 3064">
    <p class='ocr_par' dir='ltr' id='par_1_31' title="bbox 380 2984 1972 3064">
     <span class='ocr_line' id='line_1_31' title="bbox 380 2984 1972 3064; baseline 0.003 -22"><span class='ocrx_word' id='word_1_212' title='bbox 380 2992 637 3062; x_wconf 77' lang='lat' dir='ltr'><strong>ungerent</strong></span> <span class='ocrx_word' id='word_1_213' title='bbox 692 2998 850 3062; x_wconf 67' lang='lat' dir='ltr'><strong>Super</strong></span> <span class='ocrx_word' id='word_1_214' title='bbox 881 3008 935 3046; x_wconf 90' lang='lat' dir='ltr'><strong>se</strong></span> <span class='ocrx_word' id='word_1_215' title='bbox 975 3006 1168 3063; x_wconf 87' lang='lat' dir='ltr'><strong>regem,</strong></span> <span class='ocrx_word' id='word_1_216' title='bbox 1208 2986 1559 3064; x_wconf 74' lang='lat' dir='ltr'><strong>dixeruntque</strong></span> <span class='ocrx_word' id='word_1_217' title='bbox 1615 2993 1809 3048; x_wconf 76' lang='lat' dir='ltr'><strong>olivrc:</strong></span> <span class='ocrx_word' id='word_1_218' title='bbox 1859 2984 1972 3047; x_wconf 77' lang='lat' dir='ltr'><strong>lm-</strong></span> 
     </span>
    </p>
   </div>
   <div class='ocr_carea' id='block_1_32' title="bbox 378 3074 1972 3156">
    <p class='ocr_par' dir='ltr' id='par_1_32' title="bbox 378 3074 1972 3156">
     <span class='ocr_line' id='line_1_32' title="bbox 378 3074 1972 3156; baseline 0.004 -23"><span class='ocrx_word' id='word_1_219' title='bbox 378 3097 506 3152; x_wconf 86' lang='lat' dir='ltr'><strong>pera</strong></span> <span class='ocrx_word' id='word_1_220' title='bbox 536 3076 704 3148; x_wconf 82' lang='lat' dir='ltr'><strong>nobis,</strong></span> <span class='ocrx_word' id='word_1_221' title='bbox 736 3086 842 3137; x_wconf 86' lang='lat' dir='ltr'><strong>etc.</strong></span> <span class='ocrx_word' id='word_1_222' title='bbox 899 3076 1005 3137; x_wconf 88' lang='lat' dir='ltr'><strong>Sed</strong></span> <span class='ocrx_word' id='word_1_223' title='bbox 1055 3099 1219 3156; x_wconf 88' lang='lat' dir='ltr'><strong>super</strong></span> <span class='ocrx_word' id='word_1_224' title='bbox 1250 3086 1610 3156; x_wconf 87' lang='lat' dir='ltr'><strong>septuaginta,</strong></span> <span class='ocrx_word' id='word_1_225' title='bbox 1638 3074 1835 3156; x_wconf 87' lang='lat' dir='ltr'><strong>inquit,</strong></span> <span class='ocrx_word' id='word_1_226' title='bbox 1871 3080 1972 3141; x_wconf 83' lang='lat' dir='ltr'><strong>l‘uit</strong></span> 
     </span>
    </p>
   </div>
   <div class='ocr_carea' id='block_1_33' title="bbox 376 3168 1973 3247">
    <p class='ocr_par' dir='ltr' id='par_1_33' title="bbox 376 3168 1973 3247">
     <span class='ocr_line' id='line_1_33' title="bbox 376 3168 1973 3247; baseline 0.004 -22"><span class='ocrx_word' id='word_1_227' title='bbox 376 3168 562 3241; x_wconf 75' lang='lat' dir='ltr'><strong>iunior</strong></span> <span class='ocrx_word' id='word_1_228' title='bbox 590 3170 732 3228; x_wconf 86' lang='lat' dir='ltr'><strong>ﬁlius</strong></span> <span class='ocrx_word' id='word_1_229' title='bbox 757 3182 821 3228; x_wconf 80' lang='lat' dir='ltr'><strong>ex</strong></span> <span class='ocrx_word' id='word_1_230' title='bbox 850 3170 1016 3230; x_wconf 87' lang='lat' dir='ltr'><strong>nobili</strong></span> <span class='ocrx_word' id='word_1_231' title='bbox 1067 3174 1435 3242; x_wconf 90' lang='lat' dir='ltr'><strong>matrimonio,</strong></span> <span class='ocrx_word' id='word_1_232' title='bbox 1469 3176 1559 3247; x_wconf 89' lang='lat' dir='ltr'><strong>qui</strong></span> <span class='ocrx_word' id='word_1_233' title='bbox 1588 3192 1645 3232; x_wconf 91' lang='lat' dir='ltr'><strong>se</strong></span> <span class='ocrx_word' id='word_1_234' title='bbox 1672 3174 1973 3232; x_wconf 89' lang='lat' dir='ltr'><strong>absconde-</strong></span> 
     </span>
    </p>
   </div>
   <div class='ocr_carea' id='block_1_34' title="bbox 2077 593 3669 664">
    <p class='ocr_par' dir='ltr' id='par_1_34' title="bbox 2077 593 3669 664">
     <span class='ocr_line' id='line_1_34' title="bbox 2077 593 3669 664; baseline 0.005 -19"><span class='ocrx_word' id='word_1_235' title='bbox 2077 604 2248 646; x_wconf 80' lang='lat' dir='ltr'><strong>vanos</strong></span> <span class='ocrx_word' id='word_1_236' title='bbox 2290 598 2344 647; x_wconf 88' lang='lat' dir='ltr'><strong>et</strong></span> <span class='ocrx_word' id='word_1_237' title='bbox 2383 606 2550 663; x_wconf 79' lang='lat' dir='ltr'><strong>vagos</strong></span> <span class='ocrx_word' id='word_1_238' title='bbox 2597 601 2803 650; x_wconf 67' lang='lat' dir='ltr'><strong>ueterno</strong></span> <span class='ocrx_word' id='word_1_239' title='bbox 2852 593 3102 649; x_wconf 85' lang='lat' dir='ltr'><strong>incendio</strong></span> <span class='ocrx_word' id='word_1_240' title='bbox 3150 603 3508 664; x_wconf 78' lang='lat' dir='ltr'><strong>praeparatos.</strong></span> <span class='ocrx_word' id='word_1_241' title='bbox 3557 595 3669 653; x_wconf 72' lang='lat' dir='ltr'><strong>lite</strong></span> 
     </span>
    </p>
   </div>
   <div class='ocr_carea' id='block_1_35' title="bbox 2077 685 3672 757">
    <p class='ocr_par' dir='ltr' id='par_1_35' title="bbox 2077 685 3672 757">
     <span class='ocr_line' id='line_1_35' title="bbox 2077 685 3672 757; baseline 0.005 -18"><span class='ocrx_word' id='word_1_242' title='bbox 2077 694 2207 753; x_wconf 78' lang='lat' dir='ltr'><strong>ergo</strong></span> <span class='ocrx_word' id='word_1_243' title='bbox 2232 686 2428 740; x_wconf 85' lang='lat' dir='ltr'><strong>merito</strong></span> <span class='ocrx_word' id='word_1_244' title='bbox 2462 685 2658 753; x_wconf 79' lang='lat' dir='ltr'><strong>noluit,</strong></span> <span class='ocrx_word' id='word_1_245' title='bbox 2688 702 2789 742; x_wconf 86' lang='lat' dir='ltr'><strong>nec</strong></span> <span class='ocrx_word' id='word_1_246' title='bbox 2807 687 2951 754; x_wconf 82' lang='lat' dir='ltr'><strong>olea,</strong></span> <span class='ocrx_word' id='word_1_247' title='bbox 2980 703 3081 743; x_wconf 90' lang='lat' dir='ltr'><strong>nec</strong></span> <span class='ocrx_word' id='word_1_248' title='bbox 3120 685 3254 743; x_wconf 84' lang='lat' dir='ltr'><strong>licus</strong></span> <span class='ocrx_word' id='word_1_249' title='bbox 3284 700 3535 757; x_wconf 85' lang='lat' dir='ltr'><strong>regnare,</strong></span> <span class='ocrx_word' id='word_1_250' title='bbox 3558 705 3672 747; x_wconf 87' lang='lat' dir='ltr'><strong>nec</strong></span> 
     </span>
    </p>
   </div>
   <div class='ocr_carea' id='block_1_36' title="bbox 2075 777 3671 855">
    <p class='ocr_par' dir='ltr' id='par_1_36' title="bbox 2075 777 3671 855">
     <span class='ocr_line' id='line_1_36' title="bbox 2075 777 3671 855; baseline 0.007 -26"><span class='ocrx_word' id='word_1_251' title='bbox 2075 777 2221 837; x_wconf 77' lang='lat' dir='ltr'><strong>vitis;</strong></span> <span class='ocrx_word' id='word_1_252' title='bbox 2283 779 2408 847; x_wconf 91' lang='lat' dir='ltr'><strong>quia</strong></span> <span class='ocrx_word' id='word_1_253' title='bbox 2450 790 2557 833; x_wconf 85' lang='lat' dir='ltr'><strong>non</strong></span> <span class='ocrx_word' id='word_1_254' title='bbox 2602 780 2969 835; x_wconf 80' lang='lat' dir='ltr'><strong>merebantur.</strong></span> <span class='ocrx_word' id='word_1_255' title='bbox 3029 778 3162 837; x_wconf 82' lang='lat' dir='ltr'><strong>mea</strong></span> <span class='ocrx_word' id='word_1_256' title='bbox 3211 782 3357 837; x_wconf 88' lang='lat' dir='ltr'><strong>enim</strong></span> <span class='ocrx_word' id='word_1_257' title='bbox 3425 784 3671 855; x_wconf 76' lang='lat' dir='ltr'><strong>gratiam</strong></span> 
     </span>
    </p>
   </div>
   <div class='ocr_carea' id='block_1_37' title="bbox 2079 865 3671 944">
    <p class='ocr_par' dir='ltr' id='par_1_37' title="bbox 2079 865 3671 944">
     <span class='ocr_line' id='line_1_37' title="bbox 2079 865 3671 944; baseline 0.007 -24"><span class='ocrx_word' id='word_1_258' title='bbox 2079 865 2313 937; x_wconf 80' lang='lat' dir='ltr'><strong>Spiritus</strong></span> <span class='ocrx_word' id='word_1_259' title='bbox 2335 872 2507 925; x_wconf 80' lang='lat' dir='ltr'><strong>sancti</strong></span> <span class='ocrx_word' id='word_1_260' title='bbox 2538 878 2595 926; x_wconf 87' lang='lat' dir='ltr'><strong>et</strong></span> <span class='ocrx_word' id='word_1_261' title='bbox 2620 872 2926 927; x_wconf 84' lang='lat' dir='ltr'><strong>unctionem</strong></span> <span class='ocrx_word' id='word_1_262' title='bbox 2968 873 3122 942; x_wconf 85' lang='lat' dir='ltr'><strong>pacis</strong></span> <span class='ocrx_word' id='word_1_263' title='bbox 3168 873 3460 944; x_wconf 80' lang='lat' dir='ltr'><strong>signiﬁcat.</strong></span> <span class='ocrx_word' id='word_1_264' title='bbox 3498 870 3671 931; x_wconf 76' lang='lat' dir='ltr'><strong>Ficus</strong></span> 
     </span>
    </p>
   </div>
   <div class='ocr_carea' id='block_1_38' title="bbox 2078 961 3670 1035">
    <p class='ocr_par' dir='ltr' id='par_1_38' title="bbox 2078 961 3670 1035">
     <span class='ocr_line' id='line_1_38' title="bbox 2078 961 3670 1035; baseline 0.007 -24"><span class='ocrx_word' id='word_1_265' title='bbox 2078 965 2258 1012; x_wconf 82' lang='lat' dir='ltr'><strong>autem</strong></span> <span class='ocrx_word' id='word_1_266' title='bbox 2297 974 2467 1015; x_wconf 79' lang='lat' dir='ltr'><strong>sacrae</strong></span> <span class='ocrx_word' id='word_1_267' title='bbox 2495 961 2630 1033; x_wconf 87' lang='lat' dir='ltr'><strong>legis</strong></span> <span class='ocrx_word' id='word_1_268' title='bbox 2671 962 2958 1035; x_wconf 77' lang='lat' dir='ltr'><strong>imaginem</strong></span> <span class='ocrx_word' id='word_1_269' title='bbox 3005 962 3190 1029; x_wconf 87' lang='lat' dir='ltr'><strong>habet,</strong></span> <span class='ocrx_word' id='word_1_270' title='bbox 3232 965 3375 1020; x_wconf 81' lang='lat' dir='ltr'><strong>sicut</strong></span> <span class='ocrx_word' id='word_1_271' title='bbox 3402 967 3457 1020; x_wconf 86' lang='lat' dir='ltr'><strong>in</strong></span> <span class='ocrx_word' id='word_1_272' title='bbox 3478 964 3670 1022; x_wconf 79' lang='lat' dir='ltr'><strong>Evan-</strong></span> 
     </span>
    </p>
   </div>
   <div class='ocr_carea' id='block_1_39' title="bbox 2077 1047 3675 1126">
    <p class='ocr_par' dir='ltr' id='par_1_39' title="bbox 2077 1047 3675 1126">
     <span class='ocr_line' id='line_1_39' title="bbox 2077 1047 3675 1126; baseline 0.008 -24"><span class='ocrx_word' id='word_1_273' title='bbox 2077 1047 2216 1118; x_wconf 86' lang='lat' dir='ltr'><strong>geiio</strong></span> <span class='ocrx_word' id='word_1_274' title='bbox 2263 1051 2523 1120; x_wconf 88' lang='lat' dir='ltr'><strong>scriptum</strong></span> <span class='ocrx_word' id='word_1_275' title='bbox 2575 1060 2659 1108; x_wconf 82' lang='lat' dir='ltr'><strong>est</strong></span> <span class='ocrx_word' id='word_1_276' title='bbox 2690 1071 2705 1106; x_wconf 86' lang='lat'><strong>:</strong></span> <span class='ocrx_word' id='word_1_277' title='bbox 2737 1051 2965 1119; x_wconf 79' lang='lat' dir='ltr'><strong>Quidam</strong></span> <span class='ocrx_word' id='word_1_278' title='bbox 3000 1055 3388 1126; x_wconf 72' lang='lat' dir='ltr'><strong>paterfamilias</strong></span> <span class='ocrx_word' id='word_1_279' title='bbox 3410 1056 3675 1126; x_wconf 68' lang='lat' dir='ltr'><strong>plantavit</strong></span> 
     </span>
    </p>
   </div>
   <div class='ocr_carea' id='block_1_40' title="bbox 2077 1139 3668 1221">
    <p class='ocr_par' dir='ltr' id='par_1_40' title="bbox 2077 1139 3668 1221">
     <span class='ocr_line' id='line_1_40' title="bbox 2077 1139 3668 1221; baseline 0.009 -29"><span class='ocrx_word' id='word_1_280' title='bbox 2077 1139 2280 1193; x_wconf 71' lang='lat' dir='ltr'><strong>vineam</strong></span> <span class='ocrx_word' id='word_1_281' title='bbox 2327 1152 2377 1196; x_wconf 84' lang='lat' dir='ltr'><strong>et</strong></span> <span class='ocrx_word' id='word_1_282' title='bbox 2422 1146 2476 1197; x_wconf 86' lang='lat' dir='ltr'><strong>in</strong></span> <span class='ocrx_word' id='word_1_283' title='bbox 2506 1145 2658 1199; x_wconf 77' lang='lat' dir='ltr'><strong>vinea</strong></span> <span class='ocrx_word' id='word_1_284' title='bbox 2717 1160 2815 1199; x_wconf 83' lang='lat' dir='ltr'><strong>sua</strong></span> <span class='ocrx_word' id='word_1_285' title='bbox 2869 1145 3125 1216; x_wconf 72' lang='lat' dir='ltr'><strong>plantavit</strong></span> <span class='ocrx_word' id='word_1_286' title='bbox 3166 1147 3327 1215; x_wconf 74' lang='lat' dir='ltr'><strong>ﬁcum</strong></span> <span class='ocrx_word' id='word_1_287' title='bbox 3358 1146 3491 1219; x_wconf 77' lang='lat' dir='ltr'><strong>(Lac</strong></span> <span class='ocrx_word' id='word_1_288' title='bbox 3518 1148 3668 1221; x_wconf 69' lang='lat' dir='ltr'><strong>xxv).</strong></span> 
     </span>
    </p>
   </div>
   <div class='ocr_carea' id='block_1_41' title="bbox 2078 1230 3669 1307">
    <p class='ocr_par' dir='ltr' id='par_1_41' title="bbox 2078 1230 3669 1307">
     <span class='ocr_line' id='line_1_41' title="bbox 2078 1230 3669 1307; baseline 0.008 -23"><span class='ocrx_word' id='word_1_289' title='bbox 2078 1230 2209 1297; x_wconf 81' lang='lat' dir='ltr'><strong>Quis</strong></span> <span class='ocrx_word' id='word_1_290' title='bbox 2231 1234 2639 1303; x_wconf 81' lang='lat' dir='ltr'><strong>paterfamilias,</strong></span> <span class='ocrx_word' id='word_1_291' title='bbox 2692 1236 2798 1292; x_wconf 88' lang='lat' dir='ltr'><strong>nisi</strong></span> <span class='ocrx_word' id='word_1_292' title='bbox 2832 1236 2973 1292; x_wconf 87' lang='lat' dir='ltr'><strong>Deus</strong></span> <span class='ocrx_word' id='word_1_293' title='bbox 2995 1280 3009 1304; x_wconf 95' lang='lat'><strong>,</strong></span> <span class='ocrx_word' id='word_1_294' title='bbox 3036 1238 3129 1307; x_wconf 87' lang='lat' dir='ltr'><strong>qui</strong></span> <span class='ocrx_word' id='word_1_295' title='bbox 3185 1236 3405 1293; x_wconf 75' lang='lat' dir='ltr'><strong>familia:</strong></span> <span class='ocrx_word' id='word_1_296' title='bbox 3445 1255 3577 1307; x_wconf 63' lang='lat' dir='ltr'><strong>suae,</strong></span> <span class='ocrx_word' id='word_1_297' title='bbox 3610 1241 3669 1298; x_wconf 84' lang='lat' dir='ltr'><strong>id</strong></span> 
     </span>
    </p>
   </div>
   <div class='ocr_carea' id='block_1_42' title="bbox 2077 1325 3665 1401">
    <p class='ocr_par' dir='ltr' id='par_1_42' title="bbox 2077 1325 3665 1401">
     <span class='ocr_line' id='line_1_42' title="bbox 2077 1325 3665 1401; baseline 0.006 -24"><span class='ocrx_word' id='word_1_298' title='bbox 2077 1331 2179 1390; x_wconf 88' lang='lat' dir='ltr'><strong>est,</strong></span> <span class='ocrx_word' id='word_1_299' title='bbox 2206 1327 2446 1381; x_wconf 70' lang='lat' dir='ltr'><strong>OmMum</strong></span> <span class='ocrx_word' id='word_1_300' title='bbox 2476 1327 2814 1383; x_wconf 85' lang='lat' dir='ltr'><strong>credentium</strong></span> <span class='ocrx_word' id='word_1_301' title='bbox 2857 1336 3012 1398; x_wconf 88' lang='lat' dir='ltr'><strong>pater</strong></span> <span class='ocrx_word' id='word_1_302' title='bbox 3063 1328 3186 1383; x_wconf 80' lang='lat' dir='ltr'><strong>est?</strong></span> <span class='ocrx_word' id='word_1_303' title='bbox 3216 1325 3489 1384; x_wconf 84' lang='lat' dir='ltr'><strong>Piautavit</strong></span> <span class='ocrx_word' id='word_1_304' title='bbox 3527 1344 3665 1401; x_wconf 78' lang='lat' dir='ltr'><strong>ergo</strong></span> 
     </span>
    </p>
   </div>
   <div class='ocr_carea' id='block_1_43' title="bbox 2076 1418 3671 1494">
    <p class='ocr_par' dir='ltr' id='par_1_43' title="bbox 2076 1418 3671 1494">
     <span class='ocr_line' id='line_1_43' title="bbox 2076 1418 3671 1494; baseline 0.001 -19"><span class='ocrx_word' id='word_1_305' title='bbox 2076 1418 2390 1485; x_wconf 80' lang='lat' dir='ltr'><strong>vineam,id</strong></span> <span class='ocrx_word' id='word_1_306' title='bbox 2414 1426 2518 1486; x_wconf 86' lang='lat' dir='ltr'><strong>est,</strong></span> <span class='ocrx_word' id='word_1_307' title='bbox 2554 1419 2832 1492; x_wconf 84' lang='lat' dir='ltr'><strong>populum,</strong></span> <span class='ocrx_word' id='word_1_308' title='bbox 2877 1419 3003 1491; x_wconf 86' lang='lat' dir='ltr'><strong>quia</strong></span> <span class='ocrx_word' id='word_1_309' title='bbox 3056 1423 3273 1477; x_wconf 84' lang='lat' dir='ltr'><strong>vineam</strong></span> <span class='ocrx_word' id='word_1_310' title='bbox 3319 1435 3385 1476; x_wconf 71' lang='lat' dir='ltr'><strong>ex</strong></span> <span class='ocrx_word' id='word_1_311' title='bbox 3427 1418 3671 1494; x_wconf 64' lang='lat' dir='ltr'><strong>.Egypto</strong></span> 
     </span>
    </p>
   </div>
   <div class='ocr_carea' id='block_1_44' title="bbox 2076 1509 3674 1586">
    <p class='ocr_par' dir='ltr' id='par_1_44' title="bbox 2076 1509 3674 1586">
     <span class='ocr_line' id='line_1_44' title="bbox 2076 1509 3674 1586; baseline 0.003 -21"><span class='ocrx_word' id='word_1_312' title='bbox 2076 1510 2371 1567; x_wconf 80' lang='lat' dir='ltr'><strong>transtulit.</strong></span> <span class='ocrx_word' id='word_1_313' title='bbox 2403 1510 2681 1583; x_wconf 82' lang='lat' dir='ltr'><strong>Etutique</strong></span> <span class='ocrx_word' id='word_1_314' title='bbox 2709 1512 2988 1585; x_wconf 84' lang='lat' dir='ltr'><strong>populum,</strong></span> <span class='ocrx_word' id='word_1_315' title='bbox 3026 1520 3135 1568; x_wconf 85' lang='lat' dir='ltr'><strong>non</strong></span> <span class='ocrx_word' id='word_1_316' title='bbox 3156 1513 3369 1567; x_wconf 84' lang='lat' dir='ltr'><strong>vineam</strong></span> <span class='ocrx_word' id='word_1_317' title='bbox 3412 1526 3479 1568; x_wconf 73' lang='lat' dir='ltr'><strong>ex</strong></span> <span class='ocrx_word' id='word_1_318' title='bbox 3500 1509 3674 1586; x_wconf 61' lang='lat' dir='ltr'><strong>Egy-</strong></span> 
     </span>
    </p>
   </div>
   <div class='ocr_carea' id='block_1_45' title="bbox 2076 1600 3675 1676">
    <p class='ocr_par' dir='ltr' id='par_1_45' title="bbox 2076 1600 3675 1676">
     <span class='ocr_line' id='line_1_45' title="bbox 2076 1600 3675 1676; baseline 0.003 -19"><span class='ocrx_word' id='word_1_319' title='bbox 2076 1610 2169 1674; x_wconf 88' lang='lat' dir='ltr'><strong>pto</strong></span> <span class='ocrx_word' id='word_1_320' title='bbox 2199 1600 2569 1658; x_wconf 82' lang='lat' dir='ltr'><strong>transtulerat.</strong></span> <span class='ocrx_word' id='word_1_321' title='bbox 2600 1602 2659 1657; x_wconf 90' lang='lat' dir='ltr'><strong>in</strong></span> <span class='ocrx_word' id='word_1_322' title='bbox 2688 1602 2788 1659; x_wconf 81' lang='lat' dir='ltr'><strong>hac</strong></span> <span class='ocrx_word' id='word_1_323' title='bbox 2832 1604 2991 1659; x_wconf 88' lang='lat' dir='ltr'><strong>vinea</strong></span> <span class='ocrx_word' id='word_1_324' title='bbox 3040 1603 3307 1676; x_wconf 75' lang='lat' dir='ltr'><strong>plantavit</strong></span> <span class='ocrx_word' id='word_1_325' title='bbox 3338 1602 3525 1673; x_wconf 88' lang='lat' dir='ltr'><strong>ﬁcum,</strong></span> <span class='ocrx_word' id='word_1_326' title='bbox 3566 1607 3675 1662; x_wconf 86' lang='lat' dir='ltr'><strong>hoc</strong></span> 
     </span>
    </p>
   </div>
   <div class='ocr_carea' id='block_1_46' title="bbox 2078 1688 3678 1768">
    <p class='ocr_par' dir='ltr' id='par_1_46' title="bbox 2078 1688 3678 1768">
     <span class='ocr_line' id='line_1_46' title="bbox 2078 1688 3678 1768; baseline 0.001 -18"><span class='ocrx_word' id='word_1_327' title='bbox 2078 1702 2178 1762; x_wconf 85' lang='lat' dir='ltr'><strong>est,</strong></span> <span class='ocrx_word' id='word_1_328' title='bbox 2206 1688 2259 1749; x_wconf 92' lang='lat' dir='ltr'><strong>in</strong></span> <span class='ocrx_word' id='word_1_329' title='bbox 2286 1694 2484 1764; x_wconf 87' lang='lat' dir='ltr'><strong>populo</strong></span> <span class='ocrx_word' id='word_1_330' title='bbox 2507 1704 2605 1750; x_wconf 86' lang='lat' dir='ltr'><strong>suo</strong></span> <span class='ocrx_word' id='word_1_331' title='bbox 2634 1695 2811 1765; x_wconf 80' lang='lat' dir='ltr'><strong>posuit</strong></span> <span class='ocrx_word' id='word_1_332' title='bbox 2836 1696 3034 1768; x_wconf 80' lang='lat' dir='ltr'><strong>legem,</strong></span> <span class='ocrx_word' id='word_1_333' title='bbox 3065 1706 3184 1766; x_wconf 71' lang='lat' dir='ltr'><strong>qum</strong></span> <span class='ocrx_word' id='word_1_334' title='bbox 3207 1693 3296 1751; x_wconf 80' lang='lat' dir='ltr'><strong>lex</strong></span> <span class='ocrx_word' id='word_1_335' title='bbox 3324 1697 3678 1768; x_wconf 84' lang='lat' dir='ltr'><strong>primitivum</strong></span> 
     </span>
    </p>
   </div>
   <div class='ocr_carea' id='block_1_47' title="bbox 2075 1786 3677 1859">
    <p class='ocr_par' dir='ltr' id='par_1_47' title="bbox 2075 1786 3677 1859">
     <span class='ocr_line' id='line_1_47' title="bbox 2075 1786 3677 1859; baseline 0.001 -18"><span class='ocrx_word' id='word_1_336' title='bbox 2075 1786 2352 1857; x_wconf 84' lang='lat' dir='ltr'><strong>populum,</strong></span> <span class='ocrx_word' id='word_1_337' title='bbox 2390 1786 2538 1842; x_wconf 70' lang='lat' dir='ltr'><strong>Velut</strong></span> <span class='ocrx_word' id='word_1_338' title='bbox 2569 1787 2724 1855; x_wconf 86' lang='lat' dir='ltr'><strong>tiens,</strong></span> <span class='ocrx_word' id='word_1_339' title='bbox 2748 1796 2965 1859; x_wconf 78' lang='lat' dir='ltr'><strong>gressus</strong></span> <span class='ocrx_word' id='word_1_340' title='bbox 3003 1786 3187 1843; x_wconf 84' lang='lat' dir='ltr'><strong>aridos</strong></span> <span class='ocrx_word' id='word_1_341' title='bbox 3236 1796 3291 1844; x_wconf 91' lang='lat' dir='ltr'><strong>et</strong></span> <span class='ocrx_word' id='word_1_342' title='bbox 3327 1787 3555 1845; x_wconf 85' lang='lat' dir='ltr'><strong>inutiles</strong></span> <span class='ocrx_word' id='word_1_343' title='bbox 3578 1788 3677 1843; x_wconf 84' lang='lat' dir='ltr'><strong>de-</strong></span> 
     </span>
    </p>
   </div>
   <div class='ocr_carea' id='block_1_48' title="bbox 2004 1874 3677 1953">
    <p class='ocr_par' dir='ltr' id='par_1_48' title="bbox 2004 1874 3677 1953">
     <span class='ocr_line' id='line_1_48' title="bbox 2004 1874 3677 1953; baseline 0.002 -20"><span class='ocrx_word' id='word_1_344' title='bbox 2004 1874 2052 1945; x_wconf 73' lang='lat' dir='ltr'><strong>B</strong></span> <span class='ocrx_word' id='word_1_345' title='bbox 2075 1876 2284 1948; x_wconf 86' lang='lat' dir='ltr'><strong>jecitin</strong></span> <span class='ocrx_word' id='word_1_346' title='bbox 2324 1886 2546 1944; x_wconf 88' lang='lat' dir='ltr'><strong>terram,</strong></span> <span class='ocrx_word' id='word_1_347' title='bbox 2588 1887 2642 1933; x_wconf 91' lang='lat' dir='ltr'><strong>et</strong></span> <span class='ocrx_word' id='word_1_348' title='bbox 2678 1884 2868 1949; x_wconf 87' lang='lat' dir='ltr'><strong>postea</strong></span> <span class='ocrx_word' id='word_1_349' title='bbox 2919 1880 3056 1935; x_wconf 88' lang='lat' dir='ltr'><strong>alios</strong></span> <span class='ocrx_word' id='word_1_350' title='bbox 3100 1880 3313 1936; x_wconf 80' lang='lat' dir='ltr'><strong>fructus</strong></span> <span class='ocrx_word' id='word_1_351' title='bbox 3367 1882 3677 1953; x_wconf 71' lang='lat' dir='ltr'><strong>generavit,</strong></span> 
     </span>
    </p>
   </div>
   <div class='ocr_carea' id='block_1_49' title="bbox 2078 1968 3678 2045">
    <p class='ocr_par' dir='ltr' id='par_1_49' title="bbox 2078 1968 3678 2045">
     <span class='ocr_line' id='line_1_49' title="bbox 2078 1968 3678 2045; baseline 0.001 -19"><span class='ocrx_word' id='word_1_352' title='bbox 2078 1968 2260 2037; x_wconf 84' lang='lat' dir='ltr'><strong>idest,</strong></span> <span class='ocrx_word' id='word_1_353' title='bbox 2290 1971 2547 2041; x_wconf 88' lang='lat' dir='ltr'><strong>populum</strong></span> <span class='ocrx_word' id='word_1_354' title='bbox 2594 1970 3051 2037; x_wconf 86' lang='lat' dir='ltr'><strong>Christianorum,</strong></span> <span class='ocrx_word' id='word_1_355' title='bbox 3095 1986 3257 2045; x_wconf 88' lang='lat' dir='ltr'><strong>quem</strong></span> <span class='ocrx_word' id='word_1_356' title='bbox 3310 1973 3381 2027; x_wconf 82' lang='lat' dir='ltr'><strong>ad</strong></span> <span class='ocrx_word' id='word_1_357' title='bbox 3431 1974 3678 2029; x_wconf 86' lang='lat' dir='ltr'><strong>debitam</strong></span> 
     </span>
    </p>
   </div>
   <div class='ocr_carea' id='block_1_50' title="bbox 2077 2060 3678 2133">
    <p class='ocr_par' dir='ltr' id='par_1_50' title="bbox 2077 2060 3678 2133">
     <span class='ocr_line' id='line_1_50' title="bbox 2077 2060 3678 2133; baseline 0 -13"><span class='ocrx_word' id='word_1_358' title='bbox 2077 2063 2402 2133; x_wconf 63' lang='lat' dir='ltr'><strong>evangelicae</strong></span> <span class='ocrx_word' id='word_1_359' title='bbox 2421 2060 2718 2133; x_wconf 72' lang='lat' dir='ltr'><strong>disciplina:</strong></span> <span class='ocrx_word' id='word_1_360' title='bbox 2749 2065 3146 2129; x_wconf 83' lang='lat' dir='ltr'><strong>maturitatem,</strong></span> <span class='ocrx_word' id='word_1_361' title='bbox 3182 2072 3239 2119; x_wconf 93' lang='lat' dir='ltr'><strong>et</strong></span> <span class='ocrx_word' id='word_1_362' title='bbox 3283 2065 3678 2121; x_wconf 70' lang='lat' dir='ltr'><strong>suavissimam</strong></span> 
     </span>
    </p>
   </div>
   <div class='ocr_carea' id='block_1_51' title="bbox 2074 2152 3670 2237">
    <p class='ocr_par' dir='ltr' id='par_1_51' title="bbox 2074 2152 3670 2237">
     <span class='ocr_line' id='line_1_51' title="bbox 2074 2152 3670 2237; baseline 0.001 -27"><span class='ocrx_word' id='word_1_363' title='bbox 2074 2156 2455 2227; x_wconf 72' lang='lat' dir='ltr'><strong>pinguedinem</strong></span> <span class='ocrx_word' id='word_1_364' title='bbox 2482 2154 2685 2212; x_wconf 82' lang='lat' dir='ltr'><strong>Christi</strong></span> <span class='ocrx_word' id='word_1_365' title='bbox 2709 2166 2832 2211; x_wconf 87' lang='lat' dir='ltr'><strong>cum</strong></span> <span class='ocrx_word' id='word_1_366' title='bbox 2867 2152 3038 2228; x_wconf 86' lang='lat' dir='ltr'><strong>gloria</strong></span> <span class='ocrx_word' id='word_1_367' title='bbox 3064 2160 3119 2211; x_wconf 91' lang='lat' dir='ltr'><strong>et</strong></span> <span class='ocrx_word' id='word_1_368' title='bbox 3157 2158 3368 2237; x_wconf 66' lang='lat' dir='ltr'><strong>honore</strong></span> <span class='ocrx_word' id='word_1_369' title='bbox 3388 2158 3670 2229; x_wconf 77' lang='lat' dir='ltr'><strong>perduxit.</strong></span> 
     </span>
    </p>
   </div>
   <div class='ocr_carea' id='block_1_52' title="bbox 2077 2242 3675 2318">
    <p class='ocr_par' dir='ltr' id='par_1_52' title="bbox 2077 2242 3675 2318">
     <span class='ocr_line' id='line_1_52' title="bbox 2077 2242 3675 2318; baseline 0.001 -15"><span class='ocrx_word' id='word_1_370' title='bbox 2077 2248 2184 2303; x_wconf 75' lang='lat' dir='ltr'><strong>Sed</strong></span> <span class='ocrx_word' id='word_1_371' title='bbox 2224 2249 2363 2310; x_wconf 77' lang='lat' dir='ltr'><strong>uitis,</strong></span> <span class='ocrx_word' id='word_1_372' title='bbox 2405 2246 2599 2318; x_wconf 87' lang='lat' dir='ltr'><strong>inquit,</strong></span> <span class='ocrx_word' id='word_1_373' title='bbox 2654 2247 2823 2301; x_wconf 79' lang='lat' dir='ltr'><strong>noluit</strong></span> <span class='ocrx_word' id='word_1_374' title='bbox 2864 2256 3081 2318; x_wconf 80' lang='lat' dir='ltr'><strong>regnare</strong></span> <span class='ocrx_word' id='word_1_375' title='bbox 3129 2248 3223 2302; x_wconf 88' lang='lat' dir='ltr'><strong>eis.</strong></span> <span class='ocrx_word' id='word_1_376' title='bbox 3266 2242 3450 2303; x_wconf 79' lang='lat' dir='ltr'><strong>Vitem</strong></span> <span class='ocrx_word' id='word_1_377' title='bbox 3493 2256 3675 2305; x_wconf 82' lang='lat' dir='ltr'><strong>autem</strong></span> 
     </span>
    </p>
   </div>
   <div class='ocr_carea' id='block_1_53' title="bbox 2078 2336 3671 2409">
    <p class='ocr_par' dir='ltr' id='par_1_53' title="bbox 2078 2336 3671 2409">
     <span class='ocr_line' id='line_1_53' title="bbox 2078 2336 3671 2409; baseline 0.001 -16"><span class='ocrx_word' id='word_1_378' title='bbox 2078 2336 2377 2393; x_wconf 84' lang='lat' dir='ltr'><strong>Salvatoris</strong></span> <span class='ocrx_word' id='word_1_379' title='bbox 2405 2337 2574 2392; x_wconf 87' lang='lat' dir='ltr'><strong>nostri</strong></span> <span class='ocrx_word' id='word_1_380' title='bbox 2603 2340 2790 2409; x_wconf 81' lang='lat' dir='ltr'><strong>typum</strong></span> <span class='ocrx_word' id='word_1_381' title='bbox 2816 2336 3016 2392; x_wconf 82' lang='lat' dir='ltr'><strong>habere</strong></span> <span class='ocrx_word' id='word_1_382' title='bbox 3044 2337 3399 2393; x_wconf 80' lang='lat' dir='ltr'><strong>manifestum</strong></span> <span class='ocrx_word' id='word_1_383' title='bbox 3438 2344 3537 2404; x_wconf 90' lang='lat' dir='ltr'><strong>est,</strong></span> <span class='ocrx_word' id='word_1_384' title='bbox 3561 2339 3671 2395; x_wconf 86' lang='lat' dir='ltr'><strong>sic-</strong></span> 
     </span>
    </p>
   </div>
   <div class='ocr_carea' id='block_1_54' title="bbox 2075 2423 3672 2503">
    <p class='ocr_par' dir='ltr' id='par_1_54' title="bbox 2075 2423 3672 2503">
     <span class='ocr_line' id='line_1_54' title="bbox 2075 2423 3672 2503; baseline -0.001 -19"><span class='ocrx_word' id='word_1_385' title='bbox 2075 2437 2137 2485; x_wconf 90' lang='lat' dir='ltr'><strong>ut</strong></span> <span class='ocrx_word' id='word_1_386' title='bbox 2166 2429 2220 2484; x_wconf 82' lang='lat' dir='ltr'><strong>in</strong></span> <span class='ocrx_word' id='word_1_387' title='bbox 2251 2428 2542 2501; x_wconf 83' lang='lat' dir='ltr'><strong>Evangello</strong></span> <span class='ocrx_word' id='word_1_388' title='bbox 2563 2430 2638 2483; x_wconf 88' lang='lat' dir='ltr'><strong>ait</strong></span> <span class='ocrx_word' id='word_1_389' title='bbox 2669 2448 2681 2483; x_wconf 91' lang='lat'><strong>:</strong></span> <span class='ocrx_word' id='word_1_390' title='bbox 2724 2428 2838 2500; x_wconf 84' lang='lat' dir='ltr'><strong>Ego</strong></span> <span class='ocrx_word' id='word_1_391' title='bbox 2870 2440 2987 2483; x_wconf 87' lang='lat' dir='ltr'><strong>sum</strong></span> <span class='ocrx_word' id='word_1_392' title='bbox 3020 2430 3137 2483; x_wconf 78' lang='lat' dir='ltr'><strong>ritis</strong></span> <span class='ocrx_word' id='word_1_393' title='bbox 3188 2438 3310 2484; x_wconf 68' lang='lat' dir='ltr'><strong>cera</strong></span> <span class='ocrx_word' id='word_1_394' title='bbox 3344 2423 3529 2503; x_wconf 77' lang='lat' dir='ltr'><strong>(Joan.</strong></span> <span class='ocrx_word' id='word_1_395' title='bbox 3558 2430 3672 2501; x_wconf 67' lang='lat' dir='ltr'><strong>xv).</strong></span> 
     </span>
    </p>
   </div>
   <div class='ocr_carea' id='block_1_55' title="bbox 2074 2512 3676 2594">
    <p class='ocr_par' dir='ltr' id='par_1_55' title="bbox 2074 2512 3676 2594">
     <span class='ocr_line' id='line_1_55' title="bbox 2074 2512 3676 2594; baseline 0.002 -19"><span class='ocrx_word' id='word_1_396' title='bbox 2074 2520 2243 2591; x_wconf 86' lang='lat' dir='ltr'><strong>Igitur</strong></span> <span class='ocrx_word' id='word_1_397' title='bbox 2291 2523 2417 2592; x_wconf 84' lang='lat' dir='ltr'><strong>quia</strong></span> <span class='ocrx_word' id='word_1_398' title='bbox 2446 2520 2559 2589; x_wconf 80' lang='lat' dir='ltr'><strong>jam</strong></span> <span class='ocrx_word' id='word_1_399' title='bbox 2601 2512 2658 2575; x_wconf 85' lang='lat' dir='ltr'><strong>in</strong></span> <span class='ocrx_word' id='word_1_400' title='bbox 2705 2520 3000 2591; x_wconf 84' lang='lat' dir='ltr'><strong>reprobum</strong></span> <span class='ocrx_word' id='word_1_401' title='bbox 3042 2528 3282 2587; x_wconf 80' lang='lat' dir='ltr'><strong>sensum,</strong></span> <span class='ocrx_word' id='word_1_402' title='bbox 3348 2522 3493 2578; x_wconf 89' lang='lat' dir='ltr'><strong>sicut</strong></span> <span class='ocrx_word' id='word_1_403' title='bbox 3533 2521 3676 2594; x_wconf 80' lang='lat' dir='ltr'><strong>Apo-</strong></span> 
     </span>
    </p>
   </div>
   <div class='ocr_carea' id='block_1_56' title="bbox 2075 2608 3677 2687">
    <p class='ocr_par' dir='ltr' id='par_1_56' title="bbox 2075 2608 3677 2687">
     <span class='ocr_line' id='line_1_56' title="bbox 2075 2608 3677 2687; baseline 0.001 -16"><span class='ocrx_word' id='word_1_404' title='bbox 2075 2614 2245 2671; x_wconf 87' lang='lat' dir='ltr'><strong>stolus</strong></span> <span class='ocrx_word' id='word_1_405' title='bbox 2273 2614 2428 2681; x_wconf 79' lang='lat' dir='ltr'><strong>dixit,</strong></span> <span class='ocrx_word' id='word_1_406' title='bbox 2461 2614 2672 2670; x_wconf 73' lang='lat' dir='ltr'><strong>futuras</strong></span> <span class='ocrx_word' id='word_1_407' title='bbox 2700 2620 2783 2671; x_wconf 84' lang='lat' dir='ltr'><strong>est</strong></span> <span class='ocrx_word' id='word_1_408' title='bbox 2812 2614 3041 2687; x_wconf 76' lang='lat' dir='ltr'><strong>pupillus</strong></span> <span class='ocrx_word' id='word_1_409' title='bbox 3070 2610 3178 2681; x_wconf 84' lang='lat' dir='ltr'><strong>ille,</strong></span> <span class='ocrx_word' id='word_1_410' title='bbox 3210 2608 3302 2687; x_wconf 85' lang='lat' dir='ltr'><strong>qui</strong></span> <span class='ocrx_word' id='word_1_411' title='bbox 3335 2615 3677 2672; x_wconf 83' lang='lat' dir='ltr'><strong>Antichristo</strong></span> 
     </span>
    </p>
   </div>
   <div class='ocr_carea' id='block_1_57' title="bbox 2074 2700 3669 2777">
    <p class='ocr_par' dir='ltr' id='par_1_57' title="bbox 2074 2700 3669 2777">
     <span class='ocr_line' id='line_1_57' title="bbox 2074 2700 3669 2777; baseline 0.001 -16"><span class='ocrx_word' id='word_1_412' title='bbox 2074 2712 2159 2761; x_wconf 91' lang='lat' dir='ltr'><strong>est</strong></span> <span class='ocrx_word' id='word_1_413' title='bbox 2185 2706 2505 2770; x_wconf 79' lang='lat' dir='ltr'><strong>serviturus,</strong></span> <span class='ocrx_word' id='word_1_414' title='bbox 2538 2718 2697 2775; x_wconf 88' lang='lat' dir='ltr'><strong>quem</strong></span> <span class='ocrx_word' id='word_1_415' title='bbox 2720 2700 2863 2777; x_wconf 89' lang='lat' dir='ltr'><strong>ligna</strong></span> <span class='ocrx_word' id='word_1_416' title='bbox 2907 2706 3057 2761; x_wconf 75' lang='lat' dir='ltr'><strong>silvm</strong></span> <span class='ocrx_word' id='word_1_417' title='bbox 3086 2706 3361 2777; x_wconf 84' lang='lat' dir='ltr'><strong>appellat;</strong></span> <span class='ocrx_word' id='word_1_418' title='bbox 3397 2713 3451 2763; x_wconf 90' lang='lat' dir='ltr'><strong>et</strong></span> <span class='ocrx_word' id='word_1_419' title='bbox 3481 2723 3669 2764; x_wconf 86' lang='lat' dir='ltr'><strong>neces-</strong></span> 
     </span>
    </p>
   </div>
   <div class='ocr_carea' id='block_1_58' title="bbox 2075 2794 3678 2873">
    <p class='ocr_par' dir='ltr' id='par_1_58' title="bbox 2075 2794 3678 2873">
     <span class='ocr_line' id='line_1_58' title="bbox 2075 2794 3678 2873; baseline 0.002 -20"><span class='ocrx_word' id='word_1_420' title='bbox 2075 2810 2134 2853; x_wconf 84' lang='lat' dir='ltr'><strong>se</strong></span> <span class='ocrx_word' id='word_1_421' title='bbox 2154 2806 2237 2852; x_wconf 87' lang='lat' dir='ltr'><strong>est</strong></span> <span class='ocrx_word' id='word_1_422' title='bbox 2270 2804 2331 2851; x_wconf 87' lang='lat' dir='ltr'><strong>ut</strong></span> <span class='ocrx_word' id='word_1_423' title='bbox 2361 2797 2545 2852; x_wconf 74' lang='lat' dir='ltr'><strong>credat</strong></span> <span class='ocrx_word' id='word_1_424' title='bbox 2585 2796 2886 2864; x_wconf 84' lang='lat' dir='ltr'><strong>mendacio,</strong></span> <span class='ocrx_word' id='word_1_425' title='bbox 2924 2798 2977 2854; x_wconf 83' lang='lat' dir='ltr'><strong>id</strong></span> <span class='ocrx_word' id='word_1_426' title='bbox 3016 2806 3120 2865; x_wconf 92' lang='lat' dir='ltr'><strong>est,</strong></span> <span class='ocrx_word' id='word_1_427' title='bbox 3172 2794 3537 2868; x_wconf 76' lang='lat' dir='ltr'><strong>Antichristo,</strong></span> <span class='ocrx_word' id='word_1_428' title='bbox 3585 2803 3678 2873; x_wconf 89' lang='lat' dir='ltr'><strong>qui</strong></span> 
     </span>
    </p>
   </div>
   <div class='ocr_carea' id='block_1_59' title="bbox 2076 2880 3679 2968">
    <p class='ocr_par' dir='ltr' id='par_1_59' title="bbox 2076 2880 3679 2968">
     <span class='ocr_line' id='line_1_59' title="bbox 2076 2880 3679 2968; baseline 0.004 -23"><span class='ocrx_word' id='word_1_429' title='bbox 2076 2890 2292 2945; x_wconf 66' lang='lat' dir='ltr'><strong>Veritati</strong></span> <span class='ocrx_word' id='word_1_430' title='bbox 2330 2889 2551 2945; x_wconf 89' lang='lat' dir='ltr'><strong>Christo</strong></span> <span class='ocrx_word' id='word_1_431' title='bbox 2578 2889 2751 2946; x_wconf 90' lang='lat' dir='ltr'><strong>noluit</strong></span> <span class='ocrx_word' id='word_1_432' title='bbox 2800 2890 3026 2947; x_wconf 87' lang='lat' dir='ltr'><strong>credere</strong></span> <span class='ocrx_word' id='word_1_433' title='bbox 3082 2880 3172 2964; x_wconf 76' lang='lat' dir='ltr'><strong>(ll</strong></span> <span class='ocrx_word' id='word_1_434' title='bbox 3206 2884 3391 2948; x_wconf 75' lang='lat' dir='ltr'><strong>Thess.</strong></span> <span class='ocrx_word' id='word_1_435' title='bbox 3439 2896 3524 2968; x_wconf 86' lang='grc' dir='ltr'><strong>ιι).</strong></span> <span class='ocrx_word' id='word_1_436' title='bbox 3553 2894 3679 2951; x_wconf 86' lang='lat' dir='ltr'><strong>Ideo</strong></span> 
     </span>
    </p>
   </div>
   <div class='ocr_carea' id='block_1_60' title="bbox 2076 2984 3679 3056">
    <p class='ocr_par' dir='ltr' id='par_1_60' title="bbox 2076 2984 3679 3056">
     <span class='ocr_line' id='line_1_60' title="bbox 2076 2984 3679 3056; baseline 0.001 -15"><span class='ocrx_word' id='word_1_437' title='bbox 2076 2993 2131 3041; x_wconf 90' lang='lat' dir='ltr'><strong>et</strong></span> <span class='ocrx_word' id='word_1_438' title='bbox 2154 2998 2184 3038; x_wconf 90' lang='lat' dir='ltr'><strong>a</strong></span> <span class='ocrx_word' id='word_1_439' title='bbox 2216 2998 2383 3056; x_wconf 86' lang='lat' dir='ltr'><strong>regno</strong></span> <span class='ocrx_word' id='word_1_440' title='bbox 2428 2985 2575 3051; x_wconf 89' lang='lat' dir='ltr'><strong>vitis,</strong></span> <span class='ocrx_word' id='word_1_441' title='bbox 2609 2984 2664 3040; x_wconf 91' lang='lat' dir='ltr'><strong>id</strong></span> <span class='ocrx_word' id='word_1_442' title='bbox 2709 2986 2811 3053; x_wconf 88' lang='lat' dir='ltr'><strong>est,</strong></span> <span class='ocrx_word' id='word_1_443' title='bbox 2850 2984 3077 3052; x_wconf 86' lang='lat' dir='ltr'><strong>Christi,</strong></span> <span class='ocrx_word' id='word_1_444' title='bbox 3131 2988 3187 3042; x_wconf 89' lang='lat' dir='ltr'><strong>et</strong></span> <span class='ocrx_word' id='word_1_445' title='bbox 3216 2986 3285 3042; x_wconf 89' lang='lat' dir='ltr'><strong>ab</strong></span> <span class='ocrx_word' id='word_1_446' title='bbox 3314 2987 3455 3053; x_wconf 85' lang='lat' dir='ltr'><strong>olea,</strong></span> <span class='ocrx_word' id='word_1_447' title='bbox 3490 2984 3544 3043; x_wconf 91' lang='lat' dir='ltr'><strong>id</strong></span> <span class='ocrx_word' id='word_1_448' title='bbox 3573 2990 3679 3055; x_wconf 88' lang='lat' dir='ltr'><strong>est,</strong></span> 
     </span>
    </p>
   </div>
   <div class='ocr_carea' id='block_1_61' title="bbox 2078 3074 3681 3149">
    <p class='ocr_par' dir='ltr' id='par_1_61' title="bbox 2078 3074 3681 3149">
     <span class='ocr_line' id='line_1_61' title="bbox 2078 3074 3681 3149; baseline 0.001 -16"><span class='ocrx_word' id='word_1_449' title='bbox 2078 3074 2253 3133; x_wconf 89' lang='lat' dir='ltr'><strong>sancti</strong></span> <span class='ocrx_word' id='word_1_450' title='bbox 2303 3074 2539 3146; x_wconf 85' lang='lat' dir='ltr'><strong>Spiritus</strong></span> <span class='ocrx_word' id='word_1_451' title='bbox 2576 3076 2771 3149; x_wconf 87' lang='lat' dir='ltr'><strong>gratia,</strong></span> <span class='ocrx_word' id='word_1_452' title='bbox 2816 3084 2872 3133; x_wconf 90' lang='lat' dir='ltr'><strong>et</strong></span> <span class='ocrx_word' id='word_1_453' title='bbox 2917 3093 2948 3132; x_wconf 89' lang='lat' dir='ltr'><strong>a</strong></span> <span class='ocrx_word' id='word_1_454' title='bbox 2987 3076 3113 3143; x_wconf 84' lang='lat' dir='ltr'><strong>ficu,</strong></span> <span class='ocrx_word' id='word_1_455' title='bbox 3145 3074 3197 3133; x_wconf 93' lang='lat' dir='ltr'><strong>id</strong></span> <span class='ocrx_word' id='word_1_456' title='bbox 3237 3080 3341 3147; x_wconf 87' lang='lat' dir='ltr'><strong>est,</strong></span> <span class='ocrx_word' id='word_1_457' title='bbox 3375 3074 3576 3135; x_wconf 63' lang='lat' dir='ltr'><strong>divinae</strong></span> <span class='ocrx_word' id='word_1_458' title='bbox 3604 3079 3681 3135; x_wconf 86' lang='lat' dir='ltr'><strong>ie-</strong></span> 
     </span>
    </p>
   </div>
   <div class='ocr_carea' id='block_1_62' title="bbox 2076 3162 3680 3241">
    <p class='ocr_par' dir='ltr' id='par_1_62' title="bbox 2076 3162 3680 3241">
     <span class='ocr_line' id='line_1_62' title="bbox 2076 3162 3680 3241; baseline 0.002 -18"><span class='ocrx_word' id='word_1_459' title='bbox 2076 3169 2160 3241; x_wconf 92' lang='lat' dir='ltr'><strong>gis</strong></span> <span class='ocrx_word' id='word_1_460' title='bbox 2186 3162 2470 3224; x_wconf 81' lang='lat' dir='ltr'><strong>dulcedine</strong></span> <span class='ocrx_word' id='word_1_461' title='bbox 2502 3171 2840 3238; x_wconf 86' lang='lat' dir='ltr'><strong>reprobatus,</strong></span> <span class='ocrx_word' id='word_1_462' title='bbox 2866 3170 3016 3225; x_wconf 85' lang='lat' dir='ltr'><strong>venit</strong></span> <span class='ocrx_word' id='word_1_463' title='bbox 3039 3169 3108 3226; x_wconf 88' lang='lat' dir='ltr'><strong>ad</strong></span> <span class='ocrx_word' id='word_1_464' title='bbox 3136 3168 3444 3227; x_wconf 84' lang='lat' dir='ltr'><strong>rbamnum.</strong></span> <span class='ocrx_word' id='word_1_465' title='bbox 3471 3168 3680 3228; x_wconf 81' lang='lat' dir='ltr'><strong>Rham-</strong></span> 
     </span>
    </p>
   </div>
   <div class='ocr_carea' id='block_1_63' title="bbox 381 3244 3677 3337">
    <p class='ocr_par' dir='ltr' id='par_1_63' title="bbox 381 3244 3677 3337">
     <span class='ocr_line' id='line_1_63' title="bbox 381 3244 3677 3337; baseline 0.005 -16"><span class='ocrx_word' id='word_1_466' title='bbox 381 3266 489 3321; x_wconf 83' lang='lat' dir='ltr'><strong>rat.</strong></span> <span class='ocrx_word' id='word_1_467' title='bbox 518 3256 640 3332; x_wconf 77' lang='lat' dir='ltr'><strong>Hic,</strong></span> <span class='ocrx_word' id='word_1_468' title='bbox 668 3264 862 3337; x_wconf 88' lang='lat' dir='ltr'><strong>inquit,</strong></span> <span class='ocrx_word' id='word_1_469' title='bbox 887 3268 1135 3325; x_wconf 83' lang='lat' dir='ltr'><strong>ascendit</strong></span> <span class='ocrx_word' id='word_1_470' title='bbox 1161 3268 1215 3327; x_wconf 89' lang='lat' dir='ltr'><strong>in</strong></span> <span class='ocrx_word' id='word_1_471' title='bbox 1263 3244 1524 3329; x_wconf 80' lang='lat' dir='ltr'><strong>verticem</strong></span> <span class='ocrx_word' id='word_1_472' title='bbox 1562 3276 1764 3331; x_wconf 90' lang='lat' dir='ltr'><strong>montis</strong></span> <span class='ocrx_word' id='word_1_473' title='bbox 1815 3272 1974 3331; x_wconf 84' lang='lat' dir='ltr'><strong>Gari-</strong></span> <span class='ocrx_word' id='word_1_474' title='bbox 2005 3244 2050 3310; x_wconf 78' lang='lat' dir='ltr'>C</span> <span class='ocrx_word' id='word_1_475' title='bbox 2083 3268 2185 3316; x_wconf 63' lang='lat' dir='ltr'><strong>mis</strong></span> <span class='ocrx_word' id='word_1_476' title='bbox 2221 3270 2304 3316; x_wconf 67' lang='grc' dir='ltr'><strong>θεῖ</strong></span> <span class='ocrx_word' id='word_1_477' title='bbox 2327 3274 2496 3332; x_wconf 68' lang='lat' dir='ltr'><strong>genus</strong></span> <span class='ocrx_word' id='word_1_478' title='bbox 2526 3262 2664 3325; x_wconf 55' lang='lat' dir='ltr'><strong>Tum,</strong></span> <span class='ocrx_word' id='word_1_479' title='bbox 2708 3268 2874 3331; x_wconf 54' lang='lat' dir='ltr'><strong>quam</strong></span> <span class='ocrx_word' id='word_1_480' title='bbox 2913 3260 3077 3337; x_wconf 72' lang='grc' dir='ltr'><strong>νιιιεο</strong></span> <span class='ocrx_word' id='word_1_481' title='bbox 3123 3264 3376 3318; x_wconf 54' lang='lat' dir='ltr'><strong>“nucem</strong></span> <span class='ocrx_word' id='word_1_482' title='bbox 3424 3262 3677 3319; x_wconf 58' lang='lat' dir='ltr'><strong>&quot;Sinam</strong></span> 
     </span>
    </p>
   </div>
   <div class='ocr_carea' id='block_1_64' title="bbox 384 3356 1976 3435">
    <p class='ocr_par' dir='ltr' id='par_1_64' title="bbox 384 3356 1976 3435">
     <span class='ocr_line' id='line_1_64' title="bbox 384 3356 1976 3435; baseline 0.006 -24"><span class='ocrx_word' id='word_1_483' title='bbox 384 3356 515 3423; x_wconf 83' lang='lat' dir='ltr'><strong>zim,</strong></span> <span class='ocrx_word' id='word_1_484' title='bbox 554 3364 610 3411; x_wconf 88' lang='lat' dir='ltr'><strong>et</strong></span> <span class='ocrx_word' id='word_1_485' title='bbox 657 3358 983 3413; x_wconf 83' lang='lat' dir='ltr'><strong>exclamavit</strong></span> <span class='ocrx_word' id='word_1_486' title='bbox 1038 3376 1171 3416; x_wconf 87' lang='lat' dir='ltr'><strong>voce</strong></span> <span class='ocrx_word' id='word_1_487' title='bbox 1227 3378 1423 3433; x_wconf 87' lang='lat' dir='ltr'><strong>magna</strong></span> <span class='ocrx_word' id='word_1_488' title='bbox 1478 3364 1546 3417; x_wconf 89' lang='lat' dir='ltr'><strong>ad</strong></span> <span class='ocrx_word' id='word_1_489' title='bbox 1588 3362 1867 3435; x_wconf 91' lang='lat' dir='ltr'><strong>populum,</strong></span> <span class='ocrx_word' id='word_1_490' title='bbox 1910 3364 1976 3421; x_wconf 90' lang='lat' dir='ltr'><strong>de</strong></span> 
     </span>
    </p>
   </div>
   <div class='ocr_carea' id='block_1_65' title="bbox 384 3445 1981 3527">
    <p class='ocr_par' dir='ltr' id='par_1_65' title="bbox 384 3445 1981 3527">
     <span class='ocr_line' id='line_1_65' title="bbox 384 3445 1981 3527; baseline 0.005 -23"><span class='ocrx_word' id='word_1_491' title='bbox 384 3445 657 3504; x_wconf 86' lang='lat' dir='ltr'><strong>sicomoro</strong></span> <span class='ocrx_word' id='word_1_492' title='bbox 711 3464 921 3519; x_wconf 90' lang='lat' dir='ltr'><strong>ponens</strong></span> <span class='ocrx_word' id='word_1_493' title='bbox 974 3446 1055 3507; x_wconf 90' lang='lat' dir='ltr'><strong>eis</strong></span> <span class='ocrx_word' id='word_1_494' title='bbox 1104 3453 1440 3523; x_wconf 87' lang='lat' dir='ltr'><strong>parabolam.</strong></span> <span class='ocrx_word' id='word_1_495' title='bbox 1475 3446 1575 3509; x_wconf 88' lang='lat' dir='ltr'><strong>ilic</strong></span> <span class='ocrx_word' id='word_1_496' title='bbox 1637 3471 1766 3527; x_wconf 87' lang='lat' dir='ltr'><strong>ergo</strong></span> <span class='ocrx_word' id='word_1_497' title='bbox 1791 3452 1981 3527; x_wconf 87' lang='lat' dir='ltr'><strong>junior</strong></span> 
     </span>
    </p>
   </div>
   <div class='ocr_carea' id='block_1_66' title="bbox 384 3534 1977 3620">
    <p class='ocr_par' dir='ltr' id='par_1_66' title="bbox 384 3534 1977 3620">
     <span class='ocr_line' id='line_1_66' title="bbox 384 3534 1977 3620; baseline 0.007 -26"><span class='ocrx_word' id='word_1_498' title='bbox 384 3536 551 3605; x_wconf 82' lang='lat' dir='ltr'><strong>ﬁlius,</strong></span> <span class='ocrx_word' id='word_1_499' title='bbox 589 3536 681 3609; x_wconf 87' lang='lat' dir='ltr'><strong>qui</strong></span> <span class='ocrx_word' id='word_1_500' title='bbox 708 3539 847 3612; x_wconf 85' lang='lat' dir='ltr'><strong>l&#39;ugit</strong></span> <span class='ocrx_word' id='word_1_501' title='bbox 871 3548 931 3596; x_wconf 90' lang='lat' dir='ltr'><strong>ut</strong></span> <span class='ocrx_word' id='word_1_502' title='bbox 959 3534 1194 3615; x_wconf 86' lang='lat' dir='ltr'><strong>gladium</strong></span> <span class='ocrx_word' id='word_1_503' title='bbox 1234 3542 1439 3603; x_wconf 89' lang='lat' dir='ltr'><strong>inimici</strong></span> <span class='ocrx_word' id='word_1_504' title='bbox 1481 3546 1754 3617; x_wconf 85' lang='lat' dir='ltr'><strong>evaderet,</strong></span> <span class='ocrx_word' id='word_1_505' title='bbox 1802 3550 1977 3620; x_wconf 89' lang='lat' dir='ltr'><strong>ﬁgura</strong></span> 
     </span>
    </p>
   </div>
   <div class='ocr_carea' id='block_1_67' title="bbox 386 3629 1980 3707">
    <p class='ocr_par' dir='ltr' id='par_1_67' title="bbox 386 3629 1980 3707">
     <span class='ocr_line' id='line_1_67' title="bbox 386 3629 1980 3707; baseline 0.007 -23"><span class='ocrx_word' id='word_1_506' title='bbox 386 3634 471 3686; x_wconf 76' lang='lat' dir='ltr'><strong>est</strong></span> <span class='ocrx_word' id='word_1_507' title='bbox 498 3629 700 3686; x_wconf 89' lang='lat' dir='ltr'><strong>residui</strong></span> <span class='ocrx_word' id='word_1_508' title='bbox 733 3633 913 3707; x_wconf 90' lang='lat' dir='ltr'><strong>populi</strong></span> <span class='ocrx_word' id='word_1_509' title='bbox 962 3633 1151 3701; x_wconf 88' lang='lat' dir='ltr'><strong>israel,</strong></span> <span class='ocrx_word' id='word_1_510' title='bbox 1192 3636 1523 3707; x_wconf 72' lang='lat' dir='ltr'><strong>prmdicante</strong></span> <span class='ocrx_word' id='word_1_511' title='bbox 1551 3638 1667 3694; x_wconf 81' lang='lat' dir='ltr'><strong>Elia</strong></span> <span class='ocrx_word' id='word_1_512' title='bbox 1716 3638 1980 3697; x_wconf 75' lang='lat' dir='ltr'><strong>extremis</strong></span> 
     </span>
    </p>
   </div>
   <div class='ocr_carea' id='block_1_68' title="bbox 387 3723 1980 3805">
    <p class='ocr_par' dir='ltr' id='par_1_68' title="bbox 387 3723 1980 3805">
     <span class='ocr_line' id='line_1_68' title="bbox 387 3723 1980 3805; baseline 0.007 -28"><span class='ocrx_word' id='word_1_513' title='bbox 387 3723 721 3794; x_wconf 84' lang='lat' dir='ltr'><strong>temporibus</strong></span> <span class='ocrx_word' id='word_1_514' title='bbox 760 3724 1038 3794; x_wconf 89' lang='lat' dir='ltr'><strong>credituri,</strong></span> <span class='ocrx_word' id='word_1_515' title='bbox 1098 3736 1152 3783; x_wconf 90' lang='lat' dir='ltr'><strong>et</strong></span> <span class='ocrx_word' id='word_1_516' title='bbox 1196 3724 1516 3787; x_wconf 82' lang='lat' dir='ltr'><strong>Antichristi</strong></span> <span class='ocrx_word' id='word_1_517' title='bbox 1572 3728 1811 3805; x_wconf 85' lang='lat' dir='ltr'><strong>gladium</strong></span> <span class='ocrx_word' id='word_1_518' title='bbox 1858 3751 1980 3789; x_wconf 84' lang='lat' dir='ltr'><strong>eva-</strong></span> 
     </span>
    </p>
   </div>
   <div class='ocr_carea' id='block_1_69' title="bbox 387 3815 1974 3893">
    <p class='ocr_par' dir='ltr' id='par_1_69' title="bbox 387 3815 1974 3893">
     <span class='ocr_line' id='line_1_69' title="bbox 387 3815 1974 3893; baseline 0.005 -22"><span class='ocrx_word' id='word_1_519' title='bbox 387 3815 523 3871; x_wconf 83' lang='lat' dir='ltr'><strong>suri.</strong></span> <span class='ocrx_word' id='word_1_520' title='bbox 553 3816 822 3883; x_wconf 83' lang='lat' dir='ltr'><strong>Ascendit,</strong></span> <span class='ocrx_word' id='word_1_521' title='bbox 863 3819 1058 3893; x_wconf 88' lang='lat' dir='ltr'><strong>inquit,</strong></span> <span class='ocrx_word' id='word_1_522' title='bbox 1094 3820 1190 3876; x_wconf 88' lang='lat' dir='ltr'><strong>iste</strong></span> <span class='ocrx_word' id='word_1_523' title='bbox 1222 3824 1468 3878; x_wconf 81' lang='lat' dir='ltr'><strong>verticem</strong></span> <span class='ocrx_word' id='word_1_524' title='bbox 1505 3826 1695 3879; x_wconf 79' lang='lat' dir='ltr'><strong>utentis</strong></span> <span class='ocrx_word' id='word_1_525' title='bbox 1712 3822 1974 3883; x_wconf 77' lang='lat' dir='ltr'><strong>Garizim.</strong></span> 
     </span>
    </p>
   </div>
   <div class='ocr_carea' id='block_1_70' title="bbox 388 3904 1981 3987">
    <p class='ocr_par' dir='ltr' id='par_1_70' title="bbox 388 3904 1981 3987">
     <span class='ocr_line' id='line_1_70' title="bbox 388 3904 1981 3987; baseline 0.006 -24"><span class='ocrx_word' id='word_1_526' title='bbox 388 3904 497 3963; x_wconf 83' lang='lat' dir='ltr'><strong>Sed</strong></span> <span class='ocrx_word' id='word_1_527' title='bbox 528 3923 627 3965; x_wconf 89' lang='lat' dir='ltr'><strong>cur</strong></span> <span class='ocrx_word' id='word_1_528' title='bbox 675 3918 915 3967; x_wconf 85' lang='lat' dir='ltr'><strong>montem</strong></span> <span class='ocrx_word' id='word_1_529' title='bbox 970 3906 1256 3969; x_wconf 86' lang='lat' dir='ltr'><strong>ascendit?</strong></span> <span class='ocrx_word' id='word_1_530' title='bbox 1296 3908 1431 3984; x_wconf 88' lang='lat' dir='ltr'><strong>Quia</strong></span> <span class='ocrx_word' id='word_1_531' title='bbox 1497 3932 1596 3971; x_wconf 89' lang='lat' dir='ltr'><strong>nec</strong></span> <span class='ocrx_word' id='word_1_532' title='bbox 1652 3910 1981 3987; x_wconf 80' lang='lat' dir='ltr'><strong>prophetare</strong></span> 
     </span>
    </p>
   </div>
   <div class='ocr_carea' id='block_1_71' title="bbox 389 4002 1981 4079">
    <p class='ocr_par' dir='ltr' id='par_1_71' title="bbox 389 4002 1981 4079">
     <span class='ocr_line' id='line_1_71' title="bbox 389 4002 1981 4079; baseline 0.005 -25"><span class='ocrx_word' id='word_1_533' title='bbox 389 4004 493 4055; x_wconf 83' lang='lat' dir='ltr'><strong>nec</strong></span> <span class='ocrx_word' id='word_1_534' title='bbox 513 4002 949 4072; x_wconf 87' lang='lat' dir='ltr'><strong>persecutionem</strong></span> <span class='ocrx_word' id='word_1_535' title='bbox 977 4002 1298 4061; x_wconf 83' lang='lat' dir='ltr'><strong>Antichristi</strong></span> <span class='ocrx_word' id='word_1_536' title='bbox 1353 4006 1584 4077; x_wconf 89' lang='lat' dir='ltr'><strong>quisque</strong></span> <span class='ocrx_word' id='word_1_537' title='bbox 1624 4004 1853 4064; x_wconf 86' lang='lat' dir='ltr'><strong>evadere</strong></span> <span class='ocrx_word' id='word_1_538' title='bbox 1882 4024 1981 4079; x_wconf 89' lang='lat' dir='ltr'><strong>po-</strong></span> 
     </span>
    </p>
   </div>
   <div class='ocr_carea' id='block_1_72' title="bbox 388 4092 1979 4167">
    <p class='ocr_par' dir='ltr' id='par_1_72' title="bbox 388 4092 1979 4167">
     <span class='ocr_line' id='line_1_72' title="bbox 388 4092 1979 4167; baseline 0.005 -22"><span class='ocrx_word' id='word_1_539' title='bbox 388 4096 517 4157; x_wconf 72' lang='lat' dir='ltr'><strong>test,</strong></span> <span class='ocrx_word' id='word_1_540' title='bbox 545 4092 648 4148; x_wconf 85' lang='lat' dir='ltr'><strong>nisi</strong></span> <span class='ocrx_word' id='word_1_541' title='bbox 676 4092 826 4167; x_wconf 88' lang='lat' dir='ltr'><strong>prius</strong></span> <span class='ocrx_word' id='word_1_542' title='bbox 852 4094 973 4165; x_wconf 88' lang='lat' dir='ltr'><strong>quis</strong></span> <span class='ocrx_word' id='word_1_543' title='bbox 1000 4092 1054 4150; x_wconf 91' lang='lat' dir='ltr'><strong>in</strong></span> <span class='ocrx_word' id='word_1_544' title='bbox 1084 4106 1322 4152; x_wconf 83' lang='lat' dir='ltr'><strong>montem</strong></span> <span class='ocrx_word' id='word_1_545' title='bbox 1348 4094 1759 4159; x_wconf 88' lang='lat' dir='ltr'><strong>benedictionis,</strong></span> <span class='ocrx_word' id='word_1_546' title='bbox 1795 4094 1845 4154; x_wconf 91' lang='lat' dir='ltr'><strong>id</strong></span> <span class='ocrx_word' id='word_1_547' title='bbox 1871 4106 1979 4164; x_wconf 88' lang='lat' dir='ltr'><strong>est,</strong></span> 
     </span>
    </p>
   </div>
   <div class='ocr_carea' id='block_1_73' title="bbox 389 4178 1981 4248">
    <p class='ocr_par' dir='ltr' id='par_1_73' title="bbox 389 4178 1981 4248">
     <span class='ocr_line' id='line_1_73' title="bbox 389 4178 1981 4248; baseline 0.006 -11"><span class='ocrx_word' id='word_1_548' title='bbox 389 4183 448 4237; x_wconf 87' lang='lat' dir='ltr'><strong>in</strong></span> <span class='ocrx_word' id='word_1_549' title='bbox 487 4178 874 4241; x_wconf 82' lang='lat' dir='ltr'><strong>sublimitatem</strong></span> <span class='ocrx_word' id='word_1_550' title='bbox 922 4186 1047 4241; x_wconf 87' lang='lat' dir='ltr'><strong>ﬁdei</strong></span> <span class='ocrx_word' id='word_1_551' title='bbox 1078 4203 1143 4244; x_wconf 87' lang='lat' dir='ltr'><strong>ac</strong></span> <span class='ocrx_word' id='word_1_552' title='bbox 1190 4188 1452 4244; x_wconf 88' lang='lat' dir='ltr'><strong>virtutum</strong></span> <span class='ocrx_word' id='word_1_553' title='bbox 1512 4190 1859 4248; x_wconf 88' lang='lat' dir='ltr'><strong>ascenderit:</strong></span> <span class='ocrx_word' id='word_1_554' title='bbox 1891 4188 1981 4247; x_wconf 84' lang='lat' dir='ltr'><strong>hic</strong></span> 
     </span>
    </p>
   </div>
   <div class='ocr_carea' id='block_1_74' title="bbox 388 4274 1979 4352">
    <p class='ocr_par' dir='ltr' id='par_1_74' title="bbox 388 4274 1979 4352">
     <span class='ocr_line' id='line_1_74' title="bbox 388 4274 1979 4352; baseline 0.006 -22"><span class='ocrx_word' id='word_1_555' title='bbox 388 4280 477 4330; x_wconf 88' lang='lat' dir='ltr'><strong>est</strong></span> <span class='ocrx_word' id='word_1_556' title='bbox 500 4275 644 4328; x_wconf 90' lang='lat' dir='ltr'><strong>enim</strong></span> <span class='ocrx_word' id='word_1_557' title='bbox 686 4286 841 4329; x_wconf 89' lang='lat' dir='ltr'><strong>mons</strong></span> <span class='ocrx_word' id='word_1_558' title='bbox 871 4274 1132 4344; x_wconf 87' lang='lat' dir='ltr'><strong>Garizim,</strong></span> <span class='ocrx_word' id='word_1_559' title='bbox 1174 4276 1264 4349; x_wconf 89' lang='lat' dir='ltr'><strong>qui</strong></span> <span class='ocrx_word' id='word_1_560' title='bbox 1317 4274 1499 4352; x_wconf 82' lang='lat' dir='ltr'><strong>Moyse</strong></span> <span class='ocrx_word' id='word_1_561' title='bbox 1530 4276 1582 4337; x_wconf 91' lang='lat' dir='ltr'><strong>in</strong></span> <span class='ocrx_word' id='word_1_562' title='bbox 1641 4280 1979 4339; x_wconf 80' lang='lat' dir='ltr'><strong>benedictio-</strong></span> 
     </span>
    </p>
   </div>
   <div class='ocr_carea' id='block_1_75' title="bbox 391 4366 1980 4444">
    <p class='ocr_par' dir='ltr' id='par_1_75' title="bbox 391 4366 1980 4444">
     <span class='ocr_line' id='line_1_75' title="bbox 391 4366 1980 4444; baseline 0.004 -17"><span class='ocrx_word' id='word_1_563' title='bbox 391 4386 517 4427; x_wconf 89' lang='lat' dir='ltr'><strong>nem</strong></span> <span class='ocrx_word' id='word_1_564' title='bbox 569 4366 878 4443; x_wconf 85' lang='lat' dir='ltr'><strong>deputatur.</strong></span> <span class='ocrx_word' id='word_1_565' title='bbox 932 4372 1121 4444; x_wconf 82' lang='lat' dir='ltr'><strong>Itaque</strong></span> <span class='ocrx_word' id='word_1_566' title='bbox 1170 4389 1294 4429; x_wconf 91' lang='lat' dir='ltr'><strong>cum</strong></span> <span class='ocrx_word' id='word_1_567' title='bbox 1355 4377 1706 4441; x_wconf 84' lang='lat' dir='ltr'><strong>ascendisset,</strong></span> <span class='ocrx_word' id='word_1_568' title='bbox 1766 4378 1980 4433; x_wconf 88' lang='lat' dir='ltr'><strong>elevata</strong></span> 
     </span>
    </p>
   </div>
   <div class='ocr_carea' id='block_1_76' title="bbox 389 4454 1980 4527">
    <p class='ocr_par' dir='ltr' id='par_1_76' title="bbox 389 4454 1980 4527">
     <span class='ocr_line' id='line_1_76' title="bbox 389 4454 1980 4527; baseline 0.001 -9"><span class='ocrx_word' id='word_1_569' title='bbox 389 4479 523 4520; x_wconf 85' lang='lat' dir='ltr'><strong>voce</strong></span> <span class='ocrx_word' id='word_1_570' title='bbox 552 4462 807 4519; x_wconf 83' lang='lat' dir='ltr'><strong>clamavit</strong></span> <span class='ocrx_word' id='word_1_571' title='bbox 842 4471 897 4518; x_wconf 89' lang='lat' dir='ltr'><strong>et</strong></span> <span class='ocrx_word' id='word_1_572' title='bbox 925 4460 1061 4519; x_wconf 82' lang='lat' dir='ltr'><strong>dixit</strong></span> <span class='ocrx_word' id='word_1_573' title='bbox 1090 4482 1102 4517; x_wconf 89' lang='lat'><strong>:</strong></span> <span class='ocrx_word' id='word_1_574' title='bbox 1137 4454 1329 4520; x_wconf 80' lang='lat' dir='ltr'><strong>Audite</strong></span> <span class='ocrx_word' id='word_1_575' title='bbox 1378 4482 1476 4527; x_wconf 86' lang='lat' dir='ltr'><strong>me,</strong></span> <span class='ocrx_word' id='word_1_576' title='bbox 1508 4462 1605 4519; x_wconf 81' lang='lat' dir='ltr'><strong>viri</strong></span> <span class='ocrx_word' id='word_1_577' title='bbox 1635 4464 1864 4519; x_wconf 78' lang='lat' dir='ltr'><strong>Sic/tem.</strong></span> <span class='ocrx_word' id='word_1_578' title='bbox 1894 4464 1980 4521; x_wconf 90' lang='lat' dir='ltr'><strong>1e-</strong></span> 
     </span>
    </p>
   </div>
   <div class='ocr_carea' id='block_1_77' title="bbox 390 4556 1979 4630">
    <p class='ocr_par' dir='ltr' id='par_1_77' title="bbox 390 4556 1979 4630">
     <span class='ocr_line' id='line_1_77' title="bbox 390 4556 1979 4630; baseline 0.003 -20"><span class='ocrx_word' id='word_1_579' title='bbox 390 4568 512 4611; x_wconf 86' lang='lat' dir='ltr'><strong>runt</strong></span> <span class='ocrx_word' id='word_1_580' title='bbox 544 4557 708 4629; x_wconf 86' lang='lat' dir='ltr'><strong>ligna,</strong></span> <span class='ocrx_word' id='word_1_581' title='bbox 734 4568 787 4611; x_wconf 90' lang='lat' dir='ltr'><strong>ut</strong></span> <span class='ocrx_word' id='word_1_582' title='bbox 821 4568 1069 4628; x_wconf 86' lang='lat' dir='ltr'><strong>ungerent</strong></span> <span class='ocrx_word' id='word_1_583' title='bbox 1114 4574 1271 4629; x_wconf 85' lang='lat' dir='ltr'><strong>super</strong></span> <span class='ocrx_word' id='word_1_584' title='bbox 1309 4576 1364 4614; x_wconf 83' lang='lat' dir='ltr'><strong>se</strong></span> <span class='ocrx_word' id='word_1_585' title='bbox 1411 4572 1603 4630; x_wconf 86' lang='lat' dir='ltr'><strong>regem,</strong></span> <span class='ocrx_word' id='word_1_586' title='bbox 1633 4556 1979 4629; x_wconf 68' lang='lat' dir='ltr'><strong>dixeruntque</strong></span> 
     </span>
    </p>
   </div>
   <div class='ocr_carea' id='block_1_78' title="bbox 391 4644 1977 4723">
    <p class='ocr_par' dir='ltr' id='par_1_78' title="bbox 391 4644 1977 4723">
     <span class='ocr_line' id='line_1_78' title="bbox 391 4644 1977 4723; baseline 0.001 -21"><span class='ocrx_word' id='word_1_587' title='bbox 391 4646 541 4703; x_wconf 74' lang='lat' dir='ltr'><strong>olim</strong></span> <span class='ocrx_word' id='word_1_588' title='bbox 567 4660 584 4697; x_wconf 81' lang='lat'><strong>.&#39;</strong></span> <span class='ocrx_word' id='word_1_589' title='bbox 616 4646 827 4719; x_wconf 84' lang='lat' dir='ltr'><strong>Impera</strong></span> <span class='ocrx_word' id='word_1_590' title='bbox 867 4644 1033 4703; x_wconf 81' lang='lat' dir='ltr'><strong>nobis.</strong></span> <span class='ocrx_word' id='word_1_591' title='bbox 1075 4646 1206 4716; x_wconf 71' lang='lat' dir='ltr'><strong>Qua:</strong></span> <span class='ocrx_word' id='word_1_592' title='bbox 1236 4648 1540 4723; x_wconf 87' lang='lat' dir='ltr'><strong>respondit:</strong></span> <span class='ocrx_word' id='word_1_593' title='bbox 1571 4644 1828 4723; x_wconf 86' lang='lat' dir='ltr'><strong>Nunquid</strong></span> <span class='ocrx_word' id='word_1_594' title='bbox 1858 4668 1977 4721; x_wconf 83' lang='lat' dir='ltr'><strong>pos-</strong></span> 
     </span>
    </p>
   </div>
   <div class='ocr_carea' id='block_1_79' title="bbox 391 4735 1975 4815">
    <p class='ocr_par' dir='ltr' id='par_1_79' title="bbox 391 4735 1975 4815">
     <span class='ocr_line' id='line_1_79' title="bbox 391 4735 1975 4815; baseline 0.003 -22"><span class='ocrx_word' id='word_1_595' title='bbox 391 4754 509 4793; x_wconf 88' lang='lat' dir='ltr'><strong>sum</strong></span> <span class='ocrx_word' id='word_1_596' title='bbox 540 4737 773 4791; x_wconf 85' lang='lat' dir='ltr'><strong>amiltere</strong></span> <span class='ocrx_word' id='word_1_597' title='bbox 804 4735 1166 4809; x_wconf 83' lang='lat' dir='ltr'><strong>pinguedinem</strong></span> <span class='ocrx_word' id='word_1_598' title='bbox 1190 4759 1381 4806; x_wconf 87' lang='lat' dir='ltr'><strong>meam,</strong></span> <span class='ocrx_word' id='word_1_599' title='bbox 1420 4760 1523 4815; x_wconf 88' lang='lat' dir='ltr'><strong>qua</strong></span> <span class='ocrx_word' id='word_1_600' title='bbox 1576 4742 1653 4797; x_wconf 83' lang='lat' dir='ltr'><strong>dii</strong></span> <span class='ocrx_word' id='word_1_601' title='bbox 1682 4753 1905 4797; x_wconf 88' lang='lat' dir='ltr'><strong>utuntur</strong></span> <span class='ocrx_word' id='word_1_602' title='bbox 1927 4752 1975 4797; x_wconf 89' lang='lat' dir='ltr'><strong>et</strong></span> 
     </span>
    </p>
   </div>
   <div class='ocr_carea' id='block_1_80' title="bbox 391 4826 1978 4903">
    <p class='ocr_par' dir='ltr' id='par_1_80' title="bbox 391 4826 1978 4903">
     <span class='ocr_line' id='line_1_80' title="bbox 391 4826 1978 4903; baseline 0.003 -22"><span class='ocrx_word' id='word_1_603' title='bbox 391 4828 651 4893; x_wconf 81' lang='lat' dir='ltr'><strong>homines,</strong></span> <span class='ocrx_word' id='word_1_604' title='bbox 678 4836 724 4882; x_wconf 84' lang='lat' dir='ltr'><strong>et</strong></span> <span class='ocrx_word' id='word_1_605' title='bbox 754 4828 943 4893; x_wconf 86' lang='lat' dir='ltr'><strong>venire,</strong></span> <span class='ocrx_word' id='word_1_606' title='bbox 967 4839 1022 4883; x_wconf 90' lang='lat' dir='ltr'><strong>ut</strong></span> <span class='ocrx_word' id='word_1_607' title='bbox 1046 4831 1181 4885; x_wconf 88' lang='lat' dir='ltr'><strong>inter</strong></span> <span class='ocrx_word' id='word_1_608' title='bbox 1222 4828 1365 4903; x_wconf 86' lang='lat' dir='ltr'><strong>ligna</strong></span> <span class='ocrx_word' id='word_1_609' title='bbox 1409 4849 1719 4903; x_wconf 83' lang='lat' dir='ltr'><strong>promorear</strong></span> <span class='ocrx_word' id='word_1_610' title='bbox 1745 4832 1770 4887; x_wconf 71' lang='grc' dir='ltr'><strong>ἒ)</strong></span> <span class='ocrx_word' id='word_1_611' title='bbox 1815 4826 1978 4886; x_wconf 81' lang='lat' dir='ltr'><strong>Di.re~</strong></span> 
     </span>
    </p>
   </div>
   <div class='ocr_carea' id='block_1_81' title="bbox 391 4912 1979 4993">
    <p class='ocr_par' dir='ltr' id='par_1_81' title="bbox 391 4912 1979 4993">
     <span class='ocr_line' id='line_1_81' title="bbox 391 4912 1979 4993; baseline 0.004 -22"><span class='ocrx_word' id='word_1_612' title='bbox 391 4929 617 4991; x_wconf 87' lang='lat' dir='ltr'><strong>runtque</strong></span> <span class='ocrx_word' id='word_1_613' title='bbox 646 4914 786 4990; x_wconf 84' lang='lat' dir='ltr'><strong>ligna</strong></span> <span class='ocrx_word' id='word_1_614' title='bbox 815 4912 883 4971; x_wconf 89' lang='lat' dir='ltr'><strong>ad</strong></span> <span class='ocrx_word' id='word_1_615' title='bbox 913 4920 1149 4976; x_wconf 89' lang='lat' dir='ltr'><strong>arborem</strong></span> <span class='ocrx_word' id='word_1_616' title='bbox 1177 4922 1339 4992; x_wconf 84' lang='lat' dir='ltr'><strong>ﬁcum</strong></span> <span class='ocrx_word' id='word_1_617' title='bbox 1367 4932 1385 4977; x_wconf 65' lang='grc' dir='ltr'><em>ξ</em></span> <span class='ocrx_word' id='word_1_618' title='bbox 1429 4916 1577 4989; x_wconf 84' lang='lat' dir='ltr'><strong>Veni,</strong></span> <span class='ocrx_word' id='word_1_619' title='bbox 1610 4934 1657 4977; x_wconf 88' lang='lat' dir='ltr'><strong>et</strong></span> <span class='ocrx_word' id='word_1_620' title='bbox 1705 4941 1861 4993; x_wconf 84' lang='lat' dir='ltr'><strong>super</strong></span> <span class='ocrx_word' id='word_1_621' title='bbox 1886 4942 1979 4979; x_wconf 87' lang='lat' dir='ltr'><strong>nos</strong></span> 
     </span>
    </p>
   </div>
   <div class='ocr_carea' id='block_1_82' title="bbox 393 5012 1978 5089">
    <p class='ocr_par' dir='ltr' id='par_1_82' title="bbox 393 5012 1978 5089">
     <span class='ocr_line' id='line_1_82' title="bbox 393 5012 1978 5089; baseline 0.002 -21"><span class='ocrx_word' id='word_1_622' title='bbox 393 5030 609 5085; x_wconf 87' lang='lat' dir='ltr'><strong>regnum</strong></span> <span class='ocrx_word' id='word_1_623' title='bbox 633 5014 830 5087; x_wconf 84' lang='lat' dir='ltr'><strong>accipe.</strong></span> <span class='ocrx_word' id='word_1_624' title='bbox 865 5013 996 5080; x_wconf 73' lang='lat' dir='ltr'><strong>Qua:</strong></span> <span class='ocrx_word' id='word_1_625' title='bbox 1039 5016 1298 5086; x_wconf 84' lang='lat' dir='ltr'><strong>respondit</strong></span> <span class='ocrx_word' id='word_1_626' title='bbox 1326 5019 1443 5073; x_wconf 80' lang='lat' dir='ltr'><strong>eis:</strong></span> <span class='ocrx_word' id='word_1_627' title='bbox 1475 5012 1731 5089; x_wconf 84' lang='lat' dir='ltr'><strong>Nunquid</strong></span> <span class='ocrx_word' id='word_1_628' title='bbox 1768 5034 1978 5086; x_wconf 65' lang='lat' dir='ltr'><strong>possum</strong></span> 
     </span>
    </p>
   </div>
   <div class='ocr_carea' id='block_1_83' title="bbox 391 5104 1973 5182">
    <p class='ocr_par' dir='ltr' id='par_1_83' title="bbox 391 5104 1973 5182">
     <span class='ocr_line' id='line_1_83' title="bbox 391 5104 1973 5182; baseline 0.003 -23"><span class='ocrx_word' id='word_1_629' title='bbox 391 5105 628 5161; x_wconf 86' lang='lat' dir='ltr'><strong>deserere</strong></span> <span class='ocrx_word' id='word_1_630' title='bbox 690 5104 1019 5161; x_wconf 84' lang='lat' dir='ltr'><strong>dulcedinem</strong></span> <span class='ocrx_word' id='word_1_631' title='bbox 1051 5122 1240 5175; x_wconf 85' lang='lat' dir='ltr'><strong>meam,</strong></span> <span class='ocrx_word' id='word_1_632' title='bbox 1284 5108 1591 5182; x_wconf 77' lang='lat' dir='ltr'><strong>fructusque</strong></span> <span class='ocrx_word' id='word_1_633' title='bbox 1612 5110 1973 5177; x_wconf 63' lang='lat' dir='ltr'><strong>suavissimus,</strong></span> 
     </span>
    </p>
   </div>
   <div class='ocr_carea' id='block_1_84' title="bbox 392 5196 1977 5270">
    <p class='ocr_par' dir='ltr' id='par_1_84' title="bbox 392 5196 1977 5270">
     <span class='ocr_line' id='line_1_84' title="bbox 392 5196 1977 5270; baseline 0.005 -19"><span class='ocrx_word' id='word_1_634' title='bbox 392 5206 441 5251; x_wconf 82' lang='lat' dir='ltr'><strong>et</strong></span> <span class='ocrx_word' id='word_1_635' title='bbox 473 5212 550 5250; x_wconf 85' lang='lat' dir='ltr'><strong>tre</strong></span> <span class='ocrx_word' id='word_1_636' title='bbox 586 5206 641 5253; x_wconf 87' lang='lat' dir='ltr'><strong>ut</strong></span> <span class='ocrx_word' id='word_1_637' title='bbox 669 5207 807 5257; x_wconf 85' lang='lat' dir='ltr'><strong>mter</strong></span> <span class='ocrx_word' id='word_1_638' title='bbox 831 5208 1023 5253; x_wconf 61' lang='lat' dir='ltr'><strong>cratera</strong></span> <span class='ocrx_word' id='word_1_639' title='bbox 1072 5196 1216 5268; x_wconf 90' lang='lat' dir='ltr'><strong>ligna</strong></span> <span class='ocrx_word' id='word_1_640' title='bbox 1243 5205 1589 5270; x_wconf 86' lang='lat' dir='ltr'><strong>promovear?</strong></span> <span class='ocrx_word' id='word_1_641' title='bbox 1630 5203 1831 5260; x_wconf 85' lang='lat' dir='ltr'><strong>Locuta</strong></span> <span class='ocrx_word' id='word_1_642' title='bbox 1855 5216 1977 5259; x_wconf 78' lang='lat' dir='ltr'><strong>sunt</strong></span> 
     </span>
    </p>
   </div>
   <div class='ocr_carea' id='block_1_85' title="bbox 392 5286 1976 5365">
    <p class='ocr_par' dir='ltr' id='par_1_85' title="bbox 392 5286 1976 5365">
     <span class='ocr_line' id='line_1_85' title="bbox 392 5286 1976 5365; baseline 0.006 -23"><span class='ocrx_word' id='word_1_643' title='bbox 392 5305 594 5359; x_wconf 87' lang='lat' dir='ltr'><strong>quoque</strong></span> <span class='ocrx_word' id='word_1_644' title='bbox 627 5288 769 5360; x_wconf 84' lang='lat' dir='ltr'><strong>ligna</strong></span> <span class='ocrx_word' id='word_1_645' title='bbox 800 5290 869 5349; x_wconf 89' lang='lat' dir='ltr'><strong>ad</strong></span> <span class='ocrx_word' id='word_1_646' title='bbox 896 5286 1088 5347; x_wconf 79' lang='lat' dir='ltr'><strong>vitent:</strong></span> <span class='ocrx_word' id='word_1_647' title='bbox 1124 5286 1278 5356; x_wconf 85' lang='lat' dir='ltr'><strong>Veni,</strong></span> <span class='ocrx_word' id='word_1_648' title='bbox 1313 5302 1362 5347; x_wconf 87' lang='lat' dir='ltr'><strong>et</strong></span> <span class='ocrx_word' id='word_1_649' title='bbox 1389 5295 1587 5365; x_wconf 88' lang='lat' dir='ltr'><strong>impera</strong></span> <span class='ocrx_word' id='word_1_650' title='bbox 1634 5296 1801 5353; x_wconf 82' lang='lat' dir='ltr'><strong>nobis.</strong></span> <span class='ocrx_word' id='word_1_651' title='bbox 1844 5296 1976 5362; x_wconf 76' lang='lat' dir='ltr'><strong>Qua:</strong></span> 
     </span>
    </p>
   </div>
   <div class='ocr_carea' id='block_1_86' title="bbox 394 5382 1972 5458">
    <p class='ocr_par' dir='ltr' id='par_1_86' title="bbox 394 5382 1972 5458">
     <span class='ocr_line' id='line_1_86' title="bbox 394 5382 1972 5458; baseline 0.008 -25"><span class='ocrx_word' id='word_1_652' title='bbox 394 5382 700 5451; x_wconf 78' lang='lat' dir='ltr'><strong>respondit:</strong></span> <span class='ocrx_word' id='word_1_653' title='bbox 743 5382 1000 5454; x_wconf 79' lang='lat' dir='ltr'><strong>Nunquid</strong></span> <span class='ocrx_word' id='word_1_654' title='bbox 1034 5401 1248 5458; x_wconf 83' lang='lat' dir='ltr'><strong>possum</strong></span> <span class='ocrx_word' id='word_1_655' title='bbox 1294 5384 1530 5443; x_wconf 83' lang='lat' dir='ltr'><strong>deserere</strong></span> <span class='ocrx_word' id='word_1_656' title='bbox 1559 5390 1736 5447; x_wconf 77' lang='lat' dir='ltr'><strong>vinum</strong></span> <span class='ocrx_word' id='word_1_657' title='bbox 1780 5407 1972 5455; x_wconf 87' lang='lat' dir='ltr'><strong>meum,</strong></span> 
     </span>
    </p>
   </div>
   <div class='ocr_carea' id='block_1_87' title="bbox 393 5470 1979 5542">
    <p class='ocr_par' dir='ltr' id='par_1_87' title="bbox 393 5470 1979 5542">
     <span class='ocr_line' id='line_1_87' title="bbox 393 5470 1979 5542; baseline 0.005 -17"><span class='ocrx_word' id='word_1_658' title='bbox 393 5470 533 5541; x_wconf 86' lang='lat' dir='ltr'><strong>quod</strong></span> <span class='ocrx_word' id='word_1_659' title='bbox 587 5470 821 5542; x_wconf 64' lang='lat' dir='ltr'><strong>tecti/icui</strong></span> <span class='ocrx_word' id='word_1_660' title='bbox 852 5472 1018 5531; x_wconf 84' lang='lat' dir='ltr'><strong>Deum</strong></span> <span class='ocrx_word' id='word_1_661' title='bbox 1064 5484 1110 5530; x_wconf 92' lang='lat' dir='ltr'><strong>et</strong></span> <span class='ocrx_word' id='word_1_662' title='bbox 1140 5475 1399 5539; x_wconf 82' lang='lat' dir='ltr'><strong>homines,</strong></span> <span class='ocrx_word' id='word_1_663' title='bbox 1440 5486 1486 5529; x_wconf 90' lang='lat' dir='ltr'><strong>et</strong></span> <span class='ocrx_word' id='word_1_664' title='bbox 1532 5479 1669 5533; x_wconf 89' lang='lat' dir='ltr'><strong>inter</strong></span> <span class='ocrx_word' id='word_1_665' title='bbox 1694 5482 1883 5535; x_wconf 77' lang='lat' dir='ltr'><strong>cwlera</strong></span> <span class='ocrx_word' id='word_1_666' title='bbox 1914 5478 1979 5533; x_wconf 87' lang='lat' dir='ltr'><strong>li-</strong></span> 
     </span>
    </p>
   </div>
   <div class='ocr_carea' id='block_1_88' title="bbox 394 5562 1981 5639">
    <p class='ocr_par' dir='ltr' id='par_1_88' title="bbox 394 5562 1981 5639">
     <span class='ocr_line' id='line_1_88' title="bbox 394 5562 1981 5639; baseline 0.006 -27"><span class='ocrx_word' id='word_1_667' title='bbox 394 5576 498 5630; x_wconf 78' lang='lat' dir='ltr'><strong>gna</strong></span> <span class='ocrx_word' id='word_1_668' title='bbox 518 5563 805 5629; x_wconf 82' lang='lat' dir='ltr'><strong>promoveri</strong></span> <span class='ocrx_word' id='word_1_669' title='bbox 824 5562 849 5616; x_wconf 82' lang='lat'><strong><em>?</em></strong></span> <span class='ocrx_word' id='word_1_670' title='bbox 876 5563 1011 5619; x_wconf 89' lang='lat' dir='ltr'><strong>Cum</strong></span> <span class='ocrx_word' id='word_1_671' title='bbox 1044 5579 1175 5636; x_wconf 84' lang='lat' dir='ltr'><strong>ergo</strong></span> <span class='ocrx_word' id='word_1_672' title='bbox 1230 5563 1507 5636; x_wconf 86' lang='lat' dir='ltr'><strong>repudiata</strong></span> <span class='ocrx_word' id='word_1_673' title='bbox 1559 5565 1787 5627; x_wconf 85' lang='lat' dir='ltr'><strong>fuissent</strong></span> <span class='ocrx_word' id='word_1_674' title='bbox 1835 5566 1981 5639; x_wconf 86' lang='lat' dir='ltr'><strong>ligna</strong></span> 
     </span>
    </p>
   </div>
   <div class='ocr_carea' id='block_1_89' title="bbox 318 5644 1979 5727">
    <p class='ocr_par' dir='ltr' id='par_1_89' title="bbox 318 5644 1979 5727">
     <span class='ocr_line' id='line_1_89' title="bbox 318 5644 1979 5727; baseline 0.007 -25"><span class='ocrx_word' id='word_1_675' title='bbox 318 5696 327 5727; x_wconf 44' lang='grc' dir='ltr'>ε</span> <span class='ocrx_word' id='word_1_676' title='bbox 397 5644 545 5703; x_wconf 71' lang='lat' dir='ltr'><strong>silva:</strong></span> <span class='ocrx_word' id='word_1_677' title='bbox 583 5650 650 5705; x_wconf 87' lang='lat' dir='ltr'><strong>ab</strong></span> <span class='ocrx_word' id='word_1_678' title='bbox 672 5649 832 5717; x_wconf 89' lang='lat' dir='ltr'><strong>oliva,</strong></span> <span class='ocrx_word' id='word_1_679' title='bbox 874 5661 928 5708; x_wconf 89' lang='lat' dir='ltr'><strong>et</strong></span> <span class='ocrx_word' id='word_1_680' title='bbox 984 5651 1110 5722; x_wconf 89' lang='lat' dir='ltr'><strong>ﬁcu,</strong></span> <span class='ocrx_word' id='word_1_681' title='bbox 1142 5663 1199 5713; x_wconf 87' lang='lat' dir='ltr'><strong>et</strong></span> <span class='ocrx_word' id='word_1_682' title='bbox 1222 5656 1353 5722; x_wconf 90' lang='lat' dir='ltr'><strong>vite,</strong></span> <span class='ocrx_word' id='word_1_683' title='bbox 1384 5666 1648 5712; x_wconf 86' lang='lat' dir='ltr'><strong>venerunt</strong></span> <span class='ocrx_word' id='word_1_684' title='bbox 1679 5659 1747 5715; x_wconf 83' lang='lat' dir='ltr'><strong>ad</strong></span> <span class='ocrx_word' id='word_1_685' title='bbox 1796 5660 1979 5716; x_wconf 85' lang='lat' dir='ltr'><strong>rham-</strong></span> 
     </span>
    </p>
   </div>
   <div class='ocr_carea' id='block_1_90' title="bbox 397 5742 1982 5819">
    <p class='ocr_par' dir='ltr' id='par_1_90' title="bbox 397 5742 1982 5819">
     <span class='ocr_line' id='line_1_90' title="bbox 397 5742 1982 5819; baseline 0.008 -24"><span class='ocrx_word' id='word_1_686' title='bbox 397 5754 549 5803; x_wconf 89' lang='lat' dir='ltr'><strong>num,</strong></span> <span class='ocrx_word' id='word_1_687' title='bbox 581 5750 639 5795; x_wconf 90' lang='lat' dir='ltr'><strong>ut</strong></span> <span class='ocrx_word' id='word_1_688' title='bbox 666 5757 791 5799; x_wconf 91' lang='lat' dir='ltr'><strong>eum</strong></span> <span class='ocrx_word' id='word_1_689' title='bbox 817 5742 919 5799; x_wconf 86' lang='lat' dir='ltr'><strong>sibi</strong></span> <span class='ocrx_word' id='word_1_690' title='bbox 945 5743 1188 5803; x_wconf 85' lang='lat' dir='ltr'><strong>iacerent</strong></span> <span class='ocrx_word' id='word_1_691' title='bbox 1211 5764 1416 5819; x_wconf 81' lang='lat' dir='ltr'><strong>regem.</strong></span> <span class='ocrx_word' id='word_1_692' title='bbox 1453 5747 1562 5805; x_wconf 89' lang='lat' dir='ltr'><strong>Sed</strong></span> <span class='ocrx_word' id='word_1_693' title='bbox 1600 5748 1751 5819; x_wconf 87' lang='lat' dir='ltr'><strong>prius</strong></span> <span class='ocrx_word' id='word_1_694' title='bbox 1796 5752 1982 5807; x_wconf 85' lang='lat' dir='ltr'><strong>videa-</strong></span> 
     </span>
    </p>
   </div>
   <div class='ocr_carea' id='block_1_91' title="bbox 312 5820 1978 5915">
    <p class='ocr_par' dir='ltr' id='par_1_91' title="bbox 312 5820 1978 5915">
     <span class='ocr_line' id='line_1_91' title="bbox 312 5820 1978 5915; baseline 0.008 -27"><span class='ocrx_word' id='word_1_695' title='bbox 312 5820 325 5834; x_wconf 69' lang='grc'><em>’</em></span> <span class='ocrx_word' id='word_1_696' title='bbox 399 5846 547 5899; x_wconf 83' lang='lat' dir='ltr'><strong>mus,</strong></span> <span class='ocrx_word' id='word_1_697' title='bbox 568 5846 668 5889; x_wconf 89' lang='lat' dir='ltr'><strong>cur</strong></span> <span class='ocrx_word' id='word_1_698' title='bbox 694 5834 855 5901; x_wconf 88' lang='lat' dir='ltr'><strong>oliva,</strong></span> <span class='ocrx_word' id='word_1_699' title='bbox 902 5835 1036 5894; x_wconf 87' lang='lat' dir='ltr'><strong>ﬁcus</strong></span> <span class='ocrx_word' id='word_1_700' title='bbox 1082 5847 1138 5892; x_wconf 87' lang='lat' dir='ltr'><strong>et</strong></span> <span class='ocrx_word' id='word_1_701' title='bbox 1178 5840 1303 5897; x_wconf 87' lang='lat' dir='ltr'><strong>vitis</strong></span> <span class='ocrx_word' id='word_1_702' title='bbox 1344 5858 1509 5913; x_wconf 86' lang='lat' dir='ltr'><strong>super</strong></span> <span class='ocrx_word' id='word_1_703' title='bbox 1546 5841 1692 5913; x_wconf 84' lang='lat' dir='ltr'><strong>ligna</strong></span> <span class='ocrx_word' id='word_1_704' title='bbox 1745 5858 1978 5915; x_wconf 87' lang='lat' dir='ltr'><strong>regnare</strong></span> 
     </span>
    </p>
   </div>
   <div class='ocr_carea' id='block_1_92' title="bbox 2083 3352 3684 3427">
    <p class='ocr_par' dir='ltr' id='par_1_92' title="bbox 2083 3352 3684 3427">
     <span class='ocr_line' id='line_1_92' title="bbox 2083 3352 3684 3427; baseline 0.002 -20"><span class='ocrx_word' id='word_1_705' title='bbox 2083 3353 2371 3424; x_wconf 84' lang='lat' dir='ltr'><strong>appellant,</strong></span> <span class='ocrx_word' id='word_1_706' title='bbox 2402 3364 2653 3423; x_wconf 80' lang='lat' dir='ltr'><strong>asperum</strong></span> <span class='ocrx_word' id='word_1_707' title='bbox 2676 3352 2840 3408; x_wconf 88' lang='lat' dir='ltr'><strong>nimis</strong></span> <span class='ocrx_word' id='word_1_708' title='bbox 2861 3361 2916 3409; x_wconf 89' lang='lat' dir='ltr'><strong>et</strong></span> <span class='ocrx_word' id='word_1_709' title='bbox 2941 3355 3236 3425; x_wconf 89' lang='lat' dir='ltr'><strong>spinosum,</strong></span> <span class='ocrx_word' id='word_1_710' title='bbox 3263 3371 3359 3427; x_wconf 81' lang='lat' dir='ltr'><strong>per</strong></span> <span class='ocrx_word' id='word_1_711' title='bbox 3389 3355 3541 3426; x_wconf 81' lang='lat' dir='ltr'><strong>quod</strong></span> <span class='ocrx_word' id='word_1_712' title='bbox 3562 3370 3684 3411; x_wconf 87' lang='lat' dir='ltr'><strong>me-</strong></span> 
     </span>
    </p>
   </div>
   <div class='ocr_carea' id='block_1_93' title="bbox 2082 3436 3683 3518">
    <p class='ocr_par' dir='ltr' id='par_1_93' title="bbox 2082 3436 3683 3518">
     <span class='ocr_line' id='line_1_93' title="bbox 2082 3436 3683 3518; baseline 0.001 -19"><span class='ocrx_word' id='word_1_713' title='bbox 2082 3446 2187 3500; x_wconf 87' lang='lat' dir='ltr'><strong>rito</strong></span> <span class='ocrx_word' id='word_1_714' title='bbox 2217 3448 2375 3517; x_wconf 81' lang='lat' dir='ltr'><strong>typus</strong></span> <span class='ocrx_word' id='word_1_715' title='bbox 2416 3436 2736 3500; x_wconf 80' lang='lat' dir='ltr'><strong>Antichristi</strong></span> <span class='ocrx_word' id='word_1_716' title='bbox 2778 3444 3139 3518; x_wconf 81' lang='lat' dir='ltr'><strong>significatur,</strong></span> <span class='ocrx_word' id='word_1_717' title='bbox 3164 3444 3256 3516; x_wconf 89' lang='lat' dir='ltr'><strong>qui</strong></span> <span class='ocrx_word' id='word_1_718' title='bbox 3290 3446 3438 3501; x_wconf 88' lang='lat' dir='ltr'><strong>omni</strong></span> <span class='ocrx_word' id='word_1_719' title='bbox 3464 3445 3683 3518; x_wconf 86' lang='lat' dir='ltr'><strong>asperi-</strong></span> 
     </span>
    </p>
   </div>
   <div class='ocr_carea' id='block_1_94' title="bbox 2084 3540 3681 3612">
    <p class='ocr_par' dir='ltr' id='par_1_94' title="bbox 2084 3540 3681 3612">
     <span class='ocr_line' id='line_1_94' title="bbox 2084 3540 3681 3612; baseline -0.001 -16"><span class='ocrx_word' id='word_1_720' title='bbox 2084 3544 2191 3597; x_wconf 86' lang='lat' dir='ltr'><strong>tate</strong></span> <span class='ocrx_word' id='word_1_721' title='bbox 2229 3547 2283 3596; x_wconf 87' lang='lat' dir='ltr'><strong>et</strong></span> <span class='ocrx_word' id='word_1_722' title='bbox 2323 3540 2590 3597; x_wconf 78' lang='lat' dir='ltr'><strong>eil‘eritate</strong></span> <span class='ocrx_word' id='word_1_723' title='bbox 2640 3541 2939 3595; x_wconf 83' lang='lat' dir='ltr'><strong>humanum</strong></span> <span class='ocrx_word' id='word_1_724' title='bbox 2977 3556 3149 3612; x_wconf 87' lang='lat' dir='ltr'><strong>genus</strong></span> <span class='ocrx_word' id='word_1_725' title='bbox 3204 3543 3290 3596; x_wconf 85' lang='lat' dir='ltr'><strong>est</strong></span> <span class='ocrx_word' id='word_1_726' title='bbox 3342 3548 3681 3595; x_wconf 83' lang='lat' dir='ltr'><strong>vastaturus.</strong></span> 
     </span>
    </p>
   </div>
   <div class='ocr_carea' id='block_1_95' title="bbox 2083 3626 3684 3705">
    <p class='ocr_par' dir='ltr' id='par_1_95' title="bbox 2083 3626 3684 3705">
     <span class='ocr_line' id='line_1_95' title="bbox 2083 3626 3684 3705; baseline 0.001 -17"><span class='ocrx_word' id='word_1_727' title='bbox 2083 3626 2190 3688; x_wconf 84' lang='lat' dir='ltr'><strong>Sed</strong></span> <span class='ocrx_word' id='word_1_728' title='bbox 2212 3632 2368 3697; x_wconf 75' lang='lat' dir='ltr'><strong>exiel,</strong></span> <span class='ocrx_word' id='word_1_729' title='bbox 2406 3632 2597 3704; x_wconf 87' lang='lat' dir='ltr'><strong>inquit,</strong></span> <span class='ocrx_word' id='word_1_730' title='bbox 2631 3631 2764 3705; x_wconf 87' lang='lat' dir='ltr'><strong>ignis</strong></span> <span class='ocrx_word' id='word_1_731' title='bbox 2795 3633 2860 3686; x_wconf 89' lang='lat' dir='ltr'><strong>de</strong></span> <span class='ocrx_word' id='word_1_732' title='bbox 2904 3630 3146 3699; x_wconf 84' lang='lat' dir='ltr'><strong>rhamno,</strong></span> <span class='ocrx_word' id='word_1_733' title='bbox 3182 3632 3237 3688; x_wconf 89' lang='lat' dir='ltr'><strong>id</strong></span> <span class='ocrx_word' id='word_1_734' title='bbox 3280 3641 3386 3699; x_wconf 88' lang='lat' dir='ltr'><strong>est,</strong></span> <span class='ocrx_word' id='word_1_735' title='bbox 3425 3631 3684 3704; x_wconf 82' lang='lat' dir='ltr'><strong>iniquitas</strong></span> 
     </span>
    </p>
   </div>
   <div class='ocr_carea' id='block_1_96' title="bbox 2083 3722 3682 3796">
    <p class='ocr_par' dir='ltr' id='par_1_96' title="bbox 2083 3722 3682 3796">
     <span class='ocr_line' id='line_1_96' title="bbox 2083 3722 3682 3796; baseline 0.001 -15"><span class='ocrx_word' id='word_1_736' title='bbox 2083 3722 2149 3781; x_wconf 89' lang='lat' dir='ltr'><strong>de</strong></span> <span class='ocrx_word' id='word_1_737' title='bbox 2191 3724 2543 3787; x_wconf 85' lang='lat' dir='ltr'><strong>Antichristo,</strong></span> <span class='ocrx_word' id='word_1_738' title='bbox 2577 3724 2632 3779; x_wconf 86' lang='lat' dir='ltr'><strong>et</strong></span> <span class='ocrx_word' id='word_1_739' title='bbox 2679 3740 2869 3779; x_wconf 86' lang='lat' dir='ltr'><strong>omnes</strong></span> <span class='ocrx_word' id='word_1_740' title='bbox 2896 3724 2989 3796; x_wconf 89' lang='lat' dir='ltr'><strong>qui</strong></span> <span class='ocrx_word' id='word_1_741' title='bbox 3033 3726 3085 3781; x_wconf 93' lang='lat' dir='ltr'><strong>in</strong></span> <span class='ocrx_word' id='word_1_742' title='bbox 3127 3742 3192 3781; x_wconf 88' lang='lat' dir='ltr'><strong>eo</strong></span> <span class='ocrx_word' id='word_1_743' title='bbox 3241 3724 3527 3782; x_wconf 86' lang='lat' dir='ltr'><strong>confidunt</strong></span> <span class='ocrx_word' id='word_1_744' title='bbox 3560 3743 3682 3782; x_wconf 84' lang='lat' dir='ltr'><strong>eum</strong></span> 
     </span>
    </p>
   </div>
   <div class='ocr_carea' id='block_1_97' title="bbox 2083 3812 3679 3890">
    <p class='ocr_par' dir='ltr' id='par_1_97' title="bbox 2083 3812 3679 3890">
     <span class='ocr_line' id='line_1_97' title="bbox 2083 3812 3679 3890; baseline 0.001 -19"><span class='ocrx_word' id='word_1_745' title='bbox 2083 3818 2198 3889; x_wconf 82' lang='lat' dir='ltr'><strong>ipso</strong></span> <span class='ocrx_word' id='word_1_746' title='bbox 2225 3817 2429 3888; x_wconf 81' lang='lat' dir='ltr'><strong>pariter</strong></span> <span class='ocrx_word' id='word_1_747' title='bbox 2455 3815 2754 3871; x_wconf 86' lang='lat' dir='ltr'><strong>devorabit.</strong></span> <span class='ocrx_word' id='word_1_748' title='bbox 2795 3812 3021 3873; x_wconf 68' lang='lat' dir='ltr'><strong>Videtur</strong></span> <span class='ocrx_word' id='word_1_749' title='bbox 3071 3833 3202 3890; x_wconf 89' lang='lat' dir='ltr'><strong>ergo</strong></span> <span class='ocrx_word' id='word_1_750' title='bbox 3257 3816 3485 3874; x_wconf 86' lang='lat' dir='ltr'><strong>Gedeon</strong></span> <span class='ocrx_word' id='word_1_751' title='bbox 3516 3816 3679 3874; x_wconf 86' lang='lat' dir='ltr'><strong>Chri-</strong></span> 
     </span>
    </p>
   </div>
   <div class='ocr_carea' id='block_1_98' title="bbox 2084 3900 3677 3982">
    <p class='ocr_par' dir='ltr' id='par_1_98' title="bbox 2084 3900 3677 3982">
     <span class='ocr_line' id='line_1_98' title="bbox 2084 3900 3677 3982; baseline 0.003 -20"><span class='ocrx_word' id='word_1_752' title='bbox 2084 3900 2152 3962; x_wconf 91' lang='lat' dir='ltr'><strong>sti</strong></span> <span class='ocrx_word' id='word_1_753' title='bbox 2178 3904 2465 3978; x_wconf 82' lang='lat' dir='ltr'><strong>imaginem</strong></span> <span class='ocrx_word' id='word_1_754' title='bbox 2515 3905 2818 3975; x_wconf 84' lang='lat' dir='ltr'><strong>habuisse;</strong></span> <span class='ocrx_word' id='word_1_755' title='bbox 2851 3908 3193 3982; x_wconf 83' lang='lat' dir='ltr'><strong>septuaginta</strong></span> <span class='ocrx_word' id='word_1_756' title='bbox 3247 3926 3387 3965; x_wconf 86' lang='lat' dir='ltr'><strong>vero</strong></span> <span class='ocrx_word' id='word_1_757' title='bbox 3433 3910 3557 3977; x_wconf 86' lang='lat' dir='ltr'><strong>ﬁlii,</strong></span> <span class='ocrx_word' id='word_1_758' title='bbox 3594 3927 3677 3966; x_wconf 84' lang='lat' dir='ltr'><strong>se-</strong></span> 
     </span>
    </p>
   </div>
   <div class='ocr_carea' id='block_1_99' title="bbox 2082 3998 3686 4075">
    <p class='ocr_par' dir='ltr' id='par_1_99' title="bbox 2082 3998 3686 4075">
     <span class='ocr_line' id='line_1_99' title="bbox 2082 3998 3686 4075; baseline 0.004 -23"><span class='ocrx_word' id='word_1_759' title='bbox 2082 3999 2363 4070; x_wconf 83' lang='lat' dir='ltr'><strong>ptuaginta</strong></span> <span class='ocrx_word' id='word_1_760' title='bbox 2415 3998 2611 4071; x_wconf 65' lang='lat' dir='ltr'><strong>lingua:</strong></span> <span class='ocrx_word' id='word_1_761' title='bbox 2659 3998 2743 4054; x_wconf 87' lang='lat' dir='ltr'><strong>vel</strong></span> <span class='ocrx_word' id='word_1_762' title='bbox 2784 4000 3053 4067; x_wconf 86' lang='lat' dir='ltr'><strong>nationes,</strong></span> <span class='ocrx_word' id='word_1_763' title='bbox 3111 4001 3204 4071; x_wconf 89' lang='lat' dir='ltr'><strong>qui</strong></span> <span class='ocrx_word' id='word_1_764' title='bbox 3255 4000 3551 4057; x_wconf 86' lang='lat' dir='ltr'><strong>credentes</strong></span> <span class='ocrx_word' id='word_1_765' title='bbox 3589 4019 3686 4075; x_wconf 82' lang='lat' dir='ltr'><strong>per</strong></span> 
     </span>
    </p>
   </div>
   <div class='ocr_carea' id='block_1_100' title="bbox 2086 4088 3676 4162">
    <p class='ocr_par' dir='ltr' id='par_1_100' title="bbox 2086 4088 3676 4162">
     <span class='ocr_line' id='line_1_100' title="bbox 2086 4088 3676 4162; baseline 0.001 -19"><span class='ocrx_word' id='word_1_766' title='bbox 2086 4088 2380 4144; x_wconf 80' lang='lat' dir='ltr'><strong>secundam</strong></span> <span class='ocrx_word' id='word_1_767' title='bbox 2405 4089 2869 4162; x_wconf 87' lang='lat' dir='ltr'><strong>regenerationem</strong></span> <span class='ocrx_word' id='word_1_768' title='bbox 2898 4090 3021 4149; x_wconf 84' lang='lat' dir='ltr'><strong>Filii</strong></span> <span class='ocrx_word' id='word_1_769' title='bbox 3051 4088 3146 4146; x_wconf 88' lang='lat' dir='ltr'><strong>Dei</strong></span> <span class='ocrx_word' id='word_1_770' title='bbox 3175 4105 3299 4146; x_wconf 85' lang='lat' dir='ltr'><strong>esse</strong></span> <span class='ocrx_word' id='word_1_771' title='bbox 3339 4101 3676 4147; x_wconf 87' lang='lat' dir='ltr'><strong>meruerunt.</strong></span> 
     </span>
    </p>
   </div>
   <div class='ocr_carea' id='block_1_101' title="bbox 2083 4178 3681 4256">
    <p class='ocr_par' dir='ltr' id='par_1_101' title="bbox 2083 4178 3681 4256">
     <span class='ocr_line' id='line_1_101' title="bbox 2083 4178 3681 4256; baseline 0 -19"><span class='ocrx_word' id='word_1_772' title='bbox 2083 4182 2398 4239; x_wconf 83' lang='lat' dir='ltr'><strong>Abimelech</strong></span> <span class='ocrx_word' id='word_1_773' title='bbox 2428 4199 2555 4239; x_wconf 87' lang='lat' dir='ltr'><strong>vere</strong></span> <span class='ocrx_word' id='word_1_774' title='bbox 2586 4178 2727 4238; x_wconf 85' lang='lat' dir='ltr'><strong>ﬁlius</strong></span> <span class='ocrx_word' id='word_1_775' title='bbox 2755 4182 2963 4238; x_wconf 70' lang='lat' dir='ltr'><strong>ancilia:</strong></span> <span class='ocrx_word' id='word_1_776' title='bbox 2994 4192 3179 4255; x_wconf 87' lang='lat' dir='ltr'><strong>typum</strong></span> <span class='ocrx_word' id='word_1_777' title='bbox 3204 4180 3539 4239; x_wconf 75' lang='lat' dir='ltr'><strong>Antichristi</strong></span> <span class='ocrx_word' id='word_1_778' title='bbox 3559 4200 3681 4256; x_wconf 82' lang='lat' dir='ltr'><strong>por-</strong></span> 
     </span>
    </p>
   </div>
   <div class='ocr_carea' id='block_1_102' title="bbox 2086 4270 3677 4346">
    <p class='ocr_par' dir='ltr' id='par_1_102' title="bbox 2086 4270 3677 4346">
     <span class='ocr_line' id='line_1_102' title="bbox 2086 4270 3677 4346; baseline -0.001 -16"><span class='ocrx_word' id='word_1_779' title='bbox 2086 4284 2255 4340; x_wconf 84' lang='lat' dir='ltr'><strong>tasse,</strong></span> <span class='ocrx_word' id='word_1_780' title='bbox 2280 4274 2391 4345; x_wconf 89' lang='lat' dir='ltr'><strong>qui,</strong></span> <span class='ocrx_word' id='word_1_781' title='bbox 2425 4270 2769 4346; x_wconf 85' lang='lat' dir='ltr'><strong>congregatis</strong></span> <span class='ocrx_word' id='word_1_782' title='bbox 2790 4274 3018 4345; x_wconf 85' lang='lat' dir='ltr'><strong>perditis</strong></span> <span class='ocrx_word' id='word_1_783' title='bbox 3065 4274 3404 4340; x_wconf 86' lang='lat' dir='ltr'><strong>nationibus,</strong></span> <span class='ocrx_word' id='word_1_784' title='bbox 3451 4289 3677 4346; x_wconf 80' lang='lat' dir='ltr'><strong>regnum</strong></span> 
     </span>
    </p>
   </div>
   <div class='ocr_carea' id='block_1_103' title="bbox 2085 4362 3675 4438">
    <p class='ocr_par' dir='ltr' id='par_1_103' title="bbox 2085 4362 3675 4438">
     <span class='ocr_line' id='line_1_103' title="bbox 2085 4362 3675 4438; baseline -0.001 -17"><span class='ocrx_word' id='word_1_785' title='bbox 2085 4366 2186 4422; x_wconf 77' lang='lat' dir='ltr'><strong>sibi</strong></span> <span class='ocrx_word' id='word_1_786' title='bbox 2237 4368 2483 4438; x_wconf 87' lang='lat' dir='ltr'><strong>improbe</strong></span> <span class='ocrx_word' id='word_1_787' title='bbox 2540 4362 2844 4438; x_wconf 89' lang='lat' dir='ltr'><strong>usurpabit,</strong></span> <span class='ocrx_word' id='word_1_788' title='bbox 2894 4382 3193 4438; x_wconf 89' lang='lat' dir='ltr'><strong>omnesque</strong></span> <span class='ocrx_word' id='word_1_789' title='bbox 3247 4376 3470 4424; x_wconf 87' lang='lat' dir='ltr'><strong>sanctos</strong></span> <span class='ocrx_word' id='word_1_790' title='bbox 3516 4366 3569 4421; x_wconf 89' lang='lat' dir='ltr'><strong>vi</strong></span> <span class='ocrx_word' id='word_1_791' title='bbox 3617 4374 3675 4421; x_wconf 87' lang='lat' dir='ltr'><strong>et</strong></span> 
     </span>
    </p>
   </div>
   <div class='ocr_carea' id='block_1_104' title="bbox 2085 4452 3676 4529">
    <p class='ocr_par' dir='ltr' id='par_1_104' title="bbox 2085 4452 3676 4529">
     <span class='ocr_line' id='line_1_104' title="bbox 2085 4452 3676 4529; baseline 0 -19"><span class='ocrx_word' id='word_1_792' title='bbox 2085 4458 2481 4527; x_wconf 86' lang='lat' dir='ltr'><strong>persecutione,</strong></span> <span class='ocrx_word' id='word_1_793' title='bbox 2520 4457 2776 4529; x_wconf 86' lang='lat' dir='ltr'><strong>omnique</strong></span> <span class='ocrx_word' id='word_1_794' title='bbox 2825 4452 3144 4513; x_wconf 87' lang='lat' dir='ltr'><strong>crudelitate</strong></span> <span class='ocrx_word' id='word_1_795' title='bbox 3191 4454 3511 4513; x_wconf 86' lang='lat' dir='ltr'><strong>trucidabit.</strong></span> <span class='ocrx_word' id='word_1_796' title='bbox 3543 4455 3676 4511; x_wconf 78' lang='lat' dir='ltr'><strong>Joa-</strong></span> 
     </span>
    </p>
   </div>
   <div class='ocr_carea' id='block_1_105' title="bbox 2087 4546 3674 4622">
    <p class='ocr_par' dir='ltr' id='par_1_105' title="bbox 2087 4546 3674 4622">
     <span class='ocr_line' id='line_1_105' title="bbox 2087 4546 3674 4622; baseline 0.001 -19"><span class='ocrx_word' id='word_1_797' title='bbox 2087 4549 2233 4604; x_wconf 89' lang='lat' dir='ltr'><strong>tham</strong></span> <span class='ocrx_word' id='word_1_798' title='bbox 2263 4564 2393 4604; x_wconf 88' lang='lat' dir='ltr'><strong>vero</strong></span> <span class='ocrx_word' id='word_1_799' title='bbox 2425 4547 2612 4620; x_wconf 83' lang='lat' dir='ltr'><strong>junior</strong></span> <span class='ocrx_word' id='word_1_800' title='bbox 2640 4546 2811 4622; x_wconf 87' lang='lat' dir='ltr'><strong>ﬁgura</strong></span> <span class='ocrx_word' id='word_1_801' title='bbox 2846 4559 3157 4605; x_wconf 88' lang='lat' dir='ltr'><strong>sanctorum</strong></span> <span class='ocrx_word' id='word_1_802' title='bbox 3185 4547 3308 4605; x_wconf 79' lang='lat' dir='ltr'><strong>fuit.</strong></span> <span class='ocrx_word' id='word_1_803' title='bbox 3353 4548 3513 4606; x_wconf 88' lang='lat' dir='ltr'><strong>Sicut</strong></span> <span class='ocrx_word' id='word_1_804' title='bbox 3536 4548 3674 4605; x_wconf 85' lang='lat' dir='ltr'><strong>enim</strong></span> 
     </span>
    </p>
   </div>
   <div class='ocr_carea' id='block_1_106' title="bbox 2004 4599 3677 4712">
    <p class='ocr_par' dir='ltr' id='par_1_106' title="bbox 2004 4599 3677 4712">
     <span class='ocr_line' id='line_1_106' title="bbox 2004 4599 3677 4712; baseline -0.001 -17"><span class='ocrx_word' id='word_1_805' title='bbox 2004 4599 2057 4661; x_wconf 82' lang='lat' dir='ltr'><strong>D</strong></span> <span class='ocrx_word' id='word_1_806' title='bbox 2083 4639 2331 4697; x_wconf 85' lang='lat' dir='ltr'><strong>Joatham</strong></span> <span class='ocrx_word' id='word_1_807' title='bbox 2390 4599 2490 4712; x_wconf 64' lang='lat' dir='ltr'><strong>per</strong></span> <span class='ocrx_word' id='word_1_808' title='bbox 2536 4599 2715 4712; x_wconf 60' lang='lat' dir='ltr'><strong>fugat;</strong></span> <span class='ocrx_word' id='word_1_809' title='bbox 2762 4640 3006 4707; x_wconf 86' lang='lat' dir='ltr'><strong>recessit,</strong></span> <span class='ocrx_word' id='word_1_810' title='bbox 3060 4648 3114 4695; x_wconf 88' lang='lat' dir='ltr'><strong>et</strong></span> <span class='ocrx_word' id='word_1_811' title='bbox 3160 4640 3359 4712; x_wconf 89' lang='lat' dir='ltr'><strong>reliqui</strong></span> <span class='ocrx_word' id='word_1_812' title='bbox 3407 4638 3677 4697; x_wconf 78' lang='lat' dir='ltr'><strong>interiecti</strong></span> 
     </span>
    </p>
   </div>
   <div class='ocr_carea' id='block_1_107' title="bbox 2086 4724 3674 4804">
    <p class='ocr_par' dir='ltr' id='par_1_107' title="bbox 2086 4724 3674 4804">
     <span class='ocr_line' id='line_1_107' title="bbox 2086 4724 3674 4804; baseline -0.001 -16"><span class='ocrx_word' id='word_1_813' title='bbox 2086 4742 2213 4788; x_wconf 90' lang='lat' dir='ltr'><strong>sunt</strong></span> <span class='ocrx_word' id='word_1_814' title='bbox 2245 4730 2443 4788; x_wconf 77' lang='lat' dir='ltr'><strong>fratres</strong></span> <span class='ocrx_word' id='word_1_815' title='bbox 2479 4752 2490 4787; x_wconf 91' lang='lat'><strong>:</strong></span> <span class='ocrx_word' id='word_1_816' title='bbox 2527 4724 2606 4787; x_wconf 90' lang='lat' dir='ltr'><strong>sic</strong></span> <span class='ocrx_word' id='word_1_817' title='bbox 2636 4748 2795 4787; x_wconf 87' lang='lat' dir='ltr'><strong>nemo</strong></span> <span class='ocrx_word' id='word_1_818' title='bbox 2840 4728 3069 4788; x_wconf 87' lang='lat' dir='ltr'><strong>evadere</strong></span> <span class='ocrx_word' id='word_1_819' title='bbox 3107 4732 3311 4803; x_wconf 89' lang='lat' dir='ltr'><strong>poterit</strong></span> <span class='ocrx_word' id='word_1_820' title='bbox 3335 4736 3674 4804; x_wconf 86' lang='lat' dir='ltr'><strong>persecutio-</strong></span> 
     </span>
    </p>
   </div>
   <div class='ocr_carea' id='block_1_108' title="bbox 2084 4814 3679 4894">
    <p class='ocr_par' dir='ltr' id='par_1_108' title="bbox 2084 4814 3679 4894">
     <span class='ocr_line' id='line_1_108' title="bbox 2084 4814 3679 4894; baseline -0.001 -15"><span class='ocrx_word' id='word_1_821' title='bbox 2084 4838 2208 4879; x_wconf 87' lang='lat' dir='ltr'><strong>nem</strong></span> <span class='ocrx_word' id='word_1_822' title='bbox 2248 4814 2592 4890; x_wconf 80' lang='lat' dir='ltr'><strong>Antichristi,</strong></span> <span class='ocrx_word' id='word_1_823' title='bbox 2640 4820 2739 4877; x_wconf 87' lang='lat' dir='ltr'><strong>nisi</strong></span> <span class='ocrx_word' id='word_1_824' title='bbox 2777 4822 2869 4894; x_wconf 89' lang='lat' dir='ltr'><strong>qui</strong></span> <span class='ocrx_word' id='word_1_825' title='bbox 2922 4820 3231 4894; x_wconf 79' lang='lat' dir='ltr'><strong>perfugam</strong></span> <span class='ocrx_word' id='word_1_826' title='bbox 3282 4826 3598 4887; x_wconf 85' lang='lat' dir='ltr'><strong>recesserit,</strong></span> <span class='ocrx_word' id='word_1_827' title='bbox 3629 4834 3679 4879; x_wconf 89' lang='lat' dir='ltr'><strong>et</strong></span> 
     </span>
    </p>
   </div>
   <div class='ocr_carea' id='block_1_109' title="bbox 2086 4910 3679 4973">
    <p class='ocr_par' dir='ltr' id='par_1_109' title="bbox 2086 4910 3679 4973">
     <span class='ocr_line' id='line_1_109' title="bbox 2086 4910 3679 4973; baseline 0.001 -2"><span class='ocrx_word' id='word_1_828' title='bbox 2086 4917 2140 4971; x_wconf 93' lang='lat' dir='ltr'><strong>in</strong></span> <span class='ocrx_word' id='word_1_829' title='bbox 2166 4925 2407 4971; x_wconf 89' lang='lat' dir='ltr'><strong>montem</strong></span> <span class='ocrx_word' id='word_1_830' title='bbox 2464 4913 2865 4972; x_wconf 87' lang='lat' dir='ltr'><strong>benedictionis</strong></span> <span class='ocrx_word' id='word_1_831' title='bbox 2900 4913 3232 4970; x_wconf 87' lang='lat' dir='ltr'><strong>ascenderit.</strong></span> <span class='ocrx_word' id='word_1_832' title='bbox 3281 4910 3383 4971; x_wconf 81' lang='lat' dir='ltr'><strong>Hic</strong></span> <span class='ocrx_word' id='word_1_833' title='bbox 3412 4927 3500 4971; x_wconf 83' lang='lat' dir='ltr'><strong>est</strong></span> <span class='ocrx_word' id='word_1_834' title='bbox 3528 4932 3679 4973; x_wconf 90' lang='lat' dir='ltr'><strong>mons</strong></span> 
     </span>
    </p>
   </div>
   <div class='ocr_carea' id='block_1_110' title="bbox 2086 5008 3666 5084">
    <p class='ocr_par' dir='ltr' id='par_1_110' title="bbox 2086 5008 3666 5084">
     <span class='ocr_line' id='line_1_110' title="bbox 2086 5008 3666 5084; baseline -0.001 -16"><span class='ocrx_word' id='word_1_835' title='bbox 2086 5028 2245 5084; x_wconf 88' lang='lat' dir='ltr'><strong>quem</strong></span> <span class='ocrx_word' id='word_1_836' title='bbox 2272 5008 2447 5067; x_wconf 90' lang='lat' dir='ltr'><strong>sancti</strong></span> <span class='ocrx_word' id='word_1_837' title='bbox 2501 5011 2931 5078; x_wconf 75' lang='lat' dir='ltr'><strong>circumdabant,</strong></span> <span class='ocrx_word' id='word_1_838' title='bbox 2980 5027 3141 5082; x_wconf 91' lang='lat' dir='ltr'><strong>quem</strong></span> <span class='ocrx_word' id='word_1_839' title='bbox 3184 5019 3239 5067; x_wconf 91' lang='lat' dir='ltr'><strong>et</strong></span> <span class='ocrx_word' id='word_1_840' title='bbox 3271 5024 3500 5069; x_wconf 89' lang='lat' dir='ltr'><strong>sanctus</strong></span> <span class='ocrx_word' id='word_1_841' title='bbox 3531 5012 3666 5079; x_wconf 69' lang='lat' dir='ltr'><strong>Moy-</strong></span> 
     </span>
    </p>
   </div>
   <div class='ocr_carea' id='block_1_111' title="bbox 2086 5094 3667 5175">
    <p class='ocr_par' dir='ltr' id='par_1_111' title="bbox 2086 5094 3667 5175">
     <span class='ocr_line' id='line_1_111' title="bbox 2086 5094 3667 5175; baseline -0.001 -16"><span class='ocrx_word' id='word_1_842' title='bbox 2086 5121 2172 5159; x_wconf 88' lang='lat' dir='ltr'><strong>ses</strong></span> <span class='ocrx_word' id='word_1_843' title='bbox 2200 5105 2255 5160; x_wconf 91' lang='lat' dir='ltr'><strong>in</strong></span> <span class='ocrx_word' id='word_1_844' title='bbox 2292 5094 2782 5169; x_wconf 88' lang='lat' dir='ltr'><strong>benedictionibus,</strong></span> <span class='ocrx_word' id='word_1_845' title='bbox 2844 5102 3122 5172; x_wconf 80' lang='lat' dir='ltr'><strong>sicutjam</strong></span> <span class='ocrx_word' id='word_1_846' title='bbox 3174 5111 3428 5175; x_wconf 88' lang='lat' dir='ltr'><strong>superius</strong></span> <span class='ocrx_word' id='word_1_847' title='bbox 3473 5107 3667 5161; x_wconf 79' lang='lat' dir='ltr'><strong>dictum</strong></span> 
     </span>
    </p>
   </div>
   <div class='ocr_carea' id='block_1_112' title="bbox 2085 5188 3670 5268">
    <p class='ocr_par' dir='ltr' id='par_1_112' title="bbox 2085 5188 3670 5268">
     <span class='ocr_line' id='line_1_112' title="bbox 2085 5188 3670 5268; baseline -0.002 -19"><span class='ocrx_word' id='word_1_848' title='bbox 2085 5204 2188 5262; x_wconf 87' lang='lat' dir='ltr'><strong>est,</strong></span> <span class='ocrx_word' id='word_1_849' title='bbox 2219 5196 2273 5251; x_wconf 91' lang='lat' dir='ltr'><strong>in</strong></span> <span class='ocrx_word' id='word_1_850' title='bbox 2303 5188 2723 5251; x_wconf 87' lang='lat' dir='ltr'><strong>Deuteronomio</strong></span> <span class='ocrx_word' id='word_1_851' title='bbox 2756 5195 2937 5266; x_wconf 81' lang='lat' dir='ltr'><strong>posuit</strong></span> <span class='ocrx_word' id='word_1_852' title='bbox 2964 5194 3143 5264; x_wconf 86' lang='lat' dir='ltr'><strong>(Deut.</strong></span> <span class='ocrx_word' id='word_1_853' title='bbox 3189 5196 3292 5268; x_wconf 68' lang='grc' dir='ltr'><strong>χι).</strong></span> <span class='ocrx_word' id='word_1_854' title='bbox 3328 5195 3483 5264; x_wconf 85' lang='lat' dir='ltr'><strong>Quod</strong></span> <span class='ocrx_word' id='word_1_855' title='bbox 3506 5195 3670 5256; x_wconf 84' lang='lat' dir='ltr'><strong>enim.</strong></span> 
     </span>
    </p>
   </div>
   <div class='ocr_carea' id='block_1_113' title="bbox 2086 5284 3673 5359">
    <p class='ocr_par' dir='ltr' id='par_1_113' title="bbox 2086 5284 3673 5359">
     <span class='ocr_line' id='line_1_113' title="bbox 2086 5284 3673 5359; baseline -0.001 -18"><span class='ocrx_word' id='word_1_856' title='bbox 2086 5288 2382 5345; x_wconf 80' lang='lat' dir='ltr'><strong>secundant</strong></span> <span class='ocrx_word' id='word_1_857' title='bbox 2416 5284 2791 5359; x_wconf 87' lang='lat' dir='ltr'><strong>Septuaginta,</strong></span> <span class='ocrx_word' id='word_1_858' title='bbox 2852 5284 3126 5342; x_wconf 87' lang='lat' dir='ltr'><strong>inducitur</strong></span> <span class='ocrx_word' id='word_1_859' title='bbox 3173 5286 3454 5353; x_wconf 80' lang='lat' dir='ltr'><strong>rhamnus,</strong></span> <span class='ocrx_word' id='word_1_860' title='bbox 3487 5285 3538 5340; x_wconf 89' lang='lat' dir='ltr'><strong>id</strong></span> <span class='ocrx_word' id='word_1_861' title='bbox 3561 5294 3673 5352; x_wconf 87' lang='lat' dir='ltr'><strong>est,</strong></span> 
     </span>
    </p>
   </div>
   <div class='ocr_carea' id='block_1_114' title="bbox 2086 5372 3673 5450">
    <p class='ocr_par' dir='ltr' id='par_1_114' title="bbox 2086 5372 3673 5450">
     <span class='ocr_line' id='line_1_114' title="bbox 2086 5372 3673 5450; baseline -0.001 -17"><span class='ocrx_word' id='word_1_862' title='bbox 2086 5381 2355 5450; x_wconf 85' lang='lat' dir='ltr'><strong>quoddam</strong></span> <span class='ocrx_word' id='word_1_863' title='bbox 2379 5380 2657 5450; x_wconf 88' lang='lat' dir='ltr'><strong>spinarum</strong></span> <span class='ocrx_word' id='word_1_864' title='bbox 2700 5394 2889 5450; x_wconf 85' lang='lat' dir='ltr'><strong>genus,</strong></span> <span class='ocrx_word' id='word_1_865' title='bbox 2939 5379 2992 5434; x_wconf 91' lang='lat' dir='ltr'><strong>in</strong></span> <span class='ocrx_word' id='word_1_866' title='bbox 3042 5372 3458 5441; x_wconf 87' lang='lat' dir='ltr'><strong>similitudinem</strong></span> <span class='ocrx_word' id='word_1_867' title='bbox 3489 5379 3673 5437; x_wconf 75' lang='lat' dir='ltr'><strong>dicere</strong></span> 
     </span>
    </p>
   </div>
   <div class='ocr_carea' id='block_1_115' title="bbox 2085 5468 3679 5543">
    <p class='ocr_par' dir='ltr' id='par_1_115' title="bbox 2085 5468 3679 5543">
     <span class='ocr_line' id='line_1_115' title="bbox 2085 5468 3679 5543; baseline 0.001 -18"><span class='ocrx_word' id='word_1_868' title='bbox 2085 5472 2337 5527; x_wconf 87' lang='lat' dir='ltr'><strong>oumibus</strong></span> <span class='ocrx_word' id='word_1_869' title='bbox 2362 5468 2522 5541; x_wconf 85' lang='lat' dir='ltr'><strong>lignis</strong></span> <span class='ocrx_word' id='word_1_870' title='bbox 2574 5470 3020 5527; x_wconf 86' lang='lat' dir='ltr'><strong>convenientibus</strong></span> <span class='ocrx_word' id='word_1_871' title='bbox 3056 5487 3178 5533; x_wconf 83' lang='lat' dir='ltr'><strong>eam</strong></span> <span class='ocrx_word' id='word_1_872' title='bbox 3209 5479 3269 5525; x_wconf 91' lang='lat' dir='ltr'><strong>ut</strong></span> <span class='ocrx_word' id='word_1_873' title='bbox 3303 5480 3560 5543; x_wconf 77' lang='lat' dir='ltr'><strong>regnaret</strong></span> <span class='ocrx_word' id='word_1_874' title='bbox 3587 5486 3679 5526; x_wconf 79' lang='lat' dir='ltr'><strong>su-</strong></span> 
     </span>
    </p>
   </div>
   <div class='ocr_carea' id='block_1_116' title="bbox 2086 5563 3686 5637">
    <p class='ocr_par' dir='ltr' id='par_1_116' title="bbox 2086 5563 3686 5637">
     <span class='ocr_line' id='line_1_116' title="bbox 2086 5563 3686 5637; baseline 0.001 -21"><span class='ocrx_word' id='word_1_875' title='bbox 2086 5579 2181 5633; x_wconf 85' lang='lat' dir='ltr'><strong>per</strong></span> <span class='ocrx_word' id='word_1_876' title='bbox 2214 5579 2327 5617; x_wconf 85' lang='lat' dir='ltr'><strong>eas.</strong></span> <span class='ocrx_word' id='word_1_877' title='bbox 2372 5563 2432 5618; x_wconf 89' lang='lat' dir='ltr'><strong>Si</strong></span> <span class='ocrx_word' id='word_1_878' title='bbox 2452 5564 2505 5617; x_wconf 90' lang='lat' dir='ltr'><strong>in</strong></span> <span class='ocrx_word' id='word_1_879' title='bbox 2534 5564 2748 5618; x_wconf 79' lang='lat' dir='ltr'><strong>veritate</strong></span> <span class='ocrx_word' id='word_1_880' title='bbox 2786 5563 2980 5635; x_wconf 82' lang='lat' dir='ltr'><strong>ungilis</strong></span> <span class='ocrx_word' id='word_1_881' title='bbox 3023 5581 3104 5621; x_wconf 89' lang='lat' dir='ltr'><strong>me</strong></span> <span class='ocrx_word' id='word_1_882' title='bbox 3146 5581 3233 5621; x_wconf 77' lang='lat' dir='ltr'><strong>vos</strong></span> <span class='ocrx_word' id='word_1_883' title='bbox 3276 5582 3501 5637; x_wconf 84' lang='lat' dir='ltr'><strong>regnare</strong></span> <span class='ocrx_word' id='word_1_884' title='bbox 3523 5580 3686 5635; x_wconf 76' lang='lat' dir='ltr'><strong>super</strong></span> 
     </span>
    </p>
   </div>
   <div class='ocr_carea' id='block_1_117' title="bbox 2084 5646 3686 5725">
    <p class='ocr_par' dir='ltr' id='par_1_117' title="bbox 2084 5646 3686 5725">
     <span class='ocr_line' id='line_1_117' title="bbox 2084 5646 3686 5725; baseline 0.001 -18"><span class='ocrx_word' id='word_1_885' title='bbox 2084 5671 2192 5718; x_wconf 77' lang='lat' dir='ltr'><strong>vos,</strong></span> <span class='ocrx_word' id='word_1_886' title='bbox 2236 5653 2420 5718; x_wconf 76' lang='lat' dir='ltr'><strong>venite,</strong></span> <span class='ocrx_word' id='word_1_887' title='bbox 2445 5646 2689 5723; x_wconf 80' lang='lat' dir='ltr'><strong>conﬁdite</strong></span> <span class='ocrx_word' id='word_1_888' title='bbox 2729 5655 2785 5709; x_wconf 85' lang='lat' dir='ltr'><strong>in</strong></span> <span class='ocrx_word' id='word_1_889' title='bbox 2824 5655 3140 5725; x_wconf 78' lang='lat' dir='ltr'><strong>proiectione</strong></span> <span class='ocrx_word' id='word_1_890' title='bbox 3168 5673 3308 5711; x_wconf 89' lang='lat' dir='ltr'><strong>mea.</strong></span> <span class='ocrx_word' id='word_1_891' title='bbox 3351 5652 3422 5708; x_wconf 88' lang='lat' dir='ltr'><strong>Et</strong></span> <span class='ocrx_word' id='word_1_892' title='bbox 3463 5655 3513 5711; x_wconf 83' lang='lat' dir='ltr'><strong>si</strong></span> <span class='ocrx_word' id='word_1_893' title='bbox 3550 5671 3686 5721; x_wconf 75' lang='lat' dir='ltr'><strong>non,</strong></span> 
     </span>
    </p>
   </div>
   <div class='ocr_carea' id='block_1_118' title="bbox 2085 5740 3687 5816">
    <p class='ocr_par' dir='ltr' id='par_1_118' title="bbox 2085 5740 3687 5816">
     <span class='ocr_line' id='line_1_118' title="bbox 2085 5740 3687 5816; baseline 0.001 -16"><span class='ocrx_word' id='word_1_894' title='bbox 2085 5756 2233 5800; x_wconf 70' lang='lat' dir='ltr'><strong>exeat</strong></span> <span class='ocrx_word' id='word_1_895' title='bbox 2267 5745 2400 5816; x_wconf 85' lang='lat' dir='ltr'><strong>ignis</strong></span> <span class='ocrx_word' id='word_1_896' title='bbox 2447 5744 2510 5798; x_wconf 93' lang='lat' dir='ltr'><strong>de</strong></span> <span class='ocrx_word' id='word_1_897' title='bbox 2566 5740 2810 5813; x_wconf 83' lang='lat' dir='ltr'><strong>rhamno,</strong></span> <span class='ocrx_word' id='word_1_898' title='bbox 2860 5755 2907 5800; x_wconf 89' lang='lat' dir='ltr'><strong>et</strong></span> <span class='ocrx_word' id='word_1_899' title='bbox 2940 5746 3176 5801; x_wconf 89' lang='lat' dir='ltr'><strong>comedat</strong></span> <span class='ocrx_word' id='word_1_900' title='bbox 3224 5740 3410 5801; x_wconf 83' lang='lat' dir='ltr'><strong>cedros</strong></span> <span class='ocrx_word' id='word_1_901' title='bbox 3455 5740 3687 5801; x_wconf 76' lang='lat' dir='ltr'><strong>Libani.</strong></span> 
     </span>
    </p>
   </div>
   <div class='ocr_carea' id='block_1_119' title="bbox 2086 5839 3691 5908">
    <p class='ocr_par' dir='ltr' id='par_1_119' title="bbox 2086 5839 3691 5908">
     <span class='ocr_line' id='line_1_119' title="bbox 2086 5839 3691 5908; baseline -0.001 -11"><span class='ocrx_word' id='word_1_902' title='bbox 2086 5841 2359 5898; x_wconf 85' lang='lat' dir='ltr'><strong>Obscurus</strong></span> <span class='ocrx_word' id='word_1_903' title='bbox 2384 5851 2574 5896; x_wconf 87' lang='lat' dir='ltr'><strong>sensus</strong></span> <span class='ocrx_word' id='word_1_904' title='bbox 2600 5848 2705 5908; x_wconf 86' lang='lat' dir='ltr'><strong>est,</strong></span> <span class='ocrx_word' id='word_1_905' title='bbox 2736 5841 2831 5898; x_wconf 88' lang='lat' dir='ltr'><strong>sed</strong></span> <span class='ocrx_word' id='word_1_906' title='bbox 2851 5855 2975 5898; x_wconf 90' lang='lat' dir='ltr'><strong>eum</strong></span> <span class='ocrx_word' id='word_1_907' title='bbox 3002 5840 3223 5900; x_wconf 85' lang='lat' dir='ltr'><strong>inventa</strong></span> <span class='ocrx_word' id='word_1_908' title='bbox 3243 5839 3531 5901; x_wconf 82' lang='lat' dir='ltr'><strong>distinctio</strong></span> <span class='ocrx_word' id='word_1_909' title='bbox 3556 5853 3691 5896; x_wconf 74' lang='lat' dir='ltr'><strong>ma-</strong></span> 
     </span>
    </p>
   </div>
  </div>
