3986 6348
316 404 456 468 ηπ

1254 392 1603 456 autumn.
1643 388 1712 451 IN
1749 388 1880 449 LIB.
1919 388 2237 451 ιυιιιοωι.
2269 414 2341 437 -οιι
2376 386 2504 447 tm.
2544 386 2609 445 ll.

3427 391 3565 447 HN

317 525 563 583 nifestat.
588 516 708 577 Non
733 518 880 577 enim
898 518 975 574 ita
1008 515 1294 588 legendum
1320 522 1424 580 est,
1453 513 1525 568 Et
1550 513 1595 567 si
1621 483 1727 565 non
1742 518 1892 565 suat
1918 511 1967 574 Δ
1994 510 2184 565 Graeco
2238 506 2583 580 empesteiten
2605 545 2621 572 ,
2680 504 2821 560 misit
2872 505 3212 576 interpreted
3266 512 3412 570 sunt,
3458 522 3564 562 non

316 619 454 691 ignis
474 617 540 671 de
572 614 834 678 rhamno;
866 611 962 666 sed
983 608 1523 677 subdistinguendum
1550 623 1562 660 :
1595 604 1668 658 Et
1699 604 1889 669 sinon,

321 723 388 766 ac
415 704 613 763 deinde
635 700 991 767 lnierendum,
1018 707 1167 754 exeat
1184 698 1322 769 ignis
1342 697 1406 751 de
1429 697 1671 762 rhamno,
1694 694 1751 749 id
1768 699 1887 749 est:

320 801 393 859 Et
421 801 467 856 si
515 810 619 854 non
655 795 920 865 conﬁditis
956 793 1015 846 in
1049 792 1367 863 proiectione
1414 804 1575 853 mea;
1611 794 1720 850 aut,
1757 785 1895 840 Etsi

324 908 434 949 non
473 890 531 945 in
558 888 771 945 veritate
796 884 993 956 ungitis
1035 898 1118 937 me
1154 895 1372 952 regnare
1409 894 1566 949 super
1610 894 1721 943 vos,
1744 883 1895 931 exeat

320 982 460 1055 ignis
487 980 554 1035 de
583 978 824 1042 rhamno,
849 982 901 1029 et
938 972 1179 1028 comedat
1216 970 1398 1024 cedros
1426 968 1635 1023 Libani.
1662 966 1896 1022 Commi-

321 1073 505 1127 nantls
523 1069 667 1123 enim
691 1067 856 1121 verba
898 1070 1023 1119 sunt
1044 1061 1174 1133 quid
1199 1060 1381 1115 facere
1421 1058 1613 1130 possit,
1640 1058 1688 1114 si
1714 1057 1898 1112 nolue-

319 1163 433 1220 rint
452 1173 570 1216 eam
596 1171 824 1229 regnare
853 1170 1015 1226 super
1039 1168 1118 1209 se.
1144 1151 1344 1207 Verum
1373 1150 1497 1220 quia
1522 1162 1632 1205 non
1655 1149 1761 1203 ait:
1785 1148 1897 1202 Eat-

321 1251 416 1307 ibit
442 1250 577 1321 ignis
610 1248 675 1302 de
700 1248 954 1311 rhamno,
993 1253 1044 1299 et
1088 1242 1424 1297 manducabit
1471 1241 1656 1297 cedros
1683 1240 1893 1308 Libani,

325 1340 420 1395 sed
453 1339 553 1401 ait,
584 1336 759 1392 Exeat
809 1343 859 1389 et
887 1333 1169 1388 manducet
1194 1344 1214 1384 :
1251 1331 1533 1387 obscurius
1561 1329 1765 1385 factum
1789 1335 1894 1396 est,

324 1442 485 1501 quam
510 1429 555 1484 si
592 1440 705 1483 arua
759 1425 1033 1482 distinctio
1084 1423 1296 1478 lateret.
1329 1420 1757 1477 Vehementioris
1803 1434 1900 1475 au-

326 1530 433 1576 tem
459 1518 897 1575 comminationis
930 1524 1017 1572 est
1060 1522 1117 1571 et
1148 1513 1543 1585 quodammodo
1587 1512 1899 1583 praesentio-

323 1611 403 1666 ris
423 1609 698 1674 eliicaclte,
722 1609 768 1663 si
798 1607 922 1678 quis
948 1606 1093 1662 dicat
1120 1623 1134 1660 :
1163 1604 1224 1659 Si
1279 1616 1387 1659 non
1415 1603 1498 1660 vis
1524 1602 1704 1658 facere
1754 1602 1899 1673 quod

324 1704 471 1769 volo,
501 1703 687 1758 saeviat
727 1702 783 1756 in
832 1709 886 1757 te
932 1698 1015 1754 ira
1068 1712 1209 1766 mea,
1245 1698 1299 1754 id
1323 1704 1428 1763 est,
1461 1695 1575 1766 jam
1610 1696 1814 1762 saeviat,
1838 1702 1901 1751 ut

329 1793 476 1863 quod
497 1807 618 1848 eam
647 1801 827 1857 teneo,
856 1805 1017 1861 quam
1049 1790 1097 1845 si
1149 1789 1294 1844 dicat
1334 1789 1529 1855 meiat,
1576 1787 1899 1858 promissivo

324 1883 486 1938 modo
518 1894 739 1954 prunam
763 1883 1037 1938 intentans
1064 1880 1321 1936 futuram.

905 2008 1133 2067 CAPUT
1169 2007 1286 2065 XII.

327 2127 483 2200 Quod
501 2135 616 2200 post
639 2132 856 2200 mortem
880 2121 1103 2200 Gedeori
1139 2122 1307 2200 auersi
1364 2127 1485 2200 sunt
1523 2116 1623 2191 ﬁlii
1659 2118 1832 2200 lsrael
1856 2126 1906 2175 et

400 2186 650 2268 fornicati
716 2203 838 2268 sunt
891 2211 1023 2268 cum‘
1061 2188 1293 2268 Baalim,
1345 2186 1605 2268 misitque
1649 2186 1905 2268 Dominus

395 2260 641 2335 Spiritum
688 2263 968 2335 pessimum
1005 2262 1145 2317 inter
1181 2262 1477 2335 Abimelcclt
1500 2260 1555 2315 'et
1584 2260 1906 2335 habitatores

436 2338 619 2399 icttem,
649 2330 737 2406 qui
780 2344 1040 2406 creperum
1086 2348 1204 2406 eum
1231 2332 1474 2406 detestari
1507 2340 1580 2406 _st
1609 2330 1790 2406 _scelus
1819 2331 1905 2384 in-

394 2400 714 2475 terfectiouis
743 2400 1073 2475 septuaginta
1104 2402 1340 2471 ﬁliorum
1368 2400 1639 2457 Jeroboal.

397 2514 576 2591 (Imm)
602 2516 886 2587 Postquam
916 2525 1089 2569 autem
1112 2522 1350 2568 mortuus
1384 2522 1459 2567 est
1483 2511 1712 2579 Gedeon,
1741 2512 1909 2567 auersi

324 2620 446 2666 sunt
469 2609 567 2679 ﬁlii
596 2606 792 2673 Israel,
819 2614 867 2661 et
895 2606 1144 2675 fornicati
1167 2614 1286 2661 sunt
1307 2619 1426 2658 cum
1446 2602 1677 2668 Baalim,
1699 2618 1910 2673 percus-

323 2710 608 2772 seruntquc
633 2712 752 2754 cum
770 2698 907 2752 Baal
929 2696 1120 2766 futdus,
1153 2704 1209 2749 ut
1232 2696 1306 2750 eis
1331 2705 1460 2750 esset
1489 2696 1547 2750 in
1577 2693 1760 2749 Deum.
1796 2691 1908 2747 Nec

327 2791 593 2847 recordati
619 2800 741 2845 sunt
771 2788 982 2842 Domini
1023 2786 1122 2841 Dei
1142 2788 1246 2853 sui,
1296 2788 1385 2857 qui
1414 2787 1551 2840 eruit
1590 2801 1676 2840 eos
1704 2785 1769 2838 de
1794 2799 1910 2838 nta-

325 2883 482 2939 nibus
509 2880 742 2936 omnium
782 2879 1115 2934 inimicorum
1139 2893 1357 2933 suorum
1395 2892 1488 2948 per
1532 2877 1830 2942 circuitum,
1854 2882 1909 2930 et

328 2981 548 3030 caetera.
593 2968 948 3040 Septuaginta
982 2983 996 3021 ς
1029 2967 1098 3020 Et
1140 2966 1339 3037 factum
1363 2977 1460 3033 est,
1508 2982 1628 3021 cum
1672 2976 1908 3022 mortuus

328 3071 461 3117 esset
492 3060 723 3124 Gsdeon,
748 3069 797 3115 et
841 3060 1008 3114 aversi
1040 3067 1163 3112 sunt
1207 3056 1308 3126 ﬁlii
1343 3058 1534 3124 Israel,
1577 3067 1628 3112 et
1661 3058 1909 3129 fornicati

1992 602 2183 655 emisit.
2213 600 2401 655 Potest
2427 612 2559 669 ergo
2579 604 2636 652 et
2663 598 2742 653 sic
2769 595 3010 667 intelligi,
3061 603 3124 652 ut
3173 596 3422 667 spiritum
3448 613 3563 653 ma-

1992 696 2105 752 lum
2134 695 2276 751 Deus
2299 702 2556 763 tanquam
2588 693 2670 766 ire
2700 692 2841 747 inter
2861 704 2956 745 eos
2999 690 3267 747 volentem
3302 691 3566 760 emiserit,

1991 786 2049 842 id
2088 792 2191 852 est,
2233 790 2556 855 potestatem
2607 779 2818 836 dederit
2848 778 3088 851 maligno
3134 779 3348 849 spiritui
3385 779 3453 836 ad
3475 793 3569 838 eo-

1990 891 2117 933 rum
2132 891 2324 946 pacem
2345 873 2785 944 perturbandam.
2825 869 3009 940 Usque
3038 871 3170 927 adeo
3195 877 3376 925 autem
3402 869 3568 927 etiam

1995 968 2140 1023 mitti
2165 983 2197 1022 a
2226 967 2453 1023 Domino
2502 964 2798 1036 malignum
2848 963 3099 1032 spiritum
3147 972 3368 1034 propter
3408 962 3570 1033 justi-

1994 1060 2127 1115 tiam
2176 1057 2483 1114 vindicandl
2527 1071 2637 1111 non
2692 1054 2986 1111 absurdum
3018 1056 3193 1110 visum
3231 1064 3336 1121 est,
3362 1063 3423 1111 ut
3445 1056 3569 1126 qui-

1995 1152 2119 1207 dam
2153 1151 2209 1206 id
2235 1150 2381 1220 quod
2409 1156 2495 1206 est
2523 1145 2902 1220 exapesteilen,
2934 1147 3099 1204 etiam
3136 1148 3364 1205 immisit
3401 1148 3567 1204 inter-

1993 1244 2196 1316 pretati
2216 1244 2345 1301 sint.

2578 1326 2808 1388 CAPUT
2846 1328 2984 1385 XIII.

1999 1422 2154 1492 Quod
2179 1420 2316 1477 Gaal
2343 1421 2486 1492 ﬁlius
2516 1417 2683 1492 Obed,
2731 1435 2967 1492 qurerens
3008 1417 3308 1492 Sicltimitas
3327 1427 3577 1492 auertere

2069 1493 2133 1550 ab
2166 1489 2482 1558 Abimeleclt,
2535 1490 2598 1545 ab
2633 1508 2692 1545 eo
2718 1489 3020 1559 interfectus
3044 1498 3140 1554 est,
3170 1490 3258 1559 qui
3289 1489 3424 1544 uiros
3460 1500 3576 1544 tur—
3663 1539 3669 1545 .

2070 1565 2142 1618 ris
2170 1563 2545 1627 Sichimorum,
2582 1559 3245 1631 frondibusgarborumque
3267 1560 3456 1631 sissis,
3472 1577 3577 1631 per

2068 1633 2273 1756 fungar:
2310 1642 2357 1688 et
2382 1626 2554 1704 ignem
2582 1626 2817 1687 necavit.
2860 1626 2926 1683 Et
2973 1628 3037 1684 de
3070 1626 3213 1684 obitu
3256 1628 3419 1701 ipsius
3444 1626 3572 1683 Abi-
3614 1670 3619 1679 .

2030 1720 2049 1735 ι
2069 1719 2153 1758 me
2176 1719 2231 1757 ec
2272 1741 2289 1757 .

2073 1791 2250 1866 (1811).)
2289 1791 2428 1847 Ecce
2461 1790 2600 1847 Gaal
2629 1791 2774 1862 ﬁlius
2812 1788 2958 1847 Obed
3008 1789 3147 1846 venit
3196 1791 3254 1844 in
3291 1787 3578 1845 Sichlmam

1928 1868 1980 1935 Β
2006 1898 2123 1938 cum
2152 1885 2405 1955 fratribus
2446 1886 2585 1951 suis,
2636 1893 2683 1939 et
2711 1892 2971 1955 oppugnat
3018 1883 3294 1947 adversum
3327 1892 3375 1936 te
3408 1881 3582 1935 civita~

2005 1986 2129 2038 tem.
2171 1973 2337 2048 Surge
2362 1977 2539 2048 itaque
2576 1985 2724 2030 nocte
2759 1991 2876 2029 cum
2903 1973 3096 2047 populo
3143 1974 3234 2046 qui
3277 1983 3443 2028 tecum
3479 1978 3577 2039 est,

2005 2075 2055 2123 et
2093 2066 2246 2123 latita
2290 2069 2347 2124 in
2392 2084 2542 2140 agro,
2575 2078 2621 2123 et
2667 2070 2834 2139 primo
2863 2083 3018 2122 mane
3061 2067 3258 2122 oriente
3286 2067 3393 2122 sole
3433 2066 3582 2120 irrue

2009 2176 2168 2231 super
2208 2159 2485 2215 ciuitatem.
2518 2158 2622 2214 Illo
2667 2169 2841 2213 autem
2894 2159 3182 2231 egrediente
3225 2158 3505 2214 adversum
3532 2166 3582 2212 te

2006 2266 2128 2307 cum
2177 2250 2369 2323 populo
2420 2265 2538 2317 suo,
2588 2251 2674 2322 fac
2705 2252 2751 2305 ei
2778 2250 2918 2322 quod
2970 2250 3224 2322 potueris,
3267 2259 3321 2305 et
3362 2256 3579 2305 caetera.

2008 2343 2185 2398 Verba
2211 2356 2331 2411 quae
2363 2342 2513 2397 misit
2552 2356 2649 2413 per
2685 2342 2904 2397 nuntios
2949 2343 3019 2397 ad
3058 2340 3370 2398 Abimelech
3415 2338 3584 2396 Zebul

2005 2432 2259 2504 princeps
2314 2432 2550 2487 civitatis
2612 2432 2999 2499 Sichimorum,
3057 2432 3223 2487 etiam
3287 2431 3582 2488 secundum

2008 2523 2384 2594 Septuaginta,
2418 2523 2496 2580 sic
2541 2524 2780 2581 habent:
2812 2524 2885 2578 Et
2926 2540 3063 2578 nunc
3088 2539 3246 2595 surge
3276 2530 3425 2578 nocte
3453 2532 3511 2577 tu
3533 2530 3583 2577 et

2005 2612 2234 2683 populus
2269 2624 2392 2668 tuus
2423 2623 2610 2678 tecum,
2643 2623 2691 2668 et
2716 2615 2972 2669 insidiare
2992 2616 3046 2668 in
3076 2630 3224 2685 agro.
3260 2612 3329 2667 Et
3358 2614 3458 2668 erit
3478 2630 3586 2668 ma-

2010 2717 2075 2758 ne
2103 2704 2262 2758 simul
2296 2712 2353 2758 ut
2403 2706 2573 2758 oritur
2627 2705 2726 2771 sol,
2762 2705 3053 2759 maturabis
3104 2713 3156 2759 et
3200 2705 3378 2760 tendes
3430 2721 3587 2776 super

2010 2793 2288 2848 civitatem.
2329 2794 2483 2861 Quod
2531 2794 2709 2849 Latini
2764 2794 2981 2865 quidam
3011 2796 3215 2852 habent
3269 2796 3582 2862 maturabis,

2010 2885 2227 2954 quidam
2256 2900 2405 2950 vero,
2457 2886 2765 2951 manicabis,
2808 2885 3029 2942 Graecus
3075 2886 3241 2942 habet
3281 2887 3426 2957 quod
3478 2886 3584 2943 dici

2008 2985 2193 3046 posset
2219 2992 2325 3031 non
2347 2992 2457 3033 uno
2479 2977 2667 3043 verbo,
2697 2977 2931 3034 diluculo
2968 2992 3169 3050 surges.
3219 2977 3327 3034 Sed
3355 2978 3587 3035 fortasse

2010 3069 2138 3124 hinc
2188 3068 2265 3123 sic
2313 3069 2514 3124 dictum
2564 3069 2875 3135 maturabls,
2922 3083 2953 3124 a
2997 3070 3266 3133 matutino
3320 3077 3582 3141 tempore,

326 3163 449 3209 sunt
474 3163 588 3226 post
626 3151 877 3218 Baalim;
905 3162 955 3206 et
997 3158 1281 3223 posuerunt
1322 3149 1425 3222 ipsi
1460 3151 1561 3206 sibi
1600 3150 1906 3206 Baalberitb
1950 3220 1981 3229 Α
2012 3159 2259 3229 quamvis
2294 3159 2459 3214 etiam
2513 3156 2634 3214 aliis
2678 3159 3012 3229 temporibus
3044 3160 3152 3215 dici
3182 3159 3356 3216 soleat
3376 3161 3444 3216 ad
3472 3175 3588 3216 rem

331 3220 720 3309 testamentum,
746 3253 807 3296 ut
833 3253 963 3298 esset
988 3220 1063 3297 eis
1097 3243 1207 3314 ipse
1251 3243 1307 3297 in
1328 3220 1517 3297 Deum.
1563 3242 1632 3296 Et
1677 3242 1904 3308 Baallm,
1937 3220 1982 3287 Ο
2013 3220 2439 3306 accelerandam.
2484 3220 2809 3304 Manicabis-
2843 3258 3023 3306 autem
3068 3250 3321 3306 Latinum
3358 3250 3588 3308 verbum

327 3347 387 3394 et
413 3336 725 3396 Baalberith
763 3336 907 3392 idola
934 3335 1281 3406 intelligenda
1328 3342 1472 3389 sunt.
1505 3332 1678 3404 Major
1726 3335 1909 3404 itaque

327 3428 691 3498 transgressio
742 3435 801 3481 et
841 3426 1130 3483 fornicatio
1179 3426 1468 3481 commissa
1516 3432 1601 3479 est
1643 3440 1675 3478 a
1711 3424 1909 3495 populo

327 3526 453 3589 post
472 3523 707 3571 mortem
739 3513 983 3579 Gedeon,
1010 3529 1175 3582 quam
1207 3514 1297 3567 illo
1344 3515 1470 3569 vivo
1495 3523 1717 3583 propter
1740 3514 1865 3569 efud
1891 3532 1902 3568 :

327 3610 583 3680 quoniam
610 3615 667 3662 et
688 3607 838 3672 illud,
869 3607 974 3661 etsi
997 3606 1182 3663 illicita
1207 3604 1410 3659 factum
1462 3613 1598 3670 erat,
1633 3614 1815 3660 tamen
1845 3608 1911 3662 de

330 3699 686 3756 sacramentis
714 3695 1051 3753 tabernaculi
1102 3704 1258 3763 erat;
1294 3696 1397 3751 ista
1424 3710 1554 3750 vero
1597 3704 1721 3765 post
1769 3695 1910 3750 idola

330 3793 618 3850 fornicatio
650 3806 759 3847 non
792 3792 957 3847 habet
980 3790 1068 3844 vel
1109 3788 1303 3845 falsam
1328 3796 1574 3859 pateram
1628 3786 1909 3859 religionis

330 3886 723 3941 defensionem.
781 3885 935 3940 Unde
968 3884 1180 3939 etiamsi
1226 3883 1355 3938 illud
1410 3880 1537 3939 eiud
1582 3883 1770 3938 nonin
1803 3881 1911 3935 line

330 3979 591 4048 temporis
619 3974 860 4043 Gedeon,
900 3975 994 4031 sed
1022 3982 1150 4031 ante
1174 3972 1375 4030 factum
1406 3978 1509 4040 est,
1545 3974 1618 4029 ita
1648 3973 1790 4028 Deus
1814 3987 1911 4043 pa-

329 4073 533 4126 tienter
563 4071 704 4138 tulit,
745 4080 804 4126 ut
826 4084 935 4142 pax
962 4071 1016 4126 in
1044 4079 1189 4126 terra
1235 4077 1650 4142 perseveraret:
1684 4072 1810 4140 quia
1839 4071 1907 4124 li-

330 4166 419 4213 cet
448 4158 649 4213 factum
679 4168 798 4215 erat
821 4160 965 4229 quod
986 4158 1355 4230 prohibuerat,
1400 4172 1508 4214 non
1539 4168 1722 4215 tamen
1750 4158 1909 4230 longe

329 4263 606 4305 recessum
633 4257 752 4307 erat
779 4251 849 4306 ab
878 4251 989 4318 illo,
1021 4251 1115 4322 qui
1147 4250 1253 4306 tale
1301 4251 1503 4320 aliquid
1552 4250 1610 4307 in
1660 4253 1911 4307 taberna-

329 4339 454 4395 culo
500 4352 598 4395 suo
641 4347 813 4412 atque
860 4341 915 4395 in
970 4342 1231 4396 honorem
1286 4356 1444 4397 suum
1491 4341 1610 4397 ﬁeri
1646 4342 1903 4414 iusserat.

329 4427 487 4485 Nunc
547 4442 679 4486 vero
743 4428 991 4502 graviora
1051 4431 1344 4487 commissa
1400 4439 1458 4486 et
1512 4433 1909 4502 apertissimum

2011 3354 2132 3396 esse
2181 3340 2316 3395 mihi
2368 3355 2475 3397 non
2528 3341 2791 3396 occurrit.
2854 3340 2963 3396 Sed
3010 3342 3141 3397 illud
3187 3349 3393 3408 movet,
3441 3340 3589 3412 quod

2009 3445 2133 3485 cum
2162 3429 2406 3497 dixisset,
2437 3431 2595 3486 simul
2631 3440 2688 3486 ut
2710 3433 2883 3486 oritur
2927 3432 3029 3498 sol,
3072 3431 3300 3499 addidit,
3352 3430 3590 3487 diluculo

2008 3535 2191 3589 surges
2214 3538 2234 3585 ;
2261 3536 2384 3577 cum
2414 3523 2589 3591 ipsum
2622 3522 2936 3588 diluculum,
2986 3524 3135 3593 quod
3178 3522 3364 3579 Graec
3391 3523 3593 3579 dicitur

2009 3612 2216 3678 ordros,
2244 3620 2453 3683 tempus
2490 3622 2616 3668 ante
2640 3613 2809 3668 solem
2857 3613 3146 3685 signiticet,
3175 3614 3320 3683 quod
3337 3614 3455 3685 jam
3478 3614 3591 3670 usi-

2012 3702 2278 3758 tutissime
2299 3703 2517 3769 dicitur,
2557 3716 2680 3759 cum
2723 3705 2999 3761 albescere
3053 3705 3300 3776 eruperit.
3340 3704 3434 3762 Sie
3480 3706 3588 3761 ita-

2010 3808 2115 3863 que
2146 3793 2547 3864 intelligendum
2598 3803 2701 3861 est,
2733 3803 2795 3849 ut
2819 3795 2965 3865 quod
3000 3796 3238 3865 positum
3283 3804 3367 3852 est
3411 3811 3588 3864 muns,

2010 3885 2185 3956 ipsum
2223 3885 2517 3941 diluculum
2571 3886 2923 3959 intelligatur.
2957 3886 3216 3942 Additum
3248 3895 3335 3944 est
3360 3894 3540 3943 autem
3570 3905 3585 3943 :

2011 3975 2184 4033 Simul
2212 3984 2271 4032 ut
2296 3979 2464 4032 oritur
2498 3977 2598 4044 sol,
2629 3985 2689 4033 ut
2714 3979 3133 4047 exprimeretur,
3164 3993 3272 4033 non
3310 3977 3426 4049 jam
3465 3985 3590 4033 orto

2009 4070 2123 4125 sole
2186 4069 2513 4136 faciendum,
2578 4072 2671 4125 sed
2727 4071 2819 4126 ubi
2868 4069 3046 4142 fulgor
3092 4071 3408 4141 apparuerit
3455 4068 3591 4125 solis

2007 4158 2253 4213 orientis.
2294 4157 2408 4213 Non
2436 4159 2583 4214 enim
2617 4158 2833 4214 aliunde
2857 4159 3084 4215 albescit
3129 4159 3444 4224 diluculum,
3479 4158 3589 4214 nisi

2008 4262 2134 4303 cum
2162 4249 2389 4318 eruperit
2415 4258 2625 4319 partem
2646 4250 2769 4304 coeli
2787 4287 2801 4316 ,
2831 4263 2995 4319 quam
3012 4248 3262 4306 videmus
3286 4250 3356 4306 ab
3378 4249 3591 4305 oriente

2008 4341 2103 4395 lux
2156 4340 2288 4397 solis
2344 4343 2412 4397 ad
2464 4357 2584 4397 eam
2635 4343 2914 4398 redeuntis
2965 4344 3249 4413 attingere.
3311 4342 3450 4398 Hinc
3502 4351 3592 4399 est

2009 4433 2152 4501 quod
2185 4434 2351 4489 etiam
2390 4434 2445 4489 in
2474 4433 2765 4505 Evangelia
2794 4449 2959 4489 unam
2989 4443 3153 4503 atque
3193 4434 3440 4488 eamdem
3469 4447 3588 4489 rem

323 4530 450 4625 post
484 4523 628 4577 idola
660 4523 1074 4580 fornicationem
1111 4525 1294 4597 populi
1344 4541 1465 4583 esse
1510 4526 1685 4583 noluit
1733 4528 1909 4598 impu~
1931 4566 1987 4628 Β
2013 4529 2150 4584 alius
2175 4529 2503 4599 evangelista
2541 4528 2670 4582 dicit
2721 4526 2956 4582 diluculo
2985 4525 3205 4590 factam,
3250 4539 3374 4580 cum
3409 4524 3590 4580 adhuc

328 4613 526 4667 uitam.

399 4699 646 4767 Misitque
672 4701 932 4758 Dominus
983 4704 1226 4775 spiritum
1282 4707 1561 4776 pessimum
1597 4708 1736 4762 inter
1782 4709 1908 4764 Abi-

327 4792 526 4848 meleclt
551 4803 601 4848 et
630 4788 954 4850 habitatores
986 4794 1218 4865 Sichem,
1266 4799 1355 4871 qui
1389 4809 1648 4869 coeperunt
1669 4816 1786 4855 eum
1816 4800 1907 4857 dea-

325 4883 531 4949 testari,
564 4893 614 4938 et
647 4884 814 4939 scelus
866 4886 1242 4957 interfectionis
1290 4889 1618 4960 septuaginta
1672 4890 1903 4959 ﬁliorum

326 4970 634 5039 Hierebbttl,
658 4980 709 5028 st
734 4968 1039 5044 effusionem
1061 4980 1334 5049 sanguinis
1360 4994 1539 5033 eorum
1580 4981 1819 5051 conferre
1847 4981 1901 5035 in

323 5058 621 5118 Abimsleclt
652 5065 870 5135 fratrem
895 5080 1067 5133 suum,
1100 5079 1148 5124 et
1191 5072 1329 5124 inter
1383 5080 1598 5127 cwteros
1644 5072 1903 5127 Sicltimo-

323 5168 444 5213 rum
471 5158 729 5228 principes
754 5162 844 5231 qui
869 5172 988 5215 eum
1025 5164 1359 5234 adiuverunt,
1385 5168 1437 5219 et
1463 5172 1680 5220 caetera.
1711 5165 1902 5221 Emisit

324 5248 466 5304 Deus
523 5251 763 5321 spiritum
821 5253 1108 5324 malignum
1149 5254 1288 5309 inter
1330 5255 1624 5311 Abimeleclt
1671 5261 1719 5310 et
1765 5259 1903 5311 inter

318 5340 463 5393 viras
492 5339 865 5399 Sichimorurn.
895 5343 1010 5400 Hoc
1055 5344 1281 5400 verbum
1330 5348 1515 5400 utrum
1541 5346 1898 5417 imperantem

323 5436 421 5487 aut
442 5436 841 5502 permittentem
860 5436 1031 5491 Deum
1054 5434 1341 5507 signiﬁcet,
1370 5450 1478 5494 non
1507 5437 1663 5495 facile
1689 5440 1903 5494 deliniri

325 5530 529 5594 potest.
558 5525 712 5591 Quod
740 5527 885 5581 enim
922 5526 1014 5582 hic
1042 5526 1276 5597 positum
1301 5532 1409 5595 est,
1456 5529 1650 5595 emisit,
1682 5528 1904 5586 Graecus

326 5615 492 5671 habet
521 5617 864 5687 exapesteilen
883 5661 897 5686 ,
951 5622 1093 5691 quod
1122 5628 1206 5676 est
1230 5622 1393 5677 etiam
1428 5623 1485 5677 in
1522 5622 1776 5689 Psalmis;
1809 5620 1902 5681 ubi

324 5705 565 5778 legitur:
592 5707 787 5763 Emitte
822 5709 988 5765 lucent
1014 5716 1159 5766 main
1192 5712 1363 5784 (Psal.
1387 5712 1561 5787 stu);
1591 5726 1900 5785 quanquam

318 5798 386 5865 tu
427 5799 751 5888 quibusdam
786 5798 925 5857 locis
961 5802 1287 5876 interpretes
1339 5804 1533 5873 nostri,
1578 5802 1674 5864 ubi
1712 5812 1799 5864 est
1843 5805 1900 5862 in

2013 4620 2307 4675 obscurum
2360 4628 2538 4684 esset;
2571 4618 2708 4674 alius
2751 4618 2963 4673 oriente
3006 4617 3139 4682 sole,
3188 4618 3316 4687 quia
3365 4624 3422 4673 et
3468 4616 3589 4690 ipsa

2015 4711 2106 4765 lux
2161 4710 2637 4781 quantulacunque
2691 4710 2910 4766 diluculi
2937 4750 2953 4776 ,
3011 4709 3125 4765 sole
3182 4711 3375 4782 utique
3424 4709 3590 4767 ﬁebat

2012 4802 2245 4867 oriente,
2293 4798 2347 4855 id
2384 4809 2487 4867 est,
2537 4803 2605 4856 ad
2651 4810 2833 4856 ortum
2882 4801 3157 4867 veniente,
3215 4809 3274 4857 et
3320 4801 3589 4874 fulgorem

2011 4905 2169 4947 suum
2222 4892 2288 4946 de
2344 4905 2456 4945 suae
2511 4890 2811 4961 praesentire
2876 4890 3277 4961 propinquitate
3318 4890 3583 4960 iactante.

2012 4984 2183 5051 Quam
2208 4982 2381 5037 lucem
2407 4981 2625 5052 quidam
2674 4980 2854 5036 idiotas
2879 4981 3009 5036 solis
3056 4995 3166 5036 non
3213 4993 3336 5034 esse
3361 4987 3586 5049 putave-

2011 5081 2160 5139 runt,
2189 5074 2284 5128 sed
2308 5086 2429 5127 esse
2458 5070 2607 5126 illam
2646 5086 2767 5142 quae
2801 5071 3054 5142 primitus
3109 5069 3326 5126 condita
3356 5076 3461 5137 est,
3489 5084 3587 5125 an-

2006 5173 2225 5235 tequam
2254 5164 2396 5219 Deus
2425 5169 2619 5232 quarto
2649 5162 2734 5216 die
2760 5154 3015 5217 conderet
3040 5160 3228 5219 solem.

2075 5254 2141 5311 At
2166 5256 2218 5311 lii
2242 5258 2331 5325 qui
2357 5252 2663 5310 habitabant
2686 5254 2742 5309 in
2770 5265 2913 5309 turre
2939 5249 3292 5307 Sichimorum
3320 5288 3336 5316 ,
3362 5247 3586 5319 ingressi

2001 5358 2122 5405 sunt
2151 5348 2334 5418 fanum
2361 5347 2459 5402 Dei
2486 5347 2570 5401 sui
2596 5345 2775 5401 Beritlt
2809 5344 2897 5399 ubi
2934 5340 3103 5411 fmdus
3140 5356 3259 5394 cum
3285 5354 3348 5394 eo
3383 5339 3587 5409 pepige-

2011 5452 2152 5507 rant,
2178 5450 2227 5496 et
2254 5456 2318 5495 ea:
2339 5456 2397 5494 eo
2423 5438 2565 5493 locus
2615 5452 2799 5493 nomen
2832 5440 3118 5503 acceperat,
3145 5432 3236 5502 qui
3280 5439 3393 5485 erat
3436 5428 3588 5484 valde

2010 5528 2264 5587 munitus.
2318 5531 2500 5586 Berith
2555 5545 2684 5601 ergo
2736 5527 3119 5595 interpretatur
3170 5530 3412 5592 pastum;
3442 5519 3587 5574 unde

2008 5620 2143 5679 dicit
2156 5624 2330 5679 locum
2346 5622 2564 5678 nomine
2584 5618 2723 5692 pacti
2746 5622 3133 5686 nuncupatum,
3146 5612 3271 5684 quia
3287 5610 3586 5666 Sichimita

2006 5726 2134 5771 cum
2173 5714 2334 5781 idolo,
2358 5728 2465 5785 quo
2485 5725 2544 5769 se
2568 5707 2777 5782 protegi
2796 5704 3169 5771 conﬁdebant,
3208 5708 3424 5773 pactum
3447 5700 3584 5757 inie-

2006 5814 2149 5864 rant.
