3986 6348
1785 254 1849 282 ω.

432 349 582 435 ἰι-ιδ
608 406 613 415 ι

1086 363 1146 418 Β.
1189 361 1442 418 RABANI
1481 361 1702 425 IAURI
1737 361 1996 421 ΑΒΟΗΙΕ

2099 361 2406 423 ΙΙΟῧῐῘΝΤ.
2444 364 2743 422 ΟΡΕὩΙῘᾺ
2764 364 2943 421 PARS
2979 365 3020 419 1.

3546 367 3698 423 “16
3744 408 3749 417 .

506 481 801 543 Abimdech
850 494 1053 549 quoque
1098 478 1315 537 audiens
1363 480 1500 535 viros
1532 480 1699 533 turris
1750 476 2013 534 Sichinio-
2036 478 2170 543 Ain
2197 476 2378 533 Sanir.
2422 478 2812 549 Septuaginta:
2849 477 2919 532 Et
2956 479 3191 537 ,δυνατὰ
3216 486 3334 549 post
3358 480 3711 544 albitatem,

438 595 553 633 mm
578 570 777 643 pariter
798 568 1129 641 conglobatos
1147 609 1162 635 ,
1205 569 1437 624 ascendit
1461 572 1520 624 in
1544 578 1770 625 montem
1796 567 2012 625 Selmoa

435 679 556 717 cum
579 663 722 719 omni
741 660 932 735 populo
961 678 1091 729 suo;
1122 670 1193 726 et,
1214 672 1426 731 arrepta
1446 663 1633 727 securi,
1660 661 1897 732 pmoidit
1922 678 2010 715 ar-

436 751 577 806 boris
603 767 827 816 ramum,
855 751 1253 822 inpositumque
1290 751 1459 820 ferens
1485 744 1735 816 humero,
1777 752 1912 807 dixit
1940 751 2009 806 ad

433 844 598 899 socios
622 860 641 899 :
667 842 819 907 Quod
846 860 929 899 me
956 844 1135 898 uidetis
1166 844 1359 913 facere,
1380 844 1481 898 cito
1502 844 1677 912 facite.
1704 843 1877 915 Igitur
1894 861 2009 899 cer-

433 934 586 997 tatim
625 950 798 989 ramos
838 933 905 993 de
953 932 1223 989 arboribus
1276 934 1613 1005 prtecldentes
1663 936 2011 1006 sequebantur

429 1022 644 1089 ducem,
704 1024 796 1092 qui
851 1022 1230 1079 circumdantes
1280 1023 1559 1092 praesidio,
1603 1024 2003 1080 succenderunt.

427 1114 596 1185 Atque
634 1114 707 1167 ita
735 1112 931 1180 factum
960 1122 1055 1177 est,
1086 1122 1140 1165 ut
1176 1111 1322 1183 fumo
1350 1121 1397 1167 et
1428 1114 1544 1184 igne
1571 1112 1715 1167 mille
1737 1114 2008 1169 hominum

433 1211 761 1269 necarentur,
789 1203 885 1256 viri
909 1203 1110 1272 pariter
1152 1218 1215 1257 ac
1242 1202 1483 1259 mulieres
1517 1204 1871 1259 habitatorum
1896 1211 2009 1256 tur-

428 1297 502 1350 ris
525 1296 755 1358 Siehem,
779 1301 884 1350 etc.
909 1293 1048 1349 Nota
1090 1306 1172 1350 est
1215 1294 1444 1352 historia
1472 1296 1738 1366 quomodo
1788 1295 2006 1351 Abime-

425 1386 549 1443 lech
577 1385 911 1451 Sichimitas,
926 1386 1263 1443 dissensione
1283 1402 1347 1443 ac
1369 1388 1635 1445 seditione
1657 1388 1818 1455 facta,
1848 1404 2004 1459 supe-

429 1480 568 1535 ravit
597 1487 757 1548 atque
794 1478 1085 1533 interemit.
1123 1477 1230 1533 Sed
1263 1479 1436 1550 magis
1463 1478 1617 1548 juvat
1640 1480 1932 1546 lectorem,
1955 1481 2002 1536 si

422 1570 730 1641 allegoriam
748 1567 878 1624 facti
903 1583 1036 1623 sano
1060 1568 1185 1625 ﬁdei
1211 1569 1368 1624 oculo
1405 1570 1615 1624 intente
1640 1570 2000 1640 prospexerit.

422 1661 593 1728 Quem
613 1671 794 1716 autem
824 1659 1018 1715 melius
1038 1659 1143 1714 iste
1159 1658 1473 1717 Ahimelecb
1498 1661 1877 1717 seditiosorum
1908 1676 2004 1717 rex

419 1740 581 1821 quam
608 1750 999 1809 Antichristum
1023 1788 1040 1814 ,
1092 1751 1331 1805 omnium
1366 1750 1692 1830 iniquorum
1723 1758 1883 1819 caput
1940 1765 2003 1806 ac

2110 569 2201 640 qui
2228 568 2431 624 salsum
2458 570 2648 639 faceret
2670 569 2862 637 Israel,
2890 569 3075 633 Thala,
3107 569 3251 639 filius
3290 573 3458 641 patris
3504 572 3710 640 fratris

2110 658 2247 727 ejus,
2274 660 2351 713 vir
2378 658 2618 715 Isachar.
2645 659 2840 716 Filium
2880 659 3069 730 patrui
3084 658 3205 729 tius
3224 660 3366 716 dixit
3384 660 3565 730 ﬁlius
3580 663 3715 731 fra—

2110 753 2207 805 tris
2228 753 2398 821 patris
2427 753 2541 822 ejus
2563 792 2579 819 ,
2634 767 2760 808 eum
2804 752 3107 809 ordinatius
3136 760 3195 808 et
3220 753 3486 809 usitatius
3529 763 3713 825 auiae

2110 843 2349 911 apertius
2362 844 2651 910 diceretur,
2669 843 2837 899 ﬁlium
2847 843 3374 915 fratrispatrisejus;
3388 844 3704 905 ﬁliusenim

2109 940 2228 987 erat
2249 934 2431 1003 patrui
2481 933 2618 1002 ejus,
2644 934 2785 991 sicut
2808 934 3107 992 evidentius
3150 936 3207 990 in
3249 951 3319 991 ea
3368 937 3707 1006 interpreta-

2110 1021 2257 1079 tione
2285 1038 2404 1092 qua:
2426 1038 2494 1079 ex
2516 1023 2746 1083 Hebraeo
2774 1032 2884 1091 est,
2923 1026 3217 1083 invenitur.
3242 1025 3365 1081 Non
3386 1042 3521 1098 ergo
3546 1030 3707 1098 quod

2110 1113 2312 1170 dictum
2335 1123 2420 1172 est
2442 1118 2609 1185 patris
2634 1117 2835 1186 fratris,
2853 1118 2924 1172 ab
2944 1132 3012 1173 eo
3031 1118 3363 1174 declinatum
3385 1127 3474 1175 est
3500 1121 3561 1175 in
3581 1137 3699 1178 nec

2107 1203 2386 1270 minativo,
2408 1215 2560 1273 pater
2588 1206 2807 1275 fratris;
2852 1208 2951 1264 sed
2994 1208 3063 1264 ab
3111 1223 3179 1263 eo
3209 1209 3359 1278 quod
3405 1218 3485 1267 est
3516 1213 3697 1280 patris

2106 1294 2301 1364 frater;
2331 1292 2435 1353 hoc
2455 1305 2542 1353 est
2574 1299 2720 1354 enim
2746 1307 2993 1369 patruus.
3025 1298 3163 1357 Nam
3192 1300 3308 1356 sive
3362 1310 3587 1371 ponatur
3627 1303 3691 1358 'm

2106 1387 2458 1457 nominativo,
2478 1389 2562 1445 hic
2584 1401 2734 1461 pater
2761 1392 2944 1461 fratris
2962 1432 2979 1458 ,
3005 1392 3121 1448 sive
3140 1401 3399 1462 ponatur,
3418 1395 3503 1447 hic
3518 1394 3699 1463 patris

2108 1478 2273 1548 frater
2292 1481 2588 1551 genitivum
2614 1483 2784 1549 facit,
2830 1484 2988 1554 hujus
3030 1485 3199 1554 patris
3230 1485 3437 1550 fratris.
3481 1485 3696 1541 Ver-In

2105 1570 2274 1629 altera
2304 1573 2479 1629 oritur
2498 1574 2756 1642 quaestio;
2799 1575 3069 1645 quomodo
3092 1574 3260 1630 fuerit
3295 1584 3527 1644 patruus
3560 1577 3697 1631 Abi-

2104 1662 2312 1719 meledi
2340 1664 2424 1719 vir
2447 1663 2683 1731 lsaehar,
2712 1666 2767 1721 id
2788 1675 2892 1731 est,
2924 1667 3008 1721 vir
3030 1667 3102 1723 de
3133 1665 3276 1721 tribu
3299 1665 3546 1730 lsachar,
3566 1683 3697 1722 cum

2105 1753 2418 1813 Ahimelech
2456 1767 2666 1827 patrem
2705 1759 2954 1814 habuerit
2996 1758 3217 1815 Gedeon
3241 1800 3257 1825 ,
3309 1760 3404 1829 qui
3458 1759 3691 1815 Gedeon

418 1844 745 1913 principem,
774 1857 1060 1913 possumus
1100 1842 1400 1915 intelligere
1423 1883 1439 1908 ,
1492 1842 1583 1911 qui
1630 1841 1775 1896 viros
1832 1841 2001 1897 turris
2026 1833 2075 1897 B
2102 1843 2169 1899 de
2195 1845 2338 1900 tribu
2355 1845 2456 1900 fuit
2472 1846 2747 1904 Manasse?
2770 1848 3051 1915 Quomodo
3072 1863 3205 1919 ergo
3225 1847 3378 1903 Phua
3391 1857 3451 1903 et
3470 1847 3695 1904 Gedeon

422 1933 786 1993 Sichimorum
831 1936 994 1991 ramis
1041 1934 1283 2006 praecisis
1321 1935 1387 1991 de
1412 1942 1597 1991 monte
1628 1932 1877 1997 Selmon,
1903 1947 2000 2016 per

416 2026 625 2083 fumum
651 2036 708 2082 et
750 2027 929 2100 ignem
954 2028 1241 2092 exstinxit,
1284 2042 1406 2082 cum
1444 2025 1705 2096 superbos
1755 2037 2002 2095 quosque

415 2122 621 2185 mentis
640 2122 972 2179 obscuritate
1011 2122 1251 2178 obcaecat
1278 2135 1343 2176 ac
1374 2120 1497 2188 igne
1524 2117 1832 2189 cupiditatis
1872 2131 2001 2171 ene-

413 2211 538 2267 cat?
561 2210 878 2269 Abimelech
896 2228 1047 2285 ergo,
1071 2213 1238 2284 frater
1266 2229 1410 2267 meus
1453 2227 1544 2267 res:
1570 2211 1995 2281 interpretatur;

415 2299 713 2358 Sicbimitae
732 2303 969 2368 humeri;
1004 2312 1059 2359 et
1082 2302 1299 2359 Selmon
1319 2304 1666 2358 consentiens.
1685 2300 1853 2373 Igitur
1869 2300 1999 2354 Abi—

414 2392 641 2456 melech,
666 2395 901 2465 degener
925 2404 984 2449 et
1008 2397 1269 2465 reprobus
1292 2410 1408 2462 rex,
1428 2395 1742 2451 Sichimitas
1764 2394 1817 2447 in
1850 2401 2000 2450 turre

413 2486 802 2551 consistentes,
847 2501 945 2557 per
978 2489 1233 2544 arborum
1264 2502 1487 2543 suarum
1527 2486 1748 2543 frondes
1775 2499 1999 2541 succen-

412 2591 504 2631 sos
539 2579 755 2644 occidit,
783 2593 906 2635 cum
947 2578 1311 2637 Antichristus
1352 2595 1446 2637 eos
1493 2579 1585 2649 qui
1628 2579 1686 2634 in
1732 2578 1997 2649 superbiae.

411 2676 619 2729 turrem
648 2670 860 2727 arbitrii
889 2670 973 2726 sui
1024 2671 1271 2731 libertate
1297 2672 1452 2741 potiti
1488 2670 1876 2732 conscendunt,
1908 2683 1996 2723 ra-

407 2758 802 2825 mosarborum
827 2760 897 2815 de
928 2768 1113 2829 monte
1146 2760 1385 2827 Selmon,
1412 2762 1520 2821 hoc
1538 2767 1623 2819 est
1646 2800 1661 2826 ,
1711 2758 1994 2831 hominum

407 2853 765 2922 reprohorum
792 2852 1042 2924 nequiter
1074 2852 1177 2908 sibi
1207 2851 1661 2915 consentientium
1714 2856 1870 2906 actus
1915 2864 1995 2905 sc-

407 2943 526 3001 curi
548 2943 805 3014 nequitia:
839 2958 951 3001 suae
996 2958 1060 3001 ac
1094 2943 1203 2999 doli
1242 2950 1548 3015 amputans,
1577 2939 1765 2998 oculos
1792 2941 1993 2997 mentis

404 3032 552 3093 fumo
577 3034 816 3105 perﬁdia:
847 3036 1105 3099 obcaecat,
1132 3050 1196 3091 ac
1240 3036 1364 3107 igne
1407 3032 1609 3091 furoris
1635 3038 1799 3105 atque
1844 3031 1993 3101 cupi-

405 3126 861 3193 ditatissudocat.
890 3128 1002 3185 Sed
1032 3128 1174 3185 sicut
1194 3126 1509 3185 Abimelech
1543 3132 1667 3196 posit
1689 3122 1991 3183 confectam

402 3220 947 3294 eademoondignam
972 3223 1229 3281 ultionem
1257 3222 1449 3281 mortis
1488 3220 1989 3291 recompensatione

403 3313 631 3382 recepit,
656 3314 732 3369 ita
756 3322 811 3368 et
836 3315 950 3383 ipse
971 3313 1339 3370 Antichristus
1363 3322 1489 3383 post
1528 3312 1853 3382 completam
1872 3327 1988 3369 ma-

402 3403 574 3467 litiam
596 3420 751 3463 suam
796 3405 859 3460 in
881 3406 1118 3462 caedibus
1143 3414 1478 3470 sanctorum,
1503 3415 1723 3461 aeternae
1761 3407 1988 3488 damna-

404 3494 572 3555 tionis
608 3495 936 3561 mercedem,
957 3494 1107 3564 justo
1151 3495 1332 3567 judice
1371 3496 1737 3563 retribuente,
1795 3495 1852 3551 in
1880 3494 1989 3552 line

401 3586 694 3656 pencipiet;
728 3587 830 3643 hoc
864 3587 1011 3651 enim
1038 3594 1434 3660 consequenter
1470 3586 1703 3657 scriptor
1742 3586 1988 3643 historiae

402 3677 675 3735 narrando
704 3676 993 3747 exprimit,
1045 3692 1168 3734 cum
1191 3677 1431 3739 ostendit
1466 3676 1780 3733 Abimelecb
1819 3691 1986 3747 oppu-

403 3774 677 3839 gnantem,
708 3775 919 3825 turrem
948 3766 1130 3838 Oppidi
1169 3765 1380 3823 Thebes
1402 3805 1419 3831 ,
1467 3764 1699 3829 muliere
1740 3763 1986 3834 fragmen

404 3857 562 3923 mola:
588 3857 751 3927 capiti
789 3856 907 3926 ejus
933 3857 1164 3927 desuper
1196 3856 1475 3925 injiciente
1497 3896 1514 3921 ,
1575 3869 1642 3911 ac
1703 3856 1988 3910 cerebrum

404 3948 823 4015 comminuente,
853 3947 1190 4005 occubuisse.
1237 3947 1377 4014 Quid
1404 3946 1549 4001 enim
1572 3946 1845 4019 signiﬁcat
1871 3947 1990 4005 haec

403 4042 620 4111 mulier,
649 4042 752 4099 nisi
778 4048 1017 4097 sanctam
1045 4040 1343 4099 Ecclesiam
1364 4080 1379 4105 ,
1436 4055 1557 4110 quae
1601 4054 1700 4110 per
1740 4038 1988 4109 fragmen

404 4135 583 4199 mola,
614 4135 716 4188 hoc
741 4141 842 4198 est,
872 4148 969 4202 per
991 4132 1289 4191 sententias
1313 4148 1481 4189 sacrm
1512 4132 1808 4203 Scriptum
1828 4140 1991 4203 caput

404 4227 748 4290 Antichristi,
771 4228 915 4294 quod
935 4234 1019 4282 est
1034 4227 1302 4292 diabolus,
1325 4228 1584 4293 conterit;
1613 4243 1678 4283 ac
1702 4228 1987 4283 cerebrum

406 4318 522 4390 ejus
547 4317 888 4384 comminuit,
911 4331 1033 4373 cum
1061 4331 1275 4373 sensum
1297 4318 1515 4374 malitiae
1546 4334 1658 4374 suae
1697 4321 1985 4385 subvertit,

405 4412 621 4483 quando
658 4408 793 4478 jaml
825 4408 1134 4467 hominibus
1187 4408 1562 4477 przedicando,
1612 4424 1675 4465 ac
1722 4410 1989 4466 bonorum

2100 1935 2298 1993 fratres
2324 1936 2570 2005 luerunt,
2598 1947 2659 1994 ut
2686 1942 2857 2011 possit
2883 1955 3003 1996 esse
3026 1942 3178 1997 Phua
3216 1952 3451 2012 patrimis
3473 1942 3696 1998 Abime—

2100 2026 2239 2095 lech,
2270 2029 2421 2098 cujus
2447 2033 2626 2101 patrui
2654 2031 2795 2089 ﬁlius
2835 2034 3006 2089 Thola
3039 2035 3357 2090 succederet
3391 2036 3693 2091 secundum

2101 2118 2258 2176 istam
2292 2125 2658 2181 narrationem
2690 2126 2789 2196 ipsi
2811 2126 3160 2183 Abimelech?
3200 2127 3513 2184 Potuerunt
3561 2144 3695 2198 ergo

2100 2211 2319 2271 Gedeon
2364 2225 2419 2273 et
2456 2216 2604 2274 Pbua
2636 2234 2799 2274 unam
2828 2219 3032 2276 habere
3075 2227 3335 2286 matrem,
3359 2235 3432 2275 ex
3461 2237 3569 2290 qua
3610 2223 3691 2277 di-

2097 2305 2273 2362 versis
2316 2307 2558 2375 patrihus
2586 2318 2959 2377 mscerentur,
2986 2319 3043 2366 et
3083 2310 3287 2366 fratres
3310 2322 3505 2367 essent
3528 2314 3688 2367 unius

2098 2397 2291 2453 matris
2328 2399 2446 2461 lilii,
2472 2416 2580 2457 non
2609 2402 2770 2457 unius
2792 2403 2983 2472 patris.
3014 2400 3275 2458 Solebant
3292 2402 3447 2456 enim
3479 2403 3687 2456 ιὼθω

2098 2484 2311 2544 feminae
2335 2490 2402 2546 de
2416 2491 2545 2547 aliis
2560 2492 2811 2547 tribubus
2839 2494 2895 2547 in
2918 2492 3055 2547 alias
3078 2493 3289 2547 tribus:
3312 2492 3461 2547 unde
3480 2501 3539 2546 et
3556 2491 3686 2547 Sani

2096 2595 2221 2636 eum
2243 2590 2388 2639 esset
2413 2584 2481 2639 de
2509 2583 2653 2640 tribu
2677 2583 2975 2651 Benjamin,
2997 2584 3147 2641 dedit
3194 2584 3365 2640 ﬁliam
3393 2600 3551 2639 suam
3592 2585 3688 2639 Da-

2096 2670 2186 2725 vid
2208 2672 2413 2731 homini
2439 2675 2506 2729 de
2525 2674 2666 2730 tribu
2694 2673 2857 2740 Iuda;
2898 2683 2954 2731 et
2974 2676 3230 2732 sacerdos
3252 2673 3410 2731 Imb
3436 2716 3454 2742 ,
3499 2677 3689 2745 utique

2095 2761 2257 2818 homo
2278 2764 2345 2821 de
2367 2764 2512 2821 tribu
2531 2764 2678 2828 Levi,
2712 2766 2865 2821 duxit
2903 2765 3075 2822 tiliam
3104 2766 3291 2822 Iuram
3320 2767 3487 2837 regis,
3510 2769 3687 2823 homi-

2095 2852 2182 2907 nis
2209 2853 2275 2909 de
2306 2853 2449 2909 tribu
2478 2852 2635 2910 Juda.
2670 2854 2808 2911 Hinc
2851 2855 3059 2912 factum
3085 2863 3188 2921 est,
3219 2866 3284 2912 ut
3320 2857 3603 2914 Elisabeth
3629 2866 3687 2913 et

2095 2943 2264 3001 Maria
2285 2954 2543 3017 cognatas
2574 2948 2630 3003 in
2667 2947 2959 3018 Evangelio
2994 2948 3265 3020 Iegimus(
3295 2949 3429 3005 Lee.
3462 2951 3532 3021 ι),
3559 2966 3683 3006 eum

2095 3032 2260 3089 fuerit
2278 3035 2554 3093 Elisaheth
2576 3039 2645 3093 de
2662 3038 2874 3095 ﬁliabus
2897 3039 3078 3095 Aaron
3100 3059 3115 3094 :
3138 3055 3211 3095 ex
3226 3056 3340 3110 quo
3356 3041 3683 3113 intelligitur

2094 3124 2161 3180 de
2184 3126 2326 3185 tribu
2349 3126 2477 3182 Levi
2504 3136 2560 3184 et
2602 3129 2815 3185 filiabus
2837 3129 3023 3187 Aaron
3042 3131 3281 3201 aliquam
3330 3134 3587 3203 nupsisse
3629 3135 3683 3189 in

2017 3180 2062 3245 ε
2095 3180 2295 3273 ab...
2319 3180 2820 3284 maniam;
2837 3180 3023 3278 ’ξεὲὲῐ
3042 3180 3685 3279 Ξῖιῖοῗῖωῐὲῗίῖιῖοζ-

2089 3310 2291 3377 gnatio,
2324 3319 2385 3366 ut
2424 3312 2637 3367 Domini
2669 3328 2796 3368 caro
2835 3329 2947 3369 non
2978 3313 3153 3370 solum
3186 3314 3438 3386 deregia,
3474 3328 3681 3371 rem

2090 3401 2252 3459 etiam
2275 3402 2346 3457 de
2362 3403 2688 3460 sacerdotaﬁ
2716 3404 2887 3475 stirpe
2906 3415 3316 3478 propagaretur.

2159 3491 2304 3548 Huic
2323 3496 2573 3549 successit
2597 3495 2720 3550 Jair
2748 3493 3070 3561 Galwdites,
3097 3499 3187 3567 qui
3217 3498 3478 3568 Μίεοώ
3505 3498 3683 3554 ιον-σά

2088 3602 2185 3657 per.
2205 3586 2387 3655 viginti
2410 3594 2463 3639 et
2499 3586 2630 3641 duos
2656 3604 2842 3654 annos,
2874 3588 3071 3644 habens
3095 3589 3313 3660 triginta
3341 3589 3487 3659 Mos
3505 3591 3687 3645 seden-

2090 3688 2163 3732 tes
2195 3693 2351 3748 super
2380 3677 2597 3747 triginta
2626 3677 2798 3747 pullos
2842 3680 3111 3733 asinorum
3138 3721 3153 3745 ,
3199 3689 3249 3734 et
3293 3683 3561 3751 principes
3586 3682 3682 3734 tri-

2088 3769 2235 3839 ginta
2274 3769 2567 3834 civitatum,
2603 3786 2721 3840 quae
2757 3786 2824 3824 ea:
2863 3770 3213 3841 nominerejus
3234 3772 3514 3843 appellata:
3560 3783 3681 3827 sunt

2088 3859 2254 3914 Auctis
2281 3857 2422 3923 Jair,
2451 3860 2506 3913 id
2534 3869 2630 3926 est,
2665 3861 2857 3931 oppida
2903 3861 3027 3916 Jair
3068 3876 3231 3933 usque
3265 3863 3324 3918 in
3373 3874 3681 3933 praesentet:

2089 3951 2225 4005 diem
2255 3951 2310 4005 in
2330 3960 2470 4007 terra
2501 3950 2728 4007 Galaad.
2762 3951 3103 4024 Mortuusque
3130 3965 3207 4009 est
3245 3952 3388 4022 Iair,
3414 3972 3482 4009 ac
3507 3956 3681 4026 sepul-

2091 4054 2172 4097 tus
2198 4043 2386 4099 inloco
2432 4046 2516 4101 cui
2540 4053 2616 4101 est
2652 4044 2962 4103 vocabulum
3008 4046 3229 4105 Cdmon.
3279 4046 3457 4115 Quem
3501 4057 3683 4103 alitem

2089 4133 2205 4189 Jair
2236 4136 2339 4189 iste
2363 4134 2669 4191 Galaadites
2702 4135 2894 4191 melius
2919 4136 3169 4207 designat
3191 4177 3209 4203 ,
3255 4151 3422 4208 quam
3452 4136 3684 4192 Redu-

2088 4233 2301 4295 ptorem
2328 4233 2595 4286 nostrum,
2617 4226 2709 4294 qui
2739 4225 2847 4280 dux
2891 4232 2949 4282 et
2975 4241 3069 4280 rex
3095 4234 3183 4281 est
3203 4226 3385 4297 populi
3410 4226 3683 4281 Ghﬁsua-

2089 4315 2182 4368 ni?
2228 4314 2384 4382 Quod
2410 4315 2550 4371 bene
2578 4315 2693 4384 ipsa
2718 4314 3097 4371 demonstrant
3123 4316 3366 4371 nomina.
3393 4314 3514 4371 lair
3535 4317 3684 4371 enim

2091 4404 2481 4475 interpretatur
2524 4405 2868 4472 illuminans,
2918 4414 2979 4464 et
3024 4405 3233 4462 (ἔδιδαὰ
3270 4424 3491 4462 acervus
3544 4410 3690 4462 testi-

403 4519 629 4576 operum
654 4502 899 4574 exempla
925 4501 1373 4567 demonstrando,
1403 4502 1555 4559 virus
1592 4503 1849 4572 nequitia:
1876 4520 1989 4561 suae
2014 4534 2070 4595 Β
2094 4499 2274 4565 monii-
2315 4498 2632 4553 “lllmiﬂalls
2672 4498 2810 4555 bene
2835 4499 3033 4595 diciml‘
3054 4500 3321 4557 Dominus
3348 4508 3534 4554 nos“)?
3552 4541 3571 4564 9
3620 4505 3689 4555 de

405 4598 463 4653 in
485 4610 583 4653 eos
608 4595 881 4652 effundere
911 4611 1019 4653 non
1038 4595 1303 4666 permittit
1323 4603 1379 4651 et
1410 4596 1478 4651 ad
1504 4604 1806 4653 extremum
1838 4597 1993 4653 unita

407 4688 569 4758 capiti
608 4701 709 4743 suo
738 4688 1028 4744 devincens
1076 4696 1331 4751 mortem,
1368 4688 1560 4744 mortis
1604 4696 1885 4745 auctorem
1934 4688 1992 4744 in

408 4788 675 4835 multum
702 4778 941 4843 damnat,
968 4796 1121 4849 quem
1148 4778 1405 4835 Dominus
1428 4779 1613 4848 utique
1642 4777 1803 4835 Jesus
1832 4780 1995 4834 inter-

408 4874 546 4942 ficiet
569 4871 761 4943 spiritu
788 4871 897 4925 oris
931 4873 1052 4938 sui,
1085 4881 1133 4927 et
1158 4872 1390 4943 destruet
1410 4870 1769 4927 illustrations
1795 4872 1993 4927 aduert-

410 4974 493 5019 tus
516 4964 598 5018 sui
625 4962 676 5035 (I
703 4960 882 5017 Thess.
907 4960 990 5033 tt).

1002 5077 1251 5136 CAPUT‘
1260 5078 1398 5135 XIV.

414 5193 568 5260 Quod
592 5200 707 5263 post
735 5186 1028 5247 Abimelech
1086 5194 1312 5263 surrexit
1367 5188 1536 5246 Israel
1566 5176 1567 5187 ‘
1594 5187 1791 5263 Thala,
1846 5188 1991 5258 ﬁlius

484 5260 660 5329 Phila,
688 5264 863 5334 patrui
891 5260 1353 5334 Abimelech,_cui
1399 5271 1511 5329 post
1560 5260 1757 5334 viginti-
1786 5270 1852 5334 et
1887 5269 1992 5334 tres

480 5328 651 5388 annos
688 5328 945 5388 successit
996 5332 1158 5397 Jair,
1216 5328 1553 5398 Galaadites,
1606 5328 1697 5401 qui
1729 5328 1993 5400 judicavit

484 5402 659 5460 Israel
682 5421 774 5473 per
798 5405 975 5474 viginti
1002 5404 1139 5461 duos
1165 5416 1351 5456 annos.

483 5516 633 5589 (CAP.
661 5515 743 5586 κ.)
789 5514 917 5570 Post
946 5513 1239 5570 Abimelech
1293 5512 1523 5566 surrexit
1565 5512 1677 5565 dux
1713 5512 1771 5565 in
1821 5507 1992 5565 Israel

417 5603 600 5671 Thala,
631 5605 773 5675 ﬁlius
802 5604 978 5669 Phua,
1000 5606 1177 5676 patrui
1218 5600 1533 5664 Abimelech,
1563 5602 1639 5655 uir
1659 5602 1723 5656 de
1746 5601 1988 5664 Isachar,

414 5697 504 5767 qui
550 5696 800 5750 habitauit
836 5697 893 5750 in
919 5695 1080 5751 Sanir
1107 5695 1294 5750 montis
1324 5690 1600 5763 Ephraim,
1648 5699 1698 5744 et
1732 5690 1993 5761 judicavit

422 5786 587 5841 Israel
614 5788 790 5857 viginti
813 5788 981 5842 tribus
1017 5789 1192 5853 annis,
1214 5796 1552 5855 mortuusque
1574 5800 1639 5838 ac
1660 5783 1894 5850 sepultus
1914 5789 1993 5839 est

2094 4607 2202 4660 quo
2224 4591 2489 4660 scriptum
2514 4599 2598 4646 est
2620 4592 2677 4647 in
2701 4590 2992 4663 Evangelio
3016 4611 3032 4647 :
3065 4591 3200 4647 Erat
3230 4592 3325 4647 lus:
3368 4610 3496 4647 vera
3517 4633 3535 4657 ,
3569 4610 3688 4662 quae

2093 4680 2358 4737 illuminat
2374 4696 2591 4737 omnem
2602 4683 2864 4738 hominem
2879 4684 3164 4738 vertimtem
3189 4683 3246 4737 in
3266 4683 3409 4736 hunc
3426 4684 3685 4737 mundam

2097 4770 2280 4843 (Joan.
2311 4772 2385 4844 1);
2406 4782 2465 4829 et
2486 4772 2554 4828 ad
2574 4789 2736 4844 quem
2765 4773 2823 4828 in
2851 4772 3084 4829 Psalmis
3100 4773 3376 4843 Propheta
3398 4773 3485 4827 ait
3510 4792 3525 4826 :
3551 4772 3687 4828 Illa-

2095 4866 2271 4920 miaas-
2291 4873 2350 4921 tu
2376 4865 2687 4919 mirabiliter
2706 4882 2741 4918 a
2762 4864 3027 4919 montibus
3050 4864 3261 4919 uternis
3289 4862 3470 4934 (Psal.
3499 4861 3681 4930 un).

2098 4954 2197 5010 Hic
2223 4970 2356 5026 ergo
2379 4970 2446 5011 ex
2478 4953 2682 5010 Galaad
2708 4962 2794 5009 est
2814 4993 2829 5020 ,
2878 4954 3008 5024 quia
3055 4968 3125 5010 ex
3167 4952 3473 5023 Seripturis
3517 4952 3682 5009 sacris

2101 5043 2219 5113 ejus
2252 5045 2445 5101 notitia
2470 5045 2792 5115 percipitur,
2823 5059 2987 5114 quem
3015 5045 3110 5113 qui
3138 5043 3215 5100 ibi
3256 5045 3424 5101 corde
3469 5042 3678 5098 credulo

2100 5136 2313 5207 (πυκνὴ,
2340 5136 2461 5193 sine
2485 5137 2647 5193 dubio
2672 5136 2896 5193 invenit.
2928 5136 3028 5193 ilic
3070 5136 3339 5207 judicavit
3372 5135 3535 5192 istael
3579 5148 3679 5203 per

2096 5228 2288 5300 viginti
2312 5235 2369 5283 et
2407 5226 2544 5285 duos
2572 5240 2774 5294 annos;
2812 5226 2939 5296 quia
2963 5240 3151 5283 omnes
3174 5225 3273 5296 qui
3301 5226 3362 5282 in
3380 5223 3555 5281 Veteri
3574 5222 3687 5278 Το-

2097 5328 2370 5377 stamento
2409 5325 2469 5373 et
2506 5319 2561 5374 in
2590 5315 2742 5374 Novo
2770 5317 2956 5374 ﬁdeles
2979 5316 3221 5382 fuerunt,
3250 5332 3352 5373 suo
3376 5316 3493 5386 eius
3523 5329 3689 5371 ma-

2096 5413 2347 5469 datorum
2371 5410 2575 5481 judicio
2587 5409 2858 5465 vixerunt.
2887 5408 3206 5465 Vicenarius
3226 5407 3385 5464 enim
3400 5421 3689 5471 numerus,

2097 5502 2191 5572 qui
2210 5501 2299 5558 bis
2342 5500 2630 5557 denarium
2675 5500 2958 5565 continet,
3008 5496 3405 5569 perfectionem
3453 5497 3595 5567 legis
3633 5505 3697 5552 et

2098 5594 2374 5667 Evangelii
2394 5594 2754 5658 demonstrat,
2781 5592 2874 5649 ubi
2919 5592 3149 5648 duorum
3184 5597 3591 5661 praceptorum
3617 5588 3703 5643 ia-

2100 5687 2250 5757 signe
2271 5686 2567 5741 niaximum
2599 5698 2665 5741 ac
2688 5683 3083 5741 validissimum
3108 5690 3215 5749 est,
3234 5681 3342 5739 hoc
3382 5688 3474 5737 est
3499 5722 3518 5747 ,
3558 5680 3709 5737 dilo-

2100 5780 2296 5838 ctionis
2333 5779 2429 5837 Dei
2449 5786 2507 5838 et
2526 5779 2802 5852 proximi:
2836 5778 2909 5841 In
2952 5777 3035 5835 Itis
3062 5777 3203 5835 enim
3254 5774 3710 5844 Mussitans-
