3986 6348
245 401 397 460 HW

1167 386 1516 451 com.
1557 388 1629 449 ΙΝ
1663 388 1792 449 LIB.
1826 386 2141 453 JUDICUM.
2180 420 2252 439 α-
2286 384 2431 452 ιιΒξ
2453 394 2518 453 Il.
2556 394 2559 401 '

3363 398 3500 456 H78

240 517 371 595 ptis,
398 521 511 590 ipsa
533 516 776 573 Veritum
806 522 1117 581 attestante,
1142 522 1252 569 tota
1278 514 1364 568 lea:
1397 512 1583 584 pendet
1611 521 1661 566 et
1700 526 1817 581 pro-
1843 511 1899 571 Α
1918 513 2010 566 nia
2042 514 2294 568 humanae
2327 512 2517 568 salutis
2551 516 2888 566 sacramenta
2914 549 2929 575 ,
2983 514 3242 581 tanquam
3281 511 3501 583 iuratus

240 615 413 685 pltea:
447 609 661 683 (Matth.
694 607 849 680 nn).
882 607 1036 663 Unde
1058 614 1113 661 et
1134 606 1276 662 idem
1294 605 1544 660 Salvator
1566 604 1625 658 in
1650 603 1824 658 Evan-

243 701 386 775 geiio
408 699 684 770 discipulis
711 698 826 753 suis
861 698 937 751 ait
964 710 980 751 :
1012 695 1129 750 Hoc
1163 703 1241 749 est
1279 702 1590 765 praeceptum
1615 706 1821 759 meum,

243 802 309 846 ut
322 791 556 861 diligatis
576 789 796 843 inuicem
817 788 951 841 sicut
976 786 1139 839 dilexi
1165 801 1257 839 vos
1285 783 1467 856 (Ioan.
1496 783 1608 854 xv).
1650 783 1824 839 Habet

244 896 379 952 ergo
414 884 517 937 iste
531 878 649 935 Jair
668 879 890 951 triginta
933 876 1074 933 ﬁlios
1118 876 1367 931 sedentes
1398 889 1563 945 super
1598 874 1822 945 triginta

243 976 419 1046 pullos
449 975 725 1029 asinarum
750 990 762 1026 :
793 971 923 1041 quia
950 969 1042 1039 qui
1090 976 1240 1023 recte
1264 967 1359 1021 ﬁlii
1390 966 1507 1036 ejus
1541 967 1825 1022 nominan-

247 1073 339 1118 tur
360 1073 417 1118 et
440 1071 583 1126 sunt,
624 1062 682 1116 hi
718 1059 1019 1116 nimirum:
1058 1058 1115 1113 in
1158 1065 1359 1112 saneta:
1382 1056 1665 1111 Trinitatis
1719 1055 1825 1111 ﬁde

246 1157 623 1212 mandatorum
642 1154 741 1210 Dei
752 1153 1052 1209 custodiam
1081 1151 1303 1216 habent,
1325 1157 1379 1204 et
1402 1148 1674 1204 lasciviam
1699 1163 1822 1203 car-

244 1246 334 1302 nis
358 1259 468 1299 sua:
496 1244 635 1298 bene
666 1244 904 1306 domare,
945 1249 1001 1296 et
1029 1240 1246 1296 sibimet
1275 1239 1539 1295 dominari
1563 1239 1820 1293 student:

245 1333 390 1388 unde
432 1342 487 1388 et
512 1333 787 1402 principes
818 1331 1036 1402 triginta
1071 1330 1351 1385 civitatum
1378 1342 1500 1384 esse
1525 1336 1822 1395 merentur,

241 1439 364 1493 qua:
384 1439 449 1478 ex
468 1423 687 1477 nomine
720 1422 845 1491 ejus
870 1421 1153 1491 appellata
1178 1427 1338 1485 sunt;
1370 1419 1498 1488 quia
1518 1418 1825 1488 quicunque

245 1514 540 1568 secundum
563 1520 765 1568 sanctae
781 1511 1059 1566 Trinitatis
1082 1511 1241 1566 ﬁdem
1272 1511 1553 1566 scientiam
1579 1509 1712 1578 legis
1728 1511 1824 1566 Dei

200 1630 211 1637 ο
246 1606 303 1659 in
330 1605 581 1660 custodia
611 1605 986 1660 mandatorum
1007 1604 1177 1674 ipsius
1198 1603 1431 1673 pleniter
1448 1602 1694 1673 percipit,
1721 1603 1823 1658 iste

248 1696 477 1750 idoneus
492 1701 576 1750 est
595 1703 651 1749 et
670 1695 790 1749 aliis
811 1694 1050 1765 praeponi
1067 1713 1079 1748 :
1099 1694 1227 1764 quia
1240 1709 1272 1747 a
1290 1694 1410 1748 luce
1432 1693 1524 1748 ﬁlii
1541 1694 1676 1749 lucis
1692 1692 1823 1748 dicti

242 1794 388 1849 sunt,
415 1786 556 1841 sicut
577 1785 872 1840 Christiani
892 1799 925 1839 a
952 1782 1208 1840 Christo:
1234 1785 1380 1840 unde
1407 1784 1668 1841 Dominus
1696 1801 1825 1855 apo-

1922 605 2173 676 explevit,
2200 610 2273 668 et,
2322 605 2478 674 quasi
2511 602 2700 666 ﬁliam,
2728 603 2802 656 ita
2828 615 3049 657 carnem
3077 604 3351 674 propriam
3397 618 3503 676 pro

1921 696 2093 753 salute
2116 694 2331 752 lsraelis
2355 696 2582 750 Domino
2609 693 2842 749 obtulit?
2896 692 3116 750 Jurasse
3162 695 3309 751 enim
3345 694 3501 753 Patri

1920 788 2238 845 occubuisse
2286 786 2623 859 unigenitum
2681 784 2928 857 legimus,
2964 786 3181 842 Psalmo
3240 787 3496 845 dicente:

1923 878 2071 936 Sicut
2097 878 2296 950 jurauit
2332 878 2577 942 Domino,
2598 885 2773 931 votum
2807 876 2947 932 vovit
2973 876 3083 932 Deo
3125 877 3293 933 Iacob
3316 877 3496 950 (Psal.

1920 968 2105 1041 cxxxr)
2133 988 2148 1023 :
2175 969 2383 1025 scilicet
2422 974 2483 1021 ut
2507 974 2908 1022 sacramentum
2939 966 3215 1039 religionis
3242 968 3299 1022 in
3323 970 3505 1026 carnis

1922 1078 2033 1118 sute
2056 1061 2308 1131 passione
2366 1074 2467 1130 pro
2497 1057 2671 1115 salute
2715 1058 2930 1127 generis
2958 1059 3185 1113 humani
3238 1060 3501 1130 expleret.

1922 1155 2049 1210 Haec
2082 1167 2211 1223 ergo
2267 1150 2560 1207 secundum
2602 1157 2878 1221 gestorum
2922 1148 3238 1216 historiam,
3281 1149 3358 1205 ita
3408 1164 3507 1220 per

1922 1246 2199 1304 Christum
2226 1252 2349 1300 acta
2385 1250 2526 1307 sunt,
2558 1250 2619 1297 ut
2666 1241 2952 1297 videantur
3002 1255 3102 1311 per
3154 1242 3503 1311 religionem,

1923 1351 2025 1406 qua
2045 1333 2342 1404 iuraverat,
2368 1348 2487 1389 esse
2510 1332 2794 1401 completa.
2824 1329 2971 1386 Inter
2995 1338 3190 1386 caetera
3228 1345 3357 1386 vero
3382 1348 3503 1403 quae

1921 1429 2114 1499 Jephte
2141 1426 2362 1482 mandat
2416 1440 2515 1496 per
2565 1424 2785 1478 nuntios
2811 1422 2925 1491 regi
2984 1419 3215 1477 ﬁliorum
3239 1420 3470 1477 Ammon
3491 1463 3507 1489 ,

1923 1523 2088 1577 etiam
2112 1519 2218 1575 hoc
2244 1517 2416 1573 dicit:
2450 1515 2641 1570 Nonne
2687 1529 3006 1585 quiscunque
3045 1511 3373 1567 hcereditabit
3415 1512 3508 1566 tibi

1924 1612 2148 1669 Chamos
2172 1610 2313 1665 Deus
2352 1618 2495 1675 tuus,
2524 1609 2635 1662 hare
2660 1605 3035 1662 hwreditabis?
3071 1605 3141 1659 Et
3170 1605 3345 1659 omnia
3365 1621 3512 1675 qua:-

1923 1718 2125 1774 cunque
2148 1699 2477 1756 hcereditabit
2507 1697 2765 1752 Dominus
2812 1696 2954 1751 Deus
2990 1707 3166 1751 noster
3200 1713 3232 1750 a
3263 1696 3400 1766 facie
3420 1712 3509 1751 ve-

1924 1792 2193 1858 stra,lucc
2238 1787 2704 1846 hwreditabimus?
2745 1787 2899 1855 Quod
2952 1788 3169 1858 quidam
3199 1787 3377 1842 Latini
3432 1788 3511 1845 sic

245 1875 400 1930 stolis
427 1875 541 1930 suis
578 1875 695 1929 ait:
734 1872 838 1929 Vos
875 1877 998 1930 estis
1037 1875 1130 1930 tua:
1151 1875 1358 1930 mundi.
1403 1875 1494 1931 Sic
1526 1876 1696 1931 luceat
1731 1877 1824 1931 tua:
1849 1865 1898 1925 Β
1925 1885 2390 1957 interpretandum
2455 1888 2818 1954 putaverunt,
2869 1889 2931 1935 ut
2987 1880 3230 1936 dicerent
3262 1898 3279 1934 :
3320 1878 3512 1935 Nonne

243 1975 415 2020 uestra
458 1980 637 2020 coram
695 1967 990 2021 hominibus
1014 2006 1030 2033 ,
1079 1976 1136 2021 ut
1185 1968 1393 2023 rideant
1445 1984 1602 2039 opera
1652 1978 1824 2023 vestra

245 2055 403 2120 bona,
424 2065 473 2110 et
506 2055 799 2127 gloriﬁcent
826 2055 1037 2112 Putrem
1068 2068 1312 2126 uestrum,
1346 2060 1435 2131 qui
1464 2061 1520 2114 in
1566 2059 1705 2115 caelis
1747 2067 1824 2115 est

245 2146 463 2218 (Matth.
491 2147 569 2217 v).
600 2147 701 2203 Hic
725 2148 840 2203 Jair
880 2158 1130 2206 mortuus
1171 2160 1227 2207 et
1258 2153 1499 2222 sepultus
1525 2152 1722 2223 legitur
1765 2154 1824 2209 in

242 2239 365 2295 loco
409 2240 496 2294 cui
554 2250 638 2296 est
678 2242 999 2297 vocabulum
1048 2242 1271 2299 Camon.
1303 2244 1506 2299 Camon
1551 2246 1694 2299 enim
1741 2246 1825 2300 ἰη-

246 2336 579 2397 terpretatur
598 2334 910 2385 resurrectio
939 2332 1164 2388 inutilis.
1191 2333 1261 2388 Et
1282 2349 1409 2403 quae
1427 2333 1621 2389 melius
1642 2349 1828 2390 resur-

243 2421 417 2476 rectio
444 2421 649 2477 inutilis
666 2421 775 2478 dici
815 2432 1024 2495 ptest,
1068 2440 1231 2496 (piam
1267 2426 1604 2481 Hierusalem
1648 2432 1824 2481 terre-

245 2514 411 2569 stris?
442 2512 566 2568 iltec
590 2515 739 2569 enim
780 2518 1235 2573 resurrectionem
1273 2517 1510 2584 Domini,
1540 2533 1661 2588 qua:
1707 2533 1827 2574 cre-

245 2604 503 2660 dentibus
519 2605 671 2660 utilis
695 2613 750 2660 et
774 2607 1006 2663 salubris
1028 2616 1132 2674 est,
1161 2609 1262 2665 sibi
1288 2608 1533 2664 inutilem
1560 2615 1615 2663 et
1639 2609 1827 2679 perni-

246 2696 452 2751 ciosam
481 2712 591 2752 non
630 2698 899 2754 credendo
943 2698 1099 2765 fecit;
1154 2700 1274 2755 ideo
1304 2700 1397 2754 ﬁlii
1445 2701 1824 2766 tenebrarum,

259 2801 361 2842 ton
375 2787 473 2842 ﬁlii
491 2788 629 2845 locis
644 2828 660 2853 ,
688 2798 745 2845 et
765 2790 860 2845 ﬁlii
884 2791 1206 2860 perditionis
1226 2793 1400 2864 magis
1418 2807 1581 2863 quam
1622 2792 1719 2847 ﬁlii
1742 2807 1828 2848 re-

244 2878 596 2933 surrectionis
627 2879 733 2934 dici
778 2890 1112 2937 meruerunt.
1164 2882 1396 2938 Possunt
1435 2890 1491 2937 et
1524 2883 1579 2937 in
1627 2882 1828 2938 Comen

244 2968 506 3024 vocabulo
525 2968 762 3026 haeretici
785 2971 877 3025 vel
891 2972 1019 3027 mali
1043 2973 1294 3029 catholici
1314 2989 1423 3029 non
1451 2974 1830 3029 inconvenien-

246 3066 337 3112 ter
366 3058 559 3127 accipi,
587 3059 681 3127 qui
700 3060 910 3127 {merito
951 3063 1264 3116 resurrectio
1291 3062 1499 3117 inutilis
1525 3070 1787 3118 vocantur
1809 3104 1825 3130 ,

244 3148 375 3217 quia
401 3147 534 3203 nihil
556 3148 636 3203 eis
663 3148 867 3218 profuit
901 3162 999 3220 per
1027 3152 1279 3221 gratiam
1307 3152 1559 3221 baptismi
1588 3152 1822 3219 renasci,

244 3216 443 3307 quibus
490 3216 689 3292 iterum
730 3216 961 3307 pristino
995 3216 1169 3295 errori
1222 3255 1287 3296 ac
1335 3216 1537 3295 vcteris
1591 3216 1827 3297 hominis
1850 3216 1900 3280 (ἶ

244 3327 459 3383 actibus
476 3327 675 3397 placuit
702 3328 931 3395 involvi;
963 3330 1019 3385 in
1049 3331 1137 3385 his
1171 3330 1315 3386 enim
1342 3329 1459 3385 Jair
1486 3338 1675 3387 noster
1693 3346 1830 3401 quo»

244 3420 536 3474 dammodo
584 3427 827 3476 mortuus
863 3436 927 3477 ac
979 3422 1224 3491 sepultus
1267 3431 1382 3488 est;
1426 3424 1553 3492 quia
1598 3424 1828 3495 gratiam

245 3508 395 3573 ﬁdei,
425 3521 491 3563 ac
526 3506 709 3562 lumen
735 3508 994 3571 scientiae,
1021 3523 1145 3577 qua:
1166 3524 1237 3564 ex
1257 3511 1401 3564 dono
1433 3511 1527 3565 Dei
1574 3526 1833 3581 percepe-

243 3608 399 3661 runt,
423 3598 481 3653 in
506 3598 807 3668 semetipsis
832 3598 1225 3656 interfecerunt
1261 3615 1329 3655 ac
1352 3601 1536 3670 pravis
1587 3602 1831 3657 moribus

243 3688 562 3743 obruerunt.

848 3778 1074 3839 CAPUT
1113 3779 1231 3837 XV.

252 3868 411 3939 Quod
436 3878 731 3939 peccantem
771 3868 943 3925 Israel
967 3871 1222 3925 Dominus
1280 3870 1496 3926 tradidit
1540 3871 1597 3927 in
1641 3888 1831 3928 manus

327 3936 650 3992 Pltilistltiim
703 3950 750 3993 et
792 3939 1024 4008 ﬁliorum
1052 3941 1295 4005 Ammon,
1315 3942 1406 3995 sed
1432 3942 1621 3996 iterum
1644 3944 1721 3997 eis
1761 3944 1830 3999 ad

320 4009 674 4082 pwnitgntium
696 4009 950 4082 conversis
988 4009 1311 4082 defensorem
1325 4011 1492 4082 Amisit.
1523 4010 1709 4082 Iephte
1737 4031 1829 4067 vo-

324 4077 433 4149 tum
464 4077 688 4131 Domino
727 4078 922 4147 faciens
953 4077 1171 4149 adeptus
1201 4080 1363 4134 estde
1405 4077 1645 4135 hostibus
1667 4083 1829 4137 victo-

324 4161 481 4200 nam.
530 4182 533 4189 -

323 4240 500 4311 (lam)
542 4239 674 4294 Filii
696 4249 870 4299 autem
912 4240 1103 4308 Israel,
1132 4244 1356 4312 peccatis
1398 4244 1653 4298 veteribus
1694 4246 1832 4315 jun-

247 4342 426 4405 gentes
452 4347 605 4398 nova,
634 4333 867 4403 fecerunt
910 4334 1105 4387 malum
1131 4334 1191 4388 in
1215 4344 1489 4405 conspectu
1516 4335 1753 4402 Domini,
1782 4345 1830 4391 et

246 4425 714 4509 seroteruntlidolis
738 4424 951 4480 Baetim
984 4436 1032 4480 et
1060 4427 1329 4493 Astarotlt,
1358 4436 1411 4480 et
1433 4427 1536 4481 diis
1563 4427 1737 4491 Sirite,
1766 4444 1833 4483 ac

1921 1991 2242 2047 quaecunque
2272 1974 2415 2029 dedit
2442 1973 2536 2028 tibi
2565 1972 2922 2028 harreditatem
2946 1969 3174 2025 Chamos
3201 1969 3342 2025 Deus
3363 1978 3506 2035 tuus,

1923 2072 2033 2126 lucc
2072 2067 2396 2139 possidebis.’
2439 2065 2543 2123 Ubi
2598 2065 2771 2121 videri
2814 2073 2994 2135 potest
3036 2063 3387 2119 conﬁrmasse
3421 2061 3511 2119 Je-

1921 2161 2069 2231 phte,
2104 2159 2271 2213 Deum
2299 2157 2462 2211 istum
2487 2157 2580 2226 qui
2607 2164 2834 2211 vocatur
2859 2154 3112 2219 Chamos,
3142 2154 3385 2226 potuisse
3412 2151 3509 2207 ali-

1878 2317 1893 2327 _
1923 2249 2053 2318 quid
2081 2249 2212 2302 dare
2238 2247 2294 2302 in
2337 2246 2711 2302 haereditatem
2765 2246 3064 2302 cultoribus
3109 2246 3243 2301 suis.
3280 2243 3512 2311 Quidam

1925 2353 2055 2394 vero
2082 2338 2162 2393 sic
2202 2338 2404 2392 habent
2433 2352 2449 2392 :
2492 2337 2681 2392 Nonne
2714 2352 3039 2407 quaecunque
3068 2336 3353 2407 possidebit
3378 2332 3515 2389 Cha-

1924 2444 2036 2484 mos
2065 2427 2209 2483 Deus
2232 2437 2353 2482 tuus
2379 2468 2395 2493 ,
2442 2427 2551 2481 Iure
2588 2427 2912 2498 possidebis?
2964 2427 3031 2482 Et
3062 2427 3167 2482 hoc
3218 2427 3293 2482 ita
3321 2433 3510 2493 sonat,

1926 2521 2081 2592 quasi
2110 2521 2313 2591 aliquid
2338 2521 2576 2590 potuerit
2599 2521 2899 2590 possidere.
2922 2520 3004 2574 An
3036 2519 3177 2575 forte
3214 2519 3510 2574 secundum

1926 2614 2032 2667 hoc
2070 2611 2275 2667 dictum
2308 2620 2410 2676 est,
2445 2611 2587 2680 quod
2633 2612 2733 2667 sub
2778 2611 2983 2681 angelis
3032 2611 3339 2666 constituta:
3390 2616 3517 2665 sunt

1927 2712 2115 2778 gentes
2139 2704 2295 2776 juxta
2326 2704 2599 2759 canticum
2642 2702 2810 2774 Moysi
2845 2702 3030 2757 famuli
3057 2701 3196 2756 Dei?
3234 2701 3516 2772 Nunquid-

1926 2811 2053 2853 nam
2090 2810 2218 2867 ergo
2269 2795 2358 2851 ille
2382 2795 2621 2866 angelus,
2656 2795 2757 2850 sub
2808 2808 2916 2864 quo
2941 2802 3096 2848 erant
3124 2791 3219 2847 ﬁlii
3245 2791 3511 2859 Ammon,

1928 2888 2161 2944 Chamos
2197 2887 2497 2958 appellatus
2522 2885 2638 2942 est?
2667 2886 2801 2953 Quis
2838 2886 2943 2941 hoc
2994 2884 3193 2940 audeat
3221 2882 3523 2949 amrmare,

1928 2986 2044 3033 tum
2088 2979 2259 3047 possit
2302 2977 2528 3047 intelligi
2577 2977 2871 3032 secundum
2919 2973 3035 3043 eius
3079 2974 3386 3044 opinionem
3435 2972 3516 3027 di-

1930 3077 2100 3135 ctum,
2120 3070 2244 3138 quia
2274 3068 2499 3138 putabat
2522 3066 2693 3123 Deum
2722 3080 2879 3122 suum
2932 3067 3036 3121 hoc
3077 3064 3356 3135 possidere
3378 3104 3391 3127 ,
3426 3061 3513 3117 vel

1930 3161 1987 3217 in
2008 3159 2409 3231 possessionem
2448 3160 2555 3215 sibi
2582 3158 2826 3214 dedisse?
2854 3155 3022 3227 Magis
3053 3165 3234 3210 autem
3258 3154 3364 3209 iste
3390 3166 3515 3209 sen-

1930 3267 2023 3309 sus
2051 3252 2226 3307 elucet
2247 3251 2300 3306 in
2328 3251 2414 3306 his
2435 3251 2784 3320 verbis,quae
2824 3250 3047 3306 Graecus
3085 3249 3253 3303 habet
3278 3265 3292 3302 :
3326 3246 3517 3302 Nonne

1926 3358 2249 3414 quaecunque
2298 3342 2627 3397 hlereditabit
2668 3341 2762 3395 tibi
2798 3323 3026 3395 Chamoi
3050 3339 3192 3395 Deus
3232 3349 3379 3404 tuus,
3404 3339 3519 3394 haec

1927 3433 2302 3489 hmreditabis?
2341 3439 2404 3486 ut
2442 3432 2499 3486 in
2529 3446 2598 3489 eo
2620 3432 2765 3501 quod
2788 3432 3028 3501 positum
3076 3440 3180 3495 est,
3213 3431 3325 3496 tibi,
3355 3427 3517 3483 intel-

1929 3526 2130 3593 ligatur
2167 3524 2243 3577 ita
2297 3522 2535 3586 dictum,
2572 3535 2638 3576 ac
2670 3521 2725 3587 si
2765 3522 3040 3576 diceretur
3078 3537 3092 3573 :
3125 3519 3276 3575 Sicut
3312 3518 3518 3571 videtur

1929 3613 2042 3667 tibi.
2073 3611 2189 3665 Tibi
2208 3612 2348 3665 enim
2374 3609 2722 3676 hwrcditabit,
2763 3609 2854 3680 qui
2880 3611 2978 3664 hoc
3014 3617 3190 3680 putas,
3224 3622 3331 3662 non
3371 3607 3525 3677 quod

1927 3701 2019 3757 ille
2044 3701 2245 3770 aliquid
2270 3708 2456 3770 posset
2500 3700 2847 3756 haereditare.
2901 3700 3144 3770 Denique
3172 3699 3228 3754 in
3258 3710 3325 3753 eo
3371 3697 3523 3768 quod

1838 3816 1843 3822 ·
1929 3792 2174 3861 sequitur
2201 3810 2214 3845 :
2248 3789 2316 3844 Et
2346 3792 2522 3846 omnia
2541 3806 2861 3862 quiscunque
2896 3790 3226 3846 haereditabit
3254 3789 3516 3844 Dominus

1929 3882 2071 3937 Deus
2120 3890 2315 3947 noster,
2348 3896 2457 3937 non
2488 3882 2643 3946 dixit,
2672 3881 3005 3937 hcereditabit
3052 3881 3224 3947 nobis,
3256 3887 3515 3949 tanquam

1931 3976 2151 4040 diceret,
2180 3973 2328 4029 Sicut
2358 3974 2562 4029 videtur
2585 3975 2765 4041 nobis,
2802 3975 2915 4039 sed,
2951 3990 3067 4029 vere
3120 3972 3446 4027 ltwreditabit
3480 3987 3515 4025 a

1931 4067 2067 4137 facie
2098 4076 2267 4121 vestra
2294 4106 2309 4132 ,
2354 4065 2612 4135 quoniam
2647 4066 2779 4135 ipsis
2828 4064 3092 4131 abstulit,
3131 4071 3187 4119 et
3212 4063 3299 4119 his
3325 4061 3510 4119 dedit:

1929 4157 2064 4222 hac,
2082 4157 2273 4227 inquit,
2304 4156 2752 4211 hwreditabimus.

2000 4249 2079 4302 De
2103 4247 2215 4302 ﬁlia
2236 4255 2420 4303 autem
2446 4246 2660 4323 Jephte,
2685 4247 2830 4317 quod
2856 4258 2980 4300 eam
2999 4253 3154 4316 pater
3176 4244 3235 4299 in
3258 4242 3540 4299 holocau-t

1932 4347 2109 4395 stoma
2134 4339 2329 4395 obtulit
2360 4340 2493 4404 Deo,
2518 4340 2774 4409 quoniam
2810 4339 2866 4393 in
2894 4338 3035 4395 bello
3070 4347 3312 4402 voverat,
3341 4339 3387 4391 si
3428 4340 3514 4393 vi-

1931 4432 2116 4497 cisset,
2144 4446 2268 4486 eum
2304 4446 2364 4487 se
2407 4430 2814 4486 holocaustoma
2842 4429 3143 4485 oblaturum
3191 4427 3281 4494 qui
3311 4426 3414 4481 sibi
3447 4427 3516 4483 de

250 4517 508 4589 Sullanis,
535 4528 584 4572 et
610 4518 792 4618 N020.
818 4528 868 4572 et
892 4517 1121 4587 ﬁliorum
1149 4519 1371 4573 Ammon
1389 4526 1440 4573 et
1481 4518 1827 4585 Philiuhiim.
1857 4558 1908 4618 Ι)
1934 4524 2097 4583 domo
2115 4524 2304 4579 exiens
2322 4524 2686 4587 occurrisset;
2734 4520 2877 4591 quod
2909 4533 3033 4574 cum
3054 4518 3312 4583 vovisset,
3350 4518 3511 4585 vicit:

248 4611 663 4679 dimiseruntque
692 4608 1000 4673 Dominum,
1032 4617 1083 4662 et
1110 4625 1217 4663 non
1237 4610 1491 4664 colebant
1517 4626 1656 4665 eum.
1686 4610 1828 4665 Con-

248 4713 341 4757 tra
363 4716 494 4772 quos
516 4701 685 4754 iratus
703 4698 922 4753 tradidit
956 4688 1045 4752 eos
1067 4699 1122 4751 in
1156 4714 1345 4753 manus
1379 4697 1724 4766 Philistbiint,
1777 4711 1831 4755 et

248 4792 487 4864 ﬁliorum
526 4790 777 4857 Ammon,
808 4796 864 4845 et
898 4798 1115 4845 caetera.
1146 4788 1475 4859 Adjecerunt
1520 4790 1686 4860 igitur
1730 4792 1826 4848 ﬁlii

248 4882 420 4938 Israel
448 4882 721 4939 deservire
751 4881 955 4935 Baalim
985 4888 1040 4935 et
1079 4880 1185 4935 diis
1205 4880 1417 4946 alienis,
1444 4882 1829 4936 tradebantur-

252 4987 363 5045 que
393 4972 451 5025 in
480 4985 671 5025 manus
700 4972 933 5026 ﬁliorum
980 4970 1231 5026 Ammon.
1278 4973 1429 5028 Tunc
1474 4971 1669 5044 Jephte
1715 4972 1828 5028 Ga-

252 5064 501 5129 laadites,
538 5063 749 5134 fugiens
778 5079 808 5118 a
835 5062 974 5119 facie
1001 5063 1231 5118 fratrum
1273 5077 1514 5131 suorum,
1546 5066 1831 5121 constitui-

256 5165 350 5210 tur
372 5155 427 5209 in
454 5156 750 5225 principem
800 5155 871 5210 ob
904 5164 1139 5224 pugnam
1185 5152 1416 5209 ﬁliorum
1438 5154 1701 5221 Ammon,
1737 5155 1831 5225 qui

257 5243 475 5300 rediens
496 5253 619 5314 post
645 5244 976 5314 triumphum
1012 5244 1309 5299 immolavit
1334 5243 1523 5311 ﬁliam,
1556 5260 1678 5314 qua:
1726 5247 1830 5302 sibi

255 5336 453 5393 victori
472 5337 646 5404 prima
670 5342 1016 5390 occurrerat:
1053 5335 1133 5390 sic
1155 5335 1300 5390 enim
1321 5343 1505 5390 votum
1534 5336 1835 5405 spoponde-

257 5432 370 5489 rat,
393 5432 456 5477 ut
479 5425 737 5494 quidquid
757 5424 870 5480 “sibi
920 5426 1153 5495 primum
1180 5427 1473 5481 revertenti
1501 5416 1834 5495 occurreret,

260 5515 491 5571 Domino
513 5516 829 5571 immolaret.
861 5515 999 5583 Quia
1042 5532 1172 5587 ergo
1212 5518 1266 5572 in
1291 5516 1484 5587 Jephte
1511 5521 1837 5590 praenuntia—

260 5605 445 5670 batur,
474 5604 579 5661 nisi
606 5606 861 5664 Dominns
898 5606 1054 5665 Jesus
1082 5608 1331 5664 Christus
1356 5617 1415 5664 et
1443 5609 1695 5666 Salvator
1738 5626 1836 5667 no-

261 5703 397 5761 ster,
421 5695 514 5765 qui
540 5710 572 5751 a
601 5696 740 5753 facie
775 5698 1003 5756 fratrum
1039 5714 1282 5767 suorum,
1322 5699 1376 5756 id
1397 5710 1502 5768 est,
1528 5701 1837 5759 Iudaeorum

262 5784 577 5854 abscedens,
603 5788 929 5860 ingentibus
959 5790 1316 5862 principatum
1344 5793 1576 5864 accepit,
1609 5795 1701 5865 qui
1719 5808 1837 5852 om-

1932 4624 1988 4671 et
2011 4622 2331 4670 occurrente
2356 4613 2460 4668 sibi
2490 4612 2617 4676 ﬁlia,
2648 4610 2796 4682 quod
2823 4617 3050 4664 voverat
3096 4607 3349 4675 reddidit,
3374 4608 3512 4664 solet

1933 4719 2054 4760 esse
2078 4717 2275 4774 magna
2300 4710 2356 4757 et
2378 4703 2447 4757 ad
2469 4699 2871 4772 diiudicandum
2899 4695 3210 4754 diﬁlcillima
3240 4699 3469 4768 quaestio
3494 4714 3512 4753 :

1932 4794 2252 4864 quibusdam
2279 4793 2410 4863 quid
2435 4791 2540 4847 sibi
2568 4793 2674 4847 hoc
2694 4790 2824 4845 velit
2874 4803 3035 4846 nosse
3064 4788 3411 4859 cupientibus
3454 4798 3515 4845 et

1932 4886 2021 4954 pie
2040 4883 2438 4953 qumrentibus;
2496 4882 2817 4953 quibusdam
2856 4895 2986 4937 vero
3004 4922 3021 4948 ,
3070 4879 3162 4951 qui
3217 4880 3515 4950 Scripturis

1934 4975 2020 5030 his
2068 4975 2269 5030 sanctis
2319 4974 2565 5044 imperita
2622 4973 2899 5043 impietate
2954 4972 3342 5037 adversantur,
3407 4970 3512 5028 hoc

1935 5065 2171 5120 maxime
2205 5064 2258 5118 in
2281 5064 2488 5119 crimen
2519 5062 2838 5121 vocantibus
2866 5062 3012 5132 quod
3038 5061 3169 5132 legis
3195 5068 3251 5116 et
3280 5060 3516 5131 prophe-

1939 5164 2115 5210 tarum
2153 5153 2296 5209 Deus
2325 5154 2490 5209 etiam
2517 5153 2767 5209 humanis
2797 5152 3076 5227 sacriﬁciis
3097 5150 3261 5206 fuerit
3274 5150 3513 5208 delecta-

1938 5256 2046 5301 tus.
2079 5244 2319 5313 Quorum
2343 5244 2629 5300 calumniis
2656 5244 2736 5300 sic
2788 5244 3038 5316 primitus
3082 5241 3472 5311 respondemus
3490 5284 3511 5309 ,

1938 5345 2000 5392 ut
2026 5337 2314 5392 Dominum
2335 5337 2470 5408 legis
2493 5345 2549 5392 et
2577 5337 2980 5408 prophetarum,
3005 5342 3169 5404 atque
3205 5342 3266 5389 ut
3298 5349 3516 5405 expres-

1938 5428 2054 5483 sius
2081 5427 2257 5483 dicam
2284 5428 2452 5483 Deum
2474 5428 2766 5492 Abraham,
2786 5434 2841 5482 et
2864 5427 3032 5481 Deum
3060 5424 3232 5491 lsaac,
3259 5434 3316 5481 et
3339 5425 3512 5483 Deum

1935 5518 2124 5584 Jacob,
2152 5533 2255 5573 nec
2286 5517 2377 5572 illa
2414 5517 2679 5574 sacriﬁcia
2709 5516 3114 5583 delectaverint,
3138 5516 3229 5571 ubi
3253 5530 3512 5587 pecorum

1937 5608 2253 5664 holocausta
2286 5606 2680 5674 oll‘erebantur;
2712 5607 2807 5662 sed
2832 5606 2975 5676 quod
3010 5606 3365 5676 signiﬁcativa
3391 5605 3511 5663 fue-

1936 5701 2069 5768 rint,
2097 5709 2153 5756 et
2169 5701 2413 5771 quaedam
2441 5701 2649 5756 umbrae
2681 5696 3006 5763 futurorum,
3042 5711 3132 5753 res
3164 5697 3312 5766 ipsas
3352 5699 3513 5757 nobis

1936 5808 2060 5864 quae
2085 5793 2173 5851 his
2194 5792 2481 5852 sacriﬁciis
2508 5788 2973 5863 signiﬁcabantur,
2995 5788 3377 5848 commendem
3411 5806 3521 5851 vo—
