3986 6348
505 363 646 431 ιιιθ

1156 361 1217 417 Β.
1254 361 1509 422 RABANI
1541 364 1762 425 ΝΛΜ]
1797 361 2065 423 sucum

2168 362 2469 429 Ιοοιῑιιτ.
2506 365 2793 431 omnia
2823 366 3001 427 PARS
3035 371 3078 428 ι.

3613 382 3767 444 “ﬂ
3786 416 3789 419 -

502 485 688 543 luisse.
717 479 905 541 Fuisse
929 486 1108 539 autem
1136 479 1303 536 etiam
1330 481 1491 541 istam
1519 482 1707 541 utilem
1730 496 1952 538 causam
1978 495 2077 537 cur
2099 477 2460 548 Aiubebatur
2507 483 2750 554 imperio.
2784 483 2988 541 Deinde
3022 499 3133 541 non
3174 485 3351 545 ιοῑιιιι
3404 489 3465 546 in
3503 506 3608 549 sua
3637 496 3769 569 1ος,

503 579 595 637 illa
616 581 976 639 mutarentur.
998 588 1101 630 nec
1124 573 1286 629 modo
1324 574 1666 643 iuberentur,
1692 576 1804 632 imo
1826 576 2078 648 prohibe-

498 677 689 729 rentur
711 664 919 733 oil‘erri,
944 679 1013 721 ne
1035 680 1163 722 vere
1194 665 1489 723 secundum
1528 667 1802 743 carnalem
1821 667 2077 727 aﬁ‘ectum

501 763 698 821 talibus
736 761 906 815 Deum
937 757 1195 817 delectari
1229 766 1558 829 putaremus.

570 852 676 908 Sed
714 859 898 907 utrum
954 850 1117 905 etiam
1152 848 1403 903 humanis
1451 847 1739 906 sacriﬁciis
1778 849 2074 921 signiﬁcari

497 942 679 1001 futura
703 939 1027 1012 oportuerit,
1068 939 1263 994 merita
1288 939 1549 1009 quaeritur
1574 958 1588 996 ι
1625 955 1734 997 non
1758 941 1902 1010 quod
1929 956 2077 997 moro

497 1044 581 1094 tes
604 1032 889 1095 hominum
933 1030 1254 1101 quandoque
1284 1032 1673 1087 moriturorum
1702 1032 1758 1086 in
1785 1032 1887 1089 hac
1912 1047 2075 1089 causa

496 1129 882 1185 exhorrescere
907 1132 964 1181 et
987 1124 1281 1180 formidare
1306 1125 1645 1191 deberemus,
1670 1126 1715 1182 si
1737 1126 1814 1181 illi
1837 1127 1928 1197 qui
1957 1127 2074 1183 haec

500 1221 566 1276 de
591 1234 650 1275 se
677 1216 793 1273 ﬁeri
820 1223 1099 1284 gratanter
1113 1215 1512 1286 accipereut,in
1539 1224 1741 1271 aeterna
1761 1232 2073 1273 remunera-

496 1309 642 1366 tione
662 1308 1169 1364 commendarentur
1190 1306 1300 1362 Deo
1325 1324 1337 1360 :
1367 1305 1463 1361 sed
1498 1306 1543 1360 si
1570 1307 1672 1361 hoc
1695 1322 1879 1363 verum
1896 1316 2070 1375 esset,

498 1403 603 1459 hoc
623 1416 792 1474 genus
814 1398 1203 1456 sacriﬁciorum
1232 1398 1342 1454 Deo
1381 1414 1486 1455 non
1509 1398 1852 1468 displiceret;
1886 1400 2074 1470 displi-

492 1508 615 1552 cere
655 1504 837 1550 autem
874 1494 1008 1557 Deo,
1038 1493 1171 1549 satis
1204 1492 1483 1548 evidenter
1536 1493 1724 1548 eadem
1789 1493 2073 1562 Scriptura

491 1591 742 1640 testatur.
772 1582 906 1639 Nam
940 1596 1062 1639 cum
1091 1582 1271 1638 omnia
1299 1583 1653 1653 primogenita
1681 1582 1784 1639 sibi
1813 1583 1983 1639 dicari
2017 1590 2073 1639 et

490 1690 587 1730 sua
612 1688 733 1730 esse
758 1674 990 1730 voluerit
1013 1682 1174 1743 atque
1200 1674 1545 1744 prateeperit,
1596 1674 1788 1730 redimi
1829 1683 2010 1730 tamen
2038 1690 2070 1731 a

490 1781 549 1823 se
584 1766 751 1822 voluit
772 1767 1130 1837 primogenita
1152 1766 1455 1833 hominum,
1477 1780 1545 1822 ne
1571 1767 1926 1824 immolandos
1948 1768 2059 1824 Deo

2175 583 2383 645 postea,
2405 590 2595 633 verum
2629 578 2792 633 etiam
2817 586 2945 635 tunc
2965 578 3111 635 Deus
3144 580 3199 637 in
3232 582 3353 651 ipso
3373 582 3615 642 Abraha
3641 587 3768 646 ﬁlio

2175 662 2375 721 talibus
2392 665 2677 722 sacriﬁciis
2710 682 2873 738 quam
2898 681 3005 725 non
3031 670 3392 728 delectaretur
3414 710 3433 740 .
3476 678 3765 746 «studia;

2175 768 2299 811 cum
2325 766 2536 826 patrem
2570 756 2723 826 cuius
2754 759 2917 816 ﬁdem
2948 759 3189 831 iubendo
3219 765 3568 834 probaverat,
3596 784 3629 823 a
3657 769 3767 828 ﬁlii

2174 850 2355 903 tamen
2382 847 2755 905 interiectione
2780 850 3077 919 prohibuit,
3103 861 3161 909 et
3178 855 3428 923 arietem,
3448 872 3564 928 quo
3580 864 3766 919 sacri-

2173 936 2357 995 ﬁcium
2380 938 2527 994 licite
2547 940 2840 997 secundum
2888 950 3135 1000 veterum
3162 960 3461 1016 congruam
3489 952 3767 1021 temporis

2174 1030 2615 1087 consuetudinem
2645 1031 3026 1102 complet-stur,
3043 1036 3315 1105 apposuit.

2245 1120 2303 1177 Si
2334 1130 2512 1177 autem
2538 1124 2643 1179 hoc
2666 1140 2990 1195 quemquam
3013 1136 3214 1193 movet,
3240 1131 3513 1198 quomodo
3529 1133 3621 1202 pie
3642 1150 3767 1192 crc-

2173 1211 2368 1269 diderit
2402 1213 2671 1270 Abraham
2706 1214 2876 1272 Deum
2905 1217 3189 1273 sacriﬁciis
3232 1219 3433 1276 talibus
3455 1222 3758 1291 delectari,

2173 1304 2219 1359 si
2267 1304 2383 1358 huic
2427 1304 2610 1360 illicito
2652 1304 2953 1362 oﬁ‘eruntur
2982 1306 3134 1373 Deo;
3179 1316 3238 1363 et
3264 1308 3386 1365 ideo
3413 1320 3565 1379 putat
3595 1323 3761 1370 recte

2172 1397 2466 1453 credidisse
2511 1399 2677 1453 etiam
2722 1396 2913 1469 Jephte
2953 1400 3097 1470 quod
3144 1401 3251 1457 tale
3282 1403 3611 1459 sacriﬁcium
3636 1405 3761 1462 Deo

2172 1502 2292 1544 esse
2318 1497 2500 1559 posset
2524 1496 2842 1558 acceptum:
2884 1491 3059 1560 primo
3098 1492 3408 1547 consideret
3449 1494 3592 1548 aliud
3630 1511 3761 1551 esse

2174 1581 2316 1635 ultro
2346 1596 2585 1648 movere,
2612 1581 2759 1637 aliud
2790 1581 3003 1653 iubenti
3028 1583 3429 1654 obtemperare.
3460 1584 3582 1640 Non
3606 1587 3760 1641 enim

2173 1673 2218 1729 si
2250 1673 2452 1742 aliquid
2476 1685 2675 1743 praeter
2699 1688 2905 1730 morem
2935 1675 2993 1730 in
3015 1674 3179 1731 domo
3207 1691 3240 1730 a
3273 1676 3509 1731 Domino
3539 1678 3759 1733 institu-

2172 1771 2287 1818 tum
2307 1778 2464 1819 servo
2476 1765 2716 1834 iubetur,
2732 1775 2894 1835 atque
2915 1766 2969 1822 id
2987 1766 3245 1823 laudabili
3268 1769 3586 1824 obedientia
3609 1769 3757 1835 facit,

491 1860 773 1915 crederent
800 1858 939 1917 filios
967 1872 1115 1924 suos,
1149 1874 1286 1930 quos
1315 1868 1472 1916 natos
1517 1860 1767 1930 primitus
1797 1862 2067 1931 suscepis-
2093 1839 2144 1901 Β
2170 1854 2290 1910 ideo
2318 1870 2425 1910 non
2455 1864 2540 1910 est
2564 1856 2897 1925 plectendus,
2934 1858 2981 1912 si
3020 1857 3125 1913 hoc
3168 1858 3351 1914 facere
3392 1871 3598 1930 sponte
3623 1877 3758 1931 pra-

487 1962 609 2009 seut
640 1952 837 2024 (Exod.
862 1951 1002 2022 xui).
1027 1952 1228 2007 Deinde
1270 1951 1372 2009 hoc
1396 1953 1637 2021 apertius
1663 1953 1741 2009 ita
1798 1953 2066 2023 loquitur,

487 2043 634 2111 quod
659 2042 894 2099 humana
925 2041 1240 2098 holocausta
1264 2042 1345 2096 sic
1368 2043 1510 2098 Deus
1549 2042 1833 2112 improbet,
1864 2051 1922 2098 ut
1942 2058 2069 2112 pro-

486 2133 691 2203 hibeat,
723 2133 996 2189 detestans
1037 2148 1099 2189 ea
1133 2134 1188 2189 in
1220 2133 1344 2189 aliis
1370 2134 1642 2204 gentibus,
1669 2142 1724 2188 et
1748 2133 1943 2204 populo
1968 2149 2068 2191 suo

482 2225 804 2295 praecipiens
844 2240 913 2281 ne
952 2225 1152 2280 audeat
1181 2223 1421 2280 imitari':
1450 2222 1507 2279 Si
1537 2234 1734 2290 autem,
1758 2224 1952 2293 inquit,
1977 2241 2070 2280 ea:-

484 2318 838 2374 lrrminaserit
868 2316 1124 2371 Dominus
1146 2316 1287 2371 Deus
1311 2325 1432 2369 tuus
1460 2325 1635 2383 gentes
1663 2353 1680 2381 ,
1740 2316 1797 2368 in
1828 2331 1960 2385 quas
2009 2324 2068 2369 tu

484 2410 653 2464 intras
711 2408 1022 2463 hrcreditare
1071 2417 1266 2462 terram
1315 2423 1495 2462 eorum
1541 2420 1576 2461 ιι
1626 2416 1899 2477 conspectu
1942 2416 2065 2473 tuo,

484 2500 816 2555 hereditatis
841 2515 946 2563 eos,
976 2509 1023 2552 et
1050 2499 1308 2554 habitabis
1335 2500 1392 2555 in
1436 2508 1577 2554 terra
1603 2514 1817 2565 eorum;
1860 2499 2067 2555 attende

485 2594 579 2650 tibi
604 2594 704 2663 ipsi
734 2609 797 2648 ne
827 2593 1073 2662 sxquiras
1098 2593 1244 2662 sequi
1271 2608 1357 2646 sos
1377 2632 1391 2657 ,
1418 2600 1695 2663 postquam
1738 2592 2067 2647 extet-utine“

484 2684 679 2755 fuerim
704 2699 738 2736 ιι
777 2683 912 2752 [acia
935 2690 1060 2744 tua,
1099 2695 1163 2735 ne
1190 2681 1432 2752 exquiras
1477 2681 1601 2735 deos
1628 2696 1809 2734 eorum
1846 2680 2065 2735 dicens:

486 2775 936 2844 Quemadmodum
992 2775 1192 2845 faciunt
1244 2783 1418 2846 gentes
1450 2773 1554 2831 diis
1582 2773 1696 2828 suis
1723 2812 1739 2839 ,
1784 2772 1979 2842 [scum
2016 2781 2066 2828 st

483 2886 596 2939 ego.
626 2868 751 2924 Non
780 2868 943 2937 facies
987 2854 1063 2922 ita
1091 2866 1320 2922 Domino
1342 2865 1453 2921 Deo
1486 2875 1614 2931 tuo;
1645 2864 2067 2921 abominamini:

482 2959 618 3013 enim
645 2973 763 3027 qua
802 2956 1057 3012 Dominus
1082 2956 1213 3022 odit,
1245 2956 1477 3026 fecerunt
1514 2955 1618 3010 diis
1656 2954 1790 3019 suis,
1816 2955 2067 3026 quoniam

482 3063 529 3108 et
557 3052 694 3122 ﬁlios
739 3068 861 3107 suos
890 3060 940 3106 et
976 3051 1117 3120 ﬁlias
1147 3068 1271 3105 suas
1314 3050 1623 3105 comburunt
1673 3049 1785 3119 igni
1818 3048 1922 3103 diis
1954 3048 2065 3103 suis

484 3144 662 3217 (Deut.
690 3142 967 3214 xu).Quid
980 3142 1282 3198 evidentius
1307 3141 1519 3197 ostendi
1544 3149 1722 3211 potest
1748 3141 1833 3197 his
1860 3148 2065 3197 sanctae

2170 1949 2481 2019 sumpserit.
2514 1948 2718 2005 Deinde
2747 1950 2982 2005 habebat
3004 1950 3149 2020 quod
3174 1951 3432 2007 crederet
3458 1953 3754 2021 Abraham,

2169 2048 2229 2096 ut
2254 2049 2472 2110 propter
2494 2041 2734 2096 divinum
2757 2041 3039 2110 imperium
3065 2055 3175 2096 non
3201 2049 3459 2110 parceret
3490 2043 3623 2107 tilio,
3654 2058 3755 2099 non

2169 2137 2397 2192 credens
2437 2136 2609 2191 Deum
2638 2135 2776 2191 tales
2809 2135 3054 2191 victimas
3092 2134 3321 2190 licenter
3348 2136 3637 2206 accipere,
3668 2135 3755 2191 sed

2171 2230 2276 2285 hoc
2301 2244 2424 2284 eum
2451 2224 2737 2299 propterea
2756 2226 3002 2295 iussisse,
3034 2236 3096 2282 ut
3117 2229 3475 2284 resascitaret
3496 2230 3753 2294 occisum

2117 2302 2135 2315 ⁸
2170 2327 2227 2374 et
2251 2320 2379 2375 hinc
2401 2319 2623 2388 aliquid,
2657 2328 2912 2387 tanquam
2950 2319 3094 2374 Deus
3123 2321 3373 2389 sapiens,
3422 2321 3756 2375 dmonstra-

2170 2420 2273 2466 ret.
2317 2410 2449 2465 Nam
2488 2412 2592 2466 hoc
2618 2410 2685 2465 de
2710 2410 2803 2465 illo
2831 2411 2996 2466 etiam
3030 2411 3084 2464 in
3111 2410 3357 2480 Epistula
3385 2411 3613 2482 legitur,
3637 2425 3758 2482 qua:

2171 2502 2485 2558 inscribitur
2510 2502 2579 2558 ad
2602 2500 2893 2567 Hebraeos;
2932 2510 2990 2557 et
3032 2501 3166 2557 ﬁdes
3201 2500 3349 2570 eius,
3381 2504 3514 2573 quia
3554 2502 3658 2559 hoc
3688 2504 3757 2558 de

2171 2593 2284 2649 Deo
2314 2592 2607 2648 crediderit
2625 2593 2769 2662 quod
2794 2601 2977 2662 posset
2998 2591 3168 2648 ﬁlium
3195 2591 3315 2661 eius
3336 2595 3629 2658 suscitare,
3646 2594 3756 2649 lau-

2170 2687 2332 2741 datur
2354 2685 2544 2755 (Πάν.
2573 2684 2675 2755 ιιι).
2696 2686 2803 2741 Iste
2820 2700 2952 2741 vero
2974 2694 3030 2740 et
3050 2685 3164 2741 Deo
3187 2699 3298 2740 non
3316 2685 3563 2754 iubente,
3589 2700 3757 2756 nequa

2168 2785 2448 2850 poscente,
2477 2784 2535 2831 et
2562 2785 2757 2834 contra
2780 2776 3076 2847 legitimum
3103 2777 3223 2847 eius
3258 2786 3595 2847 praeceptum
3618 2777 3756 2831 uim

2172 2867 2495 2924 sacriﬁcium
2520 2868 2670 2923 vovit
2692 2867 3007 2925 humanum.
3048 2866 3143 2923 Sic
3162 2867 3313 2922 enim
3340 2867 3609 2938 scriptum
3640 2876 3755 2921 est:

2171 2958 2240 3012 Et
2266 2960 2400 3015 sevit
2430 2958 2616 3028 Iephte
2635 2966 2810 3013 solum
2837 2956 3083 3023 Domina,
3112 2964 3159 3012 st
3187 2958 3323 3011 dixit
3344 2974 3365 3010 :
3388 2956 3450 3012 Si
3476 2958 3760 3011 tradition

2173 3049 2451 3104 tradideris
2488 3048 2615 3103 mihi
2657 3048 2798 3117 ﬁlios
2823 3048 3048 3102 Αιιιιιιοιι
3088 3048 3146 3101 in
3190 3063 3354 3101 manu
3379 3064 3520 3113 mea,
3548 3057 3603 3102 et
3634 3048 3759 3109 erit,

2170 3141 2462 3212 quicunque
2496 3139 2679 3194 scierit
2706 3138 2771 3192 ds
2788 3139 2977 3209 januis
3013 3138 3202 3193 domus
3233 3152 3364 3192 utea
3390 3136 3601 3191 obviam
3634 3136 3760 3190 mihi

485 3231 779 3301 Scriptura!
810 3232 1153 3295 testimoniis,
1181 3240 1241 3286 ut
1261 3232 1366 3287 alia
1398 3231 1769 3301 huiuscemodi
1792 3231 2060 3297 omittam,
2090 3233 2134 3297 C
2164 3233 2221 3287 in
2250 3232 2549 3288 revertendo
2571 3248 2652 3286 me
2677 3233 2734 3286 in
2759 3246 2887 3302 pace
2914 3247 2948 3285 ιι
2975 3230 3100 3299 ﬁliis
3126 3230 3369 3294 Ammon,
3399 3238 3450 3283 et
3484 3231 3612 3294 erit,
3647 3228 3762 3282 Do-

482 3339 647 3395 quam
670 3323 858 3389 Deum,
882 3340 913 3378 a
952 3338 1059 3391 quo
1102 3325 1217 3379 haec
1265 3323 1545 3392 Scriptura
1605 3324 1842 3378 humano
1882 3322 2066 3393 generi

482 3415 792 3471 centrihuta
818 3423 905 3470 est
928 3430 1037 3471 non
1067 3414 1240 3471 solum
1271 3430 1379 3471 sou
1411 3414 1653 3485 diligere,
1680 3426 1867 3470 verum
1898 3415 2064 3473 etiam

482 3509 663 3565 odisse
691 3508 818 3564 talia
858 3509 1147 3576 sacrificia,
1182 3510 1236 3565 in
1266 3510 1462 3580 quibus
1490 3511 1737 3576 homines
1777 3510 2064 3567 immolan-

483 3602 607 3656 tur?
630 3601 722 3655 illa
745 3600 902 3670 plane
928 3601 1102 3672 diligit
1125 3604 1182 3657 et
1215 3609 1458 3668 coronat,
1480 3584 1612 3658 cuni
1632 3602 1862 3673 quisque
1884 3602 2065 3671 iustus

485 3690 822 3761 iniquitatem
851 3693 1063 3763 patiens
1092 3706 1265 3764 usque
1302 3693 1368 3748 ad
1416 3701 1645 3749 mortem
1697 3708 1797 3763 pro
1834 3695 2064 3749 veritate

482 3783 743 3849 decertat,
776 3783 858 3839 vel
894 3783 963 3838 ab
984 3785 1221 3841 inimicis
1246 3801 1384 3856 quos
1431 3801 1532 3856 pro
1554 3786 1768 3857 iustitia
1798 3785 2058 3852 oﬁ‘endit,

482 3877 781 3941 occiditur,
827 3877 1133 3933 retribuens
1175 3878 1255 3932 eis
1302 3879 1441 3932 bona
1466 3893 1569 3947 pro
1603 3877 1794 3941 malis,
1845 3877 1900 3931 id
1941 3886 2059 3944 est,

482 3982 583 4038 pro
618 3967 743 4021 odio
793 3967 1155 4023 dilectionem.
1188 3967 1371 4023 Talem
1395 3968 1526 4023 dicit
1558 3968 1815 4023 Dominus
1844 3969 2062 4039 sangui-

484 4070 607 4112 nem
641 4056 846 4127 iustum
873 4076 903 4113 a
939 4060 1200 4131 sanguine
1245 4059 1399 4124 Abel,
1426 4074 1598 4129 usque
1644 4060 1711 4114 ad
1746 4061 2058 4130 sanguinem

482 4149 758 4204 Zacharia:
788 4149 1003 4219 (Matth.
1044 4150 1222 4220 xxiii).
1256 4152 1529 4221 Praecipue
1558 4160 1741 4206 autem
1767 4152 1911 4220 quod
1936 4167 2063 4208 sau-

483 4239 696 4306 guinem
725 4236 997 4307 fuditipse
1026 4254 1124 4308 pro
1148 4242 1302 4295 nobis
1324 4280 1340 4305 ,
1386 4251 1441 4297 et
1465 4244 1789 4299 sacriﬁcium
1822 4243 2058 4315 seipsum

482 4330 674 4386 obtulit
705 4331 843 4397 Deo;
876 4332 956 4385 sic
983 4331 1171 4399 utique
1197 4330 1388 4385 obtulit
1415 4364 1430 4396 ,
1485 4342 1545 4386 ιιι
1577 4335 1646 4388 ab
1678 4334 1911 4390 inimicis
1958 4351 2061 4405 pro

475 4415 686 4494 iu'stitia
728 4423 1089 4479 panderetur.
1117 4420 1272 4477 iiuna
1308 4422 1516 4477 imitata
1552 4432 1849 4494 martyrum
1892 4426 2058 4480 millia

480 4530 653 4584 usque
699 4517 767 4570 ad
819 4524 1049 4572 mortem
1090 4526 1191 4586 pro
1236 4517 1466 4573 veritate
1522 4525 1829 4583 certarunt,
1876 4527 1932 4573 et
1984 4520 2056 4573 ab

2168 3322 2310 3377 mino
2338 3323 2556 3392 o/feram
2585 3337 2705 3376 sum
2732 3320 3149 3376 holocaustum.
3173 3318 3284 3374 Non
3305 3319 3491 3388 utique
3514 3318 3607 3373 his
3630 3333 3765 3373 ver-

2165 3412 2250 3469 bis
2268 3429 2432 3484 pecus
2457 3413 2674 3484 aliquod
2699 3414 2868 3480 vovit,
2899 3414 3044 3484 quod
3069 3412 3363 3469 muluium
3384 3410 3572 3481 legem
3590 3409 3759 3465 bolo-

2166 3516 2442 3563 csustoma
2486 3514 2671 3577 posset
2713 3504 2929 3561 oli'erre.
2977 3504 3163 3575 Neque
3211 3504 3357 3559 enim
3395 3510 3483 3558 est
3520 3510 3617 3559 aut
3658 3501 3765 3556 fuit

2166 3596 2593 3662 contsuetudinls,
2621 3604 2682 3651 ut
2708 3596 3061 3651 redeuntibus
3084 3610 3211 3650 cum
3235 3594 3467 3651 victuﬂa
3508 3593 3579 3648 de
3612 3592 3759 3648 bello

2165 3691 2392 3746 ducibus
2419 3703 2614 3760 pecora
2637 3696 3008 3744 occurrerent.
3041 3687 3316 3755 Quantum
3353 3694 3539 3741 autem
3564 3684 3763 3739 attinet

2164 3786 2233 3840 ad
2261 3793 2410 3839 muta
2438 3783 2689 3839 animalia
2711 3823 2727 3848 ,
2769 3795 2935 3837 canes
2977 3777 3153 3836 solent
3178 3779 3417 3835 dominis
3446 3776 3650 3833 blando
3676 3776 3756 3829 i'a-

2163 3876 2367 3932 mulatu
2394 3874 2689 3931 alludentes
2716 3886 2938 3929 currere
2965 3872 3021 3926 in
3049 3870 3264 3926 obviam
3288 3882 3306 3933 ;
3350 3868 3421 3923 de
3444 3868 3644 3937 quibus
3672 3864 3760 3920 ille

2165 3968 2218 4022 in
2243 3981 2342 4023 suo
2368 3974 2494 4022 voto
2522 3965 2759 4037 cogitare
2798 3976 2905 4017 non
2936 3969 3151 4034 posset,
3182 3975 3252 4013 ne
3290 3958 3347 4013 in
3376 3954 3634 4026 iniuriam
3662 3953 3754 4008 Dei

2164 4057 2374 4127 aliquid
2390 4072 2498 4112 non
2524 4054 2696 4111 solum
2726 4050 2996 4117 illicitum,
3023 4065 3212 4106 verum
3233 4047 3403 4103 etiam
3426 4043 3755 4116 contempti-

2163 4151 2293 4215 bile,
2322 4156 2377 4204 et
2397 4148 2691 4203 secundum
2732 4146 2904 4213 legem
2940 4142 3279 4198 immundum
3308 4139 3530 4194 vovisse
3548 4137 3758 4192 videre-

2163 4249 2270 4296 tur.
2302 4240 2411 4295 Nec
2436 4239 2513 4293 ait
2540 4254 2554 4292 :
2589 4236 2947 4305 Quodcunque
2973 4234 3091 4288 ierit
3115 4232 3180 4287 de
3197 4232 3386 4301 ,ἐπειιὼ
3414 4230 3604 4285 domus
3626 4240 3757 4281 utra

2161 4331 2216 4384 in
2242 4330 2442 4382 obviam
2470 4327 2623 4391 mihi,
2648 4326 2869 4395 oﬁ'erant
2891 4323 3025 4377 illud
3049 4321 3450 4377 holocaustum
3473 4335 3493 4383 ,'
3525 4317 3626 4373 sed
3644 4316 3756 4370 ait:

2165 4420 2473 4489 Quicunque
2499 4417 2717 4483 scierit,
2749 4416 2968 4485 offeram
3009 4430 3131 4469 eum
3151 4426 3171 4465 :
3215 4411 3311 4467 ubi
3354 4410 3545 4481 metu
3592 4407 3760 4463 dubio

2162 4510 2298 4566 nihil
2341 4509 2486 4563 aliud
2535 4522 2700 4577 quam
2743 4505 3020 4561 hominem
3062 4502 3366 4573 cogitavit;
3408 4514 3523 4554 non
3567 4506 3761 4553 tamen

481 4580 728 4666 ἱιιὶιιιὶοἰιι,
786 4580 1134 4676 sequentibus
1186 4608 1461 4664 immolata
1511 4617 1676 4673 sunt;
1737 4580 1823 4691 det
1858 4612 2055 4681 quibus
2078 4580 2133 4642 D
2157 4602 2390 4691 Tom”?
2420 4598 2636 4691 "illa"?
2664 4596 2855 4661 “mm,
2881 4605 3193 4691 ‘1‘“?qu
3217 4591 3376 4691 ,δίψη
3398 4590 3461 4645 in
3487 4596 3762 4691 “2,93.

481 4691 615 4748 dicit
659 4691 981 4762 Scriptura:
1021 4694 1293 4768 Tanquam
1342 4713 1533 4752 aurum
1584 4699 1639 4754 in
1680 4698 1891 4767 fornace
1934 4717 2055 4771 pro-

484 4787 621 4841 bavit
668 4785 788 4839 illos
816 4825 830 4851 ,
898 4796 946 4841 et
1006 4788 1141 4842 sicut
1204 4788 1514 4843 holocausta
1577 4790 1803 4847 hostium
1859 4793 2055 4863 accepit

481 4877 603 4934 illos
641 4877 793 4951 (Sep.
832 4877 936 4949 ιιι).
966 4878 1120 4935 Unde
1158 4889 1212 4935 et
1232 4880 1521 4949 Apostolus
1561 4879 1737 4935 dicit:
1780 4881 1892 4951 Ego
1916 4884 2054 4937 enim

475 4973 589 5045 jam
627 4970 886 5028 immlor.
942 4968 1051 5025 Sed
1085 4987 1191 5025 non
1224 4973 1303 5027 sic
1329 4971 1522 5042 Jephte
1554 4974 1621 5028 de
1659 4970 1769 5028 tilia
1798 4973 1924 5029 fecit
1960 4976 2057 5030 bo-

483 5070 813 5125 locaustnma
853 5066 1116 5132 Domino;
1169 5069 1263 5122 sed
1308 5068 1447 5123 sicut
1500 5075 1827 5137 praeceptum
1878 5067 2057 5123 fuerat

482 5180 675 5239 pecora
705 5164 908 5229 otl‘errl,
936 5170 992 5218 et
1018 5162 1346 5233 prohibitum
1374 5163 1551 5219 fuerat
1584 5163 1829 5217 homines
1856 5164 2052 5220 immo-

2157 4701 2310 4746 terna
2334 4689 2501 4761 gloria
2527 4688 2649 4758 quis
2667 4695 2850 4757 posset
2867 4687 3097 4750 anteire,
3126 4684 3232 4741 nisi
3254 4682 3397 4739 forte
3418 4682 3604 4737 uxor?
3624 4678 3763 4733 Nam

2156 4783 2302 4852 quod
2337 4796 2445 4837 non
2479 4779 2645 4842 dixit,
2682 4790 3032 4848 quoscunque,
3072 4776 3201 4840 sed,
3235 4775 3543 4844 quicunque
3573 4770 3761 4825 exierit

2156 4879 2221 4933 de
2261 4878 2444 4948 januis
2467 4876 2655 4930 domus
2679 4889 2835 4935 mem,
2876 4870 3016 4927 solet
3055 4868 3341 4938 Scriptura
3384 4863 3765 4919 masculinum

2157 4986 2324 5043 genus
2352 4985 2453 5040 pro
2491 4965 2730 5037 quolibet
2774 4977 2905 5020 sexu
2935 4972 3135 5032 ponere
3155 4996 3171 5023 .
3202 4958 3349 5013 siem
3372 4955 3448 5011 de
3474 4955 3764 5011 Abraham

2161 5065 2364 5120 dictum
2389 5070 2506 5117 est:
2537 5059 2768 5129 Surgsns
2794 5074 2828 5111 s
2856 5063 3063 5110 mortuo
3087 5050 3241 5123 (Gen.
3265 5049 3429 5121 nm)
3449 5065 3466 5113 ;
3489 5063 3617 5103 cum
3637 5044 3767 5113 ejus

2159 5172 2299 5212 uxor
2322 5163 2535 5211 mortua
2563 5152 2771 5207 fuisset.

484 5229 604 5312 lari.
638 5254 806 5327 Magis
848 5256 949 5310 hoc
975 5229 1051 5307 illi
1096 5251 1271 5306 simile
1298 5254 1509 5308 videtur
1537 5253 1680 5323 quod
1714 5254 1841 5307 fecit
1877 5250 2045 5309 Abra-
2228 5249 2363 5317 Quia
2397 5263 2527 5318 ergo
2562 5246 2630 5301 de
2665 5243 2772 5299 hoc
2802 5248 2928 5296 voto
2966 5246 3129 5309 atque
3172 5234 3320 5292 facto
3356 5231 3507 5327 nihil
3533 5229 3776 5327 videtur

484 5352 629 5413 ham,
654 5323 795 5419 quod
817 5346 1076 5401 Dominus
1114 5343 1417 5414 specialiter
1445 5346 1562 5400 ﬁeri
1607 5347 1865 5416 praecepit
1894 5343 2046 5420 (Gen.
2160 5342 2439 5413 Scriptura
2453 5340 2748 5409 iudicasse,
2767 5335 2908 5391 sicut
2927 5333 2994 5388 de
3017 5324 3556 5398 Abraham,quaudn
3586 5323 3779 5379 (illum

483 5439 639 5513 xxii),
668 5455 774 5494 non
805 5437 1038 5509 generali
1062 5438 1178 5507 lege
1198 5444 1256 5488 ut
1285 5435 1408 5488 talia
1431 5436 1531 5490 sibi
1554 5437 1819 5493 sacriﬁcia
1863 5437 2053 5493 ﬁerent
2153 5438 2338 5509 jussus
2379 5434 2605 5498 obtulit,
2648 5429 2989 5501 apertissime
3016 5424 3321 5496 iudicavit;
3513 5426 3781 5513 tantum-

485 5509 770 5602 aliquando
798 5528 1091 5594 mandavit,
1123 5527 1233 5583 imo
1269 5526 1432 5582 etiam
1463 5524 1578 5580 ﬁeri
1627 5530 1849 5584 omnino
1874 5529 2055 5598 prohi~
2159 5530 2320 5586 modo
2365 5527 2625 5597 scriptum
2675 5521 2960 5591 reliquisse
3002 5516 3307 5588 legentibus
3349 5509 3783 5602 iudicandum,

485 5600 625 5676 buit.
670 5622 841 5676 Distat
871 5622 1054 5689 itaque
1090 5620 1191 5675 hoc
1231 5616 1373 5690 quod
1418 5614 1608 5687 Jephte
1657 5618 1784 5676 fecit
1829 5636 1861 5675 a
1912 5620 2054 5677 facto
2159 5620 2610 5695 quemadmodum
2641 5616 2708 5670 de
2736 5613 2881 5669 facto
2906 5609 3076 5674 Judtc,
3105 5608 3202 5663 ﬁlii
3228 5604 3422 5669 Jacob,
3445 5600 3788 5672 quandoad

485 5710 742 5779 Abrahaz,
786 5712 1039 5781 quoniam
1085 5712 1199 5781 ipse
1244 5712 1427 5787 jussus
1468 5708 1662 5765 obtulit
1702 5711 1866 5767 ﬁlium
1894 5754 1908 5778 ,
1954 5713 2057 5769 istc
2159 5722 2353 5770 nurum
2384 5710 2600 5782 quidem
2627 5720 2785 5763 suum
2810 5703 3060 5759 nesciens
3086 5699 3340 5763 intravit,
3369 5711 3592 5751 verum
3615 5708 3791 5766 quau-

488 5810 666 5863 autem
693 5803 822 5862 fecit
848 5806 993 5881 quod
1017 5812 1073 5861 et
1097 5800 1218 5879 iege
1254 5804 1565 5873 vetabatur,
1595 5810 1651 5862 et
1670 5806 1816 5862 nullo
1836 5804 2055 5883 speciali
2160 5814 2275 5864 tum
2304 5805 2361 5861 in
2393 5803 2512 5875 ipso
2537 5800 2718 5857 fuerat
2742 5794 3057 5872 fornicatus
3081 5801 3200 5861 est,
3237 5790 3369 5871 quia
3396 5790 3791 5846 meretricem
