3986 6348
211 404 331 463 "8i

1097 388 1451 454 costum.
1490 388 1561 454 is
1593 387 1723 453 Lm.
1762 384 2076 473 tunicati.
2114 416 2186 440 -η-
2218 384 2349 454 Lis.
2387 386 2451 454 η.
2554 388 2561 397 '

3298 402 3440 460 “89

209 515 401 592 putavit
435 506 589 584 (Gen.
621 508 881 580 nxvm),
910 518 1089 579 neque
1118 509 1436 578 awmbavtt
1476 507 1580 564 hoc
1615 500 1766 563 Seria-
1794 510 1848 571 Α
1872 508 2067 562 tamus.
2108 506 2218 562 Nec
2261 515 2443 563 tamen
2480 516 2547 563 ex
2585 509 2705 564 boc-
2734 508 2842 565 ulla
2881 502 2952 567 sit
2996 502 3190 581 injuria
3228 512 3445 585 spiritui

207 618 351 685 ptum
376 620 552 677 neque
574 605 911 675 reprobavit,’
930 605 1023 657 sed
1046 604 1253 674 justitla
1290 612 1347 658 et
1373 603 1470 658 Dei
1499 603 1618 673 lege
1643 610 1771 657 con-

208 703 335 762 sttlts
360 697 732 755 aestimandum
760 696 1202 771 pensandumque
1225 694 1448 750 dimisit.
1477 695 1615 762 Quia
1640 700 1771 764 ergo

207 795 271 851 de
296 794 395 848 isto
428 790 622 860 Jephte
652 787 802 842 facto
836 787 892 842 in
932 794 1178 841 neutram
1211 794 1421 858 partem
1447 787 1769 841 sententiam

208 883 476 951 Scriptura
498 870 592 933 Del
617 877 863 947 protulit,
891 884 952 931 at
989 882 1175 932 noster
1198 875 1499 931 intellectus
1539 876 1593 929 in
1621 872 1769 946 judi-

204 972 366 1030 eando
392 976 758 1034 exerceretur,
789 976 1071 1039 possemus
1091 967 1203 1036 jam
1232 967 1415 1023 dicere
1446 960 1558 1023 Deo
1585 967 1771 1037 dispii-s

202 1063 367 1119 coisse
396 1060 501 1115 tale
521 1065 726 1124 votum,
756 1065 812 1113 et
838 1059 905 1113 ad
934 1059 1078 1113 illam
1104 1057 1422 1128 productum
1452 1072 1572 1114 esse
1594 1059 1771 1114 vindia

198 1162 365 1220 ctam,
408 1161 469 1207 ut
505 1153 646 1222 patri
690 1152 1032 1222 potissimum
1076 1151 1185 1207 illia
1235 1152 1394 1207 unica
1432 1159 1763 1207 occurreret.

199 1244 342 1311 Quod
370 1243 417 1298 si
443 1248 716 1312 sperasset
751 1249 913 1310 atque
933 1241 1221 1309 voluisset,
1250 1256 1358 1297 non
1392 1243 1676 1308 continuo,
1709 1248 1769 1298 ut

198 1350 309 1390 eam
332 1334 488 1399 vidit,
520 1335 769 1389 sciuisset
793 1336 1114 1390 vestimenta
1139 1348 1255 1401 sua,
1285 1343 1342 1389 et
1366 1335 1618 1391 dixisset:
1650 1335 1767 1390 Heu

195 1427 305 1480 me!
326 1426 438 1496 ﬁlia
466 1442 601 1491 mea,
627 1426 888 1497 impedisti
912 1442 992 1480 me
1012 1443 1033 1490 ;
1070 1427 1127 1481 in
1151 1425 1523 1497 o/Tendiculum
1551 1428 1694 1497 facta
1713 1442 1769 1482 es

193 1515 245 1568 in
267 1514 432 1568 oculis
458 1517 608 1569 meis.

259 1606 462 1660 Deinde
488 1606 767 1676 sexaginta
793 1605 1004 1661 dierum
1038 1612 1149 1661 tam
1174 1606 1331 1677 longa
1365 1602 1619 1663 dilatione
1644 1608 1767 1663 data

191 1693 311 1751 tiliae
337 1711 470 1763 sum,
503 1698 761 1754 Dominus
789 1712 912 1753 eum
948 1699 1019 1752 ab
1055 1700 1228 1753 unicae
1269 1699 1600 1755 cbarissimte
1629 1706 1768 1755 natm

188 1787 553 1844 immolatione
579 1800 703 1844 eum
740 1800 849 1844 non
891 1789 1259 1858 prohibuerit,
1308 1791 1448 1845 sicut
1492 1791 1769 1861 prohibuit

1869 598 2081 655 Domini
2124 601 2214 670 qui
2243 610 2367 655 eum
2412 600 2766 668 confortavit,
2795 609 2855 655 ut
2894 603 3078 658 hostes
3116 606 3299 676 populi
3328 607 3447 678 ejus

1873 698 2017 746 tanta
2063 690 2322 746 facilitate
2364 696 2664 762 superaret.
2693 693 2804 748 Cur
2832 700 2961 766 ergo
2991 694 3136 751 inter
3166 710 3260 753 eos
3299 708 3449 757 com-

1868 791 2217 849 memoratur,
2255 782 2342 855 qui
2376 794 2468 853 per
2507 784 2664 853 ﬁdem
2690 786 2921 840 uicerunt
2963 800 3143 857 regna,
3174 792 3448 858 operantes

1860 876 2145 948 justitiam,
2175 878 2281 933 nisi
2307 876 2433 947 quia
2463 884 2646 932 sancta
2674 875 2988 947 Scriptura,
3020 886 3250 949 quorum
3285 882 3444 938 fidem

1869 977 2029 1039 atque
2048 969 2312 1039 justitiam
2340 969 2604 1024 veraciter
2629 969 2834 1035 laudat,
2873 982 2980 1024 non
3011 968 3137 1025 hinc
3160 972 3449 1042 impeditur

1868 1066 2054 1113 eorum
2088 1060 2249 1114 etiam
2279 1064 2524 1127 peccatu,
2556 1058 2602 1113 si
2633 1073 2737 1129 qua
2767 1058 2936 1125 novit,
2959 1066 3014 1113 et
3040 1067 3292 1130 oportere
3310 1063 3451 1133 judi-

1869 1156 1956 1207 cat
1990 1160 2175 1205 notare
2212 1151 2525 1205 veraciter?
2558 1146 2692 1205 Nam
2726 1158 2782 1205 et
2810 1152 2864 1205 in
2891 1160 2957 1206 eo
2989 1153 3133 1222 quod
3168 1155 3308 1209 idem
3339 1153 3450 1211 Ge-t

1869 1242 2005 1297 deon
2035 1243 2246 1312 signum
2282 1250 2491 1312 petens,
2520 1242 2660 1297 sicut
2695 1242 2806 1312 ipse
2840 1241 3052 1297 locutus
3081 1250 3191 1310 est,
3221 1245 3451 1303 tentavit

1868 1336 1925 1390 in
1956 1335 2156 1390 vellere
2187 1334 2339 1405 (Iud.
2371 1334 2469 1407 vr),
2498 1335 2683 1389 nescio
2708 1341 2891 1388 utrum
2921 1348 3027 1389 non
3068 1334 3233 1391 fuerit
3275 1345 3452 1393 trans-

1868 1438 2086 1496 gressus
2112 1433 2438 1495 praeceptum
2465 1440 2573 1496 quo
2607 1427 2867 1495 scriptum
2903 1433 3022 1480 est:
3067 1424 3191 1480 Non
3229 1430 3450 1484 tentabis

1836 1578 1841 1581 Ἴ
1866 1517 2149 1573 Dominum
2176 1518 2343 1573 Deum
2369 1527 2514 1572 tuum
2544 1518 2722 1587 (Deut.
2749 1519 2844 1590 vt).
2871 1519 3256 1574 Verumtamen
3283 1521 3450 1576 etiam

1866 1609 1923 1665 in
1943 1610 2060 1679 ejus
2081 1611 2376 1665 tentatione
2396 1610 2655 1665 Dominus
2676 1612 2817 1679 quod
2841 1610 3448 1680 prasnantiarevolehat,

1868 1701 2141 1767 ostendit;
2186 1700 2239 1755 in
2268 1700 2537 1771 compluto
2569 1701 2776 1755 scilicet
2819 1699 3017 1756 vellere
3040 1743 3054 1767 ,
3092 1711 3146 1757 et
3180 1716 3306 1757 area
3336 1708 3450 1758 tota

1871 1789 2292 1860 circumquaque
2333 1791 2475 1846 sicca
2496 1830 2511 1856 ,
2540 1791 2775 1861 ﬁgurare
2803 1793 3039 1862 primum
3084 1793 3337 1863 populum
3374 1791 3452 1848 ls-

185 1873 476 1942 Abnbam,
507 1878 680 1932 dorum
717 1854 1049 1948 perﬁciendo
1081 1877 1227 1948 quod
1247 1854 1513 1935 voverat-
1532 1880 1767 1950 seipsum
1796 1854 1843 1920 Β
1869 1879 2002 1947 rael,
2037 1854 2128 1937 ubi
2156 1854 2312 1937 erant
2346 1854 2519 1937 sancti
2551 1854 2671 1938 cum
2702 1854 2871 1954 gratia
2912 1854 3119 1939 cmlesti
3141 1854 3172 1950 ,I
3195 1892 3451 1954 tanquam

184 1978 493 2040 percuteret
519 1968 753 2025 orbitate
776 1964 1116 2041 gravissima,
1159 1970 1326 2025 Deum
1355 1980 1536 2026 autem
1565 1984 1769 2041 nequa-

184 2072 346 2126 quam
373 2059 613 2113 hominis
639 2058 1008 2115 immolatione
1050 2058 1320 2130 placaret,
1349 2069 1405 2117 et
1435 2063 1554 2117 ideo
1582 2062 1770 2131 hujus-

180 2147 393 2203 cemodi
417 2149 560 2218 patri
579 2163 795 2219 pinnam
826 2149 991 2205 fuisse
1017 2148 1335 2206 retributam
1354 2164 1424 2206 ne
1443 2154 1767 2223 impunitum

180 2239 305 2294 talis
330 2239 443 2293 voti
481 2240 880 2309 relinqueretur
920 2241 1257 2311 exemplum,
1303 2248 1364 2296 ut
1393 2250 1767 2312 estmagnum

178 2330 385 2401 aliquid
415 2345 475 2384 se
498 2344 695 2386 vovere
732 2333 843 2385 Deo
865 2340 1117 2402 putarent
1153 2333 1426 2397 homines,
1455 2344 1579 2387 cum
1604 2332 1762 2387 victi-

177 2436 295 2478 mas
316 2423 583 2477 humanas
602 2431 882 2489 Voverent,
907 2431 981 2488 et,
1004 2424 1149 2493 quod
1171 2432 1254 2478 est
1276 2423 1607 2489 horribilius,
1631 2422 1768 2479 illio-

175 2528 295 2568 rum
321 2530 335 2580 ς
377 2522 471 2568 aut
498 2528 607 2569 non
644 2526 771 2570 vera
803 2516 897 2570 sed
928 2517 1109 2584 potius
1143 2515 1390 2569 simulata
1428 2518 1615 2571 eadem
1640 2524 1767 2572 vota

176 2617 379 2673 essent,
407 2622 529 2665 cum
554 2609 703 2664 velut
730 2609 977 2678 exemplo
996 2609 1226 2664 Abrahte
1248 2618 1530 2679 sperarent
1556 2611 1647 2680 qui
1671 2622 1766 2665 vo-

174 2699 417 2765 vissent,
466 2700 634 2754 Deum
676 2700 1076 2769 prohibiturum
1123 2698 1248 2752 talia
1294 2700 1420 2753 vota
1467 2700 1763 2771 compleri:

172 2804 481 2864 possemus,
515 2788 753 2860 inquam,
782 2791 896 2845 bmc
922 2789 1122 2855 dicere,
1157 2789 1261 2843 nisi
1284 2789 1352 2843 ab
1372 2790 1471 2844 ista
1499 2792 1765 2845 sententia

172 2886 281 2941 duo
304 2896 409 2939 nos
432 2885 704 2954 pracipes
729 2884 1038 2938 divinarum
1080 2882 1485 2954 Scripturarum
1520 2886 1767 2941 testimo-

171 2978 263 3032 nia
296 2977 661 3041 retardarent,
711 2982 771 3030 ut
812 2977 954 3032 hanc
999 2988 1116 3032 rem
1165 2985 1375 3049 gestam
1424 2978 1564 3033 etin
1612 2978 1765 3034 libris

172 3075 338 3124 tantae
366 3069 706 3125 auctoritatis
732 3071 1008 3125 memoriae
1045 3072 1513 3138 commendatam,
1541 3072 1766 3144 diligen-

170 3162 279 3217 tius
306 3162 571 3232 quantum
600 3160 859 3217 Dominus
888 3163 1134 3233 adjuvat,
1180 3170 1236 3217 et
1272 3165 1485 3219 cautius
1511 3174 1764 3233 perscru‘

170 3261 393 3323 temur,
440 3268 509 3307 ne
555 3254 610 3308 in
656 3253 820 3307 ullam
869 3262 1075 3324 partem
1109 3254 1371 3323 judicittm
1412 3256 1762 3311 temerarium

167 3345 530 3417 proferamus.
560 3342 755 3410 Unum,
783 3347 999 3415 quodin
1020 3346 1258 3418 Epistola
1287 3348 1352 3402 ad
1375 3346 1634 3404 Hebraeos
1661 3344 1763 3402 iste

166 3433 367 3506 Iephte
408 3436 552 3488 inter
588 3436 724 3488 tales
755 3446 1209 3491 commemoratur
1230 3478 1243 3502 ,
1277 3447 1338 3491 ut
1383 3444 1506 3493 eum
1550 3438 1765 3508 culpare

166 3532 481 3590 vereamur,
514 3524 603 3578 ubi
627 3525 706 3579 sic
740 3526 1000 3594 scriptum
1026 3533 1151 3581 est:
1193 3526 1261 3579 Et
1304 3529 1431 3597 quid
1473 3529 1645 3581 adhuc
1682 3529 1764 3582 dt-

166 3628 285 3674 cam
312 3621 340 3673 ?
374 3618 565 3686 Deﬁcit
593 3617 728 3671 enim
750 3628 833 3671 me
862 3626 1059 3687 tempus
1088 3618 1372 3672 enarrandi
1411 3619 1476 3673 de
1519 3610 1757 3686 Gedeon,

162 3708 407 3771 Barnclt,
448 3707 695 3773 Samson,
728 3702 1002 3777 etlepltle,
1044 3714 1092 3760 et
1132 3707 1335 3774 David,
1365 3718 1413 3763 et
1441 3706 1686 3776 Samuel,
1713 3718 1760 3763 et

160 3800 438 3871 prophetis
464 3839 478 3865 ,
512 3800 602 3870 qui
643 3812 737 3869 per
777 3798 935 3868 ﬁdem
977 3799 1205 3852 vicerunt
1253 3812 1413 3870 regna
1438 3841 1452 3865 ,
1489 3809 1760 3870 operantes

157 3891 466 3961 justitiam,
518 3890 780 3943 consecuti
821 3897 942 3943 sunt
979 3890 1347 3961 promissiones
1396 3888 1600 3960 (Hebr.
1640 3889 1756 3962 x1).

162 3981 440 4043 Alterum,
485 3981 626 4050 quod
656 3980 751 4033 ubi
790 3980 855 4034 de
882 3979 976 4034 illo
1003 3979 1107 4034 ista
1138 3988 1422 4043 narratur,
1467 3979 1611 4050 quod
1654 3980 1761 4036 tale

159 4072 389 4127 vovet-it
411 4076 465 4124 et
494 4070 798 4140 impleverit
823 4077 1007 4125 votum
1027 4111 1041 4135 ,
1073 4070 1336 4141 prmmisit
1372 4071 1647 4141 Scriptura
1676 4072 1760 4128 di-

161 4174 300 4218 cens
326 4178 341 4215 :
389 4159 461 4213 Et
488 4160 660 4230 factus
698 4171 774 4215 est
813 4177 968 4232 super
1002 4159 1188 4232 Iephte
1215 4162 1429 4231 spiritus
1458 4162 1683 4228 Domini,
1713 4170 1763 4217 et

157 4253 405 4326 perrexit
439 4249 645 4305 Galaad
671 4260 720 4306 et
746 4251 1015 4317 Manusse,
1056 4259 1105 4306 et
1136 4251 1345 4305 transiit
1371 4250 1633 4322 speculam
1657 4250 1763 4306 Ga-

162 4346 320 4412 laad,
341 4353 393 4399 et
419 4345 482 4399 de
501 4343 712 4416 specula
735 4345 943 4400 Galam!
963 4352 1106 4400 trans
1130 4344 1269 4414 filios
1294 4345 1537 4411 Ammon,
1561 4353 1608 4400 et
1628 4347 1764 4400 vovit

160 4436 361 4508 Iephte
385 4445 558 4490 votum
583 4434 825 4502 Domino,
853 4442 983 4501 etet,
1008 4436 1072 4491 ad
1101 4437 1203 4491 hoc
1229 4437 1402 4507 ipsum
1432 4445 1615 4491 votum
1641 4448 1762 4508 pere

162 4528 438 4591 tinentia;
465 4533 523 4578 ut
548 4528 729 4579 omnia
756 4540 873 4596 qua:
896 4528 1148 4597 deinceps
1169 4528 1308 4583 facta
1336 4535 1481 4594 sunt,
1506 4536 1758 4598 tauquam
1784 4558 1839 4627 Ι)

160 4633 336 4690 opera
366 4616 590 4688 spiritus
623 4615 854 4680 Demiui,
886 4617 976 4686 qni
1006 4630 1169 4684 super
1193 4631 1313 4670 eum
1341 4617 1513 4672 l‘actus
1544 4624 1645 4682 est,
1678 4618 1759 4671 in-

162 4712 464 4785 telligenda
508 4712 811 4766 videantur.
844 4707 951 4763 Ista
979 4709 1284 4764 testimonia
1313 4720 1411 4764 nos
1436 4707 1760 4778 compellunt

158 4819 423 4878 quaerere
458 4805 637 4874 potius
664 4814 761 4859 cur
783 4804 984 4858 factum
1024 4802 1124 4872 sit,
1165 4818 1326 4874 quam
1363 4800 1520 4859 facile
1558 4802 1758 4874 impro-

160 4902 301 4956 bare
333 4898 482 4966 quod
511 4895 714 4950 factum
750 4903 851 4951 est.

234 4986 353 5043 Sed
389 4985 564 5053 primo
587 4976 715 5037 illud
742 4983 884 5054 quod
908 4994 973 5038 ex
1004 4982 1242 5055 Epistula
1270 4992 1391 5055 qua:
1414 4983 1480 5040 ad
1503 4980 1760 5042 Hebraeos

157 5087 247 5137 est
272 5076 727 5141 commemoravi,
761 5075 902 5131 inter
924 5077 1043 5133 illos
1070 5076 1360 5132 laudabiles
1381 5077 1526 5132 viros
1549 5078 1641 5149 qui
1665 5075 1759 5132 ibi-

158 5172 291 5226 dem
318 5165 657 5232 recoluntur,
689 5176 796 5223 non
824 5168 997 5223 solum
1026 5174 1109 5224 est
1134 5164 1343 5239 Jepbte,
1379 5178 1563 5224 verum
1594 5169 1756 5225 etiam

158 5260 421 5323 Gedeon,
459 5257 524 5311 de
567 5266 675 5327 Quo
710 5258 960 5313 similiter
996 5259 1275 5330 Scriptura
1319 5260 1488 5314 dicit:
1532 5258 1759 5330 Spiritus

156 5350 398 5407 Domini
422 5349 734 5420 confortnvit
769 5348 978 5405 cheon
1019 5350 1171 5423 (Jnd.
1200 5352 1317 5423 vt);
1359 5357 1413 5405 et
1441 5358 1618 5406 tamen
1644 5352 1760 5422 ejus

158 5444 403 5508 factum,
433 5443 573 5513 quod
600 5442 662 5497 de
702 5443 794 5497 illo
824 5460 955 5498 auro
982 5444 1174 5515 praedae
1204 5454 1445 5515 aperatus
1486 5452 1560 5498 est
1599 5442 1753 5513 δίκαι,

158 5546 207 5591 et
239 5536 546 5605 fornicatus
571 5544 643 5587 est
669 5546 782 5603 post
815 5535 949 5590 illud
981 5538 1148 5589 omnis
1179 5532 1366 5598 Israel,
1391 5542 1437 5588 et
1465 5535 1663 5601 factum
1684 5543 1758 5588 est

158 5626 358 5680 domui
394 5621 601 5677 Gedeon
628 5624 686 5678 in
715 5626 1022 5680 scandalum
1063 5622 1215 5699 (Iud.
1246 5625 1394 5698 vni),
1442 5636 1546 5680 non
1586 5626 1758 5680 solum

158 5713 405 5768 laudare
439 5726 545 5765 non
571 5726 874 5781 possumus,
910 5729 1097 5769 verum
1133 5717 1296 5771 etiam
1322 5716 1445 5786 quia
1478 5714 1759 5784 Scriptura

160 5806 301 5864 hinc
325 5803 673 5876 apertissime
706 5803 999 5875 judicavit,
1029 5808 1318 5880 reprobare
1344 5809 1566 5865 minime
1600 5807 1758 5865 dubi-

1865 1973 2047 2044 piuvia
2072 1968 2321 2044 spiritali.
2360 1974 2427 2028 Et
2457 1981 2641 2045 postea
2684 1974 2954 2044 completa
2988 1986 3114 2029 area
3156 1976 3302 2031 sicco
3338 1977 3452 2032 vel-

1865 2061 1978 2118 lere
1998 2062 2230 2134 ﬁgurare
2250 2063 2549 2119 Ecclesium
2577 2072 2689 2119 toto
2713 2060 2848 2119 orbe
2873 2060 3144 2131 diffusam,
3162 2065 3450 2123 habentem

1866 2169 1972 2208 non
2009 2155 2061 2208 in
2090 2154 2287 2209 vellere
2328 2163 2581 2224 tanquam
2628 2156 2681 2209 in
2714 2156 3011 2223 velamine,
3055 2158 3148 2211 sed
3179 2158 3232 2211 in
3263 2166 3450 2229 aperto

1866 2243 2143 2298 cmiestem
2164 2246 2411 2315 gratiam,
2432 2245 2521 2299 illo
2538 2246 2717 2315 priore
2736 2246 2932 2317 populo
2956 2249 3102 2304 velut
3122 2251 3190 2305 ab
3209 2248 3449 2319 ejusdem

1866 2327 2053 2403 gra'iiae
2080 2348 2204 2388 rore
2228 2335 2463 2391 alienato
2484 2346 2646 2407 atque
2667 2339 2888 2393 siccato.
2916 2339 3027 2395 Nec
3048 2349 3227 2395 tamen
3251 2338 3449 2397 frustra

1866 2423 2009 2478 inter
2047 2424 2234 2480 iidelea
2275 2431 2331 2480 et
2373 2435 2657 2496 operantes
2687 2427 2952 2497 justitiam
2995 2441 3217 2501 propter
3254 2430 3450 2487 bonam

1861 2513 2186 2584 .ﬂdelcmque
2223 2516 2417 2582 vitam,
2458 2518 2511 2571 in
2558 2530 2663 2587 qua
2702 2534 2824 2574 eum
2865 2521 3188 2576 credendum
3218 2531 3303 2577 est
3331 2534 3454 2578 esse

1866 2605 2199 2673 defunctum,
2231 2608 2337 2663 tale
2365 2609 2421 2662 in
2444 2608 2683 2678 Epistola
2708 2612 2774 2664 ad
2800 2610 3056 2666 Hebraios
3081 2613 3279 2667 meruit
3301 2615 3453 2669 testi-

1867 2698 2132 2752 monium.

1937 2787 2133 2843 Utrum
2160 2797 2339 2845 autem
2365 2792 2490 2861 quia
2518 2798 2873 2862 posteaquam
2900 2792 3102 2848 dictum
3122 2794 3453 2854 est:Factus

1865 2887 1941 2934 est
1975 2896 2134 2951 super
2162 2882 2346 2952 Iephte
2383 2884 2597 2954 spiritus
2628 2884 2873 2950 Domini,
2904 2900 2968 2941 ca
3009 2894 3194 2942 secuta
3224 2889 3359 2956 sint,
3391 2898 3452 2947 ut

1864 2979 2048 3027 vetem
2077 2971 2209 3027 illud
2238 2982 2479 3040 voveret,
2510 2981 2673 3044 atque
2711 2977 2893 3031 hostes
2923 2977 3195 3045 vinceret,
3227 2984 3280 3035 et
3309 2981 3453 3052 quod

1864 3070 2088 3118 voverat
2116 3064 2385 3130 redderet,
2428 3068 2643 3137 spiritui
2684 3066 2900 3123 Domini
2929 3071 3110 3125 omnia
3148 3072 3451 3142 deputanda

1866 3157 1993 3221 sint,
2016 3166 2074 3211 ut
2098 3158 2324 3228 perinde
2344 3159 2611 3215 habeatur
2630 3168 2687 3215 et
2702 3162 2806 3217 hoc
2827 3162 3176 3231 sacriﬁcium,
3194 3168 3451 3236 tanquam

1867 3251 1920 3306 id
1951 3251 2211 3307 Dominus
2247 3252 2388 3307 sicut
2432 3249 2662 3309 Abrahae
2701 3253 2820 3309 neri
2863 3252 3117 3324 jusserit,
3162 3264 3269 3312 non
3298 3258 3453 3315 facile

1867 3343 2133 3410 dixerim;
2175 3357 2298 3397 cum
2328 3344 2514 3413 utique
2541 3342 2607 3400 de
2643 3344 2863 3400 Gedeon
2907 3348 3080 3417 possit
3118 3348 3234 3404 haec
3270 3350 3453 3407 afferri

1866 3433 2191 3500 dill‘ereutia,
2221 3435 2345 3504 quia
2376 3443 2496 3505 post
2521 3442 2804 3505 peccatum
2839 3439 2984 3505 quod
3027 3438 3186 3505 iecit,
3235 3442 3453 3509 quando

1863 3524 1993 3579 fecit
2036 3524 2175 3587 el‘od,
2213 3531 2335 3593 post
2365 3526 2509 3594 quod
2547 3525 2835 3580 universus
2880 3528 3109 3595 populus
3156 3527 3452 3585 fornicatus

1863 3623 1966 3681 cst,
2000 3614 2144 3670 nulla
2169 3623 2254 3669 est
2272 3615 2389 3685 ejus
2417 3623 2838 3670 commemorata
2860 3617 3226 3686 prosperitas;
3265 3626 3450 3689 postea

1860 3718 1992 3759 vero
2020 3716 2183 3774 quam
2211 3702 2404 3773 Iephte
2427 3709 2612 3757 votum
2648 3705 2814 3771 vovit,
2850 3696 2938 3758 illa
2966 3713 3048 3760 est
3077 3706 3307 3778 insignis
3336 3707 3451 3777 ejus

1862 3796 2089 3852 victoria
2128 3802 2438 3859 consecuta,
2480 3802 2702 3865 propter
2730 3808 2891 3865 quam
2929 3796 3329 3867 adipiscendam
3357 3804 3453 3854 ro-

1862 3896 2034 3953 verat,
2065 3895 2120 3943 et
2150 3900 2254 3957 qua
2285 3887 2510 3957 adepta,
2555 3886 2700 3956 quod
2728 3888 2981 3952 voverat,
3030 3888 3206 3944 solvit.
3240 3888 3453 3948 Rursus

1864 3978 2009 4034 enim
2037 3977 2491 4033 considerandum
2514 3985 2620 4043 est,
2648 3978 2772 4047 quia
2798 3977 3015 4033 Gedcou
3040 3979 3144 4034 etsi
3172 3988 3278 4035 non
3302 3988 3453 4050 post-

1864 4084 1929 4124 ea
1964 4083 2126 4138 quam
2152 4066 2284 4124 fecit
2302 4067 2449 4133 efod,
2480 4076 2660 4123 tamen
2686 4075 2870 4138 postea
2900 4076 3062 4140 quam
3090 4073 3318 4126 tentavit
3350 4070 3452 4128 Do-
3502 4084 3503 4087 ‘

1863 4163 2094 4227 mitium,
2136 4162 2282 4231 quod
2325 4161 2510 4230 utique
2536 4169 2818 4229 peccatum
2862 4167 2981 4226 est,
3030 4170 3222 4232 magna
3269 4170 3451 4237 strage

1864 4253 2110 4309 hostibus
2134 4252 2291 4306 carsis
2317 4257 2480 4320 atque
2509 4251 2800 4319 superatis,
2830 4249 3027 4320 populo
3053 4251 3339 4323 acquisivit
3366 4266 3450 4310 sa-

1863 4344 2049 4399 lutem.
2082 4342 2174 4398 Bic
2203 4343 2347 4398 enim
2381 4343 2639 4413 scriptum
2683 4344 2768 4397 est
2796 4360 2809 4395 :
2852 4343 2919 4396 Et
2965 4344 3098 4397 dixit
3136 4345 3344 4400 Gedeon
3378 4350 3450 4422 ad

1865 4435 2189 4489 Dominam:
2224 4431 2350 4488 Non
2392 4435 2659 4487 irascatur
2694 4433 2985 4502 indignatio
3024 4440 3117 4487 tua
3152 4434 3208 4487 in
3244 4452 3358 4501 me,
3398 4446 3448 4493 et

1864 4528 2050 4600 loquar
2094 4527 2265 4581 adhuc
2303 4524 2487 4590 semel,
2519 4523 2727 4577 tentubo
2764 4523 2935 4576 adhuc
2970 4522 3142 4577 semel
3167 4525 3224 4579 in
3265 4525 3448 4584 vellere

1865 4619 2013 4692 (Jud.
2040 4618 2137 4689 vi).
2168 4615 2307 4670 Iram
2339 4615 2537 4684 quippe
2577 4613 2673 4666 Dei
2724 4614 3030 4679 metuebat,
3063 4615 3189 4684 quia
3219 4628 3447 4675 noverat

1865 4724 1923 4765 se
1950 4708 2204 4763 tentando
2228 4719 2475 4775 peccare,
2513 4705 2654 4773 quod
2685 4704 2825 4759 Dens
2853 4704 2908 4757 in
2936 4703 3052 4776 lege
3088 4714 3182 4761 sua
3221 4706 3446 4765 manife-

1862 4799 2101 4855 stissime
2121 4794 2390 4868 prohibet.
2423 4794 2535 4849 Hoc
2557 4801 2736 4848 tamen
2762 4801 3043 4864 peccatum
3066 4794 3180 4864 ejus
3202 4805 3255 4852 et
3280 4801 3446 4857 mira-

1862 4891 1986 4947 bilis
2013 4889 2150 4959 signi
2179 4886 2449 4942 evidentla
2468 4924 2483 4951 ,
2522 4895 2578 4939 et
2621 4900 2815 4955 magna
2846 4886 3086 4940 victoriae
3112 4890 3445 4959 prosperitas

1862 4980 2300 5047 liberationisque
2326 4977 2508 5048 populi
2536 4982 2824 5031 consecuta
2846 4984 2949 5030 est.
2978 4974 3096 5030 iam
3121 4979 3262 5031 enim
3304 4979 3445 5038 Deus

1862 5077 2124 5127 statuerat
2146 5067 2344 5124 alllicto
2367 5067 2563 5138 populo
2582 5067 2887 5131 subvenire,
2907 5076 3068 5137 atque
3087 5067 3246 5135 hujus
3267 5069 3438 5139 ducis,

1862 5178 2021 5239 quem
2047 5166 2116 5220 ad
2136 5166 2239 5219 hoc
2261 5180 2397 5235 Opus
2424 5172 2806 5234 assumpserat,
2840 5164 3092 5218 utebatur
3117 5164 3297 5217 animo
3331 5179 3438 5219 non

1862 5261 2035 5317 solum
2062 5257 2200 5313 ﬁdeli
2232 5267 2287 5311 et
2310 5258 2421 5327 pio,
2453 5272 2640 5311 verum
2667 5257 2830 5312 etiam
2867 5254 3248 5312 subdeﬁciente
3270 5258 3324 5310 et
3349 5257 3439 5312 de-

1862 5353 2161 5423 linquente,
2191 5356 2245 5404 ct
2273 5351 2340 5405 ad
2367 5349 2776 5419 prmnuntianda
2804 5358 2925 5420 quae
2950 5346 3182 5416 volebat,
3211 5358 3268 5405 et
3293 5363 3440 5405 com-

1864 5445 2057 5517 plenda
2086 5458 2205 5512 quze
2234 5441 2462 5497 dixerat.

1934 5534 2050 5590 Non
2076 5534 2218 5590 enim
2254 5542 2354 5606 per
2390 5534 2524 5590 istos
2557 5540 2786 5599 tantum,
2816 5530 2907 5602 qui
2947 5532 3157 5588 etiamsi
3181 5544 3442 5604 peccave-

1865 5635 2012 5695 runt,
2044 5629 2185 5683 inter
2213 5625 2390 5695 justus
2427 5635 2607 5683 tamen
2655 5630 2977 5691 narrantur,
3012 5624 3106 5680 sed
3136 5626 3297 5681 etiam
3345 5638 3443 5696 per

1866 5719 2043 5790 ipsum
2084 5716 2303 5773 Sauiem
2345 5716 2655 5773 omnimodo
2699 5715 3044 5784 reprobatum
3085 5713 3257 5769 multa
3302 5712 3441 5770 Deus

1865 5809 2065 5882 populo
2090 5820 2189 5867 suo
2217 5808 2487 5880 prastitit,
2509 5806 2566 5863 in
2597 5816 2757 5878 quem
2778 5803 3000 5860 insilivit
3020 5804 3183 5861 etiam
3205 5802 3445 5883 Spiritus
