3996 6338
529 373 672 447 ῃιδδ
1163 376 1225 430 Β.
1265 373 1522 430 RABANI
1557 371 1777 432 MAURI
1813 367 2146 430 ARCHIEPJ
2166 365 2478 431 MOGUNT.
2517 371 2806 432 OPERUM
2841 371 3022 430 PARS
3056 374 3097 429 1.
3653 377 3808 434 HS!

527 499 649 569 Dei,
677 505 732 554 et
757 492 1140 567 prophetarit;
1180 503 1290 544 non
1317 503 1440 545 cum
1467 487 1614 556 juste
1641 495 1842 559 ageret,
1865 485 1959 541 sed
1978 499 2102 540 cum
2125 486 2181 548 Α
2206 484 2322 540 ﬁeri
2343 483 2527 554 jussit,
2551 485 2737 556 utique
2760 485 2828 540 ad
2857 484 3094 555 aliquam
3122 483 3577 555 signiﬁcationem
3607 495 3812 543 rem

531 607 585 647 in
635 591 811 644 virum
868 590 1117 640 sanctum
1173 579 1344 634 David
1396 577 1847 646 innocentemque
1892 573 2112 630 saeviret
2209 574 2531 644 spiritalium
2557 589 2984 646 magnarumque
3021 574 3350 629 referuntur.
3395 574 3509 630 Cur
3541 591 3692 646 ergo
3717 577 3814 633 ilia

529 681 598 755 (Ι
626 679 752 751 Reg.
781 675 871 749 ι).
907 675 1034 747 Agit
1061 673 1204 729 enim
1234 671 1457 740 spiritus
1481 667 1696 724 Domini
1725 675 1781 723 et
1811 682 1910 738 per
1933 667 2110 721 honos
2207 665 2540 736 prohiberet,
2589 664 3023 735 quandoquidem
3059 671 3284 733 propter
3325 663 3574 722 eamdem
3612 680 3812 722 rerum

527 783 584 831 et
605 788 704 844 per
730 769 922 835 malos,
953 775 1007 822 et
1030 781 1129 838 per
1153 765 1402 827 scientes,
1425 770 1481 818 et
1503 777 1602 832 per
1625 757 2108 829 nescientes,un

531 865 795 938 agendum
822 861 974 917 novit
1017 868 1072 916 et
1105 857 1324 923 statuit;
1361 856 1452 927 qui
1496 855 1657 911 etiam
1685 869 1783 924 per
1820 853 2105 923 Caipham,

532 956 859 1013 acerrimum
892 951 1106 1007 Domini
1146 955 1580 1020 persecutorem,
1617 946 1948 1002 nescientem
1979 944 2110 1016 quid

531 1045 1030 1114 dixerit,insignem
1048 1040 1272 1113 protulit
1295 1039 1650 1110 prophetiam,
1669 1036 1811 1108 quod
1835 1041 2111 1106 oporteret

531 1141 806 1196 Christum
829 1152 924 1208 pro
958 1142 1115 1207 gente
1148 1132 1328 1204 (Joan.
1358 1130 1455 1204 ιι).
1487 1131 1619 1198 Quis
1653 1131 1795 1185 enim
1829 1129 1972 1198 egit,
2004 1126 2111 1184 nisi

535 1229 769 1301 Spiritus
791 1225 1029 1292 Domini,
1056 1239 1254 1280 curans
1279 1223 1644 1293 praenuntiare
1669 1229 1914 1286 ventura,
1945 1229 2006 1275 ut
2025 1222 2113 1290 ju-

533 1323 638 1378 dici
674 1321 888 1377 Gedeon
925 1325 1135 1373 tentare
1176 1315 1379 1371 volenti
1419 1313 1704 1369 Dominum
1726 1355 1740 1378 ,
1776 1320 1830 1368 et
1859 1329 1966 1369 non
1995 1325 2113 1367 ere-

534 1413 680 1470 denti
705 1413 848 1482 quod
875 1412 926 1468 ei
955 1409 1134 1464 fuerat
1157 1422 1257 1478 per
1281 1421 1478 1461 manus
1505 1405 1621 1474 ejus
1646 1406 1711 1460 de
1738 1405 1909 1460 salute
1929 1403 2112 1476 populi

528 1510 639 1579 jam
671 1507 906 1571 locutus,
939 1505 1042 1560 hoc
1069 1501 1412 1573 potissimum
1443 1497 1511 1554 de
1540 1499 1738 1554 vellere
1762 1499 1926 1567 {prius
1967 1512 2115 1552 com-

529 1599 704 1670 pluto,
739 1598 1082 1669 postmodum
1111 1597 1276 1660 sicco,
1313 1601 1370 1648 et
1410 1593 1475 1648 de
1517 1608 1640 1648 area
1685 1591 1919 1662 primum
1948 1591 2111 1656 sicca,

532 1699 719 1762 postea
747 1691 940 1762 rigata,
970 1689 1177 1742 veniret
1205 1687 1258 1740 in
1288 1683 1561 1740 mentem?
1581 1690 1642 1736 ut
1664 1681 1805 1751 quod
1833 1681 2116 1737 subdeﬁcit

535 1797 565 1836 a
602 1783 738 1848 ﬁde,
770 1779 1072 1836 inﬁrmitati
1105 1779 1221 1846 ejus
1263 1777 1564 1846 delictoque
1607 1777 1930 1846 deputetur;
1972 1776 2114 1844 quod

2207 755 2518 810 eamdem
2547 755 2998 825 signiﬁcationem
3025 763 3312 824 poterant,
3356 763 3582 825 propter
3635 769 3812 824 quam

2211 853 2266 901 et
2293 847 2394 900 ista
2417 846 2562 902 licite
2581 845 2803 911 ﬁebant,
2819 845 3174 900 nihilominus
3203 844 3352 900 licite
3373 845 3522 910 ﬁeri,
3538 846 3652 902 nisi
3677 846 3810 916 quia

2209 951 2310 992 nec
2334 937 2441 992 tale
2479 937 2682 1007 aliquid
2717 937 3079 1008 signiﬁcantia
3115 936 3276 1006 quale
3303 937 3524 1007 expedit
3545 939 3808 1003 credere,

2210 1028 2446 1084 humana
2473 1029 2585 1083 Deo
2605 1027 2871 1083 sacriﬁcia
2891 1028 3231 1098 plactterunt,
3259 1028 3482 1097 quando
3509 1043 3624 1082 non
3653 1030 3808 1099 quis-

2211 1137 2316 1194 que
2349 1137 2446 1193 pro
2479 1121 2738 1191 injustitia
2764 1121 2832 1175 ab
2856 1121 3119 1186 inimicis,
3157 1121 3285 1190 quia
3314 1128 3466 1175 recte
3497 1122 3694 1176 vivere
3715 1136 3808 1176 vo-

2211 1213 2426 1267 luitaut
2445 1221 2728 1283 peccatum
2759 1211 2950 1277 noluit,
2989 1211 3352 1276 interimitur,
3399 1213 3497 1265 sed
3539 1212 3710 1266 homo
3738 1214 3808 1268 ab

2213 1307 2429 1361 homine
2459 1317 2714 1376 tanquam
2751 1305 2924 1360 electa
2964 1305 3139 1360 hostia
3179 1319 3334 1360 more
3361 1305 3580 1374 pecoris
3605 1305 3811 1360 imo-

2212 1397 2358 1452 latur
2375 1397 2398 1450 εδ

2284 1487 2422 1555 Quid
2441 1487 2510 1552 si,
2534 1488 2612 1542 ait
2630 1488 2845 1558 aliquis,
2867 1489 3126 1558 quoniam
3146 1499 3408 1557 pecorum
3431 1487 3680 1541 victimae
3699 1488 3810 1557 jam

2214 1593 2280 1633 eo
2306 1578 2422 1649 ipso
2450 1592 2558 1648 quo
2582 1578 2799 1633 fuerant
2821 1580 3056 1645 usitatae,
3077 1580 3324 1648 quamvis
3353 1587 3412 1632 et
3435 1580 3571 1647 ipsze
3599 1595 3636 1633 a
3665 1588 3810 1633 recte

2213 1671 2635 1742 intelligentibus
2655 1673 2722 1726 ad
2742 1671 3190 1742 signiﬁcationem
3215 1670 3543 1740 spiritalium
3569 1671 3811 1725 referun-

2217 1771 2324 1826 tur,
2355 1764 2533 1817 minus
2557 1771 2742 1817 tamen
2769 1761 3040 1817 faciebant
3072 1761 3312 1817 intentos
3339 1761 3410 1816 ad
3439 1775 3710 1830 magnum
3727 1776 3812 1816 sa-

536 1831 1445 1940 rcre-etiamtali'ej‘us'animoad
1479 1831 1589 1921 hoc
1617 1831 1760 1935 quod
1803 1831 2115 1938 generi'hu-
2133 1831 2190 1893 Β
2217 1865 2555 1914 crumentum
2587 1855 2793 1911 Christi
2823 1864 2878 1909 et
2905 1854 3162 1910 Ecclesiae
3203 1853 3603 1922 requirendum
3633 1869 3648 1918 ;
3690 1868 3812 1922 pne-

536 1977 695 2018 mano
727 1962 1019 2032 signiﬁcari
1069 1959 1383 2030 Oportebat,
1416 1973 1544 2013 usus
1577 1955 1864 2020 estDcus,
1899 1955 1964 2010 ad
2003 1956 2119 2026 ejus

519 2053 868 2124 intelligatur
881 2052 1309 2107 misericordiam
1329 2059 1383 2105 et
1402 2049 1706 2105 mirabilem
1727 2048 2119 2120 providentiam

537 2147 831 2217 pertinere.

610 2237 668 2293 Si
695 2238 817 2308 quis
839 2244 1020 2292 autem
1059 2235 1188 2292 dicit
1226 2233 1406 2289 omnia
1435 2233 1695 2288 scientem
1727 2231 1919 2288 fecisse
1952 2239 2008 2287 et
2041 2231 2121 2287 di-

535 2333 680 2387 xisse
705 2329 921 2386 Gedeon
953 2345 1019 2383 ex
1047 2329 1373 2382 revelatione
1410 2327 1724 2397 prophetica
1741 2365 1755 2390 ,
1791 2335 1850 2381 ut
1873 2341 1972 2396 per
1997 2341 2122 2382 eum

538 2423 690 2491 signa
722 2419 848 2474 talia
888 2427 1352 2482 monstrarentur;
1383 2433 1484 2473 nec
1513 2417 1775 2472 defecisse
1818 2435 1846 2472 a
1889 2415 2030 2482 ﬁde;
2067 2427 2124 2472 et

539 2509 683 2580 quod
728 2510 778 2562 ei
821 2507 937 2576 jam
982 2508 1304 2577 promiserat
1350 2507 1610 2562 Dominus
1662 2507 1992 2573 credidisse;
2029 2508 2124 2562 sed

543 2603 752 2658 actione
784 2601 1100 2672 prophetica
1129 2600 1184 2654 in
1208 2599 1404 2655 vellere
1434 2600 1666 2655 voluisse
1692 2609 1922 2665 tentare,
1962 2607 2124 2669 atque

539 2693 613 2746 ita
641 2677 785 2746 illius
806 2692 1159 2746 tentationem
1179 2691 1345 2746 fuisse
1366 2691 1763 2760 inculpabilem,
1782 2691 1921 2747 sicut
1941 2691 2124 2748 dolum

539 2779 706 2837 Iacob
734 2777 886 2852 (Gen.
925 2781 1116 2854 xxvn),
1153 2790 1208 2836 et
1254 2781 1380 2836 illud
1426 2784 1569 2852 quod
1593 2781 1820 2838 Domino
1849 2783 1924 2837 ait
1956 2802 1968 2836 :
1999 2781 2124 2838 Non

539 2875 804 2928 irascatur
823 2873 1116 2944 indignatio
1143 2884 1232 2928 tua
1255 2875 1310 2928 in
1330 2891 1434 2937 me,
1461 2889 1570 2929 non
1602 2873 1723 2929 ideo
1754 2875 1955 2930 dixisse
1980 2877 2125 2946 quod

537 2963 678 3018 iram
723 2964 837 3035 ejus
872 2965 1116 3031 timeret,
1168 2965 1260 3020 sed
1307 2966 1451 3035 quod
1495 2981 1619 3020 eum
1665 2966 1972 3020 consideret
2016 2979 2124 3021 non

515 3049 724 3123 irasci,
748 3071 872 3112 cum
894 3073 958 3112 ea
992 3056 1196 3112 faceret
1230 3073 1350 3126 quae
1389 3057 1582 3126 spiritu
1621 3055 1736 3126 ejus
1773 3056 2010 3113 dictante
2046 3056 2126 3110 fa-

539 3149 730 3204 cienda
781 3164 903 3205 esse
957 3159 1211 3221 tanquam
1260 3152 1525 3220 propheta
1575 3151 1838 3204 sentiret:
1883 3150 2026 3205 dicat
2066 3157 2126 3204 ut

539 3241 771 3306 videtur,
808 3239 1097 3296 dummodo
1123 3241 1252 3295 illud
1277 3242 1418 3310 quod
1440 3241 1507 3296 de
1533 3241 1674 3296 facto
1698 3240 1820 3297 efod
1843 3241 2122 3311 Scriptura

543 3331 659 3401 ipsa
689 3332 949 3399 culpavit,
980 3333 1272 3400 quodlibet'
1291 3331 1574 3402 signiﬁcet,
1604 3348 1712 3387 non
1743 3333 1939 3387 audeat
1961 3351 2125 3389 excu-

543 3435 664 3476 sare
701 3435 735 3474 a
767 3427 1010 3490 peccato.
1044 3419 1180 3475 Nam
1222 3429 1278 3475 et
1317 3421 1448 3476 illud
1476 3421 1618 3490 quod
1653 3423 1879 3477 trecenti
1914 3423 2016 3477 viri
2057 3424 2124 3478 ad

542 3509 754 3580 signum
785 3512 964 3566 crucis
993 3512 1110 3583 ipso
1138 3527 1365 3567 numero
1389 3512 1723 3584 pertinentes
1743 3512 1965 3584 hydrias
1991 3513 2126 3570 ﬁcti-

540 3600 618 3655 les
648 3609 994 3672 acceperunt,
1027 3602 1213 3672 eisque
1246 3601 1496 3658 ardentes
1533 3600 1737 3658 faculas
1765 3604 2122 3672 incluserunt,

541 3687 736 3758 quibus
771 3689 978 3760 hydriis
1001 3690 1207 3757 fractis,
1239 3699 1461 3761 repente
1482 3690 1686 3747 lumina
1718 3707 2005 3750 numerose
2023 3693 2126 3748 mi-

541 3778 722 3833 cantia
747 3787 956 3834 tantam
977 3779 1212 3837 hostium
1234 3782 1630 3837 multitudinem
1654 3791 1981 3850 terruerunt,
2002 3791 2122 3838 tan-

541 3887 706 3942 quam
749 3889 816 3929 ex
863 3890 960 3929 suo
995 3875 1219 3930 arbitrio
1259 3875 1472 3930 videtur
1496 3874 1690 3931 fecisse
1719 3875 1980 3942 Gedeon;
2017 3893 2125 3933 non

540 3963 687 4017 enim
735 3963 1013 4036 Scriptura
1053 3966 1183 4022 dicit
1220 3965 1505 4023 Dominum
1550 3967 1897 4024 admonuisse
1932 3976 1992 4023 ut
2023 3971 2126 4025 hoc

543 4049 764 4118 faceret,
784 4061 837 4110 et
859 4062 1042 4112 tamen
1066 4064 1176 4111 tam
1201 4057 1402 4130 grande
1423 4057 1634 4130 signum
1659 4060 1784 4128 quia
1804 4059 1920 4128 ejus
1943 4063 2125 4117 animo

547 4151 708 4212 atque
737 4147 962 4202 consilio
995 4145 1327 4213 faciendum,
1356 4148 1459 4203 nisi
1490 4150 1768 4217 Dominus,
1807 4151 2126 4222 inspiravit?

545 4233 645 4299 Qui
672 4233 1032 4304 prreﬁguravit
1071 4246 1286 4292 sanctos
1321 4254 1448 4293 suos
1485 4239 1794 4295 thesaurum
1830 4243 2124 4312 evangelici

544 4321 763 4377 luminis
788 4323 842 4377 in
868 4323 1011 4378 vasis
1033 4323 1287 4381 ﬁctilibus
1316 4328 1598 4383 habituros
1617 4369 1630 4393 ,
1670 4331 1810 4384 sicut
1835 4331 2124 4400 Apostolus

543 4413 673 4468 dicit
696 4431 710 4468 :
753 4411 1020 4470 Habemus
1045 4426 1219 4470 autem
1243 4417 1543 4472 thesaurum
1563 4420 1722 4472 istum
1739 4419 1796 4474 in
1823 4423 1960 4476 vasis
1987 4423 2126 4491 ﬁcti-

2215 1956 2401 2018 pterea
2430 1947 2571 2001 Deus
2593 1959 2654 2001 re
2677 1946 2875 2016 insigni
2907 1953 2963 2000 et
2989 1944 3262 2014 inopinata
3287 1944 3478 1999 volens
3501 1947 3670 2014 quasi
3685 1946 3810 2000 dor-

2217 2039 2450 2092 mientes
2491 2036 2772 2092 hominum
2817 2036 3029 2091 animos
3076 2037 3348 2100 excitare,
3380 2049 3450 2089 eo
3495 2038 3679 2106 magis
3711 2051 3813 2106 quo

2217 2130 2346 2185 talia
2373 2129 2476 2184 sibi
2507 2128 2772 2184 sacriﬁcia
2797 2127 2980 2182 oﬁ’erri
3007 2135 3275 2192 vetuerat,
3303 2128 3520 2182 curavit
3549 2129 3658 2182 sibi
3677 2127 3812 2195 ejus-

2220 2219 2365 2275 modi
2395 2219 2598 2290 aliquid
2623 2218 2980 2284 offerendum,
3013 2228 3072 2273 ut
3097 2220 3212 2288 ipsa
3241 2219 3535 2272 admiratio
3561 2234 3812 2288 magnam

2219 2312 2464 2382 gigneret
2483 2308 2860 2379 quaestionem,
2891 2318 2946 2365 et
2977 2323 3168 2378 magna
3198 2309 3428 2378 quaestio
3458 2310 3526 2364 ad
3552 2323 3810 2378 persent-

2219 2402 2443 2456 tandum
2470 2413 2728 2470 magnum
2758 2399 3075 2470 mysterium
3100 2398 3340 2453 studium
3360 2398 3462 2468 piae
3480 2398 3689 2452 mentis
3710 2397 3816 2453 eri-

2222 2501 2389 2564 geret,
2431 2493 2519 2562 pie
2545 2505 2675 2546 vero
2705 2499 2960 2546 scrutans
3001 2505 3154 2546 meus
3194 2490 3434 2544 hominis
3469 2489 3812 2544 altitudinem

2221 2585 2538 2656 prophetia,
2569 2583 2717 2638 velut
2761 2583 2922 2638 hamo
2965 2583 3173 2653 piscem
3212 2582 3506 2636 Dominum
3537 2580 3814 2635 Christum

2223 2677 2289 2732 de
2317 2675 2584 2746 profundo
2615 2675 3021 2744 Scripturarum
3049 2674 3274 2729 levaret.
3311 2672 3453 2727 Huic
3483 2687 3587 2726 nos
3617 2672 3812 2726 rationi

2224 2775 2280 2824 et
2312 2768 2734 2823 considerationi
2766 2783 2873 2822 non
2901 2767 3237 2822 obsistimus.
3287 2765 3395 2821 Sed
3439 2765 3551 2819 alia
3593 2767 3819 2836 qualia

2225 2869 2309 2916 est
2335 2860 2399 2915 de
2427 2860 2606 2915 animo
2631 2861 2896 2926 voventis,
2926 2860 3031 2914 alia
3058 2858 3126 2915 de
3152 2860 3493 2929 providentia
3523 2861 3622 2915 Dei
3642 2901 3658 2920 ,
3685 2873 3818 2929 qua-

2225 2951 2474 3022 licunque
2510 2953 2692 3008 animo
2717 2951 2832 3020 ejus
2865 2952 3067 3022 optime
3101 2951 3324 3006 utentis.
3357 2950 3731 3018 Quamobrem
3765 2951 3812 3006 si

2226 3045 2447 3115 spiritus
2467 3045 2683 3100 Domini
2710 3045 2802 3115 qui
2831 3043 3006 3099 factus
3033 3053 3116 3099 est
3154 3057 3316 3114 super
3344 3041 3570 3114 Iephte,
3611 3051 3676 3098 ut
3719 3044 3820 3098 hoc

2226 3143 2448 3191 voveret
2490 3137 2710 3192 omnino
2737 3135 3024 3206 pratcepit,
3074 3135 3221 3204 quod
3267 3134 3484 3205 quidem
3534 3134 3820 3205 Scriptura

2225 3245 2332 3285 non
2358 3229 2601 3300 aperuit:
2627 3237 2808 3283 tamen
2847 3228 2892 3282 si
2937 3227 3039 3282 hoc
3073 3226 3162 3281 ille
3202 3227 3474 3296 praecepit,
3513 3225 3671 3292 cujus
3709 3240 3820 3280 non

2223 3321 2348 3376 licet
2369 3323 2519 3392 jussu
2547 3329 2926 3385 contemnere,
2968 3333 3074 3372 non
3117 3317 3292 3372 solum
3334 3317 3644 3386 insipientia
3691 3317 3822 3372 cul-

2222 3411 2399 3481 panda
2420 3425 2529 3465 non
2557 3421 2657 3473 est,
2689 3423 2879 3464 verum
2901 3409 3063 3484 etiam
3087 3407 3353 3462 laudanda
3371 3407 3690 3462 obedientia
3711 3417 3816 3463 est.

2223 3497 2338 3556 Hoc
2357 3501 2502 3556 enim
2525 3501 2690 3556 etiam
2716 3500 2761 3555 si
2787 3515 2860 3556 se'
2875 3501 3040 3556 homo
3065 3501 3180 3569 ipse
3207 3499 3507 3564 interimat,
3535 3500 3685 3568 quod
3708 3499 3820 3554 uti-

2223 3607 2329 3663 que
2368 3594 2603 3648 humana
2636 3593 2913 3648 voluntate
2946 3601 3109 3664 atque
3152 3591 3379 3647 consilio
3424 3589 3612 3646 facere
3662 3591 3817 3646 nefas

2224 3681 2583 3753 est,profecto
2605 3682 3006 3752 intelligendum
3031 3689 3114 3737 est
3137 3679 3449 3735 obedienter
3465 3680 3596 3734 ﬁeri
3620 3683 3816 3750 potius,

2225 3787 2388 3843 quam
2417 3771 2661 3839 sceleste,
2695 3772 2739 3827 si
2777 3771 3037 3826 divinitus
3058 3772 3255 3842 jussum
3281 3779 3402 3834 est;
3433 3769 3507 3825 de
3536 3787 3653 3842 qua
3679 3788 3818 3842 qua:-

2226 3865 2399 3918 stione
2431 3863 2562 3918 satis
2587 3864 2641 3917 in
2667 3863 2841 3934 primo
2867 3863 3006 3918 libro
3030 3864 3095 3918 de
3123 3861 3348 3917 Civitate
3374 3861 3479 3917 Dei
3511 3863 3816 3934 disputaris

2226 3971 2364 4012 mus.
2415 3956 2471 4010 Si
2513 3963 2690 4010 autem
2730 3953 2922 4026 Iephte
2952 3957 3245 4011 humanum
3275 3963 3496 4010 secutus
3537 3971 3812 4020 enen-mi,

2224 4046 2518 4101 humanum
2551 4046 2873 4102 sacriﬁcium
2905 4047 3208 4102 vovendum
3247 4047 3489 4118 putavit,
3547 4047 3665 4116 ejus
3699 4050 3816 4119 qui-

2225 4139 2347 4194 dem
2371 4147 2653 4208 peccatum
2684 4139 2750 4193 de
2775 4139 2934 4193 unica
2962 4139 3070 4193 ﬁlia
3094 4139 3219 4207 jure
3248 4141 3494 4209 punitum
3534 4149 3639 4204 est,
3669 4143 3814 4211 quod

2225 4229 2387 4284 etiam
2428 4231 2541 4298 ipse
2583 4229 2759 4284 verbis
2800 4231 2912 4285 suis
2941 4232 3072 4286 satis
3111 4231 3330 4287 videtur
3371 4234 3692 4299 ostendere,
3723 4233 3813 4289 ubi

2225 4321 2329 4374 ait:
2359 4319 2477 4374 Heu
2499 4335 2577 4374 me
2592 4321 2610 4372 .'
2632 4321 2768 4389 ﬁlia,
2787 4322 3048 4391 impedisti
3071 4339 3170 4384 me,
3197 4323 3254 4376 in
3276 4323 3654 4392 oﬁ‘endicufum
3674 4327 3814 4394 facta

2224 4427 2277 4465 es
2317 4411 2372 4464 in
2411 4411 2576 4466 oculis
2618 4412 2776 4476 meis,
2821 4411 3060 4467 discissis
3093 4414 3258 4468 etiam
3303 4414 3638 4468 vestimentis
3677 4418 3808 4470 suis.

542 4503 676 4557 libus
709 4502 792 4572 (ΙΙ
823 4503 943 4559 Cor.
971 4506 1044 4579 iv)
1072 4525 1084 4560 :
1126 4506 1322 4576 quibus
1347 4508 1401 4563 in
1428 4508 1677 4578 passione
1707 4513 1973 4582 martyrii,
2007 4520 2119 4568 tan-

2227 4501 2608 4558 Verumtamen
2660 4503 2822 4556 etiam
2874 4503 2961 4558 hic
3007 4501 3122 4570 ejus
3165 4518 3323 4558 error
3363 4503 3526 4558 habet
3573 4505 3809 4575 aliquam

542 4608 706 4664 quam
727 4595 958 4651 vasculis
977 4596 1185 4667 fractis,
1200 4599 1372 4669 major
1391 4615 1577 4654 eorum
1600 4601 1782 4672 gloriae
1803 4601 1976 4673 fulgor
1994 4606 2123 4659 emi-

543 4684 676 4748 cuit,
706 4697 824 4753 quae
861 4685 1054 4756 impios
1083 4689 1405 4759 evangelicae
1435 4691 1834 4760 praedicationis
1874 4693 2120 4750 inimicos

541 4773 816 4846 inopinata
841 4777 948 4833 illis
975 4779 1177 4834 Christi
1209 4781 1454 4836 claritate
1480 4785 1773 4852 superavit.

614 4864 720 4922 Seu
749 4883 878 4938 ergo
901 4885 998 4939 per
1027 4871 1257 4926 scientes
1285 4888 1378 4926 seu
1406 4889 1502 4942 per
1535 4873 1840 4930 nescientes
1867 4873 2116 4946 prmﬁgu-

541 4960 806 5014 rationem
838 4960 1376 5031 praedicationemque
1419 4961 1720 5019 futurorum
1767 4966 1986 5036 spiritus
2007 4966 2117 5022 Do-

543 5049 671 5103 mini
705 5049 1034 5120 propheticis
1066 5051 1394 5122 tcmporibus
1422 5062 1675 5122 operatus
1707 5064 1808 5109 est.
1861 5055 1970 5111 Nec
1998 5057 2120 5114 ideo

542 5149 762 5209 peccata
784 5156 970 5196 eorum
990 5142 1271 5198 dicendum
1294 5151 1504 5200 estnon
1527 5145 1690 5201 fuisse
1713 5155 1966 5217 peccata;
1993 5149 2120 5219 quia

542 5239 596 5284 et
635 5229 798 5297 Deus,
829 5233 920 5302 qui
947 5242 1002 5287 et
1037 5233 1194 5288 malis
1235 5237 1432 5290 nostris
1469 5237 1605 5292 bene
1630 5237 1707 5292 uti
1737 5239 1917 5306 novit,
1956 5239 2119 5294 etiam

541 5319 673 5387 ipsis
711 5335 895 5376 eorum
938 5325 1174 5394 peccatis
1202 5340 1330 5380 usus
1369 5335 1450 5381 est
1477 5327 1543 5380 ad
1573 5327 1922 5396 signiﬁcanda
1947 5369 1961 5393 ,
2000 5344 2120 5397 quae

542 5408 728 5463 voluit.
758 5410 987 5468 Proinde
1013 5415 1057 5468 si
1088 5424 1371 5485 propterea
1397 5424 1674 5486 peccatum
1699 5432 1804 5472 non
1837 5417 1970 5482 fuit,
2003 5418 2117 5473 sive

541 5501 829 5572 cujuslibet
854 5505 1002 5560 necis
1029 5505 1277 5563 humanae
1296 5549 1310 5573 ,
1335 5507 1449 5562 sive
1485 5508 1648 5562 etiam
1681 5509 2002 5580 parricidale
2031 5525 2117 5565 sa-

541 5595 824 5660 crificium,
862 5595 945 5651 vel
972 5613 1165 5652 vovere
1191 5595 1273 5652 vel
1301 5596 1545 5661 reddere,
1571 5598 1698 5666 quia
1735 5613 1988 5670 magnum
2018 5599 2117 5654 ali-

541 5683 670 5752 quid
695 5693 750 5739 et
775 5685 1016 5754 spiritale
1047 5687 1398 5758 signiﬁcavit,
1430 5685 1630 5740 frustra
1667 5687 1808 5744 Deus
1836 5689 1960 5743 talia
1987 5703 2115 5759 pro-

541 5773 736 5841 hibuit,
763 5781 819 5833 et
841 5793 900 5833 se
923 5779 1100 5834 odisse
1123 5783 1350 5835 testatus
1371 5788 1456 5835 est
1476 5793 1491 5846 ;
1520 5779 1775 5848 quoniam
1800 5787 1855 5836 et
1881 5780 1970 5836 illa
1996 5795 2119 5850 quae

2225 4593 2438 4648 laudem
2462 4594 2606 4661 ﬁdei,
2635 4611 2741 4665 qua
2770 4595 2935 4650 Deum
2964 4597 3167 4661 timuit,
3194 4603 3255 4650 ut
3275 4597 3419 4667 quod
3445 4606 3670 4651 voverat
3693 4599 3811 4651 red-

2226 4683 2398 4750 deret,
2426 4701 2527 4740 nec
2553 4686 2714 4741 divini
2751 4687 2804 4740 in
2835 4702 2892 4741 se
2912 4685 3103 4755 judicii
3143 4685 3464 4742 sententiam
3497 4687 3809 4751 declinavit,

2226 4775 2338 4830 sive
2363 4791 2585 4845 sperans
2605 4776 2772 4830 Deum
2795 4778 3211 4847 prohibiturum,
3239 4779 3376 4831 sicut
3403 4775 3532 4830 fecit
3554 4777 3806 4838 Abrahae,

2226 4867 2338 4920 sive
2359 4865 2474 4934 ejus
2498 4867 2828 4921 voluntatem
2861 4867 3023 4922 etiam
3069 4881 3177 4921 non
3220 4866 3560 4937 prohibentis
3594 4866 3807 4920 intelle-

2223 4966 2366 5013 ctam
2393 4955 2570 5012 facere
2593 4957 2774 5027 potius
2801 4972 2964 5026 quam
2987 4969 3336 5013 contemnere
3361 4963 3628 5012 statuens.

2293 5047 2615 5116 Quanquam
2648 5056 2702 5102 et
2731 5049 2819 5103 hic
2849 5049 3042 5103 merito
3079 5047 3247 5118 quaeri
3275 5055 3477 5116 potest,
3505 5057 3686 5100 utrum
3715 5062 3810 5101 ve-

2225 5138 2338 5192 rius
2372 5136 2669 5208 intelligant
2700 5139 2803 5193 hoc
2823 5137 3110 5192 Dominum
3155 5137 3298 5192 nolle
3343 5135 3497 5201 ﬁeri,
3543 5145 3594 5188 et
3631 5136 3694 5189 in
3742 5151 3812 5191 eo

2221 5225 2400 5296 potius
2429 5225 2561 5290 Deo,
2602 5227 2646 5280 si
2670 5241 2780 5280 non
2817 5225 3000 5290 ﬁeret,
3049 5225 3376 5289 obediretur,
3413 5224 3672 5294 quoniam
3707 5224 3811 5278 hoc

2223 5333 2282 5374 se
2311 5319 2452 5373 nolle
2479 5329 2533 5373 et
2558 5319 2613 5372 in
2636 5318 2866 5373 Abrahae
2895 5317 3003 5372 ﬁlio
3021 5325 3077 5372 et
3103 5318 3158 5371 in
3179 5316 3420 5387 legitima
3440 5315 3811 5386 prohibitione

2223 5419 2633 5466 monstraverat.
2667 5409 3046 5464 Verumtamen
3075 5408 3119 5464 si
3157 5416 3444 5478 propterea
3473 5405 3674 5477 Iephte
3701 5422 3814 5462 non

2223 5503 2445 5568 faceret,
2479 5503 2578 5558 sibi
2602 5503 2778 5573 potius
2807 5503 2863 5558 in
2899 5503 3060 5556 unica
3099 5500 3209 5555 ﬁlia
3247 5499 3562 5570 pepercisse
3584 5541 3600 5564 ,
3641 5515 3812 5569 quam

2221 5595 2318 5651 Dei
2357 5596 2683 5651 voluntatem
2710 5603 2928 5652 secutus
2964 5609 3085 5650 esse
3127 5594 3419 5650 videretur.
3465 5592 3642 5664 Magis
3675 5606 3815 5664 ergo

2223 5685 2506 5753 intellexit,
2523 5687 2578 5741 in
2604 5701 2668 5741 eo
2691 5689 2834 5756 quod
2853 5686 2928 5740 illi
2950 5685 3059 5740 ﬁlia
3077 5685 3338 5750 occurrit,
3353 5683 3590 5738 ultorem
3611 5683 3812 5750 Deum,

2215 5775 2483 5847 iustaeque
2515 5789 2690 5846 pmnae
2713 5791 2773 5832 se
2799 5775 3030 5831 fideliter
3057 5775 3327 5841 subdidit,
3371 5773 3580 5829 timens
3615 5775 3816 5830 savio-
