3986 6348
203 377 337 439 ιιιιὸ

1124 367 1481 431 (ΣΟΜΜΕΝΤ.
1519 368 1589 426 ιιι
1623 367 2109 431 ιιΒμιυθιιιιιιι.
2139 392 2219 415 -ἀ
2250 366 2389 433 Lilia
2417 369 2484 424 II.

3305 367 3453 435 1186

198 499 311 552 rem
329 498 587 560 tanquam
615 486 683 545 de
717 484 1188 557 tergiversatione,
1214 482 1549 543 vindictam?
1577 483 1772 540 Crede.
1798 486 1852 555 Α
1875 485 2137 550 tenderet,
2165 482 2473 541 luctabatur
2497 478 2651 555 (Gen.
2686 481 2882 556 χχιιι).
2934 481 3201 547 Dixerunt
3219 496 3348 558 ergo
3387 486 3458 551 ad

197 586 289 643 hat
311 582 456 639 enim
494 580 658 638 etiam
696 580 855 636 bonae
879 586 934 634 et
955 578 1182 648 virginis
1208 578 1443 633 animam
1472 576 1594 633 tiliae
1626 579 1765 634 bene

201 675 391 745 recipi,
433 672 581 742 quod
612 686 721 727 non
754 670 930 739 seipsa
956 677 1183 727 voveret
1219 668 1631 733 immolandam,
1673 668 1768 723 sed

200 772 323 820 voto
346 770 402 816 et
426 761 694 817 voluntati
724 775 835 816 non
860 759 1141 815 resisteret
1175 759 1365 829 patris,
1393 766 1451 815 et
1477 759 1572 815 Dei
1590 758 1773 814 fuerat

199 851 681 924 sectile-judicium.
696 850 847 907 Mors-
860 850 1004 907 enim
1030 849 1171 904 sicut
1188 864 1291 905 nec
1309 848 1411 905 sibi
1437 864 1469 904 a
1496 863 1769 918 quoquam

199 953 401 1016 sponte,
431 958 534 1001 nec
552 944 810 1013 cuiquam
838 950 1035 1013 sponte
1071 941 1351 998 inferenda
1397 949 1511 1007 est,
1550 941 1627 997 ita
1660 941 1772 996 Deo

192 1034 417 1104 iubente
436 1032 739 1091 recusanda
761 1048 871 1089 non
896 1041 983 1089 est
999 1072 1015 1100 ,
1047 1029 1207 1100 cujus
1234 1031 1618 1087 constitutione
1639 1046 1774 1100 quo-

199 1142 406 1196 cunque
450 1135 694 1197 tempore
743 1125 995 1182 obeunda
1040 1132 1160 1180 est:
1200 1138 1301 1179 nec
1343 1124 1630 1194 quisquam
1678 1123 1771 1193 qui

199 1232 317 1275 eam
340 1218 549 1287 perpeti
585 1218 873 1281 detrectat,
895 1222 959 1270 ut
980 1215 1215 1285 ,omnino
1234 1214 1498 1281 evitetur,
1532 1213 1628 1271 sed
1654 1221 1775 1273 tan-

200 1309 473 1364 tummodo
500 1315 561 1361 ut
585 1305 888 1372 diﬁ'eratur,
917 1305 1144 1361 laborat.

265 1399 418 1454 Nunc
431 1398 545 1470 jam
569 1399 698 1469 quid
708 1397 942 1468 Spiritus
958 1397 1194 1465 Domini,
1208 1397 1321 1453 sive
1338 1411 1436 1467 per
1445 1398 1780 1455 nescientem

196 1487 409 1558 Iephte,
422 1489 537 1545 sive
546 1504 643 1560 per
657 1490 940 1554 scientem,
962 1489 1076 1544 sive
1087 1504 1186 1558 per
1197 1489 1314 1559 ejus
1336 1489 1751 1559 imprudentiam
1761 1528 1777 1556 ,

196 1580 307 1635 sive
350 1596 449 1650 per
472 1580 851 1647 obedientiam,
876 1581 988 1637 sive
1012 1595 1110 1651 per
1129 1578 1505 1648 offensionem,
1549 1582 1664 1637 sive
1682 1596 1782 1650 per

197 1672 355 1729 ﬁdem
389 1674 446 1727 in
472 1673 574 1728 hac
615 1690 675 1729 re
698 1681 849 1743 gesta
873 1673 1319 1743 przeﬁguraverit,
1344 1681 1607 1742 quantum
1629 1674 1778 1728 Deus

197 1761 439 1830 adjuvat,
461 1765 824 1833 requiramus,
854 1764 1199 1834 breviterque
1218 1763 1537 1833 pendamus.
1581 1763 1781 1818 Admo-

1865 572 2057 644 Iephte
2082 592 2097 626 :
2151 571 2275 628 Non
2311 573 2647 629 hareditabis
2673 572 2729 627 in
2750 572 2905 629 domo
2924 574 3088 644 patris
3117 575 3305 641 nostri,
3330 593 3460 647 quo-

1867 666 2011 721 niam
2033 663 2178 733 ﬁlius
2202 663 2437 719 mulieris
2464 663 2767 733 fornicaria:
2789 672 2888 731 tu;
2928 671 3190 735 tanquam
3217 665 3463 723 dicerent

1868 757 2013 826 quod
2029 755 2379 827 Evangelium
2403 754 2641 824 loquitur
2670 772 2683 808 :
2714 752 2840 809 Non
2866 764 2943 811 est
2968 757 3064 810 iste
3092 756 3246 811 homo
3268 775 3301 812 a
3329 757 3459 827 Deo,

1868 848 2058 920 quisic
2085 846 2235 901 solvit
2274 845 2547 901 sabbatum
2590 844 2743 917 (Luc.
2773 845 2906 919 xvi).
2965 845 3039 902 Se
3084 856 3268 904 autem
3316 834 3464 904 velut

1863 935 2135 1008 jactantes
2162 936 2430 1008 legitimos
2464 935 2604 991 ﬁlios
2633 936 2864 991 Domino
2904 935 3193 993 dixerunt:
3233 938 3347 994 Nos
3398 954 3463 993 ea:

1872 1027 2218 1098 fornicatione
2246 1043 2353 1082 non
2391 1043 2572 1082 sumus
2618 1026 2752 1097 nati,
2795 1044 2960 1083 unum
2985 1037 3186 1100 patrem
3214 1030 3462 1086 habemus

1872 1117 2042 1173 Deum
2076 1118 2256 1189 (Ioan.
2297 1117 2439 1189 vm).

1946 1208 2098 1281 (Csp.
2128 1209 2231 1282 ιιι.)
2278 1208 2350 1262 Et
2377 1208 2511 1280 fugit
2537 1206 2723 1281 Iephte
2744 1226 2776 1264 a
2816 1208 2950 1279 facie
2971 1208 3199 1278 fratrum
3227 1228 3461 1277 suorum,

1876 1308 1925 1354 et
1944 1299 2197 1354 habitavit
2221 1298 2278 1352 in
2306 1308 2443 1354 terra
2470 1297 2592 1353 Iob.
2623 1299 2800 1370 Fugit,
2834 1300 3088 1369 quoniam
3115 1314 3203 1366 se,
3232 1310 3465 1372 quantus

1876 1400 2040 1459 esset,
2082 1390 2364 1451 abscondit
2398 1408 2411 1444 :
2440 1391 2599 1463 fugit,
2639 1392 2894 1462 quoniam
2942 1409 3036 1450 eos
3082 1395 3469 1451 saevientcsla-

1880 1482 2002 1537 tuit.
2034 1480 2095 1535 Si
2115 1482 2255 1536 enim
2280 1482 2656 1552 cognovissent,
2687 1499 2955 1553 nunquam
2979 1483 3265 1539 Dominum
3286 1485 3471 1555 gloria:

1881 1570 2259 1639 eruciﬁxissent
2308 1569 2360 1642 (I
2387 1568 2508 1625 Cor.
2540 1573 2627 1643 ιι).
2658 1572 2838 1647 Fugit,
2891 1575 3146 1646 quoniam
3189 1576 3469 1632 morientis

1878 1660 2248 1717 inﬁrmitatem
2293 1660 2561 1726 viderunt,
2599 1663 2858 1720 virtutem
2905 1675 3089 1721 autem
3138 1667 3471 1736 resurgentis

1874 1766 1990 1807 non
2016 1751 2285 1807 viderunt.
2318 1750 2592 1807 Habitavit
2615 1761 2795 1809 autem
2824 1755 2877 1810 in
2917 1764 3061 1811 terra
3086 1757 3248 1823 bona,
3278 1758 3381 1825 vel,
3409 1764 3472 1812 ut

198 1862 290 1907 net
318 1854 463 1909 enim
487 1870 586 1910 nos
623 1862 679 1909 et
705 1862 881 1924 urget,
917 1854 1311 1925 quodammodo
1338 1854 1442 1909 iste
1467 1860 1779 1910 sanctarum
1804 1838 1854 1901 Β
1882 1844 2189 1915 expressius
2209 1844 2471 1910 dicamus,
2501 1844 2703 1917 optima
2728 1862 2743 1912 ;
2777 1847 2921 1918 quod
2944 1847 3087 1903 enim
3118 1848 3306 1905 Graece
3336 1865 3470 1919 aga-

199 1940 604 2013 Scripturarum
622 1944 774 2000 locus
799 1945 1038 2014 cogitare
1064 1945 1355 2015 quemdam
1374 1954 1651 2015 potentem
1670 1945 1781 2000 vir-

200 2038 332 2087 tute.
382 2030 527 2087 Talis
562 2034 709 2088 enim
732 2032 930 2089 dicitur
963 2032 1175 2103 Iephte,
1198 2034 1357 2104 quod
1384 2049 1580 2090 nomen
1615 2034 1782 2090 inter-

197 2130 445 2190 pretatur
488 2123 746 2192 aperiens.
772 2121 1061 2187 Dominus
1088 2131 1270 2179 autem
1314 2121 1597 2195 Christusj,
1640 2124 1782 2179 sicut

197 2209 405 2265 indicat
426 2210 798 2279 Evangelium,
844 2211 1119 2281 discipulis
1176 2212 1289 2267 suis
1314 2213 1518 2282 aperuit
1549 2228 1777 2277 sensum,

196 2308 252 2355 ut
296 2298 641 2370 intelligerent
671 2300 974 2370 Scripturas
996 2300 1150 2372 (Luc.
1174 2302 1345 2373 xxxv).
1392 2302 1552 2360 Hunc
1590 2302 1784 2372 Iephte

197 2386 397 2443 fratres
421 2387 540 2457 ejus
564 2390 1007 2461 reprobaverunt,
1037 2398 1093 2446 et
1141 2391 1209 2447 de
1251 2401 1477 2462 paterna
1503 2391 1664 2449 domo
1690 2408 1785 2448 ex-

198 2481 456 2550 puleth
483 2481 798 2549 objicientes
826 2482 898 2547 ei,
929 2482 1071 2551 quod
1094 2490 1239 2538 esset
1264 2482 1410 2539 ﬁlius
1455 2482 1780 2549 fornicariae,

201 2578 463 2641 tanquam
492 2571 596 2641 ipsi
621 2580 805 2627 essent
823 2571 890 2631 de
923 2587 1094 2627 uxore
1119 2572 1357 2643 legitime
1381 2572 1496 2627 nati
1527 2572 1677 2643 (Iud.
1697 2571 1780 2644 ιι).

198 2663 317 2721 Hoc
342 2664 507 2721 etiam
536 2671 766 2734 egerunt
786 2663 1045 2721 adversus
1087 2664 1371 2719 Dominum
1403 2664 1674 2735 principes
1698 2679 1786 2725 sa-

202 2756 487 2812 cerdotum
513 2762 567 2810 et
593 2754 796 2810 Scriba:
823 2762 880 2809 et
904 2754 1191 2821 Pharisaei,
1230 2755 1322 2826 qui
1348 2755 1414 2809 de
1436 2755 1573 2825 legis
1594 2755 1785 2810 obser-

202 2847 422 2901 vatione
442 2845 658 2915 gloriari
690 2845 1028 2913 videbantur,
1055 2854 1312 2917 tanquam
1340 2845 1429 2900 ille
1456 2845 1690 2902 solveret
1716 2845 1788 2902 le-

201 2952 358 3007 gem,
406 2944 467 2992 et
489 2936 611 2997 ideo
651 2937 818 2992 veluti
855 2953 963 2993 non
1012 2946 1159 2994 esset
1195 2937 1464 3009 legitimus
1507 2936 1670 2993 ﬁlius.
1719 2935 1789 2993 Et

202 3037 516 3098 quanquam
548 3028 615 3084 de
638 3036 827 3085 sancta
862 3029 1081 3099 quidem
1108 3028 1554 3099 Virginecorpus
1579 3043 1788 3084 assum-

199 3126 409 3189 pserat,
438 3117 582 3187 quod
605 3118 851 3175 ﬁdelibus
872 3126 1061 3175 natum
1087 3126 1202 3185 est;
1242 3125 1420 3173 tamen
1448 3118 1565 3189 ejus
1589 3127 1784 3185 mater,

1874 1935 2027 2003 than,
2064 1935 2168 1990 hoc
2196 1934 2386 1989 Latine
2420 1934 2681 2005 optimum
2717 1936 2953 1992 dicitur:
2998 1938 3052 1993 id
3095 1948 3276 1995 autem
3305 1940 3475 2015 inter-

1878 2034 2126 2097 pretatur
2158 2025 2284 2082 Tob.
2325 2027 2429 2083 Ubi
2468 2027 2604 2082 nihil
2651 2029 2865 2085 videtur
2903 2030 3250 2103 intelligenda
3287 2031 3404 2101 ejus
3437 2049 3467 2087 a

1882 2117 2110 2174 mortuis
2136 2119 2483 2174 resurrectio.
2528 2118 2665 2174 Nam
2715 2135 2835 2190 quae
2884 2128 3031 2177 terra
3070 2124 3241 2194 magis
3266 2125 3471 2197 optima

1883 2223 2046 2278 quam
2070 2215 2344 2264 terrenum
2370 2225 2567 2280 corpus
2594 2209 2916 2267 excellentia
2960 2211 3388 2273 immortalitatis
3407 2227 3473 2268 ac

1884 2296 2301 2368 incorruptionis
2342 2301 2638 2355 indutum?
2703 2300 2855 2369 Quod
2923 2310 3104 2357 autem
3162 2301 3359 2359 dicitur
3406 2304 3476 2359 de

1884 2387 2095 2461 Iephte,
2110 2392 2244 2462 quia
2269 2401 2622 2462 posteaquam
2644 2391 2855 2464 fugiens
2876 2409 2907 2448 a
2937 2394 3076 2450 facie
3099 2394 3328 2451 fratrum
3351 2410 3449 2451 suo

1884 2495 2028 2546 rum,
2083 2480 2350 2537 habitavit
2392 2481 2448 2536 in
2472 2481 2784 2549 terralTob,
2823 2483 3213 2555 colligebantur
3243 2484 3313 2542 ad
3345 2501 3467 2542 eum

1884 2569 1989 2623 viri
2017 2569 2274 2637 latrones,
2305 2578 2360 2624 et
2380 2570 2728 2627 ambulabant
2748 2588 2871 2627 cum
2898 2574 3015 2643 ipso
3040 2589 3056 2640 ;
3085 2589 3392 2647 quanquam
3421 2583 3477 2630 et

1887 2667 2014 2713 ante
2041 2660 2347 2728 passionem
2373 2659 2642 2730 objectum
2673 2661 2836 2717 fuerit
2879 2662 3106 2719 Domino
3125 2704 3139 2732 ,
3183 2652 3327 2737 quod
3351 2682 3475 2721 cum

1882 2756 2190 2827 publicanis
2232 2764 2286 2811 et
2331 2756 2707 2827 peccatoribus
2735 2758 3107 2835 manducaret,
3146 2759 3361 2829 quando
3388 2773 3475 2815 re-

1866 2848 2104 2921 _spondit
2131 2863 2237 2904 non
2285 2862 2405 2905 esse
2437 2847 2805 2904 necessarium
2835 2848 2981 2911 sanis
3021 2848 3291 2907 medicum
3317 2890 3333 2915 ,
3378 2849 3476 2904 sed

1888 2941 2104 3014 aegrotis
2161 2938 2375 3014 (Matth.
2407 2938 2507 3013 ιιι),
2564 2947 2621 2995 et
2665 2938 2799 2993 inter
2837 2939 3044 3009 iniquos
3081 2939 3359 3010 deputatus
3400 2947 3476 2995 est

1891 3030 2027 3104 (Isa.
2055 3029 2199 3102 un),
2247 3030 2460 3102 quando
2480 3029 2622 3085 inter
2649 3027 2889 3085 latrones
2942 3028 3234 3085 cruciﬁxus
3262 3036 3366 3103 est,
3422 3036 3481 3083 et

1891 3137 2060 3177 unum
2083 3136 2152 3176 ex
2179 3122 2257 3178 eis
2303 3120 2369 3185 de
2393 3136 2556 3176 cruce
2609 3120 2665 3175 in
2691 3120 3004 3190 paradisum
3035 3118 3313 3175 transtulit
3340 3137 3355 3187 ;
3391 3127 3474 3173 ta—

203 3183 477 3278 quantnni
491 3209 560 3265 ad
584 3219 798 3280 gentem
818 3210 1073 3280 pertinet,
1101 3183 1267 3265 etiam
1290 3208 1381 3263 illa
1416 3183 1636 3265 Iudaica
1665 3183 1790 3280 syn-
1815 3183 1863 3249 θ
1891 3228 2015 3269 men
2039 3183 2390 3283 posteaquam
2416 3183 2747 3279 resurrexit,
2767 3218 2827 3265 et
2852 3225 2971 3267 esse
2997 3210 3160 3281 coepit
3181 3183 3475 3267 secundum

203 3317 380 3373 agoga
428 3301 534 3358 dici
568 3309 766 3371 potest.
818 3300 1077 3359 Revolvat
1114 3301 1208 3372 qui
1245 3301 1478 3357 voluerit
1516 3301 1792 3370 propheti-

202 3391 516 3455 coslibros,
554 3399 609 3445 et
634 3392 816 3449 videat
863 3393 1074 3461 quoties
1099 3399 1154 3446 et
1182 3399 1385 3463 quanta
1414 3391 1563 3447 verbi
1591 3390 1794 3465 severi-

203 3491 321 3538 tate
348 3490 515 3552 atque
541 3480 909 3551 indignatione
938 3467 1150 3535 Domini
1180 3480 1271 3533 illa
1298 3496 1450 3550 gens,
1492 3479 1642 3535 velut
1692 3480 1795 3537 im-

204 3571 410 3643 pudica
462 3568 687 3635 mulier,
740 3570 808 3625 de
854 3568 967 3624 suis
1017 3568 1467 3625 fornicationibus
1511 3576 1788 3636 arguatur.

207 3661 369 3718 Unde
392 3667 475 3715 est
501 3659 664 3727 etiam
688 3658 820 3714 illud
864 3658 920 3713 in
948 3657 1053 3714 hoc
1093 3657 1234 3714 libro
1272 3656 1789 3728 frequentissimum,

206 3749 298 3809 vel
321 3765 448 3806 cum
486 3756 610 3819 post
641 3748 816 3819 ephod
843 3748 987 3823 quod
1012 3747 1141 3804 fecit
1166 3746 1389 3804 Gedeon
1429 3748 1605 3805 omnis
1627 3746 1795 3805 Israel

205 3839 409 3913 legitur
437 3838 734 3894 fornicatus
763 3837 912 3910 (Iud.
941 3838 1004 3910 ιι)
1032 3855 1045 3891 :
1090 3839 1176 3894 vel
1199 3839 1346 3909 quod
1384 3839 1632 3894 abierunt
1674 3846 1801 3910 post

208 3931 344 3987 deos
381 3929 641 4000 gentium,
668 3927 886 3997 quibus
914 3934 1070 3983 erant
1121 3926 1457 3983 circumdati.
1511 3926 1665 3983 Unde
1692 3926 1796 3981 illis

208 4022 400 4078 divina
423 4020 504 4073 ira
527 4026 801 4074 commota
826 4027 929 4083 est,
976 4025 1038 4073 ut
1060 4033 1162 4089 per
1181 4033 1352 4073 annos
1377 4019 1563 4073 decem
1590 4026 1645 4072 et
1671 4025 1795 4079 octo

208 4119 631 4168 contererentur
660 4125 692 4162 a
720 4108 846 4164 ﬁliis
882 4109 1133 4165 Ammon.
1180 4108 1288 4164 Sed
1315 4108 1559 4177 nunquid
1583 4122 1691 4162 non
1728 4121 1795 4162 ex

210 4202 407 4256 eadem
429 4211 589 4270 gente
600 4198 768 4255 lsrael
781 4200 945 4269 etiam
969 4199 1047 4255 illi
1074 4200 1189 4255 nati
1207 4208 1366 4265 erant
1392 4200 1720 4271 sacerdotes,
1743 4205 1797 4253 et

212 4297 443 4363 Scribae,
466 4306 520 4351 et
544 4295 826 4363 Pharisaei,
847 4311 982 4366 quos
1009 4294 1067 4350 in
1093 4295 1172 4353 eis
1198 4294 1432 4357 diximus
1465 4293 1632 4355 fuisse
1660 4307 1798 4364 pra:-

210 4388 499 4458 ﬁguratos,
542 4387 635 4456 qui
662 4384 874 4458 Iephte,
914 4395 1167 4458 tanquam
1211 4387 1301 4443 isti
1320 4384 1608 4442 Dominum
1642 4385 1796 4441 Chri-

211 4488 380 4544 stum,
407 4479 572 4553 veluti
599 4494 710 4535 non
734 4479 1033 4549 legitimum
1051 4478 1240 4550 .ﬁlium
1269 4476 1541 4547 persecuti
1580 4475 1798 4546 expule-

1893 3306 1946 3361 id
1968 3306 2109 3376 quod
2135 3320 2293 3377 supra
2311 3304 2677 3374 exposuimus,
2701 3303 2758 3359 in
2785 3314 2931 3358 terra
2949 3302 3081 3370 Tob,
3113 3302 3326 3359 collecti
3351 3308 3481 3356 sunt

1891 3382 1963 3452 ad
1987 3396 2137 3457 illum
2160 3395 2411 3453 scelerati
2436 3395 2681 3453 homines
2701 3404 2921 3465 pr0pter
2952 3393 3326 3449 remissionem
3351 3406 3478 3463 pec-

1893 3495 2155 3551 catorum,
2211 3484 2303 3556 qui
2329 3499 2452 3539 cum
2479 3483 2572 3538 illo
2595 3482 2971 3549 ambulabant,
3028 3481 3151 3551 quia
3182 3479 3478 3534 secundum

1892 3572 2009 3643 ejus
2033 3582 2302 3642 praecepta
2336 3571 2609 3637 vivebant,
2657 3584 2833 3637 neque
2859 3569 2963 3623 hoc
2990 3568 3109 3621 ﬁeri
3140 3567 3337 3622 desinit
3383 3580 3479 3623 us—

1894 3680 1999 3737 que
2021 3679 2165 3719 nunc
2188 3671 2243 3719 et
2267 3662 2538 3733 deinceps,
2585 3672 2867 3731 quousque
2892 3657 2962 3712 ad
3011 3673 3136 3721 eum
3161 3656 3481 3729 confugiunt

1894 3753 2042 3821 mali,
2068 3761 2129 3808 ut
2161 3751 2419 3825 justiﬁcet
2445 3750 2673 3827 impios,'
2695 3747 2789 3822 qui
2817 3749 2887 3804 ad
2913 3763 3037 3805 eum
3067 3756 3477 3814 convertuntur,

1894 3853 1950 3900 et
1969 3843 2181 3899 discant
2209 3842 2380 3917 iniqui
2407 3841 2522 3897 vias
2543 3841 2681 3912 ejus.

1964 3936 2082 3991 Iam
2106 3936 2237 3991 illud
2256 3934 2400 4007 quod
2428 3932 2484 3988 hi
2509 3933 2602 4006 qui
2622 3930 2930 4003 abjecerant
2956 3931 3153 4004 Iephte
3175 3931 3315 4005 (erat
3334 3929 3480 3987 enim

1895 4020 2222 4099 Galaadites)
2269 4024 2518 4081 conversi
2548 4033 2674 4080 sunt
2705 4023 2773 4078 ad
2817 4039 2962 4092 eum,
3008 4031 3062 4078 et
3110 4023 3478 4094 quaesiverunt

1895 4134 2017 4174 eum
2035 4134 2134 4189 per
2161 4132 2321 4188 quem
2346 4114 2708 4171 liberarentur
2732 4112 2800 4170 ab
2827 4112 3060 4169 inimicis
3107 4110 3220 4185 suis
3244 4100 3262 4178 ⁴;
3314 4127 3476 4182 quam

1896 4213 2042 4268 clara
2067 4209 2501 4282 praeﬁguratione
2527 4204 2824 4279 signiﬁcat,
2861 4205 3005 4276 quod
3051 4204 3106 4259 hi
3149 4203 3240 4275 qui
3268 4200 3482 4274 abiece-

1894 4313 2022 4363 runt
2059 4303 2357 4369 Christum,
2401 4302 2471 4357 ad
2519 4316 2641 4355 eum
2670 4315 2861 4356 rursus
2886 4297 3155 4363 conversi,
3184 4297 3241 4352 in
3275 4295 3366 4351 illo
3395 4311 3482 4350 re-

1895 4392 2112 4464 periunt
2138 4390 2407 4453 salutem;
2441 4388 2553 4443 sive
2575 4386 2651 4442 illi
2679 4386 3076 4456 intelligantur,
3125 4398 3261 4452 quos
3286 4382 3480 4437 Petrus

1901 4485 2172 4557 apostolus
2216 4499 2341 4539 cum
2368 4483 2435 4536 de
2462 4482 2579 4549 ipso
2636 4478 2840 4533 scelere
2891 4475 3179 4546 arguisset,
3234 4474 3377 4531 sicut
3422 4476 3477 4530 in

212 4537 393 4627 runti
439 4550 545 4625 Sed
579 4571 636 4623 in
673 4584 739 4622 eo
788 4537 1089 4627 similitudo
1124 4537 1441 4624 adumbrata
1485 4575 1605 4631 est,
1648 4537 1787 4635 quod

2155 4537 2534 4640 apostolorum
2572 4566 2767 4638 legitur
2806 4537 3081 4637 (Λεὼ-ιι),
3130 4537 3185 4619 et
3231 4563 3480 4629 hortatus

211 4662 326 4727 isti,
358 4667 419 4715 ut
439 4658 573 4725 dixi,
610 4655 777 4713 veluti
805 4658 938 4726 legis
975 4660 1353 4721 observatores
1374 4675 1521 4726 eum,
1555 4661 1647 4728 qui
1672 4674 1799 4714 con-

215 4760 303 4807 tra
330 4757 599 4822 praecepta
626 4748 760 4818 legis
783 4747 965 4803 facere
987 4748 1292 4823 videbatur,
1338 4755 1597 4817 tanquam
1624 4747 1801 4817 legiti-

211 4843 293 4898 mi
320 4855 434 4896 non
458 4839 787 4910 legitimum,
839 4837 963 4908 jure
990 4838 1095 4894 sibi
1121 4838 1225 4895 visi
1268 4845 1393 4892 sunt
1416 4836 1661 4905 ejecisse.
1706 4835 1803 4891 Se—

212 4932 456 4990 cundum
480 4932 585 4985 hoc
612 4930 760 4985 enim
784 4929 937 5000 plebs
961 4929 1053 4985 illa
1081 4930 1225 4987 dicta
1243 4937 1328 4987 est
1350 4928 1631 4996 fornicari,
1659 4928 1804 5001 quod

211 5025 352 5097 legis
386 5030 659 5096 praecepta
689 5038 799 5079 non
826 5037 1049 5087 servans
1074 5032 1333 5096 tanquam
1366 5023 1481 5080 viro
1512 5037 1621 5079 non
1644 5021 1797 5078 exhi-

211 5116 383 5174 bebat
407 5114 591 5169 ﬁdem.

288 5206 384 5263 Sic
408 5215 590 5263 autem
619 5208 881 5279 scriptum
906 5216 993 5265 est
1031 5209 1101 5266 de
1140 5208 1371 5279 Iephte:
1419 5209 1492 5263 Et
1528 5216 1796 5265 creuerunt

211 5296 318 5366 ﬁlii
347 5298 546 5365 uxoris,
576 5306 627 5350 et
660 5298 921 5367 ejecerunt
947 5297 1152 5369 Iephte.
1178 5292 1421 5357 Verbum
1468 5298 1612 5369 quod
1646 5296 1796 5369 posi-

213 5395 335 5442 tum
365 5395 466 5452 est,
478 5397 766 5455 creverunt,
789 5389 1058 5459 signiﬁcat
1078 5391 1139 5445 in
1165 5388 1795 5463 ﬁgura,prwvaluerunt;

215 5478 363 5548 quod
389 5478 447 5532 in
468 5476 668 5535 Iudaeis
702 5479 982 5552 impletum
1011 5488 1116 5548 est,
1159 5482 1252 5551 qui
1296 5481 1696 5553 praevaluerunt
1715 5482 1799 5539 in-

214 5571 464 5629 ﬁrmitati
485 5572 713 5640 Christi,
738 5575 862 5645 quia
898 5575 977 5633 ita
1005 5574 1176 5631 voluit
1205 5582 1263 5631 ut
1290 5575 1357 5630 ab
1382 5574 1463 5630 eis
1486 5588 1608 5645 quae
1638 5587 1798 5643 opor-

216 5664 370 5719 tebat
388 5663 637 5734 passione
674 5664 968 5733 perferret,
1002 5665 1153 5721 sicut
1167 5666 1273 5722 hoc
1296 5665 1439 5722 idem
1484 5662 1796 5735 signiﬁcans

212 5752 386 5834 Iacob
411 5754 694 5827 praevaluit
725 5754 915 5829 angelo
938 5772 1083 5834 sum
1108 5770 1247 5829 (illo,
1299 5762 1362 5817 ut
1392 5753 1626 5824 idipsum
1668 5769 1795 5825 por-

1902 4671 2046 4719 esset
2069 4669 2130 4717 ut
2151 4660 2219 4715 ad
2240 4675 2365 4713 eum
2395 4664 2841 4713 converterentur
2864 4668 3025 4725 quem
3054 4651 3270 4709 fuerant
3295 4664 3482 4727 perse-

1902 4753 2031 4818 cuti,
2075 4749 2369 4820 compuncti
2412 4756 2532 4801 sunt
2576 4745 2753 4811 corde,
2809 4752 2866 4801 et
2899 4743 2968 4799 ab
3001 4741 3092 4798 illo
3142 4758 3304 4814 quem
3344 4759 3376 4797 a
3410 4758 3481 4815 se

1904 4843 2287 4906 alienaverunt,
2339 4837 2712 4894 desiderarunt
2739 4834 2985 4891 salutem.
3019 4833 3157 4904 Quid
3185 4842 3271 4889 est
3297 4842 3481 4889 autem

1904 4933 2122 4991 liberari
2154 4933 2221 4987 ab
2248 4929 2500 4995 inimicis,
2532 4928 2635 4987 nisi
2664 4942 2696 4981 a
2722 4926 3005 4998 peccatis?
3053 4923 3145 4982 Sic
3179 4925 3323 4995 enim
3370 4925 3483 4991 illis

1902 5025 2020 5081 ait:
2064 5023 2214 5095 Agite
2261 5020 2614 5094 paenitentiam
2636 5059 2652 5087 ,
2674 5027 2742 5081 ret
2791 5016 3079 5089 baptisetur
3126 5015 3478 5086 unusquisque

1898 5125 2120 5177 vestrum
2149 5115 2206 5168 in
2236 5114 2441 5167 nomine
2460 5109 2683 5165 Domini
2714 5109 2842 5164 Iesu
2862 5105 3076 5172 Christi,
3122 5110 3172 5158 et
3214 5103 3479 5158 remitten-

1899 5213 1986 5258 tur
2017 5203 2156 5273 vobis
2177 5211 2391 5273 peccata
2416 5209 2585 5254 vestra
2613 5195 2665 5270 (1
2669 5196 2800 5270 bid.)
2822 5213 2839 5251 :
2864 5198 2977 5253 sive
2998 5194 3086 5249 illa
3108 5194 3288 5264 potius
3313 5192 3479 5263 signi-

1898 5294 2092 5350 ﬁcetur
2127 5308 2247 5363 quae
2289 5291 2345 5346 in
2393 5290 2499 5346 ﬁne
2548 5296 2797 5362 speratur
2833 5286 3043 5342 vocatio
3082 5283 3258 5356 gentis
3284 5281 3472 5363 lsrael.

1900 5385 2068 5458 Magis
2091 5385 2286 5456 quippe
2319 5382 2435 5454 ipSa
2462 5380 2674 5437 videtur
2706 5391 2965 5451 apparere
3017 5372 3073 5431 in
3097 5389 3183 5440 eo,
3225 5372 3369 5443 quod
3395 5372 3478 5447 di.

1899 5480 2039 5535 citur
2068 5497 2082 5532 :
2110 5477 2179 5531 Et
2219 5477 2417 5547 factum
2444 5484 2517 5531 est
2565 5484 2680 5546 post
2731 5471 2884 5537 dies;
2933 5467 3078 5539 quod
3126 5466 3314 5537 utique
3352 5472 3477 5535 post

1898 5579 2108 5643 tempus
2137 5569 2436 5641 signiﬁcat,
2485 5576 2542 5623 et
2563 5582 2661 5637 per
2686 5565 2787 5620 hoc
2819 5561 3056 5617 insinuat
3092 5575 3200 5615 non
3234 5555 3365 5613 illud
3391 5556 3476 5610 in-

1897 5662 2247 5735 telligendum
2269 5661 2414 5734 quod
2440 5657 2643 5715 recenti
2689 5652 2940 5726 passione
2978 5649 3192 5708 Domini
3218 5657 3323 5715 est,
3379 5644 3475 5703 sed

1898 5754 2041 5827 quod
2064 5761 2253 5825 postea
2281 5751 2522 5825 futurum
2549 5753 2651 5805 est.
2688 5744 2806 5814 Quo
2830 5743 3043 5802 videtur
3068 5740 3233 5802 etiam
3259 5737 3316 5798 id
3349 5751 3475 5812 per-

2964 6020 2998 6043 ο
