3986 6348
477 340 615 407 “87

1118 342 1179 396 B.
1218 338 1471 399 RABANI
1510 340 1731 401 MAURI
1764 339 2080 399 ARClllEP.
2120 337 2433 401 uocum.
2471 337 2759 397 ornatui
2795 337 2974 395 rans
3006 337 3049 393 l.

3589 331 3745 388 1188

475 463 669 525 tinere.
706 458 850 528 quod
881 455 1119 515 seniores
1140 456 1343 514 Galaad
1378 467 1642 515 venerunt
1661 460 1727 514 ad
1751 457 1963 528 Iephte,
1991 465 2054 513 ut
2076 460 2125 523 Δ
2152 456 2280 512 dum
2307 463 2407 520 est,
2438 469 2559 513 esse
2587 454 2828 509 dictumt
2864 452 2974 507 Ero
3020 450 3161 509 vobis
3186 452 3243 504 in
3283 450 3575 520 principem
3600 465 3624 503 :
3665 447 3748 503 illi

473 568 573 627 per
603 560 817 607 atatem
849 549 1072 605 senilem
1095 549 1395 618 posteriora
1417 557 1472 607 et
1498 549 1788 605 novissima
1812 558 2054 619 tempora

476 643 783 713 accipienda
808 641 935 703 sint.
962 640 1348 710 interpretatur
1368 649 1548 697 autem
1563 640 1763 697 Galaad
1782 640 2050 710 objicient,

476 737 593 792 sive
625 732 864 789 revelatio
885 772 900 799 ,
931 747 1163 802 quorum
1192 739 1483 801 utrumque
1509 731 1642 787 satis
1667 731 1789 801 apte
1811 732 1938 789 huic
1975 730 2054 787 rei

476 825 766 897 congruit,
815 824 944 894 quia
990 824 1168 892 primo
1218 822 1501 881 Dominum
1528 822 1805 880 Christum
1846 821 2058 893 abiece-

475 926 625 982 runt,
669 916 857 984 eisque
880 921 1066 983 postea
1090 914 1436 971 revelabitur.

548 1006 703 1075 Quod
727 1021 857 1061 vero
888 1013 1075 1061 contra
1128 1003 1267 1061 ﬁlios
1309 1003 1540 1062 Ammon
1568 1004 1675 1061 dua
1715 1006 2058 1076 qumrebatur

476 1096 689 1167 Iephte,
715 1096 910 1165 quibus
936 1094 1092 1147 victis
1136 1093 1454 1159 liberantur,
1484 1094 1576 1164 qui
1602 1108 1669 1150 eo
1698 1095 1833 1151 duco
1866 1095 2059 1151 adver-

478 1202 574 1242 sus
604 1185 726 1241 illos
767 1182 969 1241 bellare
995 1182 1303 1252 cupiebant,
1364 1185 1622 1253 quoniam
1673 1184 2058 1255 interpretatur

478 1280 708 1334 Ammon
730 1274 874 1344 ﬁlius
897 1273 1077 1344 populi
1104 1275 1225 1341 mei,
1258 1274 1375 1329 sive
1396 1275 1617 1346 populus
1646 1277 1902 1343 maeroris,
1930 1290 2059 1347 pro-

477 1370 619 1426 tecto
642 1376 735 1422 aut
763 1366 838 1424 illi
868 1365 1246 1437 signiﬁcantur
1279 1367 1504 1434 inimici,
1548 1369 1644 1437 qui
1667 1383 1735 1425 ea
1764 1369 1881 1439 ipsa
1901 1378 2062 1440 gente

477 1465 887 1532 perseverantes
912 1457 967 1513 in
990 1456 1309 1515 inﬁdelitate
1344 1458 1587 1527 prasdicti
1614 1469 1775 1525 sunt,
1824 1467 1917 1514 aut
1944 1474 2062 1515 om-

479 1553 607 1611 nino
629 1565 818 1607 omnes
835 1549 1094 1621 genuum
1116 1548 1509 1620 pradestinati,
1546 1551 1639 1606 ubi
1663 1551 1769 1605 erit
1786 1550 1868 1605 eis
1902 1549 2062 1606 ﬂetus

474 1652 534 1701 et
556 1643 758 1699 stridor
783 1642 1047 1707 dentium,
1074 1649 1326 1710 tanquam
1351 1640 1549 1711 papula
1568 1639 2058 1711 moerorislilattlt.

477 1747 578 1789 vui
621 1740 669 1791 et
717 1729 873 1801 uti).
952 1729 1276 1799 Quanquam
1326 1730 1553 1800 populus
1597 1730 1851 1787 mmroris
1894 1730 2062 1785 etiam

2154 555 2334 603 autem
2364 545 2616 601 dixerant
2646 563 2658 598 :
2690 544 2814 599 Eris
2857 542 3002 599 nobis
3039 543 3093 597 in
3123 550 3276 610 caput
3308 554 3326 592 ξ
3352 540 3615 611 quoniam
3655 556 3750 593 ca»

2153 647 2244 711 put
2273 639 2369 695 viri
2393 636 2630 693 Christus
2656 635 2708 707 (I
2726 635 2847 690 Cor.
2878 634 2972 709 tl);
2997 642 3054 689 et
3072 635 3181 705 ipse
3213 642 3287 687 est
3316 642 3474 701 caput
3500 633 3761 699 corporis

2154 727 2405 784 Ecclesiae
2432 724 2592 800 (Eph.
2623 727 2701 799 ν).
2740 725 2984 796 Denique
3014 734 3359 795 posteaquam
3406 738 3505 778 eos
3544 722 3753 776 libera-

2153 821 2233 876 vit
2253 819 2446 892 Iephte
2471 821 2539 875 ah
2582 818 2829 875 omnibus
2878 818 3135 883 inimicis,
3180 832 3288 871 non
3336 815 3419 870 eis
3442 814 3624 875 tactus
3664 823 3751 868 est

2156 928 2274 979 res,
2327 921 2386 968 ut
2429 911 2851 981 intelligeremus
2898 911 3030 965 illud
3075 909 3218 981 quod
3262 908 3467 969 dictum
3516 916 3637 973 est,
3682 907 3752 961 ad

2155 1005 2493 1076 prophetiam
2522 1005 2701 1074 potius
2727 1003 3052 1073 pertinuisse
3081 1003 3149 1057 de
3189 1000 3412 1056 Christo
3433 1038 3450 1064 ,
3480 1016 3652 1069 quam
3680 999 3751 1053 ad

2158 1097 2333 1168 ipsum
2355 1096 2571 1167 proprie
2597 1094 2809 1166 Iephte,
2839 1095 2906 1150 de
2932 1109 3039 1165 quo
3060 1091 3345 1163 Scriptum
3366 1092 3749 1147 narrationem

2159 1190 2234 1245 ita
2258 1189 2564 1245 concludit:
2596 1188 2666 1243 Et
2677 1187 2941 1259 judicavit
2964 1187 3148 1257 Iephte
3169 1185 3343 1240 Israel
3373 1201 3466 1239 sea:
3491 1186 3676 1251 ansis,
3698 1192 3751 1240 at

2159 1291 2395 1335 mortuus
2438 1287 2512 1332 est
2538 1278 2720 1348 Iephte
2748 1274 3073 1342 Galaaditss,
3118 1284 3167 1330 at
3203 1274 3438 1345 sepultus
3467 1285 3541 1329 est
3572 1275 3631 1327 in
3674 1274 3753 1327 c5-

2158 1373 2310 1430 st'tate
2328 1387 2427 1426 sua
2462 1370 2517 1424 in
2545 1364 2773 1424 Galaesi.
2826 1367 3098 1423 Iudicavit
3126 1383 3256 1438 ergo
3290 1365 3489 1430 lsrael,
3522 1366 3668 1421 sicut
3692 1376 3747 1421 et

2160 1462 2341 1519 ueteri
2361 1460 2607 1531 iudices;
2645 1475 2753 1519 non
2782 1459 2857 1521 ibi
2884 1459 3151 1529 regnavit,
3192 1467 3252 1512 ut
3272 1457 3575 1528 principes,
3608 1455 3755 1513 sicut

2162 1555 2219 1613 hi
2243 1555 2334 1625 qui
2359 1553 2665 1624 Regnorum
2700 1552 3065 1609 voluminibus
3107 1551 3480 1607 continentur.

2230 1646 2352 1703 Iam
2371 1663 2499 1703 vero
2524 1654 2877 1718 posteaquam
2914 1646 2997 1701 eis
3020 1646 3162 1702 idem
3190 1643 3383 1715 Iephte
3411 1646 3527 1700 dux
3552 1645 3752 1700 consti-

2164 1746 2309 1794 tutus
2331 1747 2431 1801 est,
2472 1739 2621 1793 misit
2648 1738 2867 1793 nuntios
2911 1738 2979 1793 ad
3008 1737 3193 1791 hostes
3216 1737 3365 1806 prius
3396 1737 3556 1807 pacis
3588 1737 3751 1791 verba

478 1824 724 1882 diabolus
749 1832 805 1883 et
849 1823 1024 1895 angeli
1069 1821 1185 1892 eius
1228 1838 1335 1883 non
1383 1823 1828 1880 inconvenienter
1867 1816 2140 1888 intelli-B
2163 1839 2482 1902 portantes:
2520 1831 2649 1886 illud
2685 1830 3012 1895 ostenditur,
3055 1829 3198 1898 quod
3219 1829 3298 1883 ait
3321 1827 3622 1898 Apostolus
3644 1869 3659 1892 ,
3700 1828 3752 1881 in

480 1926 713 1989 gnntnr,
762 1917 878 1975 sive
914 1917 1043 1986 quia
1078 1924 1337 1973 aternam
1375 1917 1655 1973 miseriam
1686 1915 1768 1972 eis
1793 1929 1929 1985 quos
1966 1916 2065 1972 de-

480 2010 688 2079 cipiunt
714 2008 1021 2078 acquirunt,
1044 2009 1160 2067 sivo
1194 2009 1323 2079 quia
1349 2018 1405 2067 et
1432 2010 1536 2080 ipsi
1574 2018 1791 2067 sterno
1829 2007 2068 2071 miseria

481 2100 724 2172 deputati
742 2107 891 2159 sunt.

554 2195 840 2266 Eleganter
864 2208 994 2253 sane
1021 2195 1089 2255 ad
1106 2195 1517 2266 exprimendam
1565 2196 1737 2251 multo
1763 2194 2068 2252 evidentius

480 2289 820 2360 prophetiam
874 2286 1067 2357 Iephte
1128 2288 1404 2361 respondit
1456 2289 1761 2343 senioribus
1820 2287 2063 2347 Galaad:

485 2380 673 2437 Nonne
702 2397 787 2435 vos
808 2380 927 2437 odio
949 2379 1204 2437 habuistis
1228 2396 1310 2437 tua
1327 2420 1345 2445 ,
1383 2389 1433 2433 st
1460 2380 1686 2450 sjealstis
1715 2395 1796 2432 nts
1814 2379 1879 2433 de
1911 2379 2068 2437 domo

482 2471 647 2541 patris
672 2471 794 2533 mei,
827 2479 876 2524 et
904 2470 1177 2527 dimisistis
1208 2486 1289 2524 nos
1314 2488 1345 2524 a
1366 2471 1505 2525 nobis
1534 2473 1559 2524 9
1584 2471 1651 2525 Et
1680 2471 1806 2542 quid
1826 2481 1902 2525 est
1929 2471 2067 2542 quod

483 2561 712 2627 venistis,
758 2561 971 2631 quando
1000 2560 1255 2619 tribunati
1279 2562 1441 2615 estis!
1487 2561 1615 2617 Tale
1643 2561 1843 2632 aliquid
1873 2561 2069 2632 ﬁgura-

484 2658 596 2711 tum
637 2659 723 2706 est
747 2650 801 2707 in
823 2648 1043 2720 Ioseph,
1100 2666 1261 2721 quem
1292 2652 1492 2707 fratres
1520 2653 1817 2709 vendentes
1857 2653 2070 2722 objece-

487 2750 617 2797 runt
652 2741 805 2813 (Gen.
836 2742 1065 2813 xxxvii),
1119 2751 1325 2798 etcum
1348 2742 1494 2799 tame
1536 2744 1943 2811 tribularentur,
1999 2746 2070 2801 ad

484 2831 600 2902 ejus
646 2848 804 2903 opem
838 2833 1383 2905 misericordiamque
1432 2839 1678 2893 conversi
1728 2845 1855 2893 sunt
1911 2837 2067 2907 (Gen.

485 2926 640 2999 acii).
686 2926 783 2982 llic
810 2942 940 2984 vero
967 2928 1136 2985 multo
1167 2930 1399 2999 amplius
1430 2930 1605 2987 elucet
1638 2931 1964 3003 signiﬁcatio
1994 2931 2073 2987 tu-

486 3027 751 3085 turorum,
799 3021 943 3090 quod
981 3037 1088 3076 non
1120 3022 1221 3091 ipsi
1267 3037 1492 3092 prorsus
1529 3022 1727 3081 fratres
1772 3025 1869 3095 qui
1897 3023 2072 3094 eiece—

486 3120 615 3164 runt
639 3109 831 3181 Iephte
858 3113 929 3168 ad
956 3128 1079 3168 eum
1106 3125 1406 3181 venerunt,
1448 3118 1543 3171 sed
1566 3117 1772 3172 Calaad
1827 3119 2071 3174 seniores

484 3214 585 3268 pro
621 3202 876 3257 universo
903 3202 995 3257 illo
1030 3204 1227 3273 populo
1263 3205 1441 3260 eidem
1470 3208 1852 3277 supplicantes.
1919 3207 2074 3263 Sicut

486 3292 674 3347 eadem
705 3308 837 3361 gens
862 3293 1061 3348 dicitur
1087 3293 1250 3349 lsraei
1273 3336 1287 3357 ,
1323 3296 1438 3351 sive
1464 3297 1520 3350 in
1564 3298 1645 3352 eis
1676 3298 1769 3366 qui
1796 3306 1927 3353 tunc
1958 3298 2074 3353 fue-

488 3388 639 3446 runt,
666 3381 1052 3453 Christumque
1081 3387 1526 3454 reprobaverunt,
1558 3389 1671 3444 sive
1699 3389 1755 3443 in
1778 3390 1861 3444 eis
1889 3390 1981 3460 qui
2007 3390 2075 3444 ad

486 3470 606 3541 q'us
624 3488 783 3542 opem
812 3483 995 3543 postea
1024 3475 1226 3531 reversi
1253 3486 1381 3532 sunt
1405 3494 1420 3543 ;
1467 3480 1667 3549 populo
1691 3481 1837 3535 enim
1873 3482 2076 3536 dicitur

491 3562 740 3628 inimico,
784 3565 899 3619 sive
945 3564 999 3618 in
1044 3566 1376 3636 majoribus,
1431 3570 1547 3625 sive
1590 3571 1645 3625 in
1690 3572 1925 3641 posteris
1963 3573 2077 3628 suis

488 3651 650 3723 longa
688 3653 812 3709 odia
848 3655 1085 3709 trahenti
1112 3665 1275 3727 atque
1297 3660 1566 3725 servanti,
1598 3663 1926 3731 tandemque
1948 3677 2079 3717 cou-

490 3761 649 3801 verso
668 3746 726 3800 in
746 3746 828 3801 eis
844 3748 937 3815 qui
959 3755 1088 3802 tunc
1115 3750 1434 3804 conversed
1462 3759 1615 3817 sunt,
1649 3750 1839 3807 Nonne
1867 3768 1953 3806 vos
1983 3752 2079 3805 Ita-

494 3835 676 3890 buistis
698 3836 818 3890 odio
841 3854 942 3902 me,
967 3848 1012 3892 et
1037 3838 1429 3907 ejecistismsdt
1449 3841 1604 3895 demo
1616 3843 1781 3912 patris
1802 3846 1902 3896 mei
1919 3844 1944 3896 .'
1967 3842 2079 3897 Hoc

492 3926 635 3981 enim
666 3926 747 3981 eis
774 3926 947 3983 visum
978 3935 1064 3982 est
1092 3928 1187 3997 qui
1216 3931 1491 3998 persecuti
1521 3940 1671 3997 sunt,
1700 3933 1847 4002 quod
1871 3931 2081 4001 deiece-

494 4026 622 4072 runt
644 4017 919 4072 Christum
937 4018 1006 4073 de
1020 4019 1185 4093 duino
1206 4020 1397 4085 David,
1429 4023 1483 4077 in
1514 4038 1619 4093 qua
1651 4025 1800 4095 regni
1833 4023 1952 4094 eius
1972 4039 2079 4079 non

492 4108 599 4161 erit
623 4106 747 4163 ﬁnis
772 4106 926 4177 (Luc.
958 4108 1024 4179 ι).

566 4198 637 4252 Et
652 4198 895 4251 dixerunt
908 4201 1136 4254 seniores
1150 4200 1358 4255 Galaad
1372 4202 1443 4256 ad
1457 4203 1640 4273 Iephte
1655 4218 1673 4258 :
1701 4204 1823 4259 Non
1836 4205 1914 4259 sic
1928 4203 2082 4257 modo

498 4289 730 4343 animus
754 4288 824 4342 ad
854 4297 927 4341 te.
978 4289 1258 4359 Tanquam
1287 4294 1532 4348 dicerent
1553 4294 1723 4350 Iudaei
1746 4298 1993 4352 conversi
2014 4297 2082 4352 ad

495 4378 771 4433 atristum
800 4394 820 4433 ι
866 4377 1017 4433 Tuae
1037 4380 1281 4436 venimus
1308 4389 1370 4435 ut
1396 4397 1851 4452 persequeremur
1876 4403 1891 4451 ;
1923 4388 2083 4442 modo

495 4472 742 4528 venimus
768 4480 829 4527 ut
879 4488 1193 4542 sequamur.
1251 4471 1580 4528 Proﬁtentur
1614 4474 1779 4529 etiam
1821 4475 2082 4530 adversus

2163 1939 2270 1995 quo
2315 1923 2565 1978 Christus
2595 1922 2913 1993 loquebatur
2946 1938 2959 1974 :
3012 1918 3071 1974 Si
3109 1920 3225 1989 ﬁeri
3269 1930 3462 1990 potest,
3511 1919 3661 1989 quod
3691 1934 3755 1971 es

2162 2016 2303 2069 vobis
2346 2025 2454 2081 est,
2486 2031 2606 2069 cum
2652 2014 2890 2068 omnibus
2940 2012 3236 2065 hominibus
3278 2027 3463 2081 pacem
3505 2010 3752 2064 tabernas

2166 2103 2342 2175 (Rom.
2370 2104 2492 2177 an).
2532 2104 2708 2160 Verba
2733 2118 2897 2174 porro
2940 2103 3059 2173 ipsa
3099 2118 3221 2173 quae
3251 2102 3532 2156 mandavit
3562 2100 3757 2172 Iephte

2163 2205 2497 2266 pertractare
2517 2196 2697 2250 ornnia
2720 2194 2882 2249 nimis
2908 2193 3126 2265 longum
3151 2201 3235 2248 est
3256 2192 3642 2247 festinantibus
3664 2207 3758 2245 no—

2163 2287 2267 2343 bis.
2302 2284 2559 2342 Videntur
2584 2295 2764 2340 tamen
2810 2284 2944 2339 mihi
2973 2285 3051 2339 sic
3088 2284 3455 2354 intelligenda,
3483 2291 3754 2352 quantum

2166 2378 2358 2432 attinet
2380 2378 2447 2430 ad
2475 2376 2922 2447 signiﬁcationem
2944 2376 3269 2442 futumrum,
3298 2376 3433 2429 utin
3450 2375 3533 2428 eis
3559 2374 3759 2428 adver-

2169 2477 2315 2525 tatur
2338 2470 2585 2524 doctrina
2613 2468 2832 2523 Christi.
2876 2467 3147 2524 Admonet
3175 2484 3275 2522 nos
3298 2466 3753 2538 quemadmodum

2168 2560 2239 2615 sit
2263 2559 2667 2625 ambulandum,
2712 2559 2817 2615 hoc
2855 2566 2959 2627 est,
3007 2559 3295 2614 vivendum
3335 2560 3485 2613 inter
3530 2571 3625 2613 eos
3666 2555 3757 2627 qui

2167 2664 2275 2704 non
2306 2650 2599 2704 secundum
2626 2649 2959 2720 propositum
2979 2649 3158 2709 vocati
3194 2656 3361 2703 sunt:
3407 2648 3574 2702 Novit
3618 2647 3757 2701 enim

2167 2738 2447 2804 Dominus,
2485 2739 2574 2809 qui
2595 2749 2719 2793 sunt
2749 2741 2865 2808 ejus
2902 2738 2989 2811 (11
3015 2738 3149 2794 Tim.
3182 2738 3268 2811 tl).
3310 2739 3434 2795 Iam
3466 2754 3601 2795 vero
3621 2737 3758 2810 quod

2169 2843 2292 2883 etim
2313 2838 2458 2884 esset
2477 2829 2841 2886 debellaturus
2870 2830 3142 2895 inimicos,
3176 2831 3354 2900 factus
3374 2843 3454 2887 est
3467 2850 3625 2903 super
3645 2848 3759 2886 esst

2168 2921 2387 2990 spiritus
2410 2919 2642 2986 Domini,
2672 2920 3009 2992 signiﬁcatur
3035 2922 3272 2991 Spiritus
3308 2932 3540 2978 sanctus
3568 2923 3764 2992 imper-

2169 3009 2302 3064 titus
2325 3010 2583 3065 membris
2602 3009 2825 3065 Christi.
2852 3012 3005 3077 Quod
3026 3020 3205 3066 autem
3221 3015 3515 3082 pertransit
3535 3011 3760 3079 Galaad,

2171 3110 2217 3157 tt
2240 3100 2505 3168 latrasse,
2529 3111 2577 3155 et
2597 3104 2804 3157 transiit
2825 3103 3090 3173 speculam
3116 3102 3327 3158 Galaesi
3341 3146 3357 3170 ,
3388 3115 3441 3159 et
3464 3107 3535 3158 ab
3560 3103 3765 3174 specula

2098 3182 2144 3248 Ο
2174 3188 2381 3246 Galam!
2404 3194 2613 3246 transiit
2639 3194 2709 3246 ad
2751 3192 2890 3263 filios
2911 3196 3156 3259 Ammon,
3186 3195 3535 3264 proﬁcientia
3561 3194 3763 3266 signiti-

2174 3291 2371 3338 cantur
2388 3285 2633 3339 membra
2661 3284 2862 3340 Christi
2905 3284 2974 3339 ad
3000 3286 3276 3342 victoriam
3304 3289 3370 3340 de
3392 3287 3651 3342 inimicis
3690 3302 3767 3342 re-

2173 3376 2514 3444 portandam.
2549 3376 2765 3447 .Galaad
2798 3379 2995 3448 quippe
3038 3379 3430 3450 interpretatur
3486 3380 3762 3452 objicient,

2175 3475 2232 3523 et
2258 3467 2503 3525 Manasse
2537 3472 2814 3525 necessitas
2857 3473 3188 3526 transeundi.
3246 3470 3598 3530 Transeundi
3643 3483 3766 3529 sunt

2176 3572 2305 3629 ergo
2350 3576 2383 3614 u
2429 3561 2832 3629 proﬁcientibus
2867 3561 3210 3631 abiicientcs,
3263 3564 3317 3619 id
3362 3574 3474 3629 est,
3523 3573 3765 3620 contem-

2178 3658 2397 3715 nentes;
2418 3653 2741 3707 transeunda
2764 3663 2821 3707 et
2843 3655 3152 3720 necessitas,
3176 3668 3247 3710 ne
3275 3654 3420 3711 forte
3448 3672 3571 3711 cum
3595 3664 3767 3712 trans-

2179 3741 2306 3797 ierit
2352 3752 2760 3800 contemnentes
2797 3746 2890 3813 qui
2927 3745 3175 3813 proiicit,
3212 3748 3373 3801 cedat
3411 3749 3762 3815 terrentibus,

2180 3833 2527 3889 Transeunda
2554 3838 2717 3892 etiam
2742 3838 2959 3907 specula
2996 3837 3222 3905 Calaad,
3277 3842 3543 3910 quoniam
3569 3840 3767 3897 Gaiaad

2179 3926 2347 3979 etiam
2398 3927 2638 3981 revelatio
2699 3928 3103 3999 interpretatur.
3162 3929 3260 3985 Est
3313 3940 3498 3987 autem
3552 3933 3764 4005 Specula

2183 4018 2412 4073 altitudo
2448 4019 2517 4073 ad
2546 4020 2978 4089 prospiciendum
3009 4022 3093 4077 vel
3123 4023 3189 4076 ad
3236 4024 3676 4093 despiciendam,
3716 4022 3765 4079 id

2183 4120 2289 4176 est,
2345 4112 2575 4181 desuper
2618 4113 3005 4181 aspiciendam.
3052 4114 3283 4185 Speculo
3334 4116 3524 4187 itaque
3568 4114 3768 4171 Calaad

2185 4213 2543 4275 congruenter
2572 4204 2705 4259 mihi
2740 4206 2953 4261 videtur
2993 4206 3300 4277 signiﬁcare
3334 4211 3648 4280 superbiam
3689 4225 3771 4263 re-

2183 4295 2490 4361 velationis,
2537 4297 2679 4351 unde
2704 4297 2835 4352 dicit
2858 4296 3183 4366 Apostolus:
3217 4298 3285 4352 Et
3330 4301 3386 4352 in
3411 4301 3772 4371 magnitudine

2186 4387 2555 4442 revelationum
2582 4404 2645 4442 ne
2663 4388 2887 4443 extollar
2923 4388 3009 4460 (II
3032 4386 3156 4443 Cor.
3181 4391 3303 4462 xu).
3357 4391 3499 4461 Ergo
3547 4402 3603 4446 et
3656 4394 3775 4464 ipsa

2187 4480 2512 4535 transeunda
2547 4488 2652 4545 est,
2716 4481 2769 4535 id
2812 4488 2917 4545 est,
2964 4494 3071 4535 non
3102 4490 3187 4536 est
3224 4484 3281 4536 in
3313 4498 3378 4537 ea
3415 4483 3771 4547 manendum,

496 4563 743 4619 inimicos
772 4579 893 4618 eum
928 4532 1170 4620 futurum
1200 4564 1299 4619 sibi
1330 4573 1510 4633 caput.
1552 4565 1863 4635 Respondet
1889 4566 2004 4633 ille,
2032 4568 2077 4622 si
2106 4532 2158 4595 Β
2182 4532 2400 4643 propter
2413 4532 3095 4641 cadendi’pericuiuin.

495 4666 685 4707 eorum
727 4653 919 4708 vicerit
947 4654 1214 4720 inimicos,
1256 4656 1400 4725 quod
1421 4656 1527 4710 erit
1546 4657 1628 4711 eis
1654 4658 1708 4711 in
1736 4659 2075 4729 principem;

499 4739 642 4808 quod
687 4740 905 4798 Cedeon
953 4745 1142 4811 noluit,
1196 4760 1317 4801 cum
1366 4747 1422 4800 id
1452 4747 1706 4802 israelitre
1744 4749 2075 4815 voluissent;

501 4830 780 4900 respondit
795 4831 993 4900 quippe
1022 4835 1130 4890 illis
1157 4851 1173 4889 :
1216 4835 1468 4906 Princeps
1485 4849 1652 4891 uester
1673 4838 1928 4892 Dominus
1956 4840 2077 4892 erit.

502 4922 615 4978 Res
646 4922 792 4978 enim
838 4923 1057 4978 nomine
1088 4927 1351 4995 principis
1368 4929 1733 4999 signiﬁcatur,
1775 4930 1919 4999 quod
1944 4944 2082 4984 non-

501 5018 629 5073 dum
668 5016 902 5072 habebat
926 5028 1061 5085 gens
1086 5017 1176 5072 illa
1210 5027 1448 5090 tempore
1472 5021 1743 5078 Iudicum.
1793 5021 2087 5092 Cmperunt

505 5118 683 5164 autem
697 5110 898 5164 habere
926 5106 1163 5172 Saulem,
1193 5119 1250 5164 et
1279 5111 1530 5184 deinceps
1564 5114 1703 5170 alios
1741 5128 2087 5172 successores

502 5199 641 5270 eius,
677 5200 770 5270 qui
796 5200 853 5254 in
882 5198 1036 5254 libris
1056 5198 1362 5266 Regnorum
1391 5203 1661 5275 leguntur.
1702 5205 1839 5261 Nam
1861 5206 1917 5260 in
1946 5206 2088 5262 Deu-

508 5290 809 5347 teronomio
828 5305 955 5347 cum
982 5290 1066 5346 eis
1111 5288 1420 5358 pracipitar
1461 5296 1673 5365 qualem
1729 5297 1962 5352 debeant
1986 5297 2087 5351 ha-

504 5382 635 5436 bere
661 5394 867 5451 regem,
900 5381 947 5435 si
993 5382 1098 5438 hoc
1123 5380 1203 5435 eis
1233 5379 1512 5450 placuerit,
1569 5384 1677 5445 non
1726 5389 1803 5444 ibi
1846 5403 1945 5444 rex
1987 5387 2084 5443 sed

505 5474 758 5543 princeps
779 5472 1075 5542 appellatur
1103 5473 1280 5546 (Deut.
1311 5474 1467 5546 xvn).
1491 5476 1597 5531 Sed
1616 5480 1745 5548 quia
1766 5478 1868 5533 iste
1891 5477 2086 5548 Iephte

507 5562 657 5619 illum
683 5562 951 5635 ﬁgurabat
982 5565 1076 5635 qui
1098 5579 1259 5622 verus
1298 5571 1386 5622 est
1412 5579 1508 5619 rex
1525 5605 1539 5631 ,
1564 5568 1706 5635 quod
1735 5569 1901 5625 etiam
1926 5568 1982 5625 in
2021 5569 2088 5622 ti-

510 5655 621 5711 tulo
648 5657 904 5726 scriptum
931 5656 1049 5719 fuit,
1082 5659 1172 5727 qui
1199 5657 1348 5717 cruci
1383 5655 1500 5727 «ius
1522 5656 1733 5724 aditus,
1760 5675 1920 5730 quem
1944 5660 2089 5715 Pila-

512 5750 599 5799 tus
628 5746 812 5803 delere
846 5747 928 5803 vel
947 5750 1237 5804 emendare
1261 5766 1367 5807 non
1388 5763 1555 5806 ausos
1573 5755 1660 5803 est
1680 5765 1696 5813 ;
1727 5749 1845 5807 ideo
1862 5752 2087 5809 creden-

2182 4672 2444 4735 perantur
2481 4663 2717 4728 inimici,
2773 4663 2916 4733 quod
2950 4664 3223 4734 signiﬁcat
3271 4665 3507 4721 dicendo
3538 4685 3552 4719 :
3590 4666 3666 4719 Et
3714 4665 3775 4717 as

2185 4756 2392 4829 specula
2418 4754 2628 4810 Gataad
2668 4757 2881 4810 transiit
2910 4756 2980 4809 mi
3019 4756 3162 4824 ﬁlios
3200 4758 3423 4811 Ammon
3445 4799 3461 4825 ,
3487 4758 3558 4815 de
3585 4759 3780 4829 quibus

2186 4846 2417 4902 inimicis
2447 4847 2559 4916 jam
2587 4862 2748 4916 supra
2777 4847 2979 4901 dictum
3003 4839 3106 4903 est.

2259 4936 2325 4990 Et
2358 4937 2495 4991 cavit
2522 4936 2705 5007 Iephte
2721 4946 2919 5004 votum,
2961 4948 3008 4992 et
3034 4938 3204 4993 dixit:
3259 4938 3320 4995 Si
3352 4939 3648 4995 traditione
3672 4950 3782 4995 tra-

2188 5029 2385 5083 dideris
2413 5028 2543 5083 nti/ii
2593 5029 2734 5097 ﬁlios
2757 5029 2981 5085 Ammon
3004 5031 3059 5085 in
3082 5042 3241 5084 manu
3279 5044 3414 5093 mea,
3453 5043 3505 5085 et
3530 5034 3626 5086 erit
3660 5032 3788 5101 qui-

2189 5133 2389 5187 cunque
2407 5118 2591 5171 exierit
2628 5119 2692 5171 de
2715 5120 2902 5189 januis
2941 5121 3127 5174 domus
3152 5137 3279 5175 mete
3314 5121 3370 5174 in
3402 5121 3605 5176 obtinui
3648 5120 3789 5174 mihi

2190 5209 2250 5263 in
2276 5209 2579 5264 revertendo
2606 5226 2689 5264 me
2716 5212 2775 5265 in
2797 5228 2927 5283 pace
2950 5229 2983 5265 a
3020 5212 3148 5283 filiis
3194 5212 3441 5279 Aman,
3477 5222 3525 5268 et
3546 5214 3655 5267 erit
3688 5213 3794 5269 Do-

2189 5301 2355 5366 mino,
2389 5310 2439 5355 et
2477 5303 2697 5371 o/ferant
2734 5318 2853 5356 eum
2906 5303 3318 5360 holocaustoma.
3368 5305 3697 5373 Quemlibet
3736 5304 3796 5360 in

2192 5390 2297 5446 hoc
2328 5390 2449 5446 loco
2475 5392 2811 5462 cogitaverit,
2841 5392 3035 5463 Iephte
3062 5396 3360 5451 secundum
3392 5396 3799 5466 cogitationem

2188 5481 2498 5547 humanam,
2526 5496 2637 5537 non
2656 5483 2874 5539 videtur
2890 5486 3106 5541 unicam
3130 5485 3301 5541 tiliam
3322 5487 3643 5557 cogitasse;
3670 5488 3806 5543 alio-

2187 5570 2280 5641 qui
2306 5584 2417 5627 non
2458 5571 2683 5639 diceret,
2716 5588 2840 5628 cum
2864 5574 3016 5630 illam
3036 5583 3233 5630 cernat
3266 5577 3592 5632 occurrisse
3620 5595 3639 5632 :
3682 5576 3808 5631 Hes

2187 5662 2302 5717 nte!
2321 5660 2437 5730 ﬂio
2460 5679 2600 5730 αεα,
2642 5664 2905 5735 impediett'
2926 5681 3011 5721 tne
3033 5705 3051 5735 ,
3085 5666 3143 5720 in
3165 5665 3558 5736 υπωάεειιυα
3582 5668 3741 5737 facta
3757 5682 3808 5721 es

2188 5755 2245 5809 iu
2271 5754 2438 5811 oculis
2466 5758 2615 5813 nisis.
2661 5757 2939 5829 {inpediat
2974 5760 3125 5817 enim
3151 5760 3227 5816 ita
3252 5759 3470 5816 dictum
3510 5770 3634 5827 est,
3692 5770 3807 5816 tan—
