3986 6348
287 312 431 387 i189

1231 312 1589 384 (illum.
1625 314 1694 381 ΙΝ
1731 315 1867 387 LIB.
1901 313 2224 389 IUDIGUDL
2262 346 2333 369 ην
2367 316 2500 384 LIB.
2540 316 2606 385 ii.

3433 331 3574 393 υοο

284 452 450 512 quam
469 435 539 495 ad
562 433 669 495 hoc
691 448 750 493 se
778 431 1460 505 impeditumjudicaverit,
1486 450 1557 495 ne
1577 435 1711 496 illud
1734 435 1961 507 quoqu
1982 432 2089 499 bis,
2116 445 2217 502 per
2236 446 2375 502 quas
2398 432 2558 505 longe
2595 431 2817 503 lateque
2832 431 3027 499 dim
3055 443 3161 499 est.
3194 438 3281 503 ΑΛ
3328 441 3573 504 “simque

284 529 619 601 cogitaverat
650 525 917 598 impleret.
950 524 1059 585 Sed
1093 542 1258 599 quem
1285 526 1466 599 potuit
1492 527 1734 598 cogitare
1765 526 1876 596 pri-

282 622 453 683 mitus
496 628 895 687 occurrentem,
940 618 1036 695 qui
1082 618 1223 677 tilica
1269 618 1405 679 alios
1447 634 1557 680 non
1601 617 1877 679 habebat?

280 725 367 773 An
388 712 671 786 coniugem
698 712 955 783 cogitavit
981 753 998 779 ,
1032 720 1090 769 et
1123 724 1184 773 ut
1202 713 1305 771 hoc
1332 711 1490 772 ﬁeret
1508 712 1651 771 Deus
1676 712 1871 779 noluit,

282 817 341 869 et
368 819 431 867 ut
458 824 566 867 non
589 807 922 878 relinqueret
964 805 1312 878 impunitum,
1363 819 1434 862 ne
1460 805 1583 876 quis
1617 804 1875 875 deinceps

281 901 337 958 id
365 901 590 959 auderet
615 917 631 967 ;
662 908 719 955 et
770 909 830 956 ut
854 914 1049 970 magna
1074 898 1413 970 providentia
1438 913 1508 955 ex
1532 899 1639 956 hoc
1658 912 1874 969 quoque

281 994 401 1067 ipso
427 992 573 1063 quod
611 992 827 1061 accidit,
865 999 1270 1054 sacramentum
1304 990 1562 1047 Ecclesia:
1589 990 1870 1062 ﬁguraret.

266 1085 366 1163 Ex
402 1093 635 1154 utroque
684 1084 851 1157 igitur
892 1084 1179 1156 prophetia
1225 1090 1481 1154 conpleta
1528 1090 1659 1149 ost;
1704 1097 1774 1138 ex
1809 1097 1874 1139 eo

280 1178 426 1248 quod
438 1192 640 1233 voveus
665 1176 944 1246 cogitavit,
959 1185 1017 1232 et
1039 1192 1107 1233 ex
1135 1190 1200 1233 eo
1226 1176 1374 1248 quod
1401 1175 1605 1230 nolenti
1623 1173 1872 1245 contigit.

233 1252 341 1326 iSi
364 1269 509 1329 enim
550 1267 836 1339 coniugem
871 1268 1146 1339 cogitavit,
1171 1268 1371 1339 coniux
1402 1266 1608 1323 Christi
1632 1265 1875 1322 Ecclesia

246 1338 363 1417 'est
395 1380 409 1416 :
446 1338 735 1432 Propterea
752 1338 1007 1433 relinquet
1042 1363 1197 1415 homo
1236 1338 1443 1432 patrem
1475 1369 1524 1414 et
1553 1368 1795 1425 matrem,
1824 1366 1873 1414 et

237 1444 253 1455 ’
278 1452 566 1507 αάιιωνθὸίι
597 1453 755 1507 umori
778 1467 910 1518 suat,
937 1460 987 1507 et
1008 1462 1163 1507 erunt
1187 1452 1293 1506 duo
1316 1454 1374 1507 in
1398 1467 1556 1506 carne
1580 1466 1686 1515 una
1715 1448 1869 1523 (Gen.

275 1542 363 1612 ti).
401 1540 804 1597 Sacramentum
838 1544 937 1598 hoc
964 1560 1212 1614 magnum
1238 1552 1333 1611 est,
1358 1543 1537 1614 inquit
1558 1541 1870 1613 Apostolus,

274 1648 371 1702 ego
394 1642 587 1703 ,autem
623 1633 739 1688 dico
777 1637 835 1689 in
870 1632 1082 1690 Christo
1125 1644 1174 1690 et
1221 1636 1280 1690 in
1322 1634 1562 1690 Ecclesia
1601 1634 1763 1706 (Eph.
1791 1635 1869 1705 v).

275 1721 387 1778 Sed
411 1726 536 1794 quia
570 1724 731 1797 hujus
763 1724 958 1798 Iephte
981 1726 1182 1797 conjux
1211 1728 1366 1799 virgo
1392 1743 1512 1785 esse
1539 1743 1647 1784 non
1671 1728 1867 1798 potuit,

1977 542 2108 585 vero
2123 529 2533 598 proprietatem,
2560 544 2670 587 non
2690 527 2930 586 arbitror
2945 531 3055 589 hoc
3075 532 3384 593 decrevisse
3404 538 3574 597 israe-

1975 619 2124 686 litas,
2174 620 2281 679 nisi
2311 620 2439 690 quia
2467 620 2845 691 intelligebant
2888 621 2947 679 in
2977 636 3043 679 ea
3070 638 3133 691 re
3168 622 3434 694 judicium
3474 629 3572 685 Dei

1975 712 2149 783 magis
2170 712 2242 771 ad
2286 712 2702 784 percutiendum
2728 721 2938 783 patrem
2968 707 3147 771 fuisse
3165 716 3565 790 depromptum,

1974 821 2046 862 ne
2070 804 2176 860 tale
2202 819 2403 863 vovere
2444 805 2774 865 sacriﬁcium
2809 807 3065 877 deinceps
3110 809 3252 866 ullus
3299 814 3570 870 auderet?

1974 895 2112 955 Nam
2133 912 2304 969 quare
2327 896 2508 955 luctus
2530 904 2587 955 et
2612 897 2930 959 lamentatio
2963 898 3370 968 decerneretur,
3404 903 3456 960 si
3478 919 3569 961 vo

1974 997 2091 1047 tum
2116 989 2249 1047 illud
2274 989 2476 1049 imtitim
2502 987 2643 1051 fuit?

2047 1085 2107 1141 Si
2136 1094 2318 1145 autem
2345 1094 2402 1142 et
2432 1084 2569 1146 illud
2595 1085 2741 1154 quod
2767 1084 2999 1156 populus
3020 1086 3261 1158 Ephrem
3285 1096 3474 1160 postea
3497 1092 3568 1148 ab

1972 1180 2167 1236 eodem
2193 1177 2391 1251 Iephte
2435 1177 2736 1234 debellatus
2770 1186 2876 1243 est,
2906 1178 2977 1233 ad
2997 1179 3261 1249 judicium
3298 1181 3396 1237 Dei
3422 1180 3569 1252 qtrod

1973 1272 2080 1333 erit
2100 1271 2156 1326 in
2175 1271 2283 1331 line
2310 1269 2656 1327 referendum
2675 1278 2780 1337 est,
2804 1270 2950 1331 sicut
2966 1270 3083 1341 ipse
3112 1271 3373 1328 Dominus
3393 1273 3529 1330 dicit
3546 1312 3563 1328 .

1973 1367 2083 1422 Eos
2105 1367 2197 1439 qui
2221 1366 2503 1422 noluerunt
2531 1382 2615 1422 me
2648 1382 2868 1437 regnare
2892 1366 3012 1432 sibi,
3041 1367 3291 1423 adducite
3309 1378 3360 1423 et
3399 1370 3567 1426 inter-

1971 1460 2114 1531 ﬁcite
2135 1475 2316 1514 coram
2349 1474 2432 1515 me
2459 1459 2613 1533 (Luc.
2641 1461 2761 1529 xix)
2787 1476 2803 1526 ;
2838 1473 2941 1515 nec
2967 1460 3042 1515 ibi
3075 1462 3432 1531 quadraginta
3459 1465 3567 1521 duo

1972 1552 2162 1619 millia,
2213 1566 2336 1622 quae
2385 1552 2703 1608 ceciderunt
2740 1552 2954 1607 vacanti
2982 1566 3212 1608 numero
3236 1565 3569 1611 commemo-

1972 1652 2091 1699 rata
2132 1649 2279 1698 sunt.
2307 1642 2463 1698 Sicut
2488 1642 2636 1698 enim
2683 1641 2758 1696 illi
2784 1641 2894 1697 duo
2927 1656 3149 1697 menses
3166 1650 3391 1714 propter
3408 1656 3569 1700 sexa-

1972 1737 2121 1808 ginta
2152 1737 2269 1792 dies
2298 1735 2575 1791 senarium
2625 1748 2915 1790 numerum
2960 1748 3057 1790 sex
3098 1743 3320 1790 a-tatum
3348 1734 3569 1808 signiti—

275 1813 334 1869 in
354 1830 421 1870 eo
446 1817 591 1887 quod
614 1816 724 1873 illia
751 1819 934 1889 potius
954 1819 1220 1885 occurrit,
1251 1827 1308 1874 et
1330 1819 1502 1874 inulta
1532 1834 1641 1874 non
1664 1834 1873 1874 reman-
1896 1818 1947 1887 B
1972 1838 2122 1895 cam,
2152 1828 2230 1883 ita
2270 1834 2328 1884 et
2372 1827 2449 1882 ibi
2483 1827 2664 1883 sexies
2686 1827 3033 1896 septenarius
3054 1826 3252 1882 ductus
3272 1825 3379 1881 hoc
3420 1826 3566 1883 idem

273 1906 370 1972 sit,
398 1909 732 1978 prohibitum
770 1909 1095 1966 sacriﬁcium
1122 1911 1368 1967 voveatis
1408 1910 1652 1977 audacia,
1683 1918 1739 1966 et
1762 1910 1865 1965 vir-

271 1998 473 2069 ginitas
502 1999 760 2056 Ecclesia
804 2000 1034 2073 ﬁgurata
1059 2010 1165 2057 est.
1206 1999 1319 2056 Nec
1359 2001 1619 2056 abhorret
1654 2014 1686 2054 a
1710 2014 1861 2066 vero,

271 2091 421 2159 quod
446 2090 574 2147 ﬁlia:
608 2092 829 2148 nomine
856 2092 1045 2147 eadem
1071 2091 1406 2163 signiﬁcatur
1426 2090 1688 2148 Ecclesia.
1726 2090 1864 2146 Nam

271 2181 431 2252 cujus
455 2182 683 2240 alterius
706 2194 891 2256 typum
920 2187 1143 2256 gerebat
1185 2186 1350 2240 etiam
1376 2185 1466 2242 illa
1492 2184 1689 2239 mulier
1708 2223 1726 2251 ,
1776 2182 1866 2239 cui

268 2277 398 2339 post
427 2278 632 2327 tactam
670 2272 942 2330 ﬁmbriam
993 2289 1149 2330 suam
1174 2282 1413 2341 sanetae,
1451 2274 1529 2329 ait
1568 2273 1861 2329 Dominus:

270 2357 441 2426 Filia,
485 2362 617 2431 ﬁdes
644 2373 738 2417 tua
767 2373 815 2418 te
840 2365 1042 2419 salvam
1065 2364 1229 2436 fecit;
1255 2366 1386 2421 vade
1409 2366 1466 2420 in
1493 2380 1621 2435 pace
1643 2364 1862 2437 (Matth.

271 2450 373 2524 rx).
422 2451 492 2507 Et
514 2462 665 2509 certe
689 2455 833 2510 unde
879 2455 1058 2512 nullus
1086 2456 1353 2527 ambigit,
1394 2455 1686 2525 discipulos
1737 2471 1866 2513 suos

1967 1922 2181 1992 ﬁgurat,
2238 1928 2502 1990 quantum
2546 1920 2618 1975 ad
2665 1934 2761 1975 sex
2810 1927 3002 1974 aetates
3053 1917 3237 1974 saeculi
3286 1917 3561 1990 pertinet;

1967 2013 2145 2070 sexies
2174 2013 2320 2069 enim
2354 2019 2561 2083 septem
2589 2011 2951 2083 quadraginta
2978 2010 3084 2066 duo
3114 2016 3282 2076 sunt;
3318 2024 3420 2066 nec
3448 2008 3565 2065 fru-

1968 2117 2085 2167 stra
2122 2116 2178 2166 et
2199 2109 2313 2180 ipse
2338 2106 2533 2180 Iephte
2561 2122 2658 2163 sex
2692 2105 2852 2161 annis
2872 2103 3129 2176 populum
3147 2102 3428 2175 judicavit.

2555 2214 2786 2275 CAPUT
2822 2215 2963 2273 XVI.

1967 2326 2047 2389 De
2068 2325 2267 2401 Manus
2294 2337 2343 2401 et
2359 2330 2657 2401 _ua:ore_ejus
2680 2328 2865 2401 sterili,
2897 2328 3087 2401 quibus
3111 2327 3335 2401 angelus
3350 2326 3563 2401 Domini

2037 2398 2277 2473 promisit
2309 2396 3088 2473 ﬁliumﬁamsonjlazarwum
3124 2396 3357 2473 Domini,
3407 2407 3477 2473 et‘
3499 2398 3565 2451 de

2038 2465 2509 2540 'holocaust'qquod
2536 2469 2678 2524 idem
2722 2465 2921 2524 Manus
2960 2469 3026 2524 ab
3048 2468 3233 2540 angelo
3262 2469 3564 2524 admonitus

271 2542 391 2615 ipse
417 2545 603 2616 sponsi
632 2545 771 2603 ﬁlios
801 2549 1112 2619 appellavit,
1156 2564 1219 2606 se
1243 2550 1588 2623 apertissime
1616 2550 1865 2606 indicans

2042 2539 2296 2609 oferebat
2325 2539 2458 2593 Deo.

270 2649 533 2706 sponsum
565 2652 579 2690 :
619 2632 746 2692 Non
772 2647 1012 2708 possunt,
1062 2639 1260 2710 inquit,
1278 2640 1521 2711 jejunare
1541 2640 1641 2710 ﬁlii
1662 2642 1862 2712 sponsi,

2041 2650 2196 2724 (Car.
2226 2651 2373 2723 xm.)
2403 2648 2538 2705 Erat
2564 2660 2744 2705 autem
2771 2650 2854 2706 vir
2871 2649 3088 2722 quidam
3116 2652 3183 2705 de
3203 2650 3398 2716 Sarno,
3429 2659 3479 2704 et
3501 2649 3567 2705 de

268 2728 509 2799 quandiu
529 2745 648 2784 cum
674 2728 782 2785 illis
801 2741 877 2785 est
899 2748 1143 2803 sponsus.
1185 2730 1365 2789 Veniet
1392 2744 1568 2791 autem
1592 2734 1724 2801 dies,
1745 2750 1866 2789 cum
1968 2740 2129 2812 stirpe
2163 2739 2302 2805 Dan,
2335 2739 2547 2795 nomine
2569 2738 2791 2806 Mamre,
2820 2739 3017 2794 habens
3057 2754 3276 2793 umorem
3314 2737 3563 2794 sterilem.
3635 2732 3639 2739 ’

272 2817 549 2886 aufem”?
592 2820 658 2874 Ib
688 2820 763 2876 εδδ
787 2838 1036 2893 sponsus,
1065 2832 1115 2879 et
1146 2832 1270 2879 tunc
1289 2824 1613 2895 jejunabunt
1649 2822 1863 2896 (Ibid.).
1968 2828 2074 2886 Cui
2105 2829 2353 2902 apparuit
2387 2827 2606 2900 angelus
2629 2827 2863 2894 Domini,
2912 2835 2962 2882 et
3000 2827 3136 2882 dixit
3161 2826 3230 2881 ad
3261 2840 3376 2882 eum
3401 2844 3414 2881 :
3454 2824 3568 2881 Sto-

270 2908 690 2973 Holocaustoma
715 2928 846 2986 ergo
867 2915 971 2970 erit
990 2915 1251 2983 Ecclesia,
1274 2930 1438 2986 quam
1461 2916 1711 2987 uirginem
1740 2916 1868 2972 bea-
1968 2922 2085 2977 ritis
2123 2937 2210 2989 es,
2259 2931 2308 2977 et
2352 2921 2548 2992 absque
2597 2919 2816 2985 liberis;
2877 2917 2970 2975 sed
3009 2918 3269 2990 concipies
3312 2928 3360 2973 et
3392 2917 3568 2989 partes

269 3012 364 3058 tus
385 3003 679 3076 Apostolus
700 3007 937 3076 appellat
967 3006 1054 3080 (ΙΙ
1084 3008 1208 3063 Cor.
1240 3014 1326 3079 ιι),
1353 3009 1573 3080 quando
1599 3008 1655 3063 in
1685 3023 1868 3065 resun-
1971 3015 2167 3089 ﬁlium.
2203 3013 2342 3069 Cave
2373 3028 2497 3085 ergo
2546 3029 2611 3068 ne
2640 3013 2821 3067 vinum
2870 3011 3038 3078 bibas,
3075 3027 3135 3065 ac
3186 3012 3428 3077 siceram,
3477 3022 3570 3065 nec

270 3097 515 3153 rectione
543 3106 885 3155 mortuorum
915 3099 1009 3156 iiet
1028 3101 1086 3156 in
1114 3101 1392 3169 universa,
1424 3104 1569 3172 quod
1604 3103 1868 3172 scriptum
1972 3106 2305 3163 immundum
2341 3104 2632 3177 quidquam
2658 3103 2940 3170 comedas;
2968 3103 3095 3175 quia
3117 3103 3376 3174 concipies
3402 3111 3453 3158 et
3475 3118 3573 3174 pa-

269 3198 401 3246 est:
441 3182 701 3265 Absorpta
739 3201 815 3249 est
838 3211 979 3250 mors
1000 3196 1059 3250 in
1089 3196 1307 3251 victoria
1334 3210 1355 3249 :
1400 3204 1527 3252 tunc
1571 3197 1742 3253 tradet
1784 3213 1869 3253 re-
1892 3179 1941 3245 c
1974 3200 2078 3254 ries
2108 3197 2301 3268 ﬁlium,
2357 3196 2514 3266 cujus
2565 3212 2671 3251 non
2712 3203 2887 3265 tanget
2933 3202 3089 3266 caput
3128 3193 3425 3261 meacula;
3471 3194 3571 3249 erit

268 3302 432 3357 gnum
457 3286 569 3343 Deo
603 3297 653 3343 et
699 3286 856 3344 Patri
878 3288 931 3363 (1
968 3288 1091 3346 Cor.
1123 3290 1240 3363 xv).
1295 3290 1451 3358 Quod
1479 3306 1707 3364 regnum
1752 3292 1869 3363 ipsa
1971 3293 2111 3346 enim
2160 3289 2461 3344 Nazarwus
2486 3287 2585 3341 Dei
2627 3287 2692 3341 ab
2750 3286 2978 3356 infantia
3023 3302 3145 3351 sua,
3189 3293 3239 3340 et
3278 3301 3346 3341 es:
3387 3284 3573 3340 matris

270 3379 521 3435 Ecclesia
557 3391 666 3448 est,
704 3398 803 3436 rex
829 3383 947 3452 ipse
969 3382 1127 3453 cujus
1154 3382 1385 3455 ﬁguram
1420 3398 1624 3440 voveus
1646 3384 1739 3439 ille
1779 3398 1872 3455 ge-

269 3470 475 3526 stabat.
531 3468 638 3525 Sed
666 3471 925 3541 quoniam
953 3479 1084 3527 tunc
1117 3472 1230 3538 ﬁet,
1269 3488 1397 3528 cum
1414 3474 1684 3543 completa
1705 3474 1873 3530 fuerit

271 3569 429 3617 sexta
452 3568 606 3627 tetas,
644 3560 768 3616 ideo
791 3561 1074 3633 sexaginta
1098 3562 1311 3617 dierum
1332 3578 1365 3617 a
1386 3562 1702 3634 virginitate
1736 3564 1872 3618 dila—

273 3653 355 3707 tio
374 3652 648 3723 postulata
674 3662 780 3710 est.
818 3654 901 3708 Ex
943 3645 1198 3711 omnibus
1228 3654 1427 3732 quippe
1470 3655 1724 3710 aetatibus
1771 3655 1873 3710 Ec-

272 3746 442 3802 clesia
471 3757 849 3821 congregatur.
901 3748 1141 3816 Quarum
1166 3750 1345 3822 prima
1384 3757 1471 3807 est
1491 3749 1560 3805 ab
1585 3749 1761 3804 Adam
1782 3764 1874 3804 us-

272 3853 385 3910 que
415 3839 482 3893 1111
510 3838 771 3895 diluvium
796 3855 811 3906 ;
866 3841 1105 3896 secunda
1137 3855 1167 3895 a
1193 3839 1418 3908 diluvio,
1471 3841 1526 3896 id
1552 3850 1667 3908 est,
1702 3855 1734 3895 a
1760 3840 1875 3896 Noe

273 3945 452 4000 usque
478 3931 544 3984 ad
571 3929 883 3997 Abraham;
934 3932 1098 3987 tertia
1147 3932 1218 3988 ab
1267 3932 1543 3987 Abraham
1598 3948 1770 4003 usque
1806 3932 1875 3988 ad

273 4024 451 4081 David
475 4038 489 4090 ;
523 4031 716 4094 quarta
738 4023 951 4079 aDavid
971 4039 1143 4095 usque
1167 4026 1235 4081 ad
1262 4024 1795 4095 transmigrationem
1820 4024 1875 4079 in

274 4115 662 4188 Babyloniam;
687 4118 872 4188 quinta
889 4119 957 4174 ab
981 4120 1082 4175 hac
1106 4120 1587 4190 transmigratione
1614 4133 1787 4190 usque
1809 4120 1877 4175 ad

273 4212 520 4283 Virginis
549 4221 805 4283 partum;
861 4223 1014 4270 sexta
1049 4214 1174 4271 inde
1202 4228 1375 4286 usque
1404 4215 1459 4270 in
1507 4214 1668 4285 huius
1694 4214 1877 4271 saeculi

276 4305 465 4361 ﬁnem.
505 4303 610 4361 Per
639 4320 774 4376 quas
820 4321 916 4362 sex
940 4314 1128 4362 aetates
1154 4314 1413 4378 tanquam
1457 4320 1556 4377 per
1599 4307 1879 4376 sexaginta

279 4395 398 4452 dies
421 4395 570 4451 ﬁevit
595 4406 784 4453 sancta
806 4398 960 4469 virgo
989 4396 1234 4453 Ecclesia
1286 4394 1572 4469 virginaiia
1608 4410 1725 4461 sua,
1750 4394 1877 4467 quia

276 4490 413 4545 licet
452 4491 737 4561 virginalis
760 4533 774 4557 ,
824 4501 1010 4548 tamen
1044 4492 1263 4549 fuerant
1304 4500 1530 4563 peccata
1589 4488 1875 4557 deﬂenda;

1967 3392 2140 3449 utero,
2182 3390 2233 3436 et
2281 3381 2394 3452 ipse
2426 3379 2640 3450 incipiet
2688 3377 2913 3434 liberare
2943 3378 3117 3434 Israel
3147 3378 3212 3433 de
3249 3393 3414 3433 manu
3443 3375 3575 3432 Plri-

1971 3473 2296 3528 listinorum.
2345 3472 2525 3539 Quieti
2545 3478 2727 3542 potest
2750 3472 3021 3539 quomodo
3042 3470 3240 3525 dixerit
3258 3468 3484 3539 angelus
3504 3469 3589 3525 ad

1970 3575 2205 3620 matrem
2256 3563 2518 3627 Samson,
2576 3575 2703 3615 cum
2746 3561 3094 3615 annuntiaret
3133 3560 3184 3613 ei
3222 3559 3396 3613 ﬁlium
3420 3557 3573 3615 fatu--

1973 3670 2118 3721 rum,
2171 3654 2299 3725 quia
2329 3652 2532 3708 sterilis
2552 3658 2712 3707 erat:
2746 3649 2817 3704 Et
2842 3665 2982 3704 nunc
3010 3649 3244 3716 observa,
3275 3658 3325 3703 et
3355 3664 3461 3704 non
3503 3648 3579 3703 bi-

1977 3747 2069 3801 bas
2106 3746 2284 3800 rinum
2312 3753 2363 3799 et
2394 3744 2642 3811 siceram,
2681 3758 2789 3797 non
2824 3740 3111 3796 mendaces
3157 3756 3309 3795 omne
3350 3740 3580 3795 immun-

1975 3839 2125 3894 dum.
2165 3836 2309 3905 Quid
2329 3844 2415 3893 est
2440 3835 2589 3892 enim
2608 3835 2966 3899 immundum,
2999 3833 3104 3888 nisi
3124 3831 3266 3888 forte
3294 3831 3577 3888 dissolutio

1979 3931 2297 4002 disciplinae,
2329 3944 2451 4001 qua).
2477 3943 2600 3985 esse
2619 3934 2862 3998 eruperat
2883 3927 2939 3981 iu
2968 3924 3152 3992 israel,
3180 3932 3238 3981 et
3269 3923 3384 3994 jam
3423 3925 3489 3979 ad
3511 3938 3577 3979 ea

1977 4021 2356 4082 manducando
2383 4036 2478 4077 eos
2505 4019 2864 4085 labefecerat,
2912 4032 3034 4088 quae
3057 4016 3414 4089 prohibuerat
3434 4015 3578 4071 Deus

1980 4116 2036 4171 in
2076 4114 2367 4187 generibus
2412 4110 2770 4166 animalium?
2817 4110 2927 4165 Cur
2971 4108 3117 4164 enim
3167 4124 3278 4165 non
3323 4109 3579 4164 credatur

1979 4210 2147 4265 etiam
2174 4210 2279 4264 hoc
2299 4223 2395 4265 eos
2423 4207 2594 4263 multo
2636 4205 2931 4278 proclivius
2965 4203 3147 4258 facere
3170 4203 3434 4274 potuisse,
3483 4201 3578 4279 qui

1983 4303 2149 4359 etiam
2169 4302 2238 4357 ad
2262 4300 2468 4356 cultum
2497 4298 2765 4354 idolorum
2788 4293 3364 4368 transgrediebantur?

2055 4395 2189 4463 Qum
2217 4409 2337 4448 cum
2358 4392 2576 4448 venisset
2599 4390 2669 4444 ad
2704 4390 2958 4443 maritum
2987 4399 3167 4450 suum,
3209 4383 3345 4437 dixit
3363 4384 3449 4436 ei:
3488 4378 3583 4438 Vir

1985 4488 2083 4543 Dei
2121 4489 2258 4543 venit
2286 4486 2355 4541 ad
2380 4501 2481 4550 me,
2508 4483 2704 4538 habens
2734 4480 2933 4534 vultum
2962 4475 3276 4549 angelicum,
3330 4473 3579 4535 terribilis

277 4590 506 4657 propter
553 4596 673 4652 quae
718 4583 973 4638 universa
1026 4584 1140 4653 ipsa
1172 4562 1325 4653 virgo
1356 4591 1472 4637 toto
1500 4584 1632 4638 orbe
1683 4582 1877 4639 diii‘usa
1905 4562 1959 4629 Ῐ)
1986 4582 2161 4637 nimis.
2197 4578 2365 4645 Quem
2394 4592 2514 4631 cum
2550 4576 2953 4644 interrogassent
2994 4568 3114 4643 quis
3153 4574 3308 4637 esset,
3348 4574 3403 4621 et
3438 4568 3578 4625 unde

280 4672 526 4744 quotidie
563 4671 695 4727 dicit
722 4688 735 4726 :
768 4672 986 4726 Dimitte
1016 4672 1164 4728 nobis
1192 4672 1367 4727 debita
1413 4680 1613 4726 nostra.
1643 4672 1877 4733 Eosdem

283 4772 466 4820 autem
496 4764 773 4836 sexaginta
802 4762 917 4820 dies
947 4767 1082 4820 duos
1116 4776 1336 4820 menses
1364 4763 1555 4819 maluit
1587 4764 1878 4835 appellare,

284 4870 549 4930 quantum
573 4859 843 4925 existimo,
875 4866 1096 4930 propter
1116 4856 1252 4913 duos
1274 4857 1558 4921 homines;
1588 4872 1756 4911 unum
1782 4872 1880 4931 per

285 4966 453 5031 quem
495 4968 664 5019 mors,
706 4952 937 5007 alterum
965 4966 1064 5023 per
1087 4967 1252 5023 quem
1276 4950 1607 5008 resurrectio
1640 4957 1883 5009 mortuo-

284 5058 456 5109 rum;
512 5051 733 5123 propter
770 5058 907 5114 quos
951 5034 1118 5099 etiam
1164 5042 1273 5100 duo
1325 5051 1647 5100 testamenta
1695 5042 1887 5099 dicun-

282 5143 401 5190 1111.

365 5225 520 5293 Quod
540 5238 671 5289 vero
714 5222 919 5281 factum
953 5229 1039 5281 est
1078 5222 1135 5280 in
1181 5230 1455 5296 praecepto
1494 5222 1550 5278 in
1597 5222 1764 5278 israel
1818 5235 1886 5277 ex

294 5320 485 5379 diebus
509 5318 561 5379 in
587 5318 702 5382 dies
736 5317 1133 5377 conveniebant
1156 5315 1443 5375 lamentari
1491 5314 1657 5379 ﬁliam
1691 5312 1887 5390 Iephte

292 5409 616 5469 Galaaditen
651 5417 885 5483 quatuor
912 5407 1029 5464 dies
1072 5409 1125 5464 in
1154 5424 1317 5480 anno,
1366 5423 1475 5465 non
1509 5417 1641 5477 puto
1681 5405 1888 5479 signiﬁ-

293 5518 426 5561 care
451 5501 651 5574 aliquid
677 5510 799 5577 post
824 5501 1104 5577 impletum
1126 5500 1533 5558 holocaustoma
1557 5540 1572 5569 ,
1609 5500 1753 5571 quod
1780 5498 1889 5557 erit

297 5598 467 5654 vitam
488 5604 781 5662 aeternam;
812 5597 909 5654 sed
936 5592 1211 5671 praeterita
1236 5603 1480 5669 tempora
1520 5594 1797 5663 Ecclesiae,
1831 5593 1890 5657 in

299 5690 499 5764 quibus
530 5698 688 5749 erant
712 5689 856 5753 beati
886 5690 1149 5764 lugentes.
1202 5688 1505 5761 Quatriduo
1532 5696 1712 5753 enicat
1759 5688 1890 5761 ﬁgu-

303 5791 427 5840 rata
449 5790 535 5841 est
558 5779 680 5855 ejus
707 5778 1033 5840 universitas
1057 5789 1282 5855 propter
1319 5790 1554 5855 quatuor
1592 5791 1774 5855 partes
1800 5798 1891 5839 or-

1985 4671 2226 4735 uenisset,
2261 4678 2310 4723 et
2335 4683 2440 4738 quo
2462 4664 2670 4720 nomine
2698 4672 2991 4727 vocaretur,
3028 4658 3197 4714 noluit
3218 4658 3347 4717 mihi
3384 4658 3574 4715 dicere.

1988 4760 2143 4837 Quod
2171 4768 2349 4815 mater
2399 4756 2631 4813 Samson
2666 4754 2787 4809 viro
2822 4767 2923 4813 suo
2952 4750 3198 4807 indicans
3230 4750 3579 4827 quemadmo-

1991 4857 2119 4910 dum
2142 4851 2218 4906 illi
2254 4850 2477 4922 angelus
2504 4848 2908 4905 annuntiaverit
2931 4844 3099 4903 lilium
3136 4842 3377 4900 futurum
3399 4842 3573 4902 dixit:

1994 4944 2063 4999 Et
2088 4943 2474 5015 interrogabam
2497 4958 2619 4999 eum
2660 4939 2800 4996 unde
2823 4948 2976 5009 esset,
3008 4949 3057 4993 et
3081 4954 3270 4993 nomen
3296 4954 3451 4999 suum
3474 4954 3579 4993 non

1991 5036 2327 5097 annuntiavit
2350 5033 2500 5103 mihi,
2532 5033 2703 5104 quaeri
2729 5040 2910 5104 potest
2941 5038 3121 5091 utrum
3150 5044 3337 5084 verum
3357 5027 3576 5095 dixerit,

1994 5129 2252 5203 quoniam
2288 5143 2397 5183 non
2432 5126 2649 5197 legitur,
2706 5139 2827 5179 cum
2858 5123 2908 5179 ei
2955 5120 3178 5193 angelus
3226 5119 3580 5190 loqueretur?

1995 5221 2105 5285 Sed
2140 5217 2548 5292 intelligendum
2579 5224 2664 5273 est
2695 5215 2799 5275 hoc
2835 5214 2910 5273 ibi
2941 5210 3279 5285 Scripturam
3324 5212 3575 5277 tacuisse,

1994 5312 2086 5380 hic
2115 5322 2297 5379 autern
2325 5322 2780 5368 commemorasse
2826 5305 2969 5379 quod
3016 5303 3090 5367 ibi
3138 5311 3401 5365 tacuerat.
3445 5301 3582 5365 Illud

1995 5410 2161 5471 etiam
2187 5408 2334 5481 quod
2358 5420 2468 5462 non
2495 5406 2609 5463 ait:
2643 5399 2971 5472 Interrogavi
3001 5413 3120 5459 eum
3140 5398 3269 5470 quid
3292 5407 3580 5463 vocaretur.

1999 5511 2049 5558 et
2077 5516 2264 5559 nomen
2290 5514 2445 5555 suum
2475 5512 2578 5557 non
2599 5491 2927 5555 annuntiavit
2951 5490 3100 5557 mihi,
3132 5489 3228 5553 sed
3252 5489 3330 5551 ait
3356 5505 3367 5542 :
3408 5485 3585 5551 Inter-

1996 5593 2176 5669 rogavi
2200 5592 2338 5651 unde
2363 5600 2516 5658 esset,
2560 5589 2773 5651 videtur
2796 5586 3193 5653 inconsequens
3219 5578 3366 5654 quod
3394 5577 3579 5643 addit:

1996 5687 2065 5742 Et
2087 5703 2277 5742 nomen
2294 5701 2449 5747 suum
2477 5701 2583 5745 non
2601 5678 2929 5743 annuntiauit
2958 5675 3088 5735 mihi
3100 5691 3121 5742 ;
3170 5688 3281 5735 non
3305 5672 3451 5735 enim
3485 5686 3587 5735 no-

1997 5796 2125 5838 men
2148 5780 2267 5853 ejus
2306 5778 2766 5849 interrogaverat,
2797 5785 2921 5827 cum
2944 5777 3215 5840 quaereret
3254 5763 3397 5822 unde
3436 5766 3592 5847 esset,
