3986 6348
484 340 619 400 “Ol

1119 335 1182 390 Β.
1220 329 1477 390 RABANI
1512 328 1735 390 Iit-Ulli
1768 322 2089 387 ARCHIBP'.
2124 320 2441 385 HOOUNT.
2477 313 2763 382 Μ
2794 320 2973 379 PARS
3008 322 3052 379 Ι.

3590 320 3746 382 ll”

479 452 575 508 sed
618 450 798 507 locum
835 445 926 503 vel
969 442 1265 510 civitatem,
1314 458 1441 500 cum
1492 444 1765 500 hominem
1814 448 2050 512 pinu-et.
2079 446 2143 506 A‘
2226 438 2461 509 altaque
2498 437 2799 492 «canderet
2828 438 3051 506 ﬂama
3080 432 3595 506 duris'incclus,
3645 456 3753 494 as-

480 536 993 597 Namethominem
1030 532 1625 603 Dsieumsppellavlt,
1666 531 2053 601 speciosam

478 630 565 687 vel
590 628 784 685 habitu
829 624 1020 698 angelo
1049 624 1316 689 similem,
1344 624 1447 680 hoc
1474 632 1591 687 est,
1623 623 1752 693 quis
1779 630 1889 679 tam
1917 637 2058 693 pm-

477 722 685 785 clu'um
719 719 875 786 vidit,
922 718 1063 775 sicut
1096 718 1213 789 ipsa
1243 718 1503 773 narravit.
1546 716 1655 772 Sed
1696 717 1743 771 si
1771 716 1847 773 ita
1870 716 2059 772 disti-

479 823 719 888 gualur:
772 811 846 867 Et
872 808 1258 880 interrogabam
1285 824 1404 863 eum
1449 806 1590 863 unde
1628 815 1759 864 esset
1786 816 2053 861 et‘nonsen

476 923 654 973 suum,
675 913 741 963 ut
762 901 1140 966 mrbudiatur,
1165 900 1552 970 interrogabant
1597 917 1737 966 eum,
1762 907 1842 956 et
1856 908 2056 970 .possea

478 998 766 1061 inferatur,
794 1010 901 1049 non
928 991 1255 1048 auunutt'asit
1296 990 1444 1056 mihi,
1484 1005 1592 1047 non
1615 991 1779 1046 habet
1802 990 2059 1060 questio-

476 1102 646 1147 nem:
698 1085 1082 1151 adntmmquo
1122 1081 1275 1136 enim
1323 1080 1516 1136 relerri
1560 1088 1743 1151 potest
1783 1080 1930 1150 quod
1950 1080 2054 1147 ait,

480 1176 610 1232 Non
661 1173 991 1231 annuntiacit
1036 1171 1186 1237 mihi,
1236 1171 1292 1227 id
1317 1178 1434 1237 est,
1462 1172 1606 1227 unde
1632 1179 1797 1237 esset,
1826 1185 1931 1228 nec
1957 1185 2058 1226 no:-

480 1281 607 1331 nten
637 1282 815 1323 suum.
847 1261 2059 1334 Sedhocrespondit:Ecceconcipiesetpa-

480 1357 792 1425 fies/ilium.
846 1353 983 1411 Cass
1007 1370 1071 1409 ae
1100 1355 1278 1411 viuum
1311 1353 1457 1411 bibas
1492 1369 1554 1408 ac
1600 1356 1846 1419 siceram,
1900 1362 1949 1407 et
1994 1370 2061 1408 sse

479 1446 655 1519 aliqua
679 1446 901 1505 vescaris
942 1444 1242 1509 inﬂando;
1284 1445 1384 1499 erit
1408 1444 1547 1499 enim
1584 1460 1715 1515 puer
1763 1442 2059 1499 Nascuntur

477 1537 575 1603 Dei
596 1536 913 1607 abinfautia
946 1553 1072 1603 sua,
1097 1545 1149 1592 et
1174 1552 1240 1591 ea
1262 1545 1411 1595 utero
1437 1536 1625 1590 matris
1651 1535 1902 1606 usquead
1921 1534 2059 1591 diem

478 1630 658 1683 mortis
689 1644 822 1693 sua,
843 1635 902 1685 et
922 1635 1138 1683 cetera.
1168 1626 1307 1689 item
1351 1625 1495 1695 quod
1515 1626 1594 1681 ait
1631 1626 1823 1683 eadem
1845 1625 2060 1682 mulier

478 1718 682 1775 dictum
733 1718 836 1779 sibi
883 1732 1004 1775 esse
1067 1717 1405 1788 abangelo,
1453 1717 1713 1787 quoniam
1763 1716 2059 1773 Nasaraus

2156 530 2302 603 gelus
2330 525 2544 584 Domini
2570 529 2628 582 in
2654 530 2871 599 ﬂamma
2902 527 3099 597 pariter
3134 526 3389 581 ascendit.
3415 527 3587 593 Quod
3616 542 3750 584 ο.

2154 620 2997 689 vidissemﬂanuestuaorejus,
3034 620 3511 690 pronieeeiderssnt
3546 624 3751 677 inte!IL

2155 730 2287 779 rant,
2324 723 2374 768 et
2401 712 2544 766 ultra
2585 729 2688 767 non
2710 712 2785 766 eis
2805 711 3047 781 apparuit
3072 711 3286 782 angelus
3323 711 3565 768 Domini.
3611 714 3779 770 Su...

2154 807 2348 876 timque
2370 802 2624 858 intellexit
2646 802 2841 857 Manus
2867 802 3113 873 angelum
3124 801 3344 857 Domini
3364 821 3499 871 esse,
3525 814 3575 859 et
3600 806 3747 860 dixit

2154 897 2225 951 ad
2260 911 2488 953 mrem
2535 908 2684 951 suam
2716 893 2935 949 :Horts
2978 894 3286 960 morimur,
3338 897 3467 966 quia
3507 896 3747 953 uidimus

2153 986 2464 1051 Dominum,
2506 993 2563 1041 et
2596 984 2823 1054 reliqua.
2876 982 3017 1050 Quid
3042 983 3147 1039 sibi
3171 984 3288 1039 vult
3338 986 3483 1058 quod
3522 997 3746 1058 postea-

2155 1092 2318 1148 quam
2347 1076 2724 1133 manifestatus
2752 1078 2837 1130 est
2864 1073 3057 1129 Iamne
3090 1084 3149 1128 et
3173 1065 3332 1130 uxori
3358 1075 3479 1146 ejus
3506 1079 3742 1149 angelus

2157 1170 2247 1240 qui
2287 1184 2410 1224 cum
2457 1168 2540 1223 eis
2586 1166 2927 1237 loquebatur,
2980 1165 3118 1220 dixit
3149 1165 3292 1221 idem
3341 1166 3532 1223 Manue
3582 1170 3746 1226 uxori

2157 1274 2267 1316 suae
2294 1277 2307 1313 :
2339 1258 2509 1313 Morte
2542 1259 2847 1322 moriemur,
2888 1256 3135 1326 quoniam
3173 1256 3345 1312 licunt
3384 1258 3643 1326 uidimus;
3670 1277 3745 1317 ex

2157 1351 2251 1406 illa
2293 1349 2501 1406 scilicet
2526 1347 2661 1419 legis
2695 1346 2963 1402 sententia
3006 1346 3098 1402 ubi
3126 1349 3387 1418 scriptum
3414 1359 3533 1406 est:
3569 1350 3745 1407 Nam

2157 1446 2320 1510 potest
2341 1441 2528 1510 faciem
2550 1454 2719 1492 meam
2746 1436 2919 1490 videre
2961 1443 3011 1489 et
3052 1436 3224 1492 sicne
3271 1436 3473 1509 (Exod.
3512 1441 3743 1513 mm).
3776 1442 3779 1447 “

2160 1531 2531 1603 Opinabantur
2564 1545 2692 1601 ergo
2714 1537 2774 1584 ut
2800 1527 3046 1584 homines
3074 1528 3246 1585 Deum
3273 1544 3333 1586 se
3357 1533 3563 1589 vidisse
3588 1542 3746 1589 tanto

2160 1623 2348 1694 utique
2372 1622 2637 1679 miraculo
2663 1621 2826 1687 facto,
2864 1620 3017 1697 quod
3058 1622 3113 1676 in
3136 1622 3259 1692 igne
3285 1622 3543 1679 sacriﬁcii
3574 1627 3747 1691 stetit,

2162 1713 2255 1783 qui
2308 1728 2430 1768 cum
2477 1713 2584 1768 illis
2635 1714 2787 1783 prius
2824 1714 2978 1785 quasi
3024 1713 3188 1768 homo
3234 1710 3583 1781 loquebatur.
3644 1714 3748 1769 Sed

477 1806 578 1863 Dei
619 1810 718 1864 erit
764 1824 893 1879 puer
916 1848 932 1874 ,
980 1825 1016 1863 a
1038 1816 1211 1864 ventre
1244 1825 1407 1879 usque
1446 1808 1517 1863 ad
1542 1808 1680 1863 diem
1704 1809 1885 1865 mortis
1922 1823 2055 1874 sua,
2084 1805 2329 1887 BDeum
2359 1805 2415 1859 in
2437 1804 2650 1875 angelo,
2694 1822 2762 1860 an
2789 1805 2958 1861 Deum
2986 1805 3166 1876 ipsum
3208 1804 3457 1874 angelum
3503 1805 3747 1875 appella-

479 1914 589 1954 non
617 1899 813 1971 legitur
854 1900 922 1955 ab
965 1899 1157 1971 angelo
1184 1900 1411 1957 dictum.
1456 1899 1527 1955 Et
1561 1902 1706 1969 quod
1738 1900 1937 1971 legitur
1978 1900 2062 1959 dir-

480 1997 629 2045 ctum
670 2005 682 2042 :
724 1987 846 2059 Ipse
894 1989 1103 2060 incipiet
1148 1989 1352 2045 salvum
1382 1989 1555 2060 facere
1581 1989 1749 2045 Israel
1786 1991 1854 2046 de
1897 2006 2060 2046 manu

483 2078 825 2145 Pltilistltiim,
864 2096 977 2136 non
996 2088 1081 2137 est
1104 2096 1135 2137 a
1164 2081 1391 2141 muliere
1427 2092 1934 2141 commemoratum.
1982 2082 2095 2158 Ita.

478 2178 535 2225 et
560 2171 765 2243 aliquid
802 2187 913 2226 non
955 2172 1092 2228 dixit
1130 2173 1275 2243 quod
1310 2173 1553 2240 audivit;
1595 2182 1652 2230 et
1701 2181 1885 2231 tamen
1927 2171 2063 2233 nihil

478 2262 746 2319 credenda
772 2271 856 2319 est
878 2264 1077 2319 dixisse
1099 2265 1243 2333 quod
1263 2279 1374 2321 non
1397 2264 1638 2330 audivit;
1683 2266 1781 2321 sed
1818 2264 2062 2335 Scriptu-

482 2367 600 2407 ram
627 2354 810 2423 potius
855 2371 963 2411 non
991 2355 1175 2410 omnia
1194 2356 1361 2411 verba
1408 2354 1584 2423 angeli
1612 2354 1873 2425 posuisse,
1936 2369 2062 2410 cum

483 2441 661 2511 ipsum
696 2442 909 2498 mulieri
946 2443 1259 2515 loquentem
1300 2445 1569 2500 insereret
1594 2445 1914 2501 narrationi.
1937 2443 2063 2500 Ideo

484 2542 666 2590 autem
710 2534 911 2590 dictum
937 2544 1021 2590 est
1051 2534 1137 2591 :A
1180 2544 1353 2591 uentre
1384 2552 1546 2605 usque
1581 2536 1652 2590 ad
1698 2536 1838 2593 diem
1879 2538 2062 2591 mortis

480 2640 611 2690 suae,
662 2624 789 2693 quia
833 2622 1075 2680 Nazarzei
1120 2625 1440 2681 dicebantur
1487 2626 1542 2681 in
1568 2624 1705 2698 lege,
1757 2626 1828 2681 ad
1856 2635 2065 2697 tempus

480 2714 573 2785 qui
615 2723 802 2769 votum
840 2716 1136 2782 habebant,
1193 2718 1492 2774 secundum
1519 2733 1584 2773 ea
1627 2733 1747 2787 quae
1782 2717 2062 2788 Scriptura

479 2818 577 2874 per
619 2804 840 2877 Moysen
879 2816 1213 2879 praeceperat
1263 2806 1453 2878 (Num.
1494 2808 1592 2880 vt).
1653 2808 1803 2864 Unde
1841 2816 1925 2865 est
1960 2809 2065 2864 hoc

481 2897 623 2965 quod
646 2897 776 2953 huic
801 2899 1015 2968 iussum
1040 2908 1144 2968 est,
1185 2909 1247 2955 ut
1272 2901 1477 2957 ferrum
1502 2919 1612 2958 non
1651 2905 1969 2961 ascenderet
2008 2906 2065 2960 in

410 3022 419 3029 -
480 2998 641 3057 caput
657 2991 795 3062 ejus,
809 3000 866 3046 et
884 2992 1072 3049 vinum
1092 3001 1147 3049 et
1168 2996 1397 3050 siceram
1420 3011 1528 3051 non
1544 2997 1773 3065 biberet,
1796 2997 1898 3053 hoc
1920 2998 2065 3053 enim

2160 1895 2330 1951 bant?
2357 1893 2451 1950 Sic
2502 1895 2647 1950 enim
2695 1896 2957 1967 scriptum
3000 1904 3088 1951 est
3115 1908 3131 1948 :
3160 1892 3233 1948 Et
3285 1896 3504 1965 sumpsit
3548 1894 3748 1951 lanae

2160 1987 2371 2041 bardum
2410 2002 2715 2057 caprarum,
2759 1995 2807 2042 et
2834 1986 3153 2055 sacriﬁcium
3179 1984 3366 2039 obtulit
3408 2003 3571 2055 super
3604 2000 3748 2057 petra

2160 2076 2387 2133 Domino
2404 2076 2669 2132 mirabilia
2691 2078 2924 2147 facienti,
2947 2086 2994 2133 et
3024 2075 3223 2131 Manue
3258 2086 3308 2132 et
3332 2093 3471 2131 ustor
3500 2079 3623 2149 ejus
3669 2096 3750 2133 es-

2159 2167 2477 2237 spectabant.
2520 2165 2591 2220 Et
2635 2164 2832 2237 factum
2854 2176 2949 2233 est,
2994 2166 3121 2220 dum
3186 2166 3487 2221 ascenderet
3534 2169 3750 2237 ﬂama

2163 2258 2383 2329 desuper
2410 2258 2578 2312 altare
2617 2259 2687 2312 ad
2704 2257 2914 2325 etclam,
2951 2266 2999 2313 et
3028 2259 3265 2313 ascendit
3297 2257 3511 2330 angelus
3534 2259 3751 2316 Domini

2163 2349 2217 2403 in
2247 2350 2486 2418 flamma.
2537 2346 2690 2414 Quod
2715 2365 2833 2403 cum
2855 2350 3098 2404 vidissent
3124 2348 3325 2405 Manus
3351 2360 3399 2404 et
3436 2367 3577 2405 uxor
3602 2352 3751 2407 illius

2165 2441 2464 2497 ceciderunt
2489 2458 2645 2513 super
2671 2442 2860 2512 faciem
2908 2460 3064 2515 super
3093 2453 3317 2512 terram,
3359 2455 3405 2500 et
3444 2462 3551 2500 non
3588 2465 3751 2517 appo.

2163 2534 2271 2588 suit
2296 2533 2435 2588 ultra
2466 2533 2680 2606 angelus
2702 2534 2914 2589 Domini
2959 2552 3211 2608 apparere
3268 2537 3341 2591 ad
3370 2536 3569 2593 lanae
3613 2549 3661 2592 et
3682 2539 3752 2592 ad

2164 2630 2382 2683 uxorem
2413 2628 2548 2699 ejus.
2590 2627 2735 2683 Tunc
2762 2630 2995 2700 cognovit
3018 2627 3232 2695 Marsae,
3269 2631 3522 2702 quoniam
3542 2631 3753 2703 angelus

2164 2719 2379 2774 Domini
2404 2729 2499 2786 est,
2544 2729 2592 2775 et
2622 2720 2759 2774 dixit
2786 2719 2982 2775 Manue
3017 2720 3087 2775 ad
3116 2738 3333 2777 uxorem
3363 2740 3518 2777 suam
3541 2737 3561 2774 :
3587 2721 3755 2778 Morte

2166 2810 2471 2877 m’oriemur,
2524 2810 2775 2881 quoniam
2800 2809 2970 2866 Deum
2993 2811 3245 2867 uidimus.
3286 2812 3348 2868 In
3369 2813 3460 2869 his
3479 2830 3611 2886 ergo
3634 2830 3756 2870 ver-

2165 2900 2270 2967 bis,
2305 2901 2432 2972 quia
2477 2917 2583 2957 non
2606 2902 2741 2958 dixit
2769 2920 2781 2955 :
2816 2900 2987 2957 Morte
3020 2904 3327 2969 moriemur,
3375 2906 3632 2975 quoniam
3666 2923 3759 2959 an-

2167 2990 2339 3061 gelum
2383 2991 2598 3046 Domini
2628 2992 2867 3058 vidimus,
2905 2993 3021 3060 sed,
3069 2993 3241 3048 Deum
3281 2996 3537 3062 uidimus,
3585 2999 3760 3053 oritur

482 3089 595 3136 tota
642 3082 753 3138 vita
786 3098 885 3140 sua
923 3086 1233 3141 observavit
1266 3086 1531 3157 Samson,
1579 3090 1723 3159 quod
1760 3088 1839 3146 illi
1865 3089 2069 3161 quive-
2169 3084 2398 3153 quaestio
2442 3091 2623 3139 utrum
2652 3084 2708 3140 in
2732 3084 2924 3155 angelo
2948 3084 3319 3158 intelligebant
3341 3086 3654 3151 Dominum,
3694 3106 3762 3144 an

480 3171 587 3227 cati
624 3180 751 3228 sunt
778 3172 1019 3232 Nazaraei
1055 3180 1218 3235 certis
1244 3179 1435 3238 diebus
1463 3181 1827 3239 observabant
1865 3197 2065 3241 voven-
2090 3182 2139 3247 C
2166 3176 2413 3233 eumdem
2440 3176 2714 3248 (angelum
2749 3175 2920 3233 Deum
2957 3178 3243 3233 vocabant.
3289 3177 3427 3255 mild
3467 3181 3618 3236 enim
3653 3188 3763 3236 ter-

483 3270 566 3319 tes
594 3274 886 3335 votumque
908 3269 1215 3326 reddentes.

556 3354 804 3441 Dixitque
830 3356 1025 3412 Manue
1054 3361 1122 3414 ad
1161 3363 1403 3433 angelum
1440 3364 1653 3419 Domini
1682 3380 1701 3420 .'
1734 3366 1961 3422 Obsecro
2012 3376 2062 3421 te

482 3453 543 3500 ut
567 3447 866 3517 acquiescas
894 3449 1133 3518 precibus
1159 3452 1319 3519 meis,
1361 3462 1411 3508 et
1439 3455 1701 3524 faciamus
1731 3457 1823 3513 tibi
1851 3458 2061 3513 laedunt

481 3536 546 3590 de
566 3536 757 3608 capris.
782 3536 881 3592 Cui
899 3540 1159 3610 respondit
1190 3541 1407 3613 angelus
1433 3543 1648 3600 Domini
1672 3563 1690 3599 :
1717 3546 1780 3603 Si
1800 3564 1879 3602 me
1897 3550 2062 3619 cogis,

480 3643 586 3683 non
616 3627 882 3684 comedam
907 3647 1068 3701 panes
1089 3643 1224 3688 tuos.
1255 3632 1354 3703 Sin
1382 3644 1556 3689 autem
1584 3637 1663 3690 vis
1700 3636 2064 3695 holocaustum

481 3719 673 3789 facere,
708 3720 841 3789 olfer
864 3720 996 3776 illud
1019 3721 1264 3778 Domino.
1311 3724 1382 3780 Et
1414 3728 1671 3782 nesciebat
1700 3727 1898 3783 Mauue
1926 3729 2063 3800 quod

480 3806 695 3878 angelus
717 3807 815 3863 Dei
840 3820 990 3878 esset,
1043 3819 1099 3867 et
1138 3820 1353 3869 caetera.
1410 3813 1565 3881 Quod
1611 3816 1740 3872 dicit
1783 3815 2067 3887 Scriptura

479 3899 1017 3973 quoniamignoravit
1044 3903 1238 3961 Manue
1274 3907 1419 3977 quod
1443 3907 1667 3979 angelus
1694 3907 1792 3964 Dei
1812 3918 1915 3977 est,
1949 3925 2066 3965 ma-

482 3990 740 4047 nifestum
767 4001 853 4049 est
871 3995 1034 4050 etiam
1058 3992 1174 4064 ejus
1202 4012 1427 4053 uxorem
1456 3997 1731 4055 hominem
1747 4000 2065 4059 credidisse.

481 4078 638 4147 Quod
665 4096 794 4153 ergo
831 4083 883 4139 ei
909 4083 1082 4140 dixit:
1130 4083 1218 4140 Vis
1259 4072 1521 4156 faciamus
1558 4088 1652 4144 tibi
1685 4107 1824 4147 nunc
1852 4092 1907 4146 in
1937 4109 2064 4147 con-

485 4179 661 4239 spectu
685 4181 775 4224 tuo
808 4173 1017 4227 haedum
1044 4178 1358 4245 caprarum?
1387 4187 1643 4249 tanquam
1678 4180 1952 4239 hominem
1978 4185 2068 4239 in-

486 4259 695 4323 vitavit,
720 4260 814 4314 sed
844 4260 919 4314 ita
955 4271 1016 4316 ut
1042 4264 1145 4318 hoc
1167 4280 1289 4319 cum
1318 4266 1408 4321 illo
1433 4269 1759 4339 epularetur,
1809 4274 1953 4341 quod
1977 4289 2067 4329 sa—

487 4350 754 4407 criﬁcium
776 4350 1012 4409 fecisset.
1044 4350 1181 4409 Nam
1204 4353 1384 4412 facere
1405 4358 1619 4415 haedum
1646 4378 1931 4433 caprarum
1960 4381 2067 4421 non

483 4441 621 4500 solet
649 4441 777 4509 dici,
827 4442 931 4499 nisi
966 4458 1089 4500 cum
1118 4438 1179 4499 lit
1214 4446 1561 4504 sacriﬁcium.
1608 4448 1854 4523 Denique
1896 4461 1951 4509 et
1979 4454 2066 4510 ille

2167 3268 2320 3335 tium,
2358 3269 2503 3339 quod
2527 3268 2697 3324 Deum
2724 3278 3051 3340 putaverant
3087 3271 3181 3341 qui
3210 3280 3324 3326 erat
3353 3273 3606 3342 angelus,
3658 3275 3763 3332 dici

2164 3378 2274 3419 non
2320 3372 2530 3434 potest,
2591 3365 2931 3434 apertissime
2973 3366 3184 3420 dicente
3224 3362 3507 3435 Scriptura
3540 3382 3559 3421 :
3608 3368 3762 3423 Tusc

2166 3454 2403 3524 cognovit
2454 3450 2673 3521 Manus,
2710 3455 2959 3526 quoniam
3008 3455 3224 3525 angelus
3250 3450 3469 3510 Domini
3492 3466 3595 3511 est.
3654 3457 3763 3514 Sed

2164 3544 2308 3599 unde
2358 3544 2670 3598 metuebant
2712 3544 2989 3598 mortem?
3022 3559 3129 3597 non
3177 3544 3323 3598 enim
3369 3543 3659 3616 Scriptura
3708 3547 3763 3602 in

2165 3634 2352 3689 Exodo
2380 3634 2593 3689 dixerat
2624 3652 2638 3688 :
2674 3632 2844 3689 Nemo
2870 3633 3057 3688 videbit
3077 3634 3269 3703 faciem
3300 3635 3500 3707 angeli,
3531 3649 3579 3691 et
3597 3639 3763 3704 viret;

2167 3724 2281 3789 sed,
2307 3723 2497 3793 faciem
2524 3718 2695 3779 meam
2732 3724 2888 3793 dixit,
2939 3741 3062 3781 cum
3115 3727 3258 3780 Deus
3283 3726 3622 3796 loqueretur.
3673 3730 3762 3785 An

2166 3824 2224 3871 et
2262 3816 2316 3871 in
2344 3816 2446 3872 hoc
2482 3815 2620 3887 ipso,
2654 3816 2797 3887 quod
2842 3812 2899 3872 in
2933 3816 3109 3888 angeli
3135 3819 3427 3887 praesentia
3467 3821 3642 3876 Deum
3672 3838 3762 3878 co—

2167 3917 2429 3979 gnoverat
2460 3907 2674 3975 Manue,
2698 3908 2773 3963 ita
2796 3908 3146 3979 perturbatus
3171 3917 3257 3964 est
3278 3918 3343 3964 ut
3366 3910 3588 3966 timeret
3612 3929 3764 3968 mor-

2166 4005 2297 4054 tem.
2344 3998 2498 4066 Quod
2536 4006 2719 4055 autem
2753 3997 2832 4054 illi
2877 4013 3015 4054 uxor
3043 4013 3142 4054 sua
3166 4001 3454 4071 respondit
3483 4020 3497 4056 :
3529 4000 3587 4058 Si
3606 4002 3758 4057 relict

2169 4091 2425 4146 Dominus
2471 4093 2790 4161 morti/icere
2834 4109 2947 4160 nos,
3012 4090 3127 4147 non'
3156 4095 3443 4164 accepisset
3491 4095 3556 4149 de
3597 4112 3761 4149 manu

2170 4193 2347 4238 nostra
2377 4183 2811 4240 holocaustauma
2845 4195 2892 4241 et
2913 4187 3257 4256 sacriﬁcium,
3287 4205 3383 4243 nec
3412 4188 3764 4243 illuminasset

2170 4273 2315 4328 nobis
2346 4276 2522 4330 omnia
2548 4276 2681 4341 hac,
2711 4276 2804 4330 sed
2834 4292 2925 4330 nec
2958 4279 3143 4331 audita
3175 4277 3381 4345 fecisset
3406 4281 3558 4333 nobis
3604 4280 3723 4334 lim:
3746 4294 3765 4330 :

2170 4372 2349 4419 utrum
2372 4366 2551 4436 ipsum
2586 4365 2837 4437 angelum
2865 4368 3219 4423 crediderunt
3261 4370 3539 4438 accepisse
3590 4372 3765 4424 sacri-

2170 4459 2372 4525 licium,
2400 4461 2529 4530 quia
2554 4460 2808 4517 viderunt
2828 4476 2949 4517 eum
2964 4461 3019 4516 in
3051 4462 3241 4518 altaris
3261 4462 3475 4517 ﬂamma
3500 4462 3771 4520 stetisse?

3984 0 3986 25 Ι

3984 60 3986 81 |

3984 106 3986 129 |

3983 688 3986 725 Ι

483 4533 562 4588 ita
615 4533 889 4603 respondit
917 4549 932 4588 :
964 4532 1025 4589 Si
1060 4536 1162 4590 vim
1189 4536 1373 4607 feceris
1395 4538 1546 4608 mihi,
1594 4557 1699 4595 non
1738 4544 2068 4599 manducabo
2092 4543 2148 4607 D
2172 4561 2243 4602 an
2275 4560 2375 4616 per
2400 4546 2505 4602 hoc
2541 4545 2924 4604 intellexerunt
2959 4550 3236 4618 accepisse
3268 4548 3588 4616 Dominum,
3638 4550 3771 4618 quia

483 4620 549 4672 de
578 4619 798 4687 panibus
827 4621 962 4711 tuis;
990 4621 1082 4676 ubi
1111 4624 1346 4677 ostendit
1391 4639 1448 4679 se
1470 4623 1637 4681 fuisse
1670 4627 1737 4681 ad
1762 4628 1949 4699 epulas
1988 4628 2070 4683 in—
2176 4639 2282 4695 hoc
2314 4637 2444 4697 fecit
2467 4639 2715 4710 angelus,
2745 4649 2809 4696 ut
2828 4657 2890 4698 se
2918 4641 3231 4697 ostenderet
3253 4640 3507 4711 angelum
3525 4642 3551 4695 ?
3583 4641 3776 4709 Quod—

483 4707 730 4760 vitatum.
774 4706 976 4763 Deinde
1020 4710 1263 4766 addidit:
1294 4711 1364 4766 Et
1394 4713 1440 4766 si
1476 4713 1659 4784 feceris
1682 4715 2062 4785 holocaustum,
2173 4726 2305 4784 libet
2331 4735 2513 4785 autem
2541 4706 2734 4786 horum
2756 4730 2845 4797 sit,
2884 4729 3002 4801 jam
3032 4739 3215 4793 tamen
3253 4706 3485 4803 angelus
3505 4706 3771 4789 dixerat:

482 4796 712 4895 Domino
760 4800 1138 4895 offeres-illud.
1184 4802 1385 4876 Utique
1426 4807 1548 4863 ideo
1586 4809 1740 4875 dixit,
1797 4813 1842 4866 si
1880 4813 2065 4882 feceris
2173 4820 2236 4875 Si
2268 4831 2441 4875 autem
2467 4821 2600 4891 facis
2626 4796 3012 4891 holocaustum,
3042 4825 3271 4881 Domino
3297 4796 3437 4895 σθεν
3463 4826 3627 4895 'dlstd,
3672 4829 3778 4885 hoc

484 4889 868 4955 holocaustum,
884 4891 1009 4960 quia
1028 4891 1116 4950 ille
1131 4897 1344 4952 dixerat
1369 4915 1382 4953 :
1407 4895 1695 4954 Faciamus
1710 4902 1765 4954 in
1785 4916 2062 4973 conspectu
2169 4920 2270 4977 est,
2310 4928 2417 4966 non
2440 4889 2575 4968 mihi
2613 4912 2709 4968 sed
2731 4913 2980 4981 Domino,
2998 4889 3171 4983 Quod
3204 4889 3517 4987 ergowstetit

486 4990 579 5080 tuo
615 4982 825 5036 hwdum
847 4997 1143 5053 caprarum.
1190 4985 1308 5045 Non
1338 4992 1519 5046 autem
1545 5007 1703 5047 omne
1735 4996 2063 5052 sacrificium
2169 5001 2226 5057 in
2272 5002 2459 5058 altaris
2486 5001 2723 5071 ﬂamma,
2774 5006 2946 5076 magis
2996 4982 3337 5077 signiﬁcasse
3377 4982 3783 5080 intelligendus

486 5071 863 5128 holocaustum
910 5081 1058 5140 erat;
1084 5091 1211 5132 nam
1236 5080 1302 5135 de
1327 5081 1642 5138 holocausto
1685 5100 1795 5140 non
1839 5084 2065 5144 mandu—
2167 5102 2253 5151 est
2300 5095 2452 5151 illum
2489 5097 2669 5166 magni
2701 5071 2916 5153 consilii
2957 5071 3223 5170 Angelum
3265 5098 3324 5153 in
3356 5096 3539 5156 forma
3556 5071 3781 5167 ‘servi,

486 5164 731 5259 cabatur,
773 5166 901 5236 quia
933 5172 1104 5259 totum
1128 5167 1538 5259 incendebatur,
1582 5183 1636 5230 ct
1667 5174 1787 5231 ideo
1834 5181 2065 5235 vocaba-
2167 5185 2273 5241 hoc
2298 5195 2404 5250 est,
2430 5186 2488 5241 in
2511 5164 2728 5243 homine
2754 5201 2917 5258 quem
2943 5164 3294 5259 suscepturus
3320 5197 3464 5252 ent,
3515 5202 3639 5245 non
3680 5164 3789 5247 ac;

485 5260 575 5307 tur
602 5251 998 5309 holocaustum.
1038 5252 1156 5349 Sed
1182 5258 1401 5349 angelus
1436 5263 1600 5317 etiam
1631 5278 1737 5319 non
1777 5266 2068 5323 manduca—
2168 5284 2449 5347 capturum
2496 5251 2847 5344 sacriﬁcium,
2887 5279 2982 5335 sed
3018 5251 3196 5349 ipsum
3237 5251 3573 5338 sacriﬁcium
3620 5281 3789 5339 ταω.

487 5352 662 5441 turus,
709 5343 1085 5441 holocaustum
1125 5342 1244 5399 ﬁeri
1266 5349 1446 5441 potius
1474 5352 1776 5422 admonuit,
1821 5372 1929 5411 non
1953 5364 2063 5413 tam
2166 5342 2308 5420 runt.
2373 5362 2511 5431 Quid
2547 5372 2631 5420 est
2670 5342 2840 5437 quod
2868 5367 2937 5422 ad
2964 5342 3230 5425 visionem
3253 5368 3438 5441 angeli
3466 5371 3561 5427 vir
3603 5372 3690 5431 sit
3721 5375 3793 5430 ti—

485 5429 747 5531 sibi,
775 5432 1001 5489 Domino
1045 5442 1266 5506 propter
1304 5435 1408 5490 hoc
1452 5442 1708 5509 maxime,
1757 5442 1884 5514 quia
1930 5459 2060 5517 gens
2167 5429 2491 5520 midus,iiet
2534 5429 2732 5510 mulier
2780 5457 2991 5512 audax?
3024 5457 3131 5513 nisi
3158 5457 3304 5529 quod
3327 5429 3513 5516 "nobis
3544 5429 3793 5531 quoties

484 5522 763 5621 Israelillo
789 5534 1031 5621 tempore
1051 5536 1405 5621 consueverat
1429 5532 1755 5621 quibuslibet
1785 5537 1888 5593 diis
1906 5539 2060 5595 falsis
2166 5544 2408 5600 ccelcstia
2436 5546 2896 5614 demonstrantur,
2934 5549 3160 5619 spiritus
3174 5522 3409 5619 quidem
3455 5522 3690 5621 pavore
3732 5569 3799 5613 se

486 5615 817 5717 sacriﬁcare.
866 5615 1021 5674 Unde
1047 5630 1101 5676 et
1126 5628 1255 5678 tunc
1294 5620 1593 5677 oﬂ‘enderat
1624 5624 1817 5697 Deum,
1843 5636 1905 5685 ut
1949 5639 2059 5687 tra-
2165 5636 2446 5702 concutit;
2491 5652 2550 5692 se
2591 5644 2768 5693 tamen
2815 5653 2938 5710 spes
2963 5615 3282 5709 praesumit.
3334 5615 3477 5697 Inde
3526 5658 3800 5717 namque

446 5708 455 5811 ν’
485 5704 704 5762 deretur
735 5707 969 5767 inimicis
990 5725 1089 5783 per
1116 5714 1473 5786 quadraginta
1498 5729 1705 5789 annos.
1864 5809 1871 5814 _
2165 5742 2288 5799 spes
2310 5728 2377 5785 ad
2400 5730 2607 5802 majora
2632 5704 2876 5788 audenda
2901 5704 3172 5807 scerigit,
3198 5734 3342 5793 unde
3366 5738 3661 5797 turbatur
