  <div class='ocr_page' id='page_1' title='image "/cluster/home/n/w/nwhite01/storage/ocr_20150623/108/hvd.32044015466840/604.png"; bbox 0 0 3986 6348; ppageno 0'>
   <div class='ocr_carea' id='block_1_1' title="bbox 238 320 384 379">
    <p class='ocr_par' dir='ltr' id='par_1_1' title="bbox 238 320 384 379">
     <span class='ocr_line' id='line_1_1' title="bbox 238 320 384 379; baseline 0 0"><span class='ocrx_word' id='word_1_1' title='bbox 238 320 384 379; x_wconf 75' lang='lat' dir='ltr'><strong><em>H95</em></strong></span> 
     </span>
    </p>
   </div>
   <div class='ocr_carea' id='block_1_2' title="bbox 1168 315 2530 381">
    <p class='ocr_par' dir='ltr' id='par_1_2' title="bbox 1168 315 2530 381">
     <span class='ocr_line' id='line_1_2' title="bbox 1168 315 2530 381; baseline 0.002 -3"><span class='ocrx_word' id='word_1_2' title='bbox 1168 318 1524 378; x_wconf 64' lang='grc' dir='ltr'><strong><em>ΠΟΜΕΝΤ.</em></strong></span> <span class='ocrx_word' id='word_1_3' title='bbox 1561 315 1632 374; x_wconf 78' lang='lat' dir='ltr'><strong><em>IN</em></strong></span> <span class='ocrx_word' id='word_1_4' title='bbox 1667 317 1797 374; x_wconf 86' lang='lat' dir='ltr'><strong>LIB.</strong></span> <span class='ocrx_word' id='word_1_5' title='bbox 1835 316 2154 378; x_wconf 66' lang='lat' dir='ltr'><strong>IUDICUI.</strong></span> <span class='ocrx_word' id='word_1_6' title='bbox 2189 348 2263 364; x_wconf 78' lang='lat'><strong><em>--</em></strong></span> <span class='ocrx_word' id='word_1_7' title='bbox 2298 322 2427 381; x_wconf 86' lang='lat' dir='ltr'><strong><em>LIB.</em></strong></span> <span class='ocrx_word' id='word_1_8' title='bbox 2466 323 2530 381; x_wconf 87' lang='lat' dir='ltr'><strong><em>Il.</em></strong></span> 
     </span>
    </p>
   </div>
   <div class='ocr_carea' id='block_1_3' title="bbox 3364 332 3521 391">
    <p class='ocr_par' dir='ltr' id='par_1_3' title="bbox 3364 332 3521 391">
     <span class='ocr_line' id='line_1_3' title="bbox 3364 332 3521 391; baseline 0.032 -4"><span class='ocrx_word' id='word_1_9' title='bbox 3364 332 3521 391; x_wconf 64' lang='lat' dir='ltr'><strong><em>“Oli</em></strong></span> 
     </span>
    </p>
   </div>
   <div class='ocr_carea' id='block_1_4' title="bbox 238 432 3502 509">
    <p class='ocr_par' dir='ltr' id='par_1_4' title="bbox 238 432 3502 509">
     <span class='ocr_line' id='line_1_4' title="bbox 238 432 3502 509; baseline 0.008 -31"><span class='ocrx_word' id='word_1_10' title='bbox 238 437 402 504; x_wconf 61' lang='grc' dir='ltr'><strong><em>ἠως,</em></strong></span> <span class='ocrx_word' id='word_1_11' title='bbox 432 435 528 507; x_wconf 65' lang='lat' dir='ltr'><strong><em>qui</em></strong></span> <span class='ocrx_word' id='word_1_12' title='bbox 570 448 637 493; x_wconf 71' lang='lat' dir='ltr'><strong><em>ea</em></strong></span> <span class='ocrx_word' id='word_1_13' title='bbox 666 449 789 506; x_wconf 66' lang='lat' dir='ltr'><strong><em>quae</em></strong></span> <span class='ocrx_word' id='word_1_14' title='bbox 833 448 1070 507; x_wconf 83' lang='lat' dir='ltr'><strong><em>superna</em></strong></span> <span class='ocrx_word' id='word_1_15' title='bbox 1105 443 1234 491; x_wconf 87' lang='lat' dir='ltr'><strong><em>sunt</em></strong></span> <span class='ocrx_word' id='word_1_16' title='bbox 1275 434 1432 506; x_wconf 86' lang='lat' dir='ltr'><strong><em>prior</em></strong></span> <span class='ocrx_word' id='word_1_17' title='bbox 1464 432 1643 501; x_wconf 84' lang='lat' dir='ltr'><strong><em>vidit;</em></strong></span> <span class='ocrx_word' id='word_1_18' title='bbox 1695 434 1824 504; x_wconf 84' lang='lat' dir='ltr'><strong>quia</strong></span> <span class='ocrx_word' id='word_1_19' title='bbox 1848 435 1902 498; x_wconf 73' lang='grc' dir='ltr'><strong>Δ</strong></span> <span class='ocrx_word' id='word_1_20' title='bbox 1925 449 2135 491; x_wconf 75' lang='lat' dir='ltr'><strong><em>versum</em></strong></span> <span class='ocrx_word' id='word_1_21' title='bbox 2164 452 2253 493; x_wconf 74' lang='lat' dir='ltr'><strong><em>me</em></strong></span> <span class='ocrx_word' id='word_1_22' title='bbox 2286 455 2398 495; x_wconf 77' lang='lat' dir='ltr'><strong><em>vos.</em></strong></span> <span class='ocrx_word' id='word_1_23' title='bbox 2448 438 2558 496; x_wconf 85' lang='lat' dir='ltr'><strong><em>Sed</em></strong></span> <span class='ocrx_word' id='word_1_24' title='bbox 2599 438 2717 496; x_wconf 65' lang='lat' dir='ltr'><strong><em>hac</em></strong></span> <span class='ocrx_word' id='word_1_25' title='bbox 2752 453 2901 509; x_wconf 86' lang='lat' dir='ltr'><strong><em>eum,</em></strong></span> <span class='ocrx_word' id='word_1_26' title='bbox 2935 454 3006 498; x_wconf 85' lang='lat' dir='ltr'><strong><em>ne</em></strong></span> <span class='ocrx_word' id='word_1_27' title='bbox 3032 443 3117 499; x_wconf 41' lang='lat' dir='ltr'><strong><em>‘ab</em></strong></span> <span class='ocrx_word' id='word_1_28' title='bbox 3160 443 3248 502; x_wconf 88' lang='lat' dir='ltr'><strong><em>his</em></strong></span> <span class='ocrx_word' id='word_1_29' title='bbox 3293 446 3502 506; x_wconf 79' lang='lat' dir='ltr'><strong><em>interﬁ-</em></strong></span> 
     </span>
    </p>
   </div>
   <div class='ocr_carea' id='block_1_5' title="bbox 237 524 1824 587">
    <p class='ocr_par' dir='ltr' id='par_1_5' title="bbox 237 524 1824 587">
     <span class='ocr_line' id='line_1_5' title="bbox 237 524 1824 587; baseline -0.003 0"><span class='ocrx_word' id='word_1_30' title='bbox 237 540 368 587; x_wconf 85' lang='lat' dir='ltr'><strong><em>cum</em></strong></span> <span class='ocrx_word' id='word_1_31' title='bbox 408 526 602 585; x_wconf 85' lang='lat' dir='ltr'><strong><em>altiora</em></strong></span> <span class='ocrx_word' id='word_1_32' title='bbox 648 534 985 584; x_wconf 86' lang='lat' dir='ltr'><strong><em>secretorum</em></strong></span> <span class='ocrx_word' id='word_1_33' title='bbox 1008 526 1311 583; x_wconf 75' lang='lat' dir='ltr'><strong><em>cmicstium</em></strong></span> <span class='ocrx_word' id='word_1_34' title='bbox 1332 524 1614 582; x_wconf 76' lang='lat' dir='ltr'><strong><em>sublevate</em></strong></span> <span class='ocrx_word' id='word_1_35' title='bbox 1664 540 1824 584; x_wconf 90' lang='lat' dir='ltr'><strong><em>mens</em></strong></span> 
     </span>
    </p>
   </div>
   <div class='ocr_carea' id='block_1_6' title="bbox 235 616 1823 689">
    <p class='ocr_par' dir='ltr' id='par_1_6' title="bbox 235 616 1823 689">
     <span class='ocr_line' id='line_1_6' title="bbox 235 616 1823 689; baseline -0.002 -14"><span class='ocrx_word' id='word_1_36' title='bbox 235 617 527 689; x_wconf 78' lang='lat' dir='ltr'><strong><em>conspicit,</em></strong></span> <span class='ocrx_word' id='word_1_37' title='bbox 557 625 756 676; x_wconf 89' lang='lat' dir='ltr'><strong><em>cuncta</em></strong></span> <span class='ocrx_word' id='word_1_38' title='bbox 780 618 1142 676; x_wconf 82' lang='lat' dir='ltr'><strong><em>humanarum</em></strong></span> <span class='ocrx_word' id='word_1_39' title='bbox 1174 616 1375 674; x_wconf 88' lang='lat' dir='ltr'><strong><em>virium</em></strong></span> <span class='ocrx_word' id='word_1_40' title='bbox 1401 616 1648 674; x_wconf 88' lang='lat' dir='ltr'><strong><em>soliditas</em></strong></span> <span class='ocrx_word' id='word_1_41' title='bbox 1689 630 1823 674; x_wconf 86' lang='lat' dir='ltr'><strong><em>con-</em></strong></span> 
     </span>
    </p>
   </div>
   <div class='ocr_carea' id='block_1_7' title="bbox 236 708 581 767">
    <p class='ocr_par' dir='ltr' id='par_1_7' title="bbox 236 708 581 767">
     <span class='ocr_line' id='line_1_7' title="bbox 236 708 581 767; baseline -0.003 -2"><span class='ocrx_word' id='word_1_42' title='bbox 236 708 541 767; x_wconf 76' lang='lat' dir='ltr'><strong><em>tremescit.</em></strong></span> <span class='ocrx_word' id='word_1_43' title='bbox 574 731 581 734; x_wconf 47' lang='grc' dir='ltr'>θ</span> 
     </span>
    </p>
   </div>
   <div class='ocr_carea' id='block_1_8' title="bbox 817 800 1242 859">
    <p class='ocr_par' dir='ltr' id='par_1_8' title="bbox 817 800 1242 859">
     <span class='ocr_line' id='line_1_8' title="bbox 817 800 1242 859; baseline -0.007 0"><span class='ocrx_word' id='word_1_44' title='bbox 817 800 1045 859; x_wconf 80' lang='lat' dir='ltr'><strong>CAPUT</strong></span> <span class='ocrx_word' id='word_1_45' title='bbox 1079 800 1242 859; x_wconf 76' lang='lat' dir='ltr'><strong>XVII.</strong></span> 
     </span>
    </p>
   </div>
   <div class='ocr_carea' id='block_1_9' title="bbox 235 892 1823 967">
    <p class='ocr_par' dir='ltr' id='par_1_9' title="bbox 235 892 1823 967">
     <span class='ocr_line' id='line_1_9' title="bbox 235 892 1823 967; baseline 0.001 -17"><span class='ocrx_word' id='word_1_46' title='bbox 235 893 319 950; x_wconf 88' lang='lat' dir='ltr'><strong><em>De</em></strong></span> <span class='ocrx_word' id='word_1_47' title='bbox 341 892 539 952; x_wconf 79' lang='lat' dir='ltr'><strong><em>ultione</em></strong></span> <span class='ocrx_word' id='word_1_48' title='bbox 575 910 736 967; x_wconf 79' lang='lat' dir='ltr'><strong><em>quam</em></strong></span> <span class='ocrx_word' id='word_1_49' title='bbox 761 895 884 965; x_wconf 79' lang='lat' dir='ltr'><strong><em>fecit</em></strong></span> <span class='ocrx_word' id='word_1_50' title='bbox 909 894 1172 967; x_wconf 67' lang='lat' dir='ltr'><strong><em>Sampson</em></strong></span> <span class='ocrx_word' id='word_1_51' title='bbox 1188 896 1253 967; x_wconf 81' lang='lat' dir='ltr'><strong><em>in</em></strong></span> <span class='ocrx_word' id='word_1_52' title='bbox 1265 892 1574 963; x_wconf 75' lang='lat' dir='ltr'><strong><em>Philistteis,</em></strong></span> <span class='ocrx_word' id='word_1_53' title='bbox 1610 903 1823 966; x_wconf 80' lang='lat' dir='ltr'><strong><em>propter</em></strong></span> 
     </span>
    </p>
   </div>
   <div class='ocr_carea' id='block_1_10' title="bbox 705 965 1395 1038">
    <p class='ocr_par' dir='ltr' id='par_1_10' title="bbox 705 965 1395 1038">
     <span class='ocr_line' id='line_1_10' title="bbox 705 965 1395 1038; baseline -0.001 -18"><span class='ocrx_word' id='word_1_54' title='bbox 705 981 952 1038; x_wconf 87' lang='lat' dir='ltr'><strong><em>sponsam</em></strong></span> <span class='ocrx_word' id='word_1_55' title='bbox 997 965 1099 1023; x_wconf 86' lang='lat' dir='ltr'><strong><em>sibi</em></strong></span> <span class='ocrx_word' id='word_1_56' title='bbox 1143 965 1395 1022; x_wconf 86' lang='lat' dir='ltr'><strong><em>ablatam.</em></strong></span> 
     </span>
    </p>
   </div>
   <div class='ocr_carea' id='block_1_11' title="bbox 310 1050 1824 1126">
    <p class='ocr_par' dir='ltr' id='par_1_11' title="bbox 310 1050 1824 1126">
     <span class='ocr_line' id='line_1_11' title="bbox 310 1050 1824 1126; baseline 0.001 -17"><span class='ocrx_word' id='word_1_57' title='bbox 310 1050 515 1126; x_wconf 61' lang='lat' dir='ltr'><strong><em>(Carus</em></strong></span> <span class='ocrx_word' id='word_1_58' title='bbox 545 1053 662 1126; x_wconf 88' lang='lat' dir='ltr'><strong><em>xv.)</em></strong></span> <span class='ocrx_word' id='word_1_59' title='bbox 705 1054 1162 1123; x_wconf 79' lang='lat' dir='ltr'><strong><em>Ascenderuntque</em></strong></span> <span class='ocrx_word' id='word_1_60' title='bbox 1189 1052 1479 1111; x_wconf 77' lang='lat' dir='ltr'><strong><em>Philistiim</em></strong></span> <span class='ocrx_word' id='word_1_61' title='bbox 1513 1063 1562 1111; x_wconf 88' lang='lat' dir='ltr'><strong><em>et</em></strong></span> <span class='ocrx_word' id='word_1_62' title='bbox 1583 1055 1824 1111; x_wconf 83' lang='lat' dir='ltr'><strong><em>combus-</em></strong></span> 
     </span>
    </p>
   </div>
   <div class='ocr_carea' id='block_1_12' title="bbox 233 1144 1823 1217">
    <p class='ocr_par' dir='ltr' id='par_1_12' title="bbox 233 1144 1823 1217">
     <span class='ocr_line' id='line_1_12' title="bbox 233 1144 1823 1217; baseline 0.001 -18"><span class='ocrx_word' id='word_1_63' title='bbox 233 1152 417 1199; x_wconf 87' lang='lat' dir='ltr'><strong><em>serunt</em></strong></span> <span class='ocrx_word' id='word_1_64' title='bbox 457 1153 565 1201; x_wconf 90' lang='lat' dir='ltr'><strong><em>tam</em></strong></span> <span class='ocrx_word' id='word_1_65' title='bbox 594 1144 864 1201; x_wconf 79' lang='lat' dir='ltr'><strong><em>mulierem</em></strong></span> <span class='ocrx_word' id='word_1_66' title='bbox 902 1161 1061 1215; x_wconf 86' lang='lat' dir='ltr'><strong><em>quam</em></strong></span> <span class='ocrx_word' id='word_1_67' title='bbox 1101 1152 1305 1215; x_wconf 88' lang='lat' dir='ltr'><strong><em>patrem</em></strong></span> <span class='ocrx_word' id='word_1_68' title='bbox 1338 1145 1475 1215; x_wconf 83' lang='lat' dir='ltr'><strong><em>ejus,</em></strong></span> <span class='ocrx_word' id='word_1_69' title='bbox 1526 1145 1713 1217; x_wconf 85' lang='lat' dir='ltr'><strong><em>quibus</em></strong></span> <span class='ocrx_word' id='word_1_70' title='bbox 1746 1146 1823 1201; x_wconf 88' lang='lat' dir='ltr'><strong><em>ait</em></strong></span> 
     </span>
    </p>
   </div>
   <div class='ocr_carea' id='block_1_13' title="bbox 235 1231 1823 1304">
    <p class='ocr_par' dir='ltr' id='par_1_13' title="bbox 235 1231 1823 1304">
     <span class='ocr_line' id='line_1_13' title="bbox 235 1231 1823 1304; baseline 0.004 -16"><span class='ocrx_word' id='word_1_71' title='bbox 235 1231 498 1304; x_wconf 75' lang='lat' dir='ltr'><strong><em>Sampson</em></strong></span> <span class='ocrx_word' id='word_1_72' title='bbox 522 1250 543 1291; x_wconf 91' lang='lat'><strong><em>:</em></strong></span> <span class='ocrx_word' id='word_1_73' title='bbox 573 1233 721 1289; x_wconf 88' lang='lat' dir='ltr'><strong><em>Licet</em></strong></span> <span class='ocrx_word' id='word_1_74' title='bbox 759 1234 858 1288; x_wconf 81' lang='lat' dir='ltr'><strong><em>hoc</em></strong></span> <span class='ocrx_word' id='word_1_75' title='bbox 881 1234 1127 1304; x_wconf 71' lang='lat' dir='ltr'><strong><em>feceritis,</em></strong></span> <span class='ocrx_word' id='word_1_76' title='bbox 1177 1242 1351 1292; x_wconf 87' lang='lat' dir='ltr'><strong><em>tamen</em></strong></span> <span class='ocrx_word' id='word_1_77' title='bbox 1372 1235 1548 1290; x_wconf 73' lang='lat' dir='ltr'><strong><em>adhuc</em></strong></span> <span class='ocrx_word' id='word_1_78' title='bbox 1588 1252 1655 1293; x_wconf 74' lang='lat' dir='ltr'><strong><em>es:</em></strong></span> <span class='ocrx_word' id='word_1_79' title='bbox 1678 1236 1823 1295; x_wconf 80' lang='lat' dir='ltr'><strong><em>vobis</em></strong></span> 
     </span>
    </p>
   </div>
   <div class='ocr_carea' id='block_1_14' title="bbox 232 1314 1824 1399">
    <p class='ocr_par' dir='ltr' id='par_1_14' title="bbox 232 1314 1824 1399">
     <span class='ocr_line' id='line_1_14' title="bbox 232 1314 1824 1399; baseline 0.003 -21"><span class='ocrx_word' id='word_1_80' title='bbox 232 1333 475 1396; x_wconf 68' lang='lat' dir='ltr'><strong><em>expetam</em></strong></span> <span class='ocrx_word' id='word_1_81' title='bbox 527 1314 813 1392; x_wconf 80' lang='lat' dir='ltr'><strong><em>ultionem,</em></strong></span> <span class='ocrx_word' id='word_1_82' title='bbox 860 1332 909 1381; x_wconf 91' lang='lat' dir='ltr'><strong><em>et</em></strong></span> <span class='ocrx_word' id='word_1_83' title='bbox 951 1333 1074 1382; x_wconf 88' lang='lat' dir='ltr'><strong><em>tunc</em></strong></span> <span class='ocrx_word' id='word_1_84' title='bbox 1113 1326 1396 1399; x_wconf 73' lang='lat' dir='ltr'><strong><em>quiescam.</em></strong></span> <span class='ocrx_word' id='word_1_85' title='bbox 1457 1325 1824 1399; x_wconf 84' lang='lat' dir='ltr'><strong><em>Percussitque</em></strong></span> 
     </span>
    </p>
   </div>
   <div class='ocr_carea' id='block_1_15' title="bbox 232 1415 1821 1488">
    <p class='ocr_par' dir='ltr' id='par_1_15' title="bbox 232 1415 1821 1488">
     <span class='ocr_line' id='line_1_15' title="bbox 232 1415 1821 1488; baseline 0.003 -18"><span class='ocrx_word' id='word_1_86' title='bbox 232 1430 324 1471; x_wconf 88' lang='lat' dir='ltr'><strong><em>eos</em></strong></span> <span class='ocrx_word' id='word_1_87' title='bbox 373 1417 569 1487; x_wconf 86' lang='lat' dir='ltr'><strong><em>ingenti</em></strong></span> <span class='ocrx_word' id='word_1_88' title='bbox 589 1415 749 1488; x_wconf 80' lang='lat' dir='ltr'><strong><em>plaga</em></strong></span> <span class='ocrx_word' id='word_1_89' title='bbox 780 1417 858 1471; x_wconf 90' lang='lat' dir='ltr'><strong><em>ita</em></strong></span> <span class='ocrx_word' id='word_1_90' title='bbox 879 1426 938 1472; x_wconf 90' lang='lat' dir='ltr'><strong><em>ut</em></strong></span> <span class='ocrx_word' id='word_1_91' title='bbox 972 1426 1236 1488; x_wconf 85' lang='lat' dir='ltr'><strong><em>stupentes</em></strong></span> <span class='ocrx_word' id='word_1_92' title='bbox 1274 1434 1458 1475; x_wconf 85' lang='lat' dir='ltr'><strong><em>suram</em></strong></span> <span class='ocrx_word' id='word_1_93' title='bbox 1487 1416 1674 1488; x_wconf 75' lang='lat' dir='ltr'><strong><em>[sutori</em></strong></span> <span class='ocrx_word' id='word_1_94' title='bbox 1718 1419 1821 1475; x_wconf 87' lang='lat' dir='ltr'><strong><em>im-</em></strong></span> 
     </span>
    </p>
   </div>
   <div class='ocr_carea' id='block_1_16' title="bbox 230 1504 1822 1580">
    <p class='ocr_par' dir='ltr' id='par_1_16' title="bbox 230 1504 1822 1580">
     <span class='ocr_line' id='line_1_16' title="bbox 230 1504 1822 1580; baseline 0.002 -19"><span class='ocrx_word' id='word_1_95' title='bbox 230 1513 504 1576; x_wconf 78' lang='lat' dir='ltr'><strong><em>ponerent.</em></strong></span> <span class='ocrx_word' id='word_1_96' title='bbox 554 1505 623 1560; x_wconf 86' lang='lat' dir='ltr'><strong><em>Et</em></strong></span> <span class='ocrx_word' id='word_1_97' title='bbox 653 1504 968 1563; x_wconf 78' lang='lat' dir='ltr'><strong><em>descendens</em></strong></span> <span class='ocrx_word' id='word_1_98' title='bbox 991 1508 1244 1565; x_wconf 78' lang='lat' dir='ltr'><strong><em>habitavit</em></strong></span> <span class='ocrx_word' id='word_1_99' title='bbox 1280 1508 1336 1564; x_wconf 88' lang='lat' dir='ltr'><strong><em>in</em></strong></span> <span class='ocrx_word' id='word_1_100' title='bbox 1369 1506 1620 1578; x_wconf 81' lang='lat' dir='ltr'><strong><em>spelunca</em></strong></span> <span class='ocrx_word' id='word_1_101' title='bbox 1662 1516 1822 1580; x_wconf 68' lang='lat' dir='ltr'><strong><em>petra</em></strong></span> 
     </span>
    </p>
   </div>
   <div class='ocr_carea' id='block_1_17' title="bbox 234 1593 1817 1671">
    <p class='ocr_par' dir='ltr' id='par_1_17' title="bbox 234 1593 1817 1671">
     <span class='ocr_line' id='line_1_17' title="bbox 234 1593 1817 1671; baseline 0.004 -23"><span class='ocrx_word' id='word_1_102' title='bbox 234 1593 452 1650; x_wconf 81' lang='lat' dir='ltr'><strong><em>Etham.</em></strong></span> <span class='ocrx_word' id='word_1_103' title='bbox 482 1593 598 1653; x_wconf 85' lang='lat' dir='ltr'><strong><em>Hoc</em></strong></span> <span class='ocrx_word' id='word_1_104' title='bbox 620 1596 677 1652; x_wconf 91' lang='lat' dir='ltr'><strong><em>in</em></strong></span> <span class='ocrx_word' id='word_1_105' title='bbox 713 1596 951 1654; x_wconf 78' lang='lat' dir='ltr'><strong><em>editione</em></strong></span> <span class='ocrx_word' id='word_1_106' title='bbox 988 1598 1130 1654; x_wconf 85' lang='lat' dir='ltr'><strong><em>LXX</em></strong></span> <span class='ocrx_word' id='word_1_107' title='bbox 1178 1598 1537 1670; x_wconf 80' lang='lat' dir='ltr'><strong><em>interpretum</em></strong></span> <span class='ocrx_word' id='word_1_108' title='bbox 1575 1598 1774 1671; x_wconf 90' lang='lat' dir='ltr'><strong><em>legitur</em></strong></span> <span class='ocrx_word' id='word_1_109' title='bbox 1803 1618 1817 1654; x_wconf 88' lang='lat'><strong>:</strong></span> 
     </span>
    </p>
   </div>
   <div class='ocr_carea' id='block_1_18' title="bbox 234 1687 1819 1765">
    <p class='ocr_par' dir='ltr' id='par_1_18' title="bbox 234 1687 1819 1765">
     <span class='ocr_line' id='line_1_18' title="bbox 234 1687 1819 1765; baseline 0.003 -19"><span class='ocrx_word' id='word_1_110' title='bbox 234 1687 512 1746; x_wconf 84' lang='lat' dir='ltr'><strong><em>Percussit</em></strong></span> <span class='ocrx_word' id='word_1_111' title='bbox 545 1690 869 1763; x_wconf 80' lang='lat' dir='ltr'><strong><em>alienigenas</em></strong></span> <span class='ocrx_word' id='word_1_112' title='bbox 912 1691 1175 1765; x_wconf 89' lang='lat' dir='ltr'><strong><em>Sampson</em></strong></span> <span class='ocrx_word' id='word_1_113' title='bbox 1203 1693 1385 1749; x_wconf 83' lang='lat' dir='ltr'><strong><em>tibiam</em></strong></span> <span class='ocrx_word' id='word_1_114' title='bbox 1425 1709 1582 1764; x_wconf 77' lang='lat' dir='ltr'><strong><em>super</em></strong></span> <span class='ocrx_word' id='word_1_115' title='bbox 1627 1693 1819 1763; x_wconf 79' lang='lat' dir='ltr'><strong><em>femur.</em></strong></span> 
     </span>
    </p>
   </div>
   <div class='ocr_carea' id='block_1_19' title="bbox 230 1766 1817 1856">
    <p class='ocr_par' dir='ltr' id='par_1_19' title="bbox 230 1766 1817 1856">
     <span class='ocr_line' id='line_1_19' title="bbox 230 1766 1817 1856; baseline 0.003 -19"><span class='ocrx_word' id='word_1_116' title='bbox 230 1766 376 1848; x_wconf 83' lang='lat' dir='ltr'><strong><em>Quid</em></strong></span> <span class='ocrx_word' id='word_1_117' title='bbox 402 1789 488 1838; x_wconf 88' lang='lat' dir='ltr'><strong><em>est</em></strong></span> <span class='ocrx_word' id='word_1_118' title='bbox 512 1782 656 1852; x_wconf 89' lang='lat' dir='ltr'><strong><em>quod</em></strong></span> <span class='ocrx_word' id='word_1_119' title='bbox 668 1782 873 1839; x_wconf 91' lang='lat' dir='ltr'><strong><em>dictum</em></strong></span> <span class='ocrx_word' id='word_1_120' title='bbox 896 1792 1002 1852; x_wconf 87' lang='lat' dir='ltr'><strong><em>est,</em></strong></span> <span class='ocrx_word' id='word_1_121' title='bbox 1022 1784 1168 1854; x_wconf 89' lang='lat' dir='ltr'><strong><em>quod</em></strong></span> <span class='ocrx_word' id='word_1_122' title='bbox 1191 1784 1459 1856; x_wconf 71' lang='lat' dir='ltr'><strong><em>percussit</em></strong></span> <span class='ocrx_word' id='word_1_123' title='bbox 1484 1783 1817 1856; x_wconf 76' lang='lat' dir='ltr'><strong><em>alienigenas</em></strong></span> 
     </span>
    </p>
   </div>
   <div class='ocr_carea' id='block_1_20' title="bbox 231 1872 1814 1948">
    <p class='ocr_par' dir='ltr' id='par_1_20' title="bbox 231 1872 1814 1948">
     <span class='ocr_line' id='line_1_20' title="bbox 231 1872 1814 1948; baseline 0.003 -18"><span class='ocrx_word' id='word_1_124' title='bbox 231 1872 503 1946; x_wconf 80' lang='lat' dir='ltr'><strong><em>Sampson</em></strong></span> <span class='ocrx_word' id='word_1_125' title='bbox 528 1874 719 1932; x_wconf 93' lang='lat' dir='ltr'><strong><em>tibiam</em></strong></span> <span class='ocrx_word' id='word_1_126' title='bbox 752 1890 916 1948; x_wconf 84' lang='lat' dir='ltr'><strong><em>super</em></strong></span> <span class='ocrx_word' id='word_1_127' title='bbox 940 1876 1160 1935; x_wconf 78' lang='lat' dir='ltr'><strong><em>femur?</em></strong></span> <span class='ocrx_word' id='word_1_128' title='bbox 1193 1876 1326 1945; x_wconf 82' lang='lat' dir='ltr'><strong><em>Quis</em></strong></span> <span class='ocrx_word' id='word_1_129' title='bbox 1354 1877 1501 1935; x_wconf 90' lang='lat' dir='ltr'><strong><em>enim</em></strong></span> <span class='ocrx_word' id='word_1_130' title='bbox 1528 1877 1694 1934; x_wconf 82' lang='lat' dir='ltr'><strong><em>habet</em></strong></span> <span class='ocrx_word' id='word_1_131' title='bbox 1747 1878 1814 1934; x_wconf 79' lang='lat' dir='ltr'><strong><em>ti—</em></strong></span> 
     </span>
    </p>
   </div>
   <div class='ocr_carea' id='block_1_21' title="bbox 228 1963 1815 2035">
    <p class='ocr_par' dir='ltr' id='par_1_21' title="bbox 228 1963 1815 2035">
     <span class='ocr_line' id='line_1_21' title="bbox 228 1963 1815 2035; baseline 0.004 -16"><span class='ocrx_word' id='word_1_132' title='bbox 228 1963 381 2019; x_wconf 89' lang='lat' dir='ltr'><strong><em>biam</em></strong></span> <span class='ocrx_word' id='word_1_133' title='bbox 406 1979 569 2035; x_wconf 83' lang='lat' dir='ltr'><strong><em>super</em></strong></span> <span class='ocrx_word' id='word_1_134' title='bbox 588 1963 766 2021; x_wconf 80' lang='lat' dir='ltr'><strong><em>femur</em></strong></span> <span class='ocrx_word' id='word_1_135' title='bbox 784 1980 911 2023; x_wconf 92' lang='lat' dir='ltr'><strong><em>cum</em></strong></span> <span class='ocrx_word' id='word_1_136' title='bbox 943 1966 1074 2023; x_wconf 84' lang='lat' dir='ltr'><strong><em>tibia</em></strong></span> <span class='ocrx_word' id='word_1_137' title='bbox 1096 1967 1354 2024; x_wconf 87' lang='lat' dir='ltr'><strong><em>deorsum</em></strong></span> <span class='ocrx_word' id='word_1_138' title='bbox 1377 1982 1569 2025; x_wconf 84' lang='lat' dir='ltr'><strong><em>versus</em></strong></span> <span class='ocrx_word' id='word_1_139' title='bbox 1585 1982 1696 2025; x_wconf 89' lang='lat' dir='ltr'><strong><em>non</em></strong></span> <span class='ocrx_word' id='word_1_140' title='bbox 1719 1967 1815 2035; x_wconf 85' lang='lat' dir='ltr'><strong><em>sit,</em></strong></span> 
     </span>
    </p>
   </div>
   <div class='ocr_carea' id='block_1_22' title="bbox 229 2053 1815 2126">
    <p class='ocr_par' dir='ltr' id='par_1_22' title="bbox 229 2053 1815 2126">
     <span class='ocr_line' id='line_1_22' title="bbox 229 2053 1815 2126; baseline 0.005 -18"><span class='ocrx_word' id='word_1_141' title='bbox 229 2053 343 2109; x_wconf 83' lang='lat' dir='ltr'><strong><em>nisi</em></strong></span> <span class='ocrx_word' id='word_1_142' title='bbox 366 2068 401 2108; x_wconf 89' lang='lat' dir='ltr'><strong><em>a</em></strong></span> <span class='ocrx_word' id='word_1_143' title='bbox 428 2069 572 2126; x_wconf 86' lang='lat' dir='ltr'><strong><em>genu</em></strong></span> <span class='ocrx_word' id='word_1_144' title='bbox 605 2068 780 2125; x_wconf 90' lang='lat' dir='ltr'><strong><em>usque</em></strong></span> <span class='ocrx_word' id='word_1_145' title='bbox 806 2055 877 2113; x_wconf 90' lang='lat' dir='ltr'><strong><em>ad</em></strong></span> <span class='ocrx_word' id='word_1_146' title='bbox 908 2055 1118 2113; x_wconf 81' lang='lat' dir='ltr'><strong><em>talum?</em></strong></span> <span class='ocrx_word' id='word_1_147' title='bbox 1148 2057 1359 2117; x_wconf 86' lang='lat' dir='ltr'><strong><em>Deinde</em></strong></span> <span class='ocrx_word' id='word_1_148' title='bbox 1384 2057 1436 2115; x_wconf 87' lang='lat' dir='ltr'><strong><em>si</em></strong></span> <span class='ocrx_word' id='word_1_149' title='bbox 1457 2057 1642 2116; x_wconf 88' lang='lat' dir='ltr'><strong><em>locum</em></strong></span> <span class='ocrx_word' id='word_1_150' title='bbox 1685 2074 1815 2116; x_wconf 91' lang='lat' dir='ltr'><strong><em>cor-</em></strong></span> 
     </span>
    </p>
   </div>
   <div class='ocr_carea' id='block_1_23' title="bbox 224 2143 1818 2221">
    <p class='ocr_par' dir='ltr' id='par_1_23' title="bbox 224 2143 1818 2221">
     <span class='ocr_line' id='line_1_23' title="bbox 224 2143 1818 2221; baseline 0.005 -22"><span class='ocrx_word' id='word_1_151' title='bbox 224 2143 383 2213; x_wconf 86' lang='lat' dir='ltr'><strong><em>poris</em></strong></span> <span class='ocrx_word' id='word_1_152' title='bbox 426 2144 757 2216; x_wconf 87' lang='lat' dir='ltr'><strong><em>signiﬁcaret</em></strong></span> <span class='ocrx_word' id='word_1_153' title='bbox 806 2146 898 2203; x_wconf 89' lang='lat' dir='ltr'><strong><em>ubi</em></strong></span> <span class='ocrx_word' id='word_1_154' title='bbox 939 2161 1035 2206; x_wconf 92' lang='lat' dir='ltr'><strong><em>eos</em></strong></span> <span class='ocrx_word' id='word_1_155' title='bbox 1069 2147 1394 2217; x_wconf 81' lang='lat' dir='ltr'><strong><em>vulneravit,</em></strong></span> <span class='ocrx_word' id='word_1_156' title='bbox 1442 2149 1818 2221; x_wconf 85' lang='lat' dir='ltr'><strong><em>nunquidnam</em></strong></span> 
     </span>
    </p>
   </div>
   <div class='ocr_carea' id='block_1_24' title="bbox 222 2236 1816 2310">
    <p class='ocr_par' dir='ltr' id='par_1_24' title="bbox 222 2236 1816 2310">
     <span class='ocr_line' id='line_1_24' title="bbox 222 2236 1816 2310; baseline 0.005 -22"><span class='ocrx_word' id='word_1_157' title='bbox 222 2246 424 2290; x_wconf 90' lang='lat' dir='ltr'><strong><em>omnes</em></strong></span> <span class='ocrx_word' id='word_1_158' title='bbox 470 2249 607 2304; x_wconf 89' lang='lat' dir='ltr'><strong><em>quos</em></strong></span> <span class='ocrx_word' id='word_1_159' title='bbox 635 2236 928 2307; x_wconf 83' lang='lat' dir='ltr'><strong><em>percussit,</em></strong></span> <span class='ocrx_word' id='word_1_160' title='bbox 977 2237 1036 2293; x_wconf 91' lang='lat' dir='ltr'><strong><em>in</em></strong></span> <span class='ocrx_word' id='word_1_161' title='bbox 1060 2253 1172 2294; x_wconf 90' lang='lat' dir='ltr'><strong><em>uno</em></strong></span> <span class='ocrx_word' id='word_1_162' title='bbox 1206 2238 1453 2310; x_wconf 87' lang='lat' dir='ltr'><strong><em>corporis</em></strong></span> <span class='ocrx_word' id='word_1_163' title='bbox 1476 2239 1596 2296; x_wconf 88' lang='lat' dir='ltr'><strong><em>loco</em></strong></span> <span class='ocrx_word' id='word_1_164' title='bbox 1639 2239 1816 2297; x_wconf 77' lang='lat' dir='ltr'><strong><em>fuerat</em></strong></span> 
     </span>
    </p>
   </div>
   <div class='ocr_carea' id='block_1_25' title="bbox 227 2321 1821 2401">
    <p class='ocr_par' dir='ltr' id='par_1_25' title="bbox 227 2321 1821 2401">
     <span class='ocr_line' id='line_1_25' title="bbox 227 2321 1821 2401; baseline 0.008 -25"><span class='ocrx_word' id='word_1_165' title='bbox 227 2321 651 2380; x_wconf 81' lang='lat' dir='ltr'><strong><em>vulneratums?</em></strong></span> <span class='ocrx_word' id='word_1_166' title='bbox 679 2325 829 2393; x_wconf 84' lang='lat' dir='ltr'><strong><em>Quod</em></strong></span> <span class='ocrx_word' id='word_1_167' title='bbox 858 2326 907 2382; x_wconf 88' lang='lat' dir='ltr'><strong><em>si</em></strong></span> <span class='ocrx_word' id='word_1_168' title='bbox 927 2335 1075 2383; x_wconf 84' lang='lat' dir='ltr'><strong><em>esset</em></strong></span> <span class='ocrx_word' id='word_1_169' title='bbox 1101 2328 1383 2397; x_wconf 86' lang='lat' dir='ltr'><strong><em>credibile,</em></strong></span> <span class='ocrx_word' id='word_1_170' title='bbox 1407 2344 1691 2401; x_wconf 87' lang='lat' dir='ltr'><strong><em>possemus</em></strong></span> <span class='ocrx_word' id='word_1_171' title='bbox 1708 2330 1821 2388; x_wconf 79' lang='lat' dir='ltr'><strong><em>for-</em></strong></span> 
     </span>
    </p>
   </div>
   <div class='ocr_carea' id='block_1_26' title="bbox 229 2410 1817 2492">
    <p class='ocr_par' dir='ltr' id='par_1_26' title="bbox 229 2410 1817 2492">
     <span class='ocr_line' id='line_1_26' title="bbox 229 2410 1817 2492; baseline 0.009 -27"><span class='ocrx_word' id='word_1_172' title='bbox 229 2410 377 2466; x_wconf 87' lang='lat' dir='ltr'><strong><em>sitan</em></strong></span> <span class='ocrx_word' id='word_1_173' title='bbox 397 2413 663 2484; x_wconf 87' lang='lat' dir='ltr'><strong><em>suspicari</em></strong></span> <span class='ocrx_word' id='word_1_174' title='bbox 684 2429 810 2472; x_wconf 88' lang='lat' dir='ltr'><strong><em>eum</em></strong></span> <span class='ocrx_word' id='word_1_175' title='bbox 828 2432 1100 2489; x_wconf 77' lang='lat' dir='ltr'><strong><em>pugnasse</em></strong></span> <span class='ocrx_word' id='word_1_176' title='bbox 1124 2419 1258 2476; x_wconf 85' lang='lat' dir='ltr'><strong><em>tibia</em></strong></span> <span class='ocrx_word' id='word_1_177' title='bbox 1284 2420 1515 2492; x_wconf 87' lang='lat' dir='ltr'><strong><em>alicujus</em></strong></span> <span class='ocrx_word' id='word_1_178' title='bbox 1539 2422 1817 2487; x_wconf 88' lang='lat' dir='ltr'><strong><em>animalis,</em></strong></span> 
     </span>
    </p>
   </div>
   <div class='ocr_carea' id='block_1_27' title="bbox 225 2499 1813 2580">
    <p class='ocr_par' dir='ltr' id='par_1_27' title="bbox 225 2499 1813 2580">
     <span class='ocr_line' id='line_1_27' title="bbox 225 2499 1813 2580; baseline 0.008 -26"><span class='ocrx_word' id='word_1_179' title='bbox 225 2505 493 2570; x_wconf 86' lang='lat' dir='ltr'><strong><em>tanquam</em></strong></span> <span class='ocrx_word' id='word_1_180' title='bbox 518 2499 681 2569; x_wconf 81' lang='lat' dir='ltr'><strong><em>fuste,</em></strong></span> <span class='ocrx_word' id='word_1_181' title='bbox 732 2512 787 2559; x_wconf 89' lang='lat' dir='ltr'><strong><em>et</em></strong></span> <span class='ocrx_word' id='word_1_182' title='bbox 811 2518 875 2559; x_wconf 89' lang='lat' dir='ltr'><strong><em>ea</em></strong></span> <span class='ocrx_word' id='word_1_183' title='bbox 905 2504 1026 2561; x_wconf 90' lang='lat' dir='ltr'><strong><em>illos</em></strong></span> <span class='ocrx_word' id='word_1_184' title='bbox 1072 2521 1236 2577; x_wconf 84' lang='lat' dir='ltr'><strong><em>super</em></strong></span> <span class='ocrx_word' id='word_1_185' title='bbox 1260 2505 1438 2563; x_wconf 80' lang='lat' dir='ltr'><strong><em>femur</em></strong></span> <span class='ocrx_word' id='word_1_186' title='bbox 1459 2510 1813 2580; x_wconf 87' lang='lat' dir='ltr'><strong><em>percussisse,</em></strong></span> 
     </span>
    </p>
   </div>
   <div class='ocr_carea' id='block_1_28' title="bbox 229 2588 1817 2665">
    <p class='ocr_par' dir='ltr' id='par_1_28' title="bbox 229 2588 1817 2665">
     <span class='ocr_line' id='line_1_28' title="bbox 229 2588 1817 2665; baseline 0.007 -19"><span class='ocrx_word' id='word_1_187' title='bbox 229 2589 375 2646; x_wconf 88' lang='lat' dir='ltr'><strong><em>sicut</em></strong></span> <span class='ocrx_word' id='word_1_188' title='bbox 415 2588 483 2646; x_wconf 91' lang='lat' dir='ltr'><strong><em>de</em></strong></span> <span class='ocrx_word' id='word_1_189' title='bbox 506 2589 599 2646; x_wconf 92' lang='lat' dir='ltr'><strong><em>illo</em></strong></span> <span class='ocrx_word' id='word_1_190' title='bbox 634 2592 897 2665; x_wconf 89' lang='lat' dir='ltr'><strong><em>scriptum</em></strong></span> <span class='ocrx_word' id='word_1_191' title='bbox 918 2602 1019 2661; x_wconf 89' lang='lat' dir='ltr'><strong><em>est,</em></strong></span> <span class='ocrx_word' id='word_1_192' title='bbox 1065 2596 1209 2665; x_wconf 89' lang='lat' dir='ltr'><strong><em>quod</em></strong></span> <span class='ocrx_word' id='word_1_193' title='bbox 1249 2597 1471 2653; x_wconf 82' lang='lat' dir='ltr'><strong><em>maxilla</em></strong></span> <span class='ocrx_word' id='word_1_194' title='bbox 1500 2600 1644 2656; x_wconf 86' lang='lat' dir='ltr'><strong><em>asini</em></strong></span> <span class='ocrx_word' id='word_1_195' title='bbox 1669 2600 1817 2657; x_wconf 90' lang='lat' dir='ltr'><strong><em>mille</em></strong></span> 
     </span>
    </p>
   </div>
   <div class='ocr_carea' id='block_1_29' title="bbox 228 2678 1817 2760">
    <p class='ocr_par' dir='ltr' id='par_1_29' title="bbox 228 2678 1817 2760">
     <span class='ocr_line' id='line_1_29' title="bbox 228 2678 1817 2760; baseline 0.007 -24"><span class='ocrx_word' id='word_1_196' title='bbox 228 2679 511 2736; x_wconf 87' lang='lat' dir='ltr'><strong><em>occiderit.</em></strong></span> <span class='ocrx_word' id='word_1_197' title='bbox 539 2678 649 2736; x_wconf 88' lang='lat' dir='ltr'><strong><em>Sed</em></strong></span> <span class='ocrx_word' id='word_1_198' title='bbox 671 2697 847 2753; x_wconf 90' lang='lat' dir='ltr'><strong><em>neque</em></strong></span> <span class='ocrx_word' id='word_1_199' title='bbox 867 2682 1019 2750; x_wconf 90' lang='lat' dir='ltr'><strong><em>illud,</em></strong></span> <span class='ocrx_word' id='word_1_200' title='bbox 1042 2692 1102 2740; x_wconf 91' lang='lat' dir='ltr'><strong><em>ut</em></strong></span> <span class='ocrx_word' id='word_1_201' title='bbox 1125 2684 1261 2753; x_wconf 89' lang='lat' dir='ltr'><strong><em>dixi,</em></strong></span> <span class='ocrx_word' id='word_1_202' title='bbox 1287 2686 1548 2745; x_wconf 87' lang='lat' dir='ltr'><strong><em>credibile</em></strong></span> <span class='ocrx_word' id='word_1_203' title='bbox 1566 2699 1647 2745; x_wconf 90' lang='lat' dir='ltr'><strong><em>est</em></strong></span> <span class='ocrx_word' id='word_1_204' title='bbox 1673 2690 1817 2760; x_wconf 89' lang='lat' dir='ltr'><strong><em>quod</em></strong></span> 
     </span>
    </p>
   </div>
   <div class='ocr_carea' id='block_1_30' title="bbox 229 2772 1816 2843">
    <p class='ocr_par' dir='ltr' id='par_1_30' title="bbox 229 2772 1816 2843">
     <span class='ocr_line' id='line_1_30' title="bbox 229 2772 1816 2843; baseline 0.006 -17"><span class='ocrx_word' id='word_1_205' title='bbox 229 2784 479 2843; x_wconf 77' lang='lat' dir='ltr'><strong><em>pugnans</em></strong></span> <span class='ocrx_word' id='word_1_206' title='bbox 526 2786 696 2827; x_wconf 89' lang='lat' dir='ltr'><strong><em>unum</em></strong></span> <span class='ocrx_word' id='word_1_207' title='bbox 722 2779 931 2828; x_wconf 90' lang='lat' dir='ltr'><strong><em>tantum</em></strong></span> <span class='ocrx_word' id='word_1_208' title='bbox 960 2772 1137 2829; x_wconf 92' lang='lat' dir='ltr'><strong><em>locum</em></strong></span> <span class='ocrx_word' id='word_1_209' title='bbox 1168 2775 1543 2833; x_wconf 82' lang='lat' dir='ltr'><strong><em>observaverit</em></strong></span> <span class='ocrx_word' id='word_1_210' title='bbox 1585 2777 1678 2833; x_wconf 87' lang='lat' dir='ltr'><strong><em>ubi</em></strong></span> <span class='ocrx_word' id='word_1_211' title='bbox 1720 2792 1816 2835; x_wconf 90' lang='lat' dir='ltr'><strong><em>eos</em></strong></span> 
     </span>
    </p>
   </div>
   <div class='ocr_carea' id='block_1_31' title="bbox 228 2861 1817 2935">
    <p class='ocr_par' dir='ltr' id='par_1_31' title="bbox 228 2861 1817 2935">
     <span class='ocr_line' id='line_1_31' title="bbox 228 2861 1817 2935; baseline 0.007 -20"><span class='ocrx_word' id='word_1_212' title='bbox 228 2866 557 2932; x_wconf 88' lang='lat' dir='ltr'><strong><em>percuteret.</em></strong></span> <span class='ocrx_word' id='word_1_213' title='bbox 608 2861 676 2918; x_wconf 88' lang='lat' dir='ltr'><strong><em>Et</em></strong></span> <span class='ocrx_word' id='word_1_214' title='bbox 696 2875 804 2919; x_wconf 90' lang='lat' dir='ltr'><strong><em>non</em></strong></span> <span class='ocrx_word' id='word_1_215' title='bbox 826 2863 905 2918; x_wconf 89' lang='lat' dir='ltr'><strong><em>ait</em></strong></span> <span class='ocrx_word' id='word_1_216' title='bbox 933 2862 1232 2935; x_wconf 89' lang='lat' dir='ltr'><strong><em>Scriptura,</em></strong></span> <span class='ocrx_word' id='word_1_217' title='bbox 1274 2865 1552 2925; x_wconf 91' lang='lat' dir='ltr'><strong><em>Percussit</em></strong></span> <span class='ocrx_word' id='word_1_218' title='bbox 1568 2883 1663 2924; x_wconf 91' lang='lat' dir='ltr'><strong><em>eos</em></strong></span> <span class='ocrx_word' id='word_1_219' title='bbox 1686 2869 1817 2927; x_wconf 88' lang='lat' dir='ltr'><strong><em>tibia</em></strong></span> 
     </span>
    </p>
   </div>
   <div class='ocr_carea' id='block_1_32' title="bbox 228 2948 1816 3033">
    <p class='ocr_par' dir='ltr' id='par_1_32' title="bbox 228 2948 1816 3033">
     <span class='ocr_line' id='line_1_32' title="bbox 228 2948 1816 3033; baseline 0.007 -28"><span class='ocrx_word' id='word_1_220' title='bbox 228 2965 395 3022; x_wconf 88' lang='lat' dir='ltr'><strong><em>super</em></strong></span> <span class='ocrx_word' id='word_1_221' title='bbox 427 2948 624 3019; x_wconf 79' lang='lat' dir='ltr'><strong><em>femur,</em></strong></span> <span class='ocrx_word' id='word_1_222' title='bbox 663 2953 754 3007; x_wconf 87' lang='lat' dir='ltr'><strong><em>sed</em></strong></span> <span class='ocrx_word' id='word_1_223' title='bbox 775 2952 957 3008; x_wconf 88' lang='lat' dir='ltr'><strong><em>tibiam</em></strong></span> <span class='ocrx_word' id='word_1_224' title='bbox 978 2971 1135 3027; x_wconf 86' lang='lat' dir='ltr'><strong><em>super</em></strong></span> <span class='ocrx_word' id='word_1_225' title='bbox 1159 2956 1348 3025; x_wconf 84' lang='lat' dir='ltr'><strong><em>femur.</em></strong></span> <span class='ocrx_word' id='word_1_226' title='bbox 1396 2957 1665 3014; x_wconf 87' lang='lat' dir='ltr'><strong><em>Nimirum</em></strong></span> <span class='ocrx_word' id='word_1_227' title='bbox 1686 2972 1816 3033; x_wconf 87' lang='lat' dir='ltr'><strong><em>ergo</em></strong></span> 
     </span>
    </p>
   </div>
   <div class='ocr_carea' id='block_1_33' title="bbox 227 3036 1816 3106">
    <p class='ocr_par' dir='ltr' id='par_1_33' title="bbox 227 3036 1816 3106">
     <span class='ocr_line' id='line_1_33' title="bbox 227 3036 1816 3106; baseline 0.007 -11"><span class='ocrx_word' id='word_1_228' title='bbox 227 3036 492 3095; x_wconf 88' lang='lat' dir='ltr'><strong><em>inusitata</em></strong></span> <span class='ocrx_word' id='word_1_229' title='bbox 517 3037 714 3095; x_wconf 88' lang='lat' dir='ltr'><strong><em>locutio</em></strong></span> <span class='ocrx_word' id='word_1_230' title='bbox 735 3040 864 3098; x_wconf 81' lang='lat' dir='ltr'><strong><em>facit</em></strong></span> <span class='ocrx_word' id='word_1_231' title='bbox 890 3042 1276 3102; x_wconf 88' lang='lat' dir='ltr'><strong><em>obscuritatem</em></strong></span> <span class='ocrx_word' id='word_1_232' title='bbox 1303 3064 1317 3100; x_wconf 90' lang='lat'><strong>:</strong></span> <span class='ocrx_word' id='word_1_233' title='bbox 1348 3045 1424 3101; x_wconf 89' lang='lat' dir='ltr'><strong><em>ita</em></strong></span> <span class='ocrx_word' id='word_1_234' title='bbox 1447 3048 1593 3104; x_wconf 89' lang='lat' dir='ltr'><strong><em>enim</em></strong></span> <span class='ocrx_word' id='word_1_235' title='bbox 1613 3048 1816 3106; x_wconf 88' lang='lat' dir='ltr'><strong><em>dictum</em></strong></span> 
     </span>
    </p>
   </div>
   <div class='ocr_carea' id='block_1_34' title="bbox 1923 526 3502 608">
    <p class='ocr_par' dir='ltr' id='par_1_34' title="bbox 1923 526 3502 608">
     <span class='ocr_line' id='line_1_34' title="bbox 1923 526 3502 608; baseline 0.009 -26"><span class='ocrx_word' id='word_1_236' title='bbox 1923 532 2140 583; x_wconf 66' lang='lat' dir='ltr'><strong><em>cantur</em></strong></span> <span class='ocrx_word' id='word_1_237' title='bbox 2157 526 2380 597; x_wconf 76' lang='lat' dir='ltr'><strong><em>dixisse,</em></strong></span> <span class='ocrx_word' id='word_1_238' title='bbox 2403 527 2536 587; x_wconf 91' lang='lat' dir='ltr'><strong><em>illud</em></strong></span> <span class='ocrx_word' id='word_1_239' title='bbox 2558 529 2765 587; x_wconf 89' lang='lat' dir='ltr'><strong><em>indicat</em></strong></span> <span class='ocrx_word' id='word_1_240' title='bbox 2779 530 2926 601; x_wconf 85' lang='lat' dir='ltr'><strong><em>quod</em></strong></span> <span class='ocrx_word' id='word_1_241' title='bbox 2948 531 3006 587; x_wconf 89' lang='lat' dir='ltr'><strong><em>in</em></strong></span> <span class='ocrx_word' id='word_1_242' title='bbox 3030 531 3175 589; x_wconf 85' lang='lat' dir='ltr'><strong><em>libre</em></strong></span> <span class='ocrx_word' id='word_1_243' title='bbox 3191 534 3502 608; x_wconf 78' lang='lat' dir='ltr'><strong><em>Regnorum</em></strong></span> 
     </span>
    </p>
   </div>
   <div class='ocr_carea' id='block_1_35' title="bbox 1922 622 3519 695">
    <p class='ocr_par' dir='ltr' id='par_1_35' title="bbox 1922 622 3519 695">
     <span class='ocr_line' id='line_1_35' title="bbox 1922 622 3519 695; baseline 0.009 -18"><span class='ocrx_word' id='word_1_244' title='bbox 1922 622 2189 693; x_wconf 84' lang='lat' dir='ltr'><strong><em>scriptum</em></strong></span> <span class='ocrx_word' id='word_1_245' title='bbox 2206 631 2308 691; x_wconf 83' lang='lat' dir='ltr'><strong><em>est,</em></strong></span> <span class='ocrx_word' id='word_1_246' title='bbox 2366 625 2593 695; x_wconf 86' lang='lat' dir='ltr'><strong><em>jubente</em></strong></span> <span class='ocrx_word' id='word_1_247' title='bbox 2626 625 2938 695; x_wconf 84' lang='lat' dir='ltr'><strong><em>Salomone,</em></strong></span> <span class='ocrx_word' id='word_1_248' title='bbox 2996 636 3061 685; x_wconf 90' lang='lat' dir='ltr'><strong><em>ut</em></strong></span> <span class='ocrx_word' id='word_1_249' title='bbox 3086 631 3253 687; x_wconf 85' lang='lat' dir='ltr'><strong><em>homo</em></strong></span> <span class='ocrx_word' id='word_1_250' title='bbox 3291 634 3519 691; x_wconf 51' lang='lat' dir='ltr'><strong><em>occides</em></strong></span> 
     </span>
    </p>
   </div>
   <div class='ocr_carea' id='block_1_36' title="bbox 1922 714 3505 804">
    <p class='ocr_par' dir='ltr' id='par_1_36' title="bbox 1922 714 3505 804">
     <span class='ocr_line' id='line_1_36' title="bbox 1922 714 3505 804; baseline 0.011 -36"><span class='ocrx_word' id='word_1_251' title='bbox 1922 721 2094 781; x_wconf 78' lang='lat' dir='ltr'><strong><em>retur,</em></strong></span> <span class='ocrx_word' id='word_1_252' title='bbox 2130 723 2187 770; x_wconf 89' lang='lat' dir='ltr'><strong><em>et</em></strong></span> <span class='ocrx_word' id='word_1_253' title='bbox 2228 714 2484 773; x_wconf 86' lang='lat' dir='ltr'><strong><em>dicente:</em></strong></span> <span class='ocrx_word' id='word_1_254' title='bbox 2522 716 2693 786; x_wconf 82' lang='lat' dir='ltr'><strong><em>Vade,</em></strong></span> <span class='ocrx_word' id='word_1_255' title='bbox 2740 735 2959 776; x_wconf 80' lang='lat' dir='ltr'><strong><em>occurre</em></strong></span> <span class='ocrx_word' id='word_1_256' title='bbox 2984 721 3068 777; x_wconf 82' lang='lat' dir='ltr'><strong><em>illi</em></strong></span> <span class='ocrx_word' id='word_1_257' title='bbox 3092 720 3215 795; x_wconf 83' lang='grc'><strong><em>(111</em></strong></span> <span class='ocrx_word' id='word_1_258' title='bbox 3240 724 3372 798; x_wconf 78' lang='lat' dir='ltr'><strong><em>Reg.</em></strong></span> <span class='ocrx_word' id='word_1_259' title='bbox 3416 727 3505 804; x_wconf 73' lang='grc' dir='ltr'><strong><em>π),</em></strong></span> 
     </span>
    </p>
   </div>
   <div class='ocr_carea' id='block_1_37' title="bbox 1921 805 3507 881">
    <p class='ocr_par' dir='ltr' id='par_1_37' title="bbox 1921 805 3507 881">
     <span class='ocr_line' id='line_1_37' title="bbox 1921 805 3507 881; baseline 0.011 -22"><span class='ocrx_word' id='word_1_260' title='bbox 1921 805 2067 875; x_wconf 88' lang='lat' dir='ltr'><strong><em>quod</em></strong></span> <span class='ocrx_word' id='word_1_261' title='bbox 2109 805 2232 862; x_wconf 89' lang='lat' dir='ltr'><strong><em>ideo</em></strong></span> <span class='ocrx_word' id='word_1_262' title='bbox 2257 820 2366 863; x_wconf 90' lang='lat' dir='ltr'><strong><em>non</em></strong></span> <span class='ocrx_word' id='word_1_263' title='bbox 2397 807 2740 881; x_wconf 83' lang='lat' dir='ltr'><strong><em>intelligitur,</em></strong></span> <span class='ocrx_word' id='word_1_264' title='bbox 2789 810 2917 881; x_wconf 85' lang='lat' dir='ltr'><strong><em>quia</em></strong></span> <span class='ocrx_word' id='word_1_265' title='bbox 2943 826 3054 868; x_wconf 86' lang='lat' dir='ltr'><strong><em>non</em></strong></span> <span class='ocrx_word' id='word_1_266' title='bbox 3083 822 3183 869; x_wconf 88' lang='lat' dir='ltr'><strong><em>est-</em></strong></span> <span class='ocrx_word' id='word_1_267' title='bbox 3215 828 3507 877; x_wconf 42' lang='lat' dir='ltr'><strong><em>consuetus</em></strong></span> 
     </span>
    </p>
   </div>
   <div class='ocr_carea' id='block_1_38' title="bbox 1922 894 3508 974">
    <p class='ocr_par' dir='ltr' id='par_1_38' title="bbox 1922 894 3508 974">
     <span class='ocr_line' id='line_1_38' title="bbox 1922 894 3508 974; baseline 0.009 -22"><span class='ocrx_word' id='word_1_268' title='bbox 1922 894 2068 952; x_wconf 84' lang='lat' dir='ltr'><strong><em>diuis</em></strong></span> <span class='ocrx_word' id='word_1_269' title='bbox 2114 898 2259 969; x_wconf 86' lang='lat' dir='ltr'><strong><em>apud</em></strong></span> <span class='ocrx_word' id='word_1_270' title='bbox 2282 912 2387 955; x_wconf 88' lang='lat' dir='ltr'><strong><em>nos</em></strong></span> <span class='ocrx_word' id='word_1_271' title='bbox 2436 899 2513 955; x_wconf 83' lang='lat' dir='ltr'><strong><em>ita</em></strong></span> <span class='ocrx_word' id='word_1_272' title='bbox 2533 900 2662 956; x_wconf 88' lang='lat' dir='ltr'><strong><em>dici.</em></strong></span> <span class='ocrx_word' id='word_1_273' title='bbox 2716 900 2809 957; x_wconf 87' lang='lat' dir='ltr'><strong><em>Sic</em></strong></span> <span class='ocrx_word' id='word_1_274' title='bbox 2856 902 3001 958; x_wconf 84' lang='lat' dir='ltr'><strong><em>enim</em></strong></span> <span class='ocrx_word' id='word_1_275' title='bbox 3042 905 3194 974; x_wconf 79' lang='lat' dir='ltr'><strong><em>quod</em></strong></span> <span class='ocrx_word' id='word_1_276' title='bbox 3238 907 3508 969; x_wconf 81' lang='lat' dir='ltr'><strong><em>militares</em></strong></span> 
     </span>
    </p>
   </div>
   <div class='ocr_carea' id='block_1_39' title="bbox 1919 987 3507 1069">
    <p class='ocr_par' dir='ltr' id='par_1_39' title="bbox 1919 987 3507 1069">
     <span class='ocr_line' id='line_1_39' title="bbox 1919 987 3507 1069; baseline 0.011 -29"><span class='ocrx_word' id='word_1_277' title='bbox 1919 992 2217 1057; x_wconf 84' lang='lat' dir='ltr'><strong><em>potestates</em></strong></span> <span class='ocrx_word' id='word_1_278' title='bbox 2257 987 2445 1045; x_wconf 84' lang='lat' dir='ltr'><strong><em>dicunt</em></strong></span> <span class='ocrx_word' id='word_1_279' title='bbox 2474 1006 2489 1044; x_wconf 92' lang='lat'><strong>:</strong></span> <span class='ocrx_word' id='word_1_280' title='bbox 2530 988 2691 1057; x_wconf 84' lang='lat' dir='ltr'><strong><em>Vade,</em></strong></span> <span class='ocrx_word' id='word_1_281' title='bbox 2730 989 2899 1047; x_wconf 87' lang='lat' dir='ltr'><strong><em>alleva</em></strong></span> <span class='ocrx_word' id='word_1_282' title='bbox 2915 991 3093 1063; x_wconf 83' lang='lat' dir='ltr'><strong><em>illum,</em></strong></span> <span class='ocrx_word' id='word_1_283' title='bbox 3134 1003 3190 1051; x_wconf 88' lang='lat' dir='ltr'><strong><em>et</em></strong></span> <span class='ocrx_word' id='word_1_284' title='bbox 3210 996 3507 1069; x_wconf 73' lang='lat' dir='ltr'><strong><em>signiﬁcat,</em></strong></span> 
     </span>
    </p>
   </div>
   <div class='ocr_carea' id='block_1_40' title="bbox 1923 1076 3527 1153">
    <p class='ocr_par' dir='ltr' id='par_1_40' title="bbox 1923 1076 3527 1153">
     <span class='ocr_line' id='line_1_40' title="bbox 1923 1076 3527 1153; baseline 0.011 -22"><span class='ocrx_word' id='word_1_285' title='bbox 1923 1076 2099 1132; x_wconf 83' lang='lat' dir='ltr'><strong><em>occide</em></strong></span> <span class='ocrx_word' id='word_1_286' title='bbox 2126 1076 2301 1144; x_wconf 81' lang='lat' dir='ltr'><strong><em>illum,</em></strong></span> <span class='ocrx_word' id='word_1_287' title='bbox 2325 1079 2450 1149; x_wconf 86' lang='lat' dir='ltr'><strong><em>quis</em></strong></span> <span class='ocrx_word' id='word_1_288' title='bbox 2477 1079 2765 1153; x_wconf 83' lang='lat' dir='ltr'><strong><em>intelligat,</em></strong></span> <span class='ocrx_word' id='word_1_289' title='bbox 2794 1080 2902 1138; x_wconf 80' lang='lat' dir='ltr'><strong><em>nisi</em></strong></span> <span class='ocrx_word' id='word_1_290' title='bbox 2930 1082 3024 1153; x_wconf 87' lang='lat' dir='ltr'><strong><em>qui</em></strong></span> <span class='ocrx_word' id='word_1_291' title='bbox 3050 1083 3194 1142; x_wconf 86' lang='lat' dir='ltr'><strong><em>illius</em></strong></span> <span class='ocrx_word' id='word_1_292' title='bbox 3218 1086 3527 1148; x_wconf 70' lang='lat' dir='ltr'><strong><em>locutionis</em></strong></span> 
     </span>
    </p>
   </div>
   <div class='ocr_carea' id='block_1_41' title="bbox 1923 1173 3507 1253">
    <p class='ocr_par' dir='ltr' id='par_1_41' title="bbox 1923 1173 3507 1253">
     <span class='ocr_line' id='line_1_41' title="bbox 1923 1173 3507 1253; baseline 0.009 -25"><span class='ocrx_word' id='word_1_293' title='bbox 1923 1173 2362 1230; x_wconf 83' lang='lat' dir='ltr'><strong><em>consuetudinem</em></strong></span> <span class='ocrx_word' id='word_1_294' title='bbox 2380 1174 2574 1231; x_wconf 81' lang='lat' dir='ltr'><strong><em>novit?</em></strong></span> <span class='ocrx_word' id='word_1_295' title='bbox 2603 1173 2756 1232; x_wconf 87' lang='lat' dir='ltr'><strong><em>Solet</em></strong></span> <span class='ocrx_word' id='word_1_296' title='bbox 2792 1186 2848 1232; x_wconf 89' lang='lat' dir='ltr'><strong><em>et</em></strong></span> <span class='ocrx_word' id='word_1_297' title='bbox 2874 1187 3038 1249; x_wconf 77' lang='lat' dir='ltr'><strong><em>vulgo</em></strong></span> <span class='ocrx_word' id='word_1_298' title='bbox 3081 1182 3224 1250; x_wconf 86' lang='lat' dir='ltr'><strong><em>apud</em></strong></span> <span class='ocrx_word' id='word_1_299' title='bbox 3251 1197 3353 1240; x_wconf 88' lang='lat' dir='ltr'><strong><em>nos</em></strong></span> <span class='ocrx_word' id='word_1_300' title='bbox 3376 1184 3507 1253; x_wconf 87' lang='lat' dir='ltr'><strong><em>dici,</em></strong></span> 
     </span>
    </p>
   </div>
   <div class='ocr_carea' id='block_1_42' title="bbox 1922 1265 3527 1340">
    <p class='ocr_par' dir='ltr' id='par_1_42' title="bbox 1922 1265 3527 1340">
     <span class='ocr_line' id='line_1_42' title="bbox 1922 1265 3527 1340; baseline 0.01 -22"><span class='ocrx_word' id='word_1_301' title='bbox 1922 1265 2304 1336; x_wconf 81' lang='lat' dir='ltr'><strong><em>compendiabit</em></strong></span> <span class='ocrx_word' id='word_1_302' title='bbox 2344 1265 2450 1333; x_wconf 83' lang='lat' dir='ltr'><strong><em>illi,</em></strong></span> <span class='ocrx_word' id='word_1_303' title='bbox 2496 1266 2641 1338; x_wconf 87' lang='lat' dir='ltr'><strong><em>quod</em></strong></span> <span class='ocrx_word' id='word_1_304' title='bbox 2684 1274 2788 1335; x_wconf 85' lang='lat' dir='ltr'><strong><em>est,</em></strong></span> <span class='ocrx_word' id='word_1_305' title='bbox 2825 1268 3022 1324; x_wconf 85' lang='lat' dir='ltr'><strong><em>occidet</em></strong></span> <span class='ocrx_word' id='word_1_306' title='bbox 3072 1268 3249 1340; x_wconf 87' lang='lat' dir='ltr'><strong><em>illum,</em></strong></span> <span class='ocrx_word' id='word_1_307' title='bbox 3284 1280 3350 1328; x_wconf 80' lang='grc' dir='ltr'><em>ει</em></span> <span class='ocrx_word' id='word_1_308' title='bbox 3405 1275 3527 1334; x_wconf 76' lang='lat' dir='ltr'><strong>IIOC&#39;</strong></span> 
     </span>
    </p>
   </div>
   <div class='ocr_carea' id='block_1_43' title="bbox 1922 1355 3509 1429">
    <p class='ocr_par' dir='ltr' id='par_1_43' title="bbox 1922 1355 3509 1429">
     <span class='ocr_line' id='line_1_43' title="bbox 1922 1355 3509 1429; baseline 0.009 -19"><span class='ocrx_word' id='word_1_309' title='bbox 1922 1368 2085 1411; x_wconf 88' lang='lat' dir='ltr'><strong><em>nemo</em></strong></span> <span class='ocrx_word' id='word_1_310' title='bbox 2124 1355 2378 1429; x_wconf 77' lang='lat' dir='ltr'><strong><em>intelligit</em></strong></span> <span class='ocrx_word' id='word_1_311' title='bbox 2418 1356 2526 1413; x_wconf 86' lang='lat' dir='ltr'><strong><em>nisi</em></strong></span> <span class='ocrx_word' id='word_1_312' title='bbox 2551 1358 2645 1429; x_wconf 87' lang='lat' dir='ltr'><strong><em>qui</em></strong></span> <span class='ocrx_word' id='word_1_313' title='bbox 2676 1359 2866 1415; x_wconf 85' lang='lat' dir='ltr'><strong><em>audire</em></strong></span> <span class='ocrx_word' id='word_1_314' title='bbox 2895 1363 3195 1418; x_wconf 85' lang='lat' dir='ltr'><strong><em>consuevit.</em></strong></span> <span class='ocrx_word' id='word_1_315' title='bbox 3250 1363 3380 1422; x_wconf 71' lang='lat' dir='ltr'><strong><em>Haec</em></strong></span> <span class='ocrx_word' id='word_1_316' title='bbox 3422 1375 3509 1425; x_wconf 86' lang='lat' dir='ltr'><strong><em>est</em></strong></span> 
     </span>
    </p>
   </div>
   <div class='ocr_carea' id='block_1_44' title="bbox 1923 1444 3508 1527">
    <p class='ocr_par' dir='ltr' id='par_1_44' title="bbox 1923 1444 3508 1527">
     <span class='ocr_line' id='line_1_44' title="bbox 1923 1444 3508 1527; baseline 0.008 -27"><span class='ocrx_word' id='word_1_317' title='bbox 1923 1444 2071 1501; x_wconf 87' lang='lat' dir='ltr'><strong><em>enim</em></strong></span> <span class='ocrx_word' id='word_1_318' title='bbox 2107 1445 2195 1501; x_wconf 85' lang='lat' dir='ltr'><strong><em>vis</em></strong></span> <span class='ocrx_word' id='word_1_319' title='bbox 2227 1446 2494 1517; x_wconf 83' lang='lat' dir='ltr'><strong><em>generalis</em></strong></span> <span class='ocrx_word' id='word_1_320' title='bbox 2536 1450 2781 1505; x_wconf 90' lang='lat' dir='ltr'><strong><em>omnium</em></strong></span> <span class='ocrx_word' id='word_1_321' title='bbox 2809 1450 3175 1523; x_wconf 87' lang='lat' dir='ltr'><strong><em>locutionum,</em></strong></span> <span class='ocrx_word' id='word_1_322' title='bbox 3216 1462 3277 1509; x_wconf 88' lang='lat' dir='ltr'><strong><em>ut</em></strong></span> <span class='ocrx_word' id='word_1_323' title='bbox 3317 1470 3508 1527; x_wconf 85' lang='lat' dir='ltr'><strong><em>quem-</em></strong></span> 
     </span>
    </p>
   </div>
   <div class='ocr_carea' id='block_1_45' title="bbox 1922 1536 3509 1618">
    <p class='ocr_par' dir='ltr' id='par_1_45' title="bbox 1922 1536 3509 1618">
     <span class='ocr_line' id='line_1_45' title="bbox 1922 1536 3509 1618; baseline 0.011 -26"><span class='ocrx_word' id='word_1_324' title='bbox 1922 1536 2212 1594; x_wconf 88' lang='lat' dir='ltr'><strong><em>admodum</em></strong></span> <span class='ocrx_word' id='word_1_325' title='bbox 2224 1539 2358 1611; x_wconf 69' lang='lat' dir='ltr'><strong><em>ipsae</em></strong></span> <span class='ocrx_word' id='word_1_326' title='bbox 2369 1539 2585 1612; x_wconf 76' lang='lat' dir='ltr'><strong><em>linguae,</em></strong></span> <span class='ocrx_word' id='word_1_327' title='bbox 2599 1556 2708 1598; x_wconf 89' lang='lat' dir='ltr'><strong><em>non</em></strong></span> <span class='ocrx_word' id='word_1_328' title='bbox 2721 1543 3111 1618; x_wconf 85' lang='lat' dir='ltr'><strong><em>intelligantur,</em></strong></span> <span class='ocrx_word' id='word_1_329' title='bbox 3122 1548 3229 1604; x_wconf 88' lang='lat' dir='ltr'><strong><em>nisi</em></strong></span> <span class='ocrx_word' id='word_1_330' title='bbox 3241 1548 3509 1609; x_wconf 82' lang='lat' dir='ltr'><strong><em>audiendo</em></strong></span> 
     </span>
    </p>
   </div>
   <div class='ocr_carea' id='block_1_46' title="bbox 1921 1627 3510 1713">
    <p class='ocr_par' dir='ltr' id='par_1_46' title="bbox 1921 1627 3510 1713">
     <span class='ocr_line' id='line_1_46' title="bbox 1921 1627 3510 1713; baseline 0.012 -30"><span class='ocrx_word' id='word_1_331' title='bbox 1921 1629 2007 1686; x_wconf 87' lang='lat' dir='ltr'><strong><em>vel</em></strong></span> <span class='ocrx_word' id='word_1_332' title='bbox 2040 1627 2269 1703; x_wconf 81' lang='lat' dir='ltr'><strong><em>legendo</em></strong></span> <span class='ocrx_word' id='word_1_333' title='bbox 2318 1633 2616 1690; x_wconf 85' lang='lat' dir='ltr'><strong><em>discantur.</em></strong></span> <span class='ocrx_word' id='word_1_334' title='bbox 2670 1635 3045 1711; x_wconf 73' lang='lat' dir='ltr'><strong><em>lucernamque</em></strong></span> <span class='ocrx_word' id='word_1_335' title='bbox 3091 1642 3367 1699; x_wconf 67' lang='lat' dir='ltr'><strong><em>maxillam</em></strong></span> <span class='ocrx_word' id='word_1_336' title='bbox 3387 1685 3403 1713; x_wconf 96' lang='lat'><strong><em>,</em></strong></span> <span class='ocrx_word' id='word_1_337' title='bbox 3455 1645 3510 1702; x_wconf 89' lang='lat' dir='ltr'><strong><em>id</em></strong></span> 
     </span>
    </p>
   </div>
   <div class='ocr_carea' id='block_1_47' title="bbox 1921 1721 3506 1806">
    <p class='ocr_par' dir='ltr' id='par_1_47' title="bbox 1921 1721 3506 1806">
     <span class='ocr_line' id='line_1_47' title="bbox 1921 1721 3506 1806; baseline 0.009 -29"><span class='ocrx_word' id='word_1_338' title='bbox 1921 1728 2027 1790; x_wconf 90' lang='lat' dir='ltr'><strong><em>est,</em></strong></span> <span class='ocrx_word' id='word_1_339' title='bbox 2056 1721 2444 1793; x_wconf 86' lang='lat' dir='ltr'><strong><em>mandibulam,</em></strong></span> <span class='ocrx_word' id='word_1_340' title='bbox 2501 1727 2662 1794; x_wconf 83' lang='lat' dir='ltr'><strong><em>asini,</em></strong></span> <span class='ocrx_word' id='word_1_341' title='bbox 2702 1744 2813 1800; x_wconf 83' lang='lat' dir='ltr'><strong><em>qua</em></strong></span> <span class='ocrx_word' id='word_1_342' title='bbox 2834 1730 3064 1800; x_wconf 85' lang='lat' dir='ltr'><strong><em>jacebat,</em></strong></span> <span class='ocrx_word' id='word_1_343' title='bbox 3114 1734 3372 1806; x_wconf 77' lang='lat' dir='ltr'><strong><em>arripiens</em></strong></span> <span class='ocrx_word' id='word_1_344' title='bbox 3416 1738 3506 1792; x_wconf 84' lang='lat' dir='ltr'><strong><em>in-</em></strong></span> 
     </span>
    </p>
   </div>
   <div class='ocr_carea' id='block_1_48' title="bbox 1841 1812 3641 1898">
    <p class='ocr_par' dir='ltr' id='par_1_48' title="bbox 1841 1812 3641 1898">
     <span class='ocr_line' id='line_1_48' title="bbox 1841 1812 3641 1898; baseline 0.014 -33"><span class='ocrx_word' id='word_1_345' title='bbox 1841 1813 1895 1875; x_wconf 86' lang='lat' dir='ltr'><strong>B</strong></span> <span class='ocrx_word' id='word_1_346' title='bbox 1914 1812 2120 1883; x_wconf 78' lang='lat' dir='ltr'><strong><em>terfeeit</em></strong></span> <span class='ocrx_word' id='word_1_347' title='bbox 2144 1814 2203 1869; x_wconf 84' lang='lat' dir='ltr'><strong><em>in</em></strong></span> <span class='ocrx_word' id='word_1_348' title='bbox 2238 1831 2303 1871; x_wconf 89' lang='lat' dir='ltr'><strong><em>ea</em></strong></span> <span class='ocrx_word' id='word_1_349' title='bbox 2329 1816 2475 1873; x_wconf 86' lang='lat' dir='ltr'><strong><em>mille</em></strong></span> <span class='ocrx_word' id='word_1_350' title='bbox 2501 1819 2662 1887; x_wconf 79' lang='lat' dir='ltr'><strong><em>viros,</em></strong></span> <span class='ocrx_word' id='word_1_351' title='bbox 2695 1830 2748 1876; x_wconf 90' lang='lat' dir='ltr'><strong><em>et</em></strong></span> <span class='ocrx_word' id='word_1_352' title='bbox 2772 1822 2849 1877; x_wconf 87' lang='lat' dir='ltr'><strong><em>ait</em></strong></span> <span class='ocrx_word' id='word_1_353' title='bbox 2869 1838 2891 1878; x_wconf 90' lang='lat'><strong><em>:</em></strong></span> <span class='ocrx_word' id='word_1_354' title='bbox 2918 1821 2987 1879; x_wconf 86' lang='lat' dir='ltr'><strong><em>In</em></strong></span> <span class='ocrx_word' id='word_1_355' title='bbox 3015 1824 3237 1883; x_wconf 67' lang='lat' dir='ltr'><strong><em>maxilla</em></strong></span> <span class='ocrx_word' id='word_1_356' title='bbox 3264 1829 3424 1898; x_wconf 89' lang='lat' dir='ltr'><strong><em>asini,</em></strong></span> <span class='ocrx_word' id='word_1_357' title='bbox 3450 1832 3509 1887; x_wconf 85' lang='lat' dir='ltr'><strong><em>in</em></strong></span> <span class='ocrx_word' id='word_1_358' title='bbox 3622 1882 3641 1893; x_wconf 44' lang='grc' dir='ltr'>κ</span> 
     </span>
    </p>
   </div>
   <div class='ocr_carea' id='block_1_49' title="bbox 1919 1903 3512 1990">
    <p class='ocr_par' dir='ltr' id='par_1_49' title="bbox 1919 1903 3512 1990">
     <span class='ocr_line' id='line_1_49' title="bbox 1919 1903 3512 1990; baseline 0.013 -34"><span class='ocrx_word' id='word_1_359' title='bbox 1919 1903 2227 1961; x_wconf 82' lang='lat' dir='ltr'><strong><em>mandibula</em></strong></span> <span class='ocrx_word' id='word_1_360' title='bbox 2271 1905 2409 1978; x_wconf 82' lang='lat' dir='ltr'><strong><em>pulli</em></strong></span> <span class='ocrx_word' id='word_1_361' title='bbox 2464 1909 2739 1965; x_wconf 82' lang='lat' dir='ltr'><strong><em>asinorum</em></strong></span> <span class='ocrx_word' id='word_1_362' title='bbox 2782 1908 2950 1968; x_wconf 80' lang='lat' dir='ltr'><strong><em>delevi</em></strong></span> <span class='ocrx_word' id='word_1_363' title='bbox 2999 1929 3086 1971; x_wconf 87' lang='lat' dir='ltr'><strong><em>eos</em></strong></span> <span class='ocrx_word' id='word_1_364' title='bbox 3101 1956 3119 1982; x_wconf 95' lang='lat'><strong><em>,</em></strong></span> <span class='ocrx_word' id='word_1_365' title='bbox 3172 1925 3227 1972; x_wconf 86' lang='lat' dir='ltr'><strong><em>et</em></strong></span> <span class='ocrx_word' id='word_1_366' title='bbox 3275 1924 3512 1990; x_wconf 86' lang='lat' dir='ltr'><strong><em>percussi</em></strong></span> 
     </span>
    </p>
   </div>
   <div class='ocr_carea' id='block_1_50' title="bbox 1917 1993 3508 2078">
    <p class='ocr_par' dir='ltr' id='par_1_50' title="bbox 1917 1993 3508 2078">
     <span class='ocr_line' id='line_1_50' title="bbox 1917 1993 3508 2078; baseline 0.013 -29"><span class='ocrx_word' id='word_1_367' title='bbox 1917 1993 2063 2051; x_wconf 80' lang='lat' dir='ltr'><strong><em>mille</em></strong></span> <span class='ocrx_word' id='word_1_368' title='bbox 2096 1996 2260 2066; x_wconf 79' lang='lat' dir='ltr'><strong><em>viros,</em></strong></span> <span class='ocrx_word' id='word_1_369' title='bbox 2310 2004 2368 2055; x_wconf 87' lang='lat' dir='ltr'><strong><em>et</em></strong></span> <span class='ocrx_word' id='word_1_370' title='bbox 2395 1999 2626 2071; x_wconf 90' lang='lat' dir='ltr'><strong><em>reliqua.</em></strong></span> <span class='ocrx_word' id='word_1_371' title='bbox 2674 2001 2916 2070; x_wconf 76' lang='lat' dir='ltr'><strong><em>Quorum</em></strong></span> <span class='ocrx_word' id='word_1_372' title='bbox 2956 2004 3049 2061; x_wconf 89' lang='lat' dir='ltr'><strong><em>hic</em></strong></span> <span class='ocrx_word' id='word_1_373' title='bbox 3093 2020 3194 2078; x_wconf 89' lang='lat' dir='ltr'><strong><em>per</em></strong></span> <span class='ocrx_word' id='word_1_374' title='bbox 3228 2010 3508 2070; x_wconf 81' lang='lat' dir='ltr'><strong><em>maxillam</em></strong></span> 
     </span>
    </p>
   </div>
   <div class='ocr_carea' id='block_1_51' title="bbox 1918 2088 3510 2172">
    <p class='ocr_par' dir='ltr' id='par_1_51' title="bbox 1918 2088 3510 2172">
     <span class='ocr_line' id='line_1_51' title="bbox 1918 2088 3510 2172; baseline 0.011 -28"><span class='ocrx_word' id='word_1_375' title='bbox 1918 2088 2092 2157; x_wconf 81' lang='lat' dir='ltr'><strong><em>asini,</em></strong></span> <span class='ocrx_word' id='word_1_376' title='bbox 2158 2090 2264 2148; x_wconf 86' lang='lat' dir='ltr'><strong><em>nisi</em></strong></span> <span class='ocrx_word' id='word_1_377' title='bbox 2329 2093 2748 2165; x_wconf 61' lang='lat' dir='ltr'><strong><em>praedicatorum</em></strong></span> <span class='ocrx_word' id='word_1_378' title='bbox 2805 2095 3061 2155; x_wconf 64' lang='lat' dir='ltr'><strong><em>Ecclesiae</em></strong></span> <span class='ocrx_word' id='word_1_379' title='bbox 3130 2115 3378 2172; x_wconf 70' lang='lat' dir='ltr'><strong><em>persona:</em></strong></span> <span class='ocrx_word' id='word_1_380' title='bbox 3434 2105 3510 2162; x_wconf 92' lang='lat' dir='ltr'><strong><em>si-</em></strong></span> 
     </span>
    </p>
   </div>
   <div class='ocr_carea' id='block_1_52' title="bbox 1918 2183 3507 2265">
    <p class='ocr_par' dir='ltr' id='par_1_52' title="bbox 1918 2183 3507 2265">
     <span class='ocr_line' id='line_1_52' title="bbox 1918 2183 3507 2265; baseline 0.013 -30"><span class='ocrx_word' id='word_1_381' title='bbox 1918 2189 2156 2252; x_wconf 84' lang='lat' dir='ltr'><strong><em>gnantur</em></strong></span> <span class='ocrx_word' id='word_1_382' title='bbox 2174 2183 2202 2238; x_wconf 65' lang='grc' dir='ltr'><em>ἲ</em></span> <span class='ocrx_word' id='word_1_383' title='bbox 2232 2183 2564 2258; x_wconf 76' lang='lat' dir='ltr'><strong><em>Redemptor</em></strong></span> <span class='ocrx_word' id='word_1_384' title='bbox 2588 2188 2735 2244; x_wconf 89' lang='lat' dir='ltr'><strong><em>enim</em></strong></span> <span class='ocrx_word' id='word_1_385' title='bbox 2764 2198 2951 2248; x_wconf 91' lang='lat' dir='ltr'><strong><em>noster</em></strong></span> <span class='ocrx_word' id='word_1_386' title='bbox 2975 2192 3378 2265; x_wconf 85' lang='lat' dir='ltr'><strong><em>simplicitatem</em></strong></span> <span class='ocrx_word' id='word_1_387' title='bbox 3421 2208 3507 2255; x_wconf 84' lang='lat' dir='ltr'><strong><em>at-</em></strong></span> 
     </span>
    </p>
   </div>
   <div class='ocr_carea' id='block_1_53' title="bbox 1917 2273 3509 2348">
    <p class='ocr_par' dir='ltr' id='par_1_53' title="bbox 1917 2273 3509 2348">
     <span class='ocr_line' id='line_1_53' title="bbox 1917 2273 3509 2348; baseline 0.012 -22"><span class='ocrx_word' id='word_1_388' title='bbox 1917 2284 2025 2341; x_wconf 85' lang='lat' dir='ltr'><strong><em>que</em></strong></span> <span class='ocrx_word' id='word_1_389' title='bbox 2072 2273 2395 2343; x_wconf 83' lang='lat' dir='ltr'><strong><em>patientiam</em></strong></span> <span class='ocrx_word' id='word_1_390' title='bbox 2446 2277 2859 2348; x_wconf 79' lang='lat' dir='ltr'><strong><em>praedicantium</em></strong></span> <span class='ocrx_word' id='word_1_391' title='bbox 2911 2295 3024 2338; x_wconf 63' lang='lat' dir='ltr'><strong><em>sua!</em></strong></span> <span class='ocrx_word' id='word_1_392' title='bbox 3074 2299 3241 2340; x_wconf 89' lang='lat' dir='ltr'><strong><em>manu</em></strong></span> <span class='ocrx_word' id='word_1_393' title='bbox 3288 2285 3509 2345; x_wconf 87' lang='lat' dir='ltr'><strong><em>virtutis</em></strong></span> 
     </span>
    </p>
   </div>
   <div class='ocr_carea' id='block_1_54' title="bbox 1916 2364 3507 2445">
    <p class='ocr_par' dir='ltr' id='par_1_54' title="bbox 1916 2364 3507 2445">
     <span class='ocr_line' id='line_1_54' title="bbox 1916 2364 3507 2445; baseline 0.01 -27"><span class='ocrx_word' id='word_1_394' title='bbox 1916 2369 2111 2420; x_wconf 87' lang='lat' dir='ltr'><strong><em>tenens</em></strong></span> <span class='ocrx_word' id='word_1_395' title='bbox 2150 2378 2183 2419; x_wconf 94' lang='lat' dir='ltr'><strong><em>a</em></strong></span> <span class='ocrx_word' id='word_1_396' title='bbox 2226 2364 2374 2421; x_wconf 88' lang='lat' dir='ltr'><strong><em>vitiis</em></strong></span> <span class='ocrx_word' id='word_1_397' title='bbox 2404 2367 2518 2423; x_wconf 89' lang='lat' dir='ltr'><strong><em>suis</em></strong></span> <span class='ocrx_word' id='word_1_398' title='bbox 2552 2368 2859 2427; x_wconf 83' lang='lat' dir='ltr'><strong><em>carnalibus</em></strong></span> <span class='ocrx_word' id='word_1_399' title='bbox 2890 2372 3208 2443; x_wconf 78' lang='lat' dir='ltr'><strong><em>interfecit,</em></strong></span> <span class='ocrx_word' id='word_1_400' title='bbox 3259 2383 3336 2445; x_wconf 89' lang='lat' dir='ltr'><strong><em>et,</em></strong></span> <span class='ocrx_word' id='word_1_401' title='bbox 3386 2393 3507 2433; x_wconf 88' lang='lat' dir='ltr'><strong><em>ma-</em></strong></span> 
     </span>
    </p>
   </div>
   <div class='ocr_carea' id='block_1_55' title="bbox 1917 2454 3508 2540">
    <p class='ocr_par' dir='ltr' id='par_1_55' title="bbox 1917 2454 3508 2540">
     <span class='ocr_line' id='line_1_55' title="bbox 1917 2454 3508 2540; baseline 0.012 -31"><span class='ocrx_word' id='word_1_402' title='bbox 1917 2454 2046 2511; x_wconf 89' lang='lat' dir='ltr'><strong><em>xilla</em></strong></span> <span class='ocrx_word' id='word_1_403' title='bbox 2085 2455 2144 2511; x_wconf 90' lang='lat' dir='ltr'><strong><em>in</em></strong></span> <span class='ocrx_word' id='word_1_404' title='bbox 2171 2462 2376 2513; x_wconf 89' lang='lat' dir='ltr'><strong><em>terram</em></strong></span> <span class='ocrx_word' id='word_1_405' title='bbox 2426 2460 2688 2531; x_wconf 75' lang='lat' dir='ltr'><strong><em>proiecta,</em></strong></span> <span class='ocrx_word' id='word_1_406' title='bbox 2743 2466 3090 2532; x_wconf 89' lang='lat' dir='ltr'><strong><em>postmodum</em></strong></span> <span class='ocrx_word' id='word_1_407' title='bbox 3136 2480 3307 2540; x_wconf 88' lang='lat' dir='ltr'><strong><em>aquas</em></strong></span> <span class='ocrx_word' id='word_1_408' title='bbox 3349 2469 3508 2540; x_wconf 80' lang='lat' dir='ltr'><strong><em>fudit,</em></strong></span> 
     </span>
    </p>
   </div>
   <div class='ocr_carea' id='block_1_56' title="bbox 1917 2543 3511 2631">
    <p class='ocr_par' dir='ltr' id='par_1_56' title="bbox 1917 2543 3511 2631">
     <span class='ocr_line' id='line_1_56' title="bbox 1917 2543 3511 2631; baseline 0.013 -34"><span class='ocrx_word' id='word_1_409' title='bbox 1917 2543 2046 2613; x_wconf 88' lang='lat' dir='ltr'><strong><em>quia</em></strong></span> <span class='ocrx_word' id='word_1_410' title='bbox 2091 2544 2217 2599; x_wconf 85' lang='lat' dir='ltr'><strong><em>data</em></strong></span> <span class='ocrx_word' id='word_1_411' title='bbox 2245 2547 2407 2602; x_wconf 89' lang='lat' dir='ltr'><strong><em>morti</em></strong></span> <span class='ocrx_word' id='word_1_412' title='bbox 2431 2549 2851 2619; x_wconf 65' lang='lat' dir='ltr'><strong><em>praedicatorum</em></strong></span> <span class='ocrx_word' id='word_1_413' title='bbox 2885 2568 3137 2625; x_wconf 86' lang='lat' dir='ltr'><strong><em>corpora,</em></strong></span> <span class='ocrx_word' id='word_1_414' title='bbox 3188 2572 3382 2631; x_wconf 88' lang='lat' dir='ltr'><strong><em>magna</em></strong></span> <span class='ocrx_word' id='word_1_415' title='bbox 3411 2574 3511 2631; x_wconf 89' lang='lat' dir='ltr'><strong><em>po-</em></strong></span> 
     </span>
    </p>
   </div>
   <div class='ocr_carea' id='block_1_57' title="bbox 1916 2635 2770 2706">
    <p class='ocr_par' dir='ltr' id='par_1_57' title="bbox 1916 2635 2770 2706">
     <span class='ocr_line' id='line_1_57' title="bbox 1916 2635 2770 2706; baseline 0.011 -17"><span class='ocrx_word' id='word_1_416' title='bbox 1916 2636 2059 2706; x_wconf 89' lang='lat' dir='ltr'><strong><em>pulis</em></strong></span> <span class='ocrx_word' id='word_1_417' title='bbox 2082 2635 2461 2695; x_wconf 77' lang='lat' dir='ltr'><strong><em>menstravere</em></strong></span> <span class='ocrx_word' id='word_1_418' title='bbox 2486 2641 2770 2698; x_wconf 86' lang='lat' dir='ltr'><strong><em>miracula.</em></strong></span> 
     </span>
    </p>
   </div>
   <div class='ocr_carea' id='block_1_58' title="bbox 2509 2752 2895 2811">
    <p class='ocr_par' dir='ltr' id='par_1_58' title="bbox 2509 2752 2895 2811">
     <span class='ocr_line' id='line_1_58' title="bbox 2509 2752 2895 2811; baseline 0.008 -3"><span class='ocrx_word' id='word_1_419' title='bbox 2509 2752 2739 2810; x_wconf 86' lang='lat' dir='ltr'><strong>CAPUT</strong></span> <span class='ocrx_word' id='word_1_420' title='bbox 2770 2755 2895 2811; x_wconf 84' lang='lat' dir='ltr'><strong><em>XIX</em></strong></span> 
     </span>
    </p>
   </div>
   <div class='ocr_carea' id='block_1_59' title="bbox 1922 2817 3509 2904">
    <p class='ocr_par' dir='ltr' id='par_1_59' title="bbox 1922 2817 3509 2904">
     <span class='ocr_line' id='line_1_59' title="bbox 1922 2817 3509 2904; baseline 0.013 -33"><span class='ocrx_word' id='word_1_421' title='bbox 1922 2817 2077 2901; x_wconf 76' lang='lat' dir='ltr'><strong><em>Quod</em></strong></span> <span class='ocrx_word' id='word_1_422' title='bbox 2118 2820 2546 2904; x_wconf 65' lang='lat' dir='ltr'><strong><em>Sampsonfores</em></strong></span> <span class='ocrx_word' id='word_1_423' title='bbox 2576 2834 2742 2904; x_wconf 65' lang='lat' dir='ltr'><strong><em>porta:</em></strong></span> <span class='ocrx_word' id='word_1_424' title='bbox 2760 2826 2908 2882; x_wconf 85' lang='lat' dir='ltr'><strong><em>urbis</em></strong></span> <span class='ocrx_word' id='word_1_425' title='bbox 2941 2827 3103 2886; x_wconf 75' lang='lat' dir='ltr'><strong><em>Gazte</em></strong></span> <span class='ocrx_word' id='word_1_426' title='bbox 3128 2847 3246 2904; x_wconf 80' lang='lat' dir='ltr'><strong><em>cum</em></strong></span> <span class='ocrx_word' id='word_1_427' title='bbox 3274 2835 3509 2904; x_wconf 83' lang='lat' dir='ltr'><strong><em>postibus</em></strong></span> 
     </span>
    </p>
   </div>
   <div class='ocr_carea' id='block_1_60' title="bbox 1989 2889 3508 2975">
    <p class='ocr_par' dir='ltr' id='par_1_60' title="bbox 1989 2889 3508 2975">
     <span class='ocr_line' id='line_1_60' title="bbox 1989 2889 3508 2975; baseline 0.012 -32"><span class='ocrx_word' id='word_1_428' title='bbox 1989 2889 2101 2945; x_wconf 87' lang='lat' dir='ltr'><strong><em>suis</em></strong></span> <span class='ocrx_word' id='word_1_429' title='bbox 2129 2889 2280 2975; x_wconf 55' lang='lat' dir='ltr'><strong><em>nocte</em></strong></span> <span class='ocrx_word' id='word_1_430' title='bbox 2317 2889 2641 2975; x_wconf 41' lang='lat' dir='ltr'><strong><em>tulitLatq&#39;ue</em></strong></span> <span class='ocrx_word' id='word_1_431' title='bbox 2774 2906 3003 2954; x_wconf 84' lang='lat' dir='ltr'><strong><em>montem</em></strong></span> <span class='ocrx_word' id='word_1_432' title='bbox 3026 2889 3346 2975; x_wconf 51' lang='lat' dir='ltr'><strong><em>portavitfet</em></strong></span> <span class='ocrx_word' id='word_1_433' title='bbox 3366 2889 3508 2975; x_wconf 83' lang='lat' dir='ltr'><strong><em>quod</em></strong></span> 
     </span>
    </p>
   </div>
   <div class='ocr_carea' id='block_1_61' title="bbox 1990 2960 3508 3047">
    <p class='ocr_par' dir='ltr' id='par_1_61' title="bbox 1990 2960 3508 3047">
     <span class='ocr_line' id='line_1_61' title="bbox 1990 2960 3508 3047; baseline 0.013 -33"><span class='ocrx_word' id='word_1_434' title='bbox 1990 2960 2280 3042; x_wconf 74' lang='lat' dir='ltr'><strong><em>concupivit</em></strong></span> <span class='ocrx_word' id='word_1_435' title='bbox 2329 2962 2407 3047; x_wconf 50' lang='lat' dir='ltr'><strong><em>in&quot;</em></strong></span> <span class='ocrx_word' id='word_1_436' title='bbox 2436 2960 2584 3045; x_wconf 65' lang='lat' dir='ltr'><strong><em>om</em></strong></span> <span class='ocrx_word' id='word_1_437' title='bbox 2619 2966 2890 3047; x_wconf 76' lang='lat' dir='ltr'><strong><em>mulierem</em></strong></span> <span class='ocrx_word' id='word_1_438' title='bbox 2933 2960 3288 3042; x_wconf 60' lang='lat' dir='ltr'><strong><em>meretricem,</em></strong></span> <span class='ocrx_word' id='word_1_439' title='bbox 3326 2960 3508 3047; x_wconf 56' lang='lat' dir='ltr'><strong><em>a&#39;qua</em></strong></span> 
     </span>
    </p>
   </div>
   <div class='ocr_carea' id='block_1_62' title="bbox 1988 3029 3001 3107">
    <p class='ocr_par' dir='ltr' id='par_1_62' title="bbox 1988 3029 3001 3107">
     <span class='ocr_line' id='line_1_62' title="bbox 1988 3029 3001 3107; baseline 0.013 -25"><span class='ocrx_word' id='word_1_440' title='bbox 1988 3029 2096 3100; x_wconf 86' lang='lat' dir='ltr'><strong><em>ipse</em></strong></span> <span class='ocrx_word' id='word_1_441' title='bbox 2122 3029 2215 3101; x_wconf 88' lang='lat' dir='ltr'><strong><em>per</em></strong></span> <span class='ocrx_word' id='word_1_442' title='bbox 2253 3033 2601 3101; x_wconf 83' lang='lat' dir='ltr'><strong><em>proditionem</em></strong></span> <span class='ocrx_word' id='word_1_443' title='bbox 2630 3035 2874 3107; x_wconf 87' lang='lat' dir='ltr'><strong><em>deceptus</em></strong></span> <span class='ocrx_word' id='word_1_444' title='bbox 2905 3050 3001 3095; x_wconf 88' lang='lat' dir='ltr'><strong><em>est.</em></strong></span> 
     </span>
    </p>
   </div>
   <div class='ocr_carea' id='block_1_63' title="bbox 227 3115 3509 3229">
    <p class='ocr_par' dir='ltr' id='par_1_63' title="bbox 227 3115 3509 3229">
     <span class='ocr_line' id='line_1_63' title="bbox 227 3115 3509 3229; baseline 0.007 -41"><span class='ocrx_word' id='word_1_445' title='bbox 227 3139 315 3188; x_wconf 87' lang='lat' dir='ltr'><strong><em>est</em></strong></span> <span class='ocrx_word' id='word_1_446' title='bbox 363 3145 427 3188; x_wconf 89' lang='lat' dir='ltr'><strong><em>ac</em></strong></span> <span class='ocrx_word' id='word_1_447' title='bbox 452 3132 499 3188; x_wconf 91' lang='lat' dir='ltr'><strong><em>si</em></strong></span> <span class='ocrx_word' id='word_1_448' title='bbox 527 3132 817 3203; x_wconf 89' lang='lat' dir='ltr'><strong><em>diceretur,</em></strong></span> <span class='ocrx_word' id='word_1_449' title='bbox 868 3133 1143 3192; x_wconf 87' lang='lat' dir='ltr'><strong><em>Percussit</em></strong></span> <span class='ocrx_word' id='word_1_450' title='bbox 1170 3151 1265 3193; x_wconf 90' lang='lat' dir='ltr'><strong><em>eos</em></strong></span> <span class='ocrx_word' id='word_1_451' title='bbox 1292 3137 1447 3193; x_wconf 87' lang='lat' dir='ltr'><strong><em>valde</em></strong></span> <span class='ocrx_word' id='word_1_452' title='bbox 1473 3139 1813 3211; x_wconf 87' lang='lat' dir='ltr'><strong><em>mirabiliter,</em></strong></span> <span class='ocrx_word' id='word_1_453' title='bbox 1842 3165 1889 3229; x_wconf 66' lang='grc' dir='ltr'><strong>ρ</strong></span> <span class='ocrx_word' id='word_1_454' title='bbox 2399 3121 2542 3224; x_wconf 54' lang='lat' dir='ltr'><strong><em>{Mm</em></strong></span> <span class='ocrx_word' id='word_1_455' title='bbox 2585 3140 2787 3225; x_wconf 67' lang='lat' dir='ltr'><strong><em>quoque</em></strong></span> <span class='ocrx_word' id='word_1_456' title='bbox 2822 3126 2880 3181; x_wconf 62' lang='grc' dir='ltr'><strong><em>δη</em></strong></span> <span class='ocrx_word' id='word_1_457' title='bbox 2921 3126 3154 3229; x_wconf 51' lang='lat' dir='ltr'><strong><em>Gazam:</em></strong></span> <span class='ocrx_word' id='word_1_458' title='bbox 3193 3140 3242 3187; x_wconf 70' lang='grc' dir='ltr'><em>εί</em></span> <span class='ocrx_word' id='word_1_459' title='bbox 3271 3133 3397 3229; x_wconf 55' lang='lat' dir='ltr'><strong><em>vlle</em></strong></span> <span class='ocrx_word' id='word_1_460' title='bbox 3432 3136 3509 3191; x_wconf 54' lang='lat' dir='ltr'><strong><em>ll&quot;</em></strong></span> 
     </span>
    </p>
   </div>
   <div class='ocr_carea' id='block_1_64' title="bbox 228 3205 3508 3301">
    <p class='ocr_par' dir='ltr' id='par_1_64' title="bbox 228 3205 3508 3301">
     <span class='ocr_line' id='line_1_64' title="bbox 228 3205 3508 3301; baseline 0.009 -48"><span class='ocrx_word' id='word_1_461' title='bbox 228 3221 288 3278; x_wconf 71' lang='lat' dir='ltr'><strong><em>id</em></strong></span> <span class='ocrx_word' id='word_1_462' title='bbox 321 3230 419 3288; x_wconf 53' lang='lat' dir='ltr'><strong><em>est,</em></strong></span> <span class='ocrx_word' id='word_1_463' title='bbox 451 3230 512 3277; x_wconf 68' lang='grc' dir='ltr'><strong><em>ιη</em></strong></span> <span class='ocrx_word' id='word_1_464' title='bbox 547 3223 865 3281; x_wconf 65' lang='lat' dir='ltr'><strong><em>admirando</em></strong></span> <span class='ocrx_word' id='word_1_465' title='bbox 890 3235 1171 3298; x_wconf 50' lang='lat' dir='ltr'><strong><em>stupentes</em></strong></span> <span class='ocrx_word' id='word_1_466' title='bbox 1219 3228 1407 3285; x_wconf 55' lang='lat' dir='ltr'><strong><em>tibiam</em></strong></span> <span class='ocrx_word' id='word_1_467' title='bbox 1449 3244 1612 3301; x_wconf 63' lang='lat' dir='ltr'><strong>super</strong></span> <span class='ocrx_word' id='word_1_468' title='bbox 1638 3205 1818 3289; x_wconf 54' lang='lat' dir='ltr'><strong><em>fami.</em></strong></span> <span class='ocrx_word' id='word_1_469' title='bbox 1843 3205 1889 3229; x_wconf 71' lang='grc' dir='ltr'>υ</span> <span class='ocrx_word' id='word_1_470' title='bbox 1920 3205 2202 3301; x_wconf 71' lang='lat' dir='ltr'><strong><em>mulierem</em></strong></span> <span class='ocrx_word' id='word_1_471' title='bbox 2216 3211 2561 3301; x_wconf 64' lang='lat' dir='ltr'><strong><em>meretricem,</em></strong></span> <span class='ocrx_word' id='word_1_472' title='bbox 2587 3214 2955 3289; x_wconf 85' lang='lat' dir='ltr'><strong><em>ingressusque</em></strong></span> <span class='ocrx_word' id='word_1_473' title='bbox 2981 3230 3057 3275; x_wconf 86' lang='lat' dir='ltr'><strong><em>est</em></strong></span> <span class='ocrx_word' id='word_1_474' title='bbox 3081 3222 3151 3277; x_wconf 89' lang='lat' dir='ltr'><strong><em>ad</em></strong></span> <span class='ocrx_word' id='word_1_475' title='bbox 3171 3239 3308 3279; x_wconf 90' lang='lat' dir='ltr'><strong><em>eam.</em></strong></span> <span class='ocrx_word' id='word_1_476' title='bbox 3353 3226 3508 3293; x_wconf 78' lang='lat' dir='ltr'><strong><em>Quae</em></strong></span> 
     </span>
    </p>
   </div>
   <div class='ocr_carea' id='block_1_65' title="bbox 226 3313 1821 3391">
    <p class='ocr_par' dir='ltr' id='par_1_65' title="bbox 226 3313 1821 3391">
     <span class='ocr_line' id='line_1_65' title="bbox 226 3313 1821 3391; baseline 0.009 -26"><span class='ocrx_word' id='word_1_477' title='bbox 226 3319 517 3384; x_wconf 87' lang='lat' dir='ltr'><strong><em>ponerent,</em></strong></span> <span class='ocrx_word' id='word_1_478' title='bbox 548 3313 734 3370; x_wconf 88' lang='lat' dir='ltr'><strong><em>tibiam</em></strong></span> <span class='ocrx_word' id='word_1_479' title='bbox 760 3315 969 3372; x_wconf 88' lang='lat' dir='ltr'><strong><em>scilicet</em></strong></span> <span class='ocrx_word' id='word_1_480' title='bbox 990 3317 1149 3373; x_wconf 90' lang='lat' dir='ltr'><strong><em>unius</em></strong></span> <span class='ocrx_word' id='word_1_481' title='bbox 1169 3318 1324 3390; x_wconf 88' lang='lat' dir='ltr'><strong><em>pedis</em></strong></span> <span class='ocrx_word' id='word_1_482' title='bbox 1353 3335 1515 3391; x_wconf 88' lang='lat' dir='ltr'><strong><em>super</em></strong></span> <span class='ocrx_word' id='word_1_483' title='bbox 1542 3320 1720 3377; x_wconf 80' lang='lat' dir='ltr'><strong><em>femur</em></strong></span> <span class='ocrx_word' id='word_1_484' title='bbox 1747 3323 1821 3380; x_wconf 89' lang='lat' dir='ltr'><strong><em>al-</em></strong></span> 
     </span>
    </p>
   </div>
   <div class='ocr_carea' id='block_1_66' title="bbox 228 3402 1817 3482">
    <p class='ocr_par' dir='ltr' id='par_1_66' title="bbox 228 3402 1817 3482">
     <span class='ocr_line' id='line_1_66' title="bbox 228 3402 1817 3482; baseline 0.008 -24"><span class='ocrx_word' id='word_1_485' title='bbox 228 3402 425 3468; x_wconf 90' lang='lat' dir='ltr'><strong><em>terius,</em></strong></span> <span class='ocrx_word' id='word_1_486' title='bbox 449 3402 593 3456; x_wconf 88' lang='lat' dir='ltr'><strong><em>sicut</em></strong></span> <span class='ocrx_word' id='word_1_487' title='bbox 611 3404 786 3458; x_wconf 90' lang='lat' dir='ltr'><strong><em>solent</em></strong></span> <span class='ocrx_word' id='word_1_488' title='bbox 809 3407 998 3462; x_wconf 90' lang='lat' dir='ltr'><strong><em>sedere</em></strong></span> <span class='ocrx_word' id='word_1_489' title='bbox 1020 3408 1114 3478; x_wconf 89' lang='lat' dir='ltr'><strong><em>qui</em></strong></span> <span class='ocrx_word' id='word_1_490' title='bbox 1135 3409 1383 3465; x_wconf 87' lang='lat' dir='ltr'><strong><em>mirando</em></strong></span> <span class='ocrx_word' id='word_1_491' title='bbox 1410 3419 1629 3482; x_wconf 88' lang='lat' dir='ltr'><strong><em>stupent</em></strong></span> <span class='ocrx_word' id='word_1_492' title='bbox 1653 3430 1665 3467; x_wconf 93' lang='lat'><strong>:</strong></span> <span class='ocrx_word' id='word_1_493' title='bbox 1692 3422 1817 3470; x_wconf 83' lang='lat' dir='ltr'><strong><em>tan-</em></strong></span> 
     </span>
    </p>
   </div>
   <div class='ocr_carea' id='block_1_67' title="bbox 224 3494 1815 3580">
    <p class='ocr_par' dir='ltr' id='par_1_67' title="bbox 224 3494 1815 3580">
     <span class='ocr_line' id='line_1_67' title="bbox 224 3494 1815 3580; baseline 0.01 -28"><span class='ocrx_word' id='word_1_494' title='bbox 224 3512 397 3568; x_wconf 85' lang='lat' dir='ltr'><strong><em>quam</em></strong></span> <span class='ocrx_word' id='word_1_495' title='bbox 411 3495 459 3553; x_wconf 91' lang='lat' dir='ltr'><strong><em>si</em></strong></span> <span class='ocrx_word' id='word_1_496' title='bbox 478 3494 768 3565; x_wconf 87' lang='lat' dir='ltr'><strong><em>diceretur,</em></strong></span> <span class='ocrx_word' id='word_1_497' title='bbox 790 3498 1067 3556; x_wconf 89' lang='lat' dir='ltr'><strong><em>Percussit</em></strong></span> <span class='ocrx_word' id='word_1_498' title='bbox 1078 3516 1172 3558; x_wconf 84' lang='lat' dir='ltr'><strong><em>eos</em></strong></span> <span class='ocrx_word' id='word_1_499' title='bbox 1196 3519 1417 3560; x_wconf 89' lang='lat' dir='ltr'><strong><em>manum</em></strong></span> <span class='ocrx_word' id='word_1_500' title='bbox 1430 3508 1500 3562; x_wconf 91' lang='lat' dir='ltr'><strong><em>ad</em></strong></span> <span class='ocrx_word' id='word_1_501' title='bbox 1517 3510 1815 3580; x_wconf 77' lang='lat' dir='ltr'><strong><em>maxillam,</em></strong></span> 
     </span>
    </p>
   </div>
   <div class='ocr_carea' id='block_1_68' title="bbox 226 3587 1819 3665">
    <p class='ocr_par' dir='ltr' id='par_1_68' title="bbox 226 3587 1819 3665">
     <span class='ocr_line' id='line_1_68' title="bbox 226 3587 1819 3665; baseline 0.008 -21"><span class='ocrx_word' id='word_1_502' title='bbox 226 3587 287 3644; x_wconf 89' lang='lat' dir='ltr'><strong><em>id</em></strong></span> <span class='ocrx_word' id='word_1_503' title='bbox 308 3594 411 3655; x_wconf 90' lang='lat' dir='ltr'><strong><em>est,</em></strong></span> <span class='ocrx_word' id='word_1_504' title='bbox 444 3594 595 3643; x_wconf 88' lang='lat' dir='ltr'><strong><em>tanta</em></strong></span> <span class='ocrx_word' id='word_1_505' title='bbox 617 3588 785 3657; x_wconf 69' lang='lat' dir='ltr'><strong><em>caede,</em></strong></span> <span class='ocrx_word' id='word_1_506' title='bbox 812 3597 873 3645; x_wconf 90' lang='lat' dir='ltr'><strong><em>ut</em></strong></span> <span class='ocrx_word' id='word_1_507' title='bbox 902 3606 1120 3665; x_wconf 87' lang='lat' dir='ltr'><strong><em>manum</em></strong></span> <span class='ocrx_word' id='word_1_508' title='bbox 1148 3594 1217 3649; x_wconf 91' lang='lat' dir='ltr'><strong><em>ad</em></strong></span> <span class='ocrx_word' id='word_1_509' title='bbox 1241 3594 1519 3652; x_wconf 78' lang='lat' dir='ltr'><strong><em>maxillam</em></strong></span> <span class='ocrx_word' id='word_1_510' title='bbox 1549 3600 1691 3656; x_wconf 89' lang='lat' dir='ltr'><strong><em>tristi</em></strong></span> <span class='ocrx_word' id='word_1_511' title='bbox 1727 3603 1819 3658; x_wconf 90' lang='lat' dir='ltr'><strong><em>ad-</em></strong></span> 
     </span>
    </p>
   </div>
   <div class='ocr_carea' id='block_1_69' title="bbox 224 3680 1820 3751">
    <p class='ocr_par' dir='ltr' id='par_1_69' title="bbox 224 3680 1820 3751">
     <span class='ocr_line' id='line_1_69' title="bbox 224 3680 1820 3751; baseline 0.008 -14"><span class='ocrx_word' id='word_1_512' title='bbox 224 3680 523 3737; x_wconf 86' lang='lat' dir='ltr'><strong><em>miratione</em></strong></span> <span class='ocrx_word' id='word_1_513' title='bbox 572 3691 868 3751; x_wconf 90' lang='lat' dir='ltr'><strong><em>ponerent.</em></strong></span> <span class='ocrx_word' id='word_1_514' title='bbox 918 3682 1074 3742; x_wconf 84' lang='lat' dir='ltr'><strong><em>Hunc</em></strong></span> <span class='ocrx_word' id='word_1_515' title='bbox 1111 3701 1330 3744; x_wconf 88' lang='lat' dir='ltr'><strong><em>sensum</em></strong></span> <span class='ocrx_word' id='word_1_516' title='bbox 1383 3688 1460 3747; x_wconf 90' lang='lat' dir='ltr'><strong><em>ita</em></strong></span> <span class='ocrx_word' id='word_1_517' title='bbox 1511 3705 1572 3747; x_wconf 89' lang='lat' dir='ltr'><strong><em>se</em></strong></span> <span class='ocrx_word' id='word_1_518' title='bbox 1615 3692 1820 3751; x_wconf 88' lang='lat' dir='ltr'><strong><em>habere</em></strong></span> 
     </span>
    </p>
   </div>
   <div class='ocr_carea' id='block_1_70' title="bbox 223 3772 1813 3856">
    <p class='ocr_par' dir='ltr' id='par_1_70' title="bbox 223 3772 1813 3856">
     <span class='ocr_line' id='line_1_70' title="bbox 223 3772 1813 3856; baseline 0.009 -28"><span class='ocrx_word' id='word_1_519' title='bbox 223 3773 395 3828; x_wconf 88' lang='lat' dir='ltr'><strong><em>etiam</em></strong></span> <span class='ocrx_word' id='word_1_520' title='bbox 419 3772 816 3843; x_wconf 88' lang='lat' dir='ltr'><strong><em>interpretatio,</em></strong></span> <span class='ocrx_word' id='word_1_521' title='bbox 840 3791 961 3847; x_wconf 84' lang='lat' dir='ltr'><strong><em>quae</em></strong></span> <span class='ocrx_word' id='word_1_522' title='bbox 978 3785 1145 3835; x_wconf 88' lang='lat' dir='ltr'><strong><em>estex</em></strong></span> <span class='ocrx_word' id='word_1_523' title='bbox 1164 3779 1411 3849; x_wconf 80' lang='lat' dir='ltr'><strong><em>Hebraeo,</em></strong></span> <span class='ocrx_word' id='word_1_524' title='bbox 1435 3783 1572 3839; x_wconf 90' lang='lat' dir='ltr'><strong><em>satis</em></strong></span> <span class='ocrx_word' id='word_1_525' title='bbox 1592 3785 1813 3856; x_wconf 87' lang='lat' dir='ltr'><strong><em>edocet;</em></strong></span> 
     </span>
    </p>
   </div>
   <div class='ocr_carea' id='block_1_71' title="bbox 1920 3298 3508 3388">
    <p class='ocr_par' dir='ltr' id='par_1_71' title="bbox 1920 3298 3508 3388">
     <span class='ocr_line' id='line_1_71' title="bbox 1920 3298 3508 3388; baseline 0.018 -39"><span class='ocrx_word' id='word_1_526' title='bbox 1920 3313 2041 3351; x_wconf 90' lang='lat' dir='ltr'><strong><em>cum</em></strong></span> <span class='ocrx_word' id='word_1_527' title='bbox 2078 3298 2343 3354; x_wconf 86' lang='lat' dir='ltr'><strong><em>audissent</em></strong></span> <span class='ocrx_word' id='word_1_528' title='bbox 2374 3299 2683 3372; x_wconf 80' lang='lat' dir='ltr'><strong><em>Philistiim,</em></strong></span> <span class='ocrx_word' id='word_1_529' title='bbox 2724 3315 2773 3360; x_wconf 92' lang='lat' dir='ltr'><strong><em>et</em></strong></span> <span class='ocrx_word' id='word_1_530' title='bbox 2811 3312 3185 3379; x_wconf 87' lang='lat' dir='ltr'><strong><em>percrebuisset</em></strong></span> <span class='ocrx_word' id='word_1_531' title='bbox 3239 3317 3382 3388; x_wconf 84' lang='lat' dir='ltr'><strong><em>apud</em></strong></span> <span class='ocrx_word' id='word_1_532' title='bbox 3416 3330 3508 3377; x_wconf 84' lang='lat' dir='ltr'><strong><em>eos</em></strong></span> 
     </span>
    </p>
   </div>
   <div class='ocr_carea' id='block_1_72' title="bbox 1918 3386 3507 3475">
    <p class='ocr_par' dir='ltr' id='par_1_72' title="bbox 1918 3386 3507 3475">
     <span class='ocr_line' id='line_1_72' title="bbox 1918 3386 3507 3475; baseline 0.017 -35"><span class='ocrx_word' id='word_1_533' title='bbox 1918 3386 2144 3443; x_wconf 89' lang='lat' dir='ltr'><strong><em>intrasse</em></strong></span> <span class='ocrx_word' id='word_1_534' title='bbox 2176 3390 2359 3445; x_wconf 88' lang='lat' dir='ltr'><strong><em>urbem</em></strong></span> <span class='ocrx_word' id='word_1_535' title='bbox 2396 3391 2678 3464; x_wconf 89' lang='lat' dir='ltr'><strong><em>Sampson,</em></strong></span> <span class='ocrx_word' id='word_1_536' title='bbox 2727 3395 3183 3459; x_wconf 88' lang='lat' dir='ltr'><strong><em>circumdederunt</em></strong></span> <span class='ocrx_word' id='word_1_537' title='bbox 3212 3386 3353 3475; x_wconf 81' lang='lat' dir='ltr'><strong><em>eum,</em></strong></span> <span class='ocrx_word' id='word_1_538' title='bbox 3407 3409 3507 3467; x_wconf 80' lang='lat' dir='ltr'><strong><em>im—</em></strong></span> 
     </span>
    </p>
   </div>
   <div class='ocr_carea' id='block_1_73' title="bbox 1917 3479 3509 3556">
    <p class='ocr_par' dir='ltr' id='par_1_73' title="bbox 1917 3479 3509 3556">
     <span class='ocr_line' id='line_1_73' title="bbox 1917 3479 3509 3556; baseline 0.016 -26"><span class='ocrx_word' id='word_1_539' title='bbox 1917 3479 2101 3547; x_wconf 77' lang='lat' dir='ltr'><strong><em>positis</em></strong></span> <span class='ocrx_word' id='word_1_540' title='bbox 2142 3481 2200 3533; x_wconf 87' lang='lat' dir='ltr'><strong><em>in</em></strong></span> <span class='ocrx_word' id='word_1_541' title='bbox 2227 3490 2380 3551; x_wconf 90' lang='lat' dir='ltr'><strong><em>porta</em></strong></span> <span class='ocrx_word' id='word_1_542' title='bbox 2406 3483 2631 3537; x_wconf 87' lang='lat' dir='ltr'><strong><em>civitatis</em></strong></span> <span class='ocrx_word' id='word_1_543' title='bbox 2655 3487 2977 3556; x_wconf 87' lang='lat' dir='ltr'><strong><em>custodibus,</em></strong></span> <span class='ocrx_word' id='word_1_544' title='bbox 3028 3503 3075 3546; x_wconf 90' lang='lat' dir='ltr'><strong><em>et</em></strong></span> <span class='ocrx_word' id='word_1_545' title='bbox 3100 3493 3174 3548; x_wconf 87' lang='lat' dir='ltr'><strong><em>ibi</em></strong></span> <span class='ocrx_word' id='word_1_546' title='bbox 3218 3504 3327 3551; x_wconf 90' lang='lat' dir='ltr'><strong><em>tota</em></strong></span> <span class='ocrx_word' id='word_1_547' title='bbox 3357 3508 3509 3556; x_wconf 86' lang='lat' dir='ltr'><strong><em>nocte</em></strong></span> 
     </span>
    </p>
   </div>
   <div class='ocr_carea' id='block_1_74' title="bbox 1918 3569 3505 3648">
    <p class='ocr_par' dir='ltr' id='par_1_74' title="bbox 1918 3569 3505 3648">
     <span class='ocr_line' id='line_1_74' title="bbox 1918 3569 3505 3648; baseline 0.016 -27"><span class='ocrx_word' id='word_1_548' title='bbox 1918 3583 2038 3622; x_wconf 89' lang='lat' dir='ltr'><strong><em>cum</em></strong></span> <span class='ocrx_word' id='word_1_549' title='bbox 2076 3569 2283 3625; x_wconf 88' lang='lat' dir='ltr'><strong><em>silentio</em></strong></span> <span class='ocrx_word' id='word_1_550' title='bbox 2325 3573 2686 3642; x_wconf 77' lang='lat' dir='ltr'><strong><em>prwstolantes</em></strong></span> <span class='ocrx_word' id='word_1_551' title='bbox 2751 3585 2811 3630; x_wconf 90' lang='lat' dir='ltr'><strong><em>ut</em></strong></span> <span class='ocrx_word' id='word_1_552' title='bbox 2842 3578 2984 3648; x_wconf 79' lang='lat' dir='ltr'><strong><em>facta</em></strong></span> <span class='ocrx_word' id='word_1_553' title='bbox 3029 3599 3186 3640; x_wconf 89' lang='lat' dir='ltr'><strong><em>mane</em></strong></span> <span class='ocrx_word' id='word_1_554' title='bbox 3230 3599 3505 3646; x_wconf 75' lang='lat' dir='ltr'><strong><em>exeuntem</em></strong></span> 
     </span>
    </p>
   </div>
   <div class='ocr_carea' id='block_1_75' title="bbox 1917 3658 3504 3748">
    <p class='ocr_par' dir='ltr' id='par_1_75' title="bbox 1917 3658 3504 3748">
     <span class='ocr_line' id='line_1_75' title="bbox 1917 3658 3504 3748; baseline 0.017 -38"><span class='ocrx_word' id='word_1_555' title='bbox 1917 3658 2230 3714; x_wconf 88' lang='lat' dir='ltr'><strong><em>occiderent.</em></strong></span> <span class='ocrx_word' id='word_1_556' title='bbox 2269 3661 2527 3717; x_wconf 87' lang='lat' dir='ltr'><strong><em>Dormivit</em></strong></span> <span class='ocrx_word' id='word_1_557' title='bbox 2553 3672 2731 3720; x_wconf 89' lang='lat' dir='ltr'><strong><em>autem</em></strong></span> <span class='ocrx_word' id='word_1_558' title='bbox 2755 3666 3019 3742; x_wconf 88' lang='lat' dir='ltr'><strong><em>Sampson</em></strong></span> <span class='ocrx_word' id='word_1_559' title='bbox 3050 3691 3211 3748; x_wconf 88' lang='lat' dir='ltr'><strong><em>usque</em></strong></span> <span class='ocrx_word' id='word_1_560' title='bbox 3234 3679 3303 3733; x_wconf 88' lang='lat' dir='ltr'><strong><em>ad</em></strong></span> <span class='ocrx_word' id='word_1_561' title='bbox 3338 3684 3504 3737; x_wconf 87' lang='lat' dir='ltr'><strong><em>noctis</em></strong></span> 
     </span>
    </p>
   </div>
   <div class='ocr_carea' id='block_1_76' title="bbox 1917 3749 3507 3845">
    <p class='ocr_par' dir='ltr' id='par_1_76' title="bbox 1917 3749 3507 3845">
     <span class='ocr_line' id='line_1_76' title="bbox 1917 3749 3507 3845; baseline 0.016 -41"><span class='ocrx_word' id='word_1_562' title='bbox 1917 3749 2166 3806; x_wconf 88' lang='lat' dir='ltr'><strong><em>medium.</em></strong></span> <span class='ocrx_word' id='word_1_563' title='bbox 2185 3750 2257 3806; x_wconf 86' lang='lat' dir='ltr'><strong><em>Et</em></strong></span> <span class='ocrx_word' id='word_1_564' title='bbox 2275 3752 2396 3809; x_wconf 88' lang='lat' dir='ltr'><strong><em>inde</em></strong></span> <span class='ocrx_word' id='word_1_565' title='bbox 2417 3770 2753 3827; x_wconf 87' lang='lat' dir='ltr'><strong><em>consurgens,</em></strong></span> <span class='ocrx_word' id='word_1_566' title='bbox 2778 3763 3116 3832; x_wconf 85' lang='lat' dir='ltr'><strong><em>apprehendit</em></strong></span> <span class='ocrx_word' id='word_1_567' title='bbox 3138 3770 3317 3826; x_wconf 87' lang='lat' dir='ltr'><strong><em>ambas</em></strong></span> <span class='ocrx_word' id='word_1_568' title='bbox 3339 3782 3507 3845; x_wconf 72' lang='lat' dir='ltr'><strong><em>portis</em></strong></span> 
     </span>
    </p>
   </div>
   <div class='ocr_carea' id='block_1_77' title="bbox 227 3839 3503 3945">
    <p class='ocr_par' dir='ltr' id='par_1_77' title="bbox 227 3839 3503 3945">
     <span class='ocr_line' id='line_1_77' title="bbox 227 3839 3503 3945; baseline 0.004 -27"><span class='ocrx_word' id='word_1_569' title='bbox 227 3876 362 3918; x_wconf 89' lang='lat' dir='ltr'><strong><em>nam</em></strong></span> <span class='ocrx_word' id='word_1_570' title='bbox 407 3861 483 3918; x_wconf 91' lang='lat' dir='ltr'><strong><em>ita</em></strong></span> <span class='ocrx_word' id='word_1_571' title='bbox 514 3839 713 3935; x_wconf 80' lang='lat' dir='ltr'><strong><em>legitur</em></strong></span> <span class='ocrx_word' id='word_1_572' title='bbox 741 3879 757 3919; x_wconf 93' lang='lat'><strong>:</strong></span> <span class='ocrx_word' id='word_1_573' title='bbox 783 3839 1054 3922; x_wconf 63' lang='lat' dir='ltr'><strong><em>Percussit</em></strong></span> <span class='ocrx_word' id='word_1_574' title='bbox 1074 3884 1159 3925; x_wconf 85' lang='lat' dir='ltr'><strong><em>eos</em></strong></span> <span class='ocrx_word' id='word_1_575' title='bbox 1192 3839 1410 3942; x_wconf 60' lang='lat' dir='ltr'><strong><em>ingenti</em></strong></span> <span class='ocrx_word' id='word_1_576' title='bbox 1425 3870 1604 3945; x_wconf 88' lang='lat' dir='ltr'><strong><em>plaga,</em></strong></span> <span class='ocrx_word' id='word_1_577' title='bbox 1633 3839 1819 3932; x_wconf 19' lang='lat' dir='ltr'><strong><em>Vita‘ul</em></strong></span> <span class='ocrx_word' id='word_1_578' title='bbox 1916 3839 2055 3943; x_wconf 61' lang='grc' dir='ltr'><strong><em>Ῑ⁰⁷ξ⁸⁸</em></strong></span> <span class='ocrx_word' id='word_1_579' title='bbox 2076 3858 2197 3945; x_wconf 55' lang='grc' dir='ltr'><strong><em>⁸³⁸⁷Ῐ²</em></strong></span> <span class='ocrx_word' id='word_1_580' title='bbox 2218 3844 2451 3945; x_wconf 45' lang='grc' dir='ltr'><strong><em>Ρῗδτίρπδ</em></strong></span> <span class='ocrx_word' id='word_1_581' title='bbox 2471 3847 2583 3945; x_wconf 44' lang='lat' dir='ltr'><strong><em>“fa</em></strong></span> <span class='ocrx_word' id='word_1_582' title='bbox 2604 3856 2656 3904; x_wconf 67' lang='grc'><strong><em>⁸⁸</em></strong></span> <span class='ocrx_word' id='word_1_583' title='bbox 2685 3865 2839 3945; x_wconf 52' lang='lat' dir='ltr'><strong><em>“m1</em></strong></span> <span class='ocrx_word' id='word_1_584' title='bbox 2856 3850 3230 3931; x_wconf 66' lang='grc' dir='ltr'><strong><em>ί⁷ηΡ⁰⁸ί¹α⁸ιΙ²⁴ε</em></strong></span> <span class='ocrx_word' id='word_1_585' title='bbox 3268 3839 3503 3920; x_wconf 52' lang='lat' dir='ltr'><strong><em>Miller“</em></strong></span> 
     </span>
    </p>
   </div>
   <div class='ocr_carea' id='block_1_78' title="bbox 220 3957 1815 4032">
    <p class='ocr_par' dir='ltr' id='par_1_78' title="bbox 220 3957 1815 4032">
     <span class='ocr_line' id='line_1_78' title="bbox 220 3957 1815 4032; baseline 0.008 -22"><span class='ocrx_word' id='word_1_586' title='bbox 220 3963 491 4027; x_wconf 86' lang='lat' dir='ltr'><strong><em>stupentes</em></strong></span> <span class='ocrx_word' id='word_1_587' title='bbox 514 3972 696 4011; x_wconf 89' lang='lat' dir='ltr'><strong><em>suram</em></strong></span> <span class='ocrx_word' id='word_1_588' title='bbox 723 3957 912 4028; x_wconf 74' lang='lat' dir='ltr'><strong><em>femori</em></strong></span> <span class='ocrx_word' id='word_1_589' title='bbox 944 3958 1299 4032; x_wconf 88' lang='lat' dir='ltr'><strong><em>imponerent;</em></strong></span> <span class='ocrx_word' id='word_1_590' title='bbox 1332 3962 1440 4020; x_wconf 87' lang='lat' dir='ltr'><strong><em>tale</em></strong></span> <span class='ocrx_word' id='word_1_591' title='bbox 1472 3971 1557 4019; x_wconf 86' lang='lat' dir='ltr'><strong><em>est</em></strong></span> <span class='ocrx_word' id='word_1_592' title='bbox 1580 3965 1725 4022; x_wconf 85' lang='lat' dir='ltr'><strong><em>enim</em></strong></span> <span class='ocrx_word' id='word_1_593' title='bbox 1750 3981 1815 4023; x_wconf 89' lang='lat' dir='ltr'><strong><em>ac</em></strong></span> 
     </span>
    </p>
   </div>
   <div class='ocr_carea' id='block_1_79' title="bbox 223 4044 1815 4125">
    <p class='ocr_par' dir='ltr' id='par_1_79' title="bbox 223 4044 1815 4125">
     <span class='ocr_line' id='line_1_79' title="bbox 223 4044 1815 4125; baseline 0.006 -22"><span class='ocrx_word' id='word_1_594' title='bbox 223 4045 276 4103; x_wconf 86' lang='lat' dir='ltr'><strong><em>si</em></strong></span> <span class='ocrx_word' id='word_1_595' title='bbox 308 4044 532 4114; x_wconf 89' lang='lat' dir='ltr'><strong><em>diceret,</em></strong></span> <span class='ocrx_word' id='word_1_596' title='bbox 563 4045 775 4102; x_wconf 87' lang='lat' dir='ltr'><strong><em>Tibiam</em></strong></span> <span class='ocrx_word' id='word_1_597' title='bbox 800 4045 994 4105; x_wconf 80' lang='lat' dir='ltr'><strong><em>femori</em></strong></span> <span class='ocrx_word' id='word_1_598' title='bbox 1014 4047 1381 4122; x_wconf 73' lang='lat' dir='ltr'><strong><em>imponerent;</em></strong></span> <span class='ocrx_word' id='word_1_599' title='bbox 1405 4054 1666 4125; x_wconf 89' lang='lat' dir='ltr'><strong><em>quoniam</em></strong></span> <span class='ocrx_word' id='word_1_600' title='bbox 1684 4070 1815 4115; x_wconf 89' lang='lat' dir='ltr'><strong><em>sura</em></strong></span> 
     </span>
    </p>
   </div>
   <div class='ocr_carea' id='block_1_80' title="bbox 222 4139 1182 4211">
    <p class='ocr_par' dir='ltr' id='par_1_80' title="bbox 222 4139 1182 4211">
     <span class='ocr_line' id='line_1_80' title="bbox 222 4139 1182 4211; baseline 0.008 -16"><span class='ocrx_word' id='word_1_601' title='bbox 222 4139 419 4211; x_wconf 88' lang='lat' dir='ltr'><strong><em>utique</em></strong></span> <span class='ocrx_word' id='word_1_602' title='bbox 447 4148 720 4199; x_wconf 89' lang='lat' dir='ltr'><strong><em>retrorsus</em></strong></span> <span class='ocrx_word' id='word_1_603' title='bbox 755 4156 878 4200; x_wconf 91' lang='lat' dir='ltr'><strong><em>cum</em></strong></span> <span class='ocrx_word' id='word_1_604' title='bbox 914 4145 1044 4202; x_wconf 85' lang='lat' dir='ltr'><strong><em>tibia</em></strong></span> <span class='ocrx_word' id='word_1_605' title='bbox 1078 4159 1182 4204; x_wconf 86' lang='lat' dir='ltr'><strong><em>est.</em></strong></span> 
     </span>
    </p>
   </div>
   <div class='ocr_carea' id='block_1_81' title="bbox 800 4252 1249 4314">
    <p class='ocr_par' dir='ltr' id='par_1_81' title="bbox 800 4252 1249 4314">
     <span class='ocr_line' id='line_1_81' title="bbox 800 4252 1249 4314; baseline 0.007 -4"><span class='ocrx_word' id='word_1_606' title='bbox 800 4252 1030 4312; x_wconf 85' lang='lat' dir='ltr'><strong><em>CAPUT</em></strong></span> <span class='ocrx_word' id='word_1_607' title='bbox 1063 4254 1249 4314; x_wconf 81' lang='lat' dir='ltr'><strong>XVIII.</strong></span> 
     </span>
    </p>
   </div>
   <div class='ocr_carea' id='block_1_82' title="bbox 226 4341 1810 4435">
    <p class='ocr_par' dir='ltr' id='par_1_82' title="bbox 226 4341 1810 4435">
     <span class='ocr_line' id='line_1_82' title="bbox 226 4341 1810 4435; baseline 0.003 -1"><span class='ocrx_word' id='word_1_608' title='bbox 226 4341 519 4435; x_wconf 54' lang='grc' dir='ltr'><strong><em>ριεέίέλτὲέι</em></strong></span> <span class='ocrx_word' id='word_1_609' title='bbox 539 4343 1213 4435; x_wconf 53' lang='grc' dir='ltr'><strong><em>Ψὲέέξιξυίτοςξεηεμίιαάα</em></strong></span> <span class='ocrx_word' id='word_1_610' title='bbox 1245 4347 1810 4435; x_wconf 52' lang='lat' dir='ltr'><strong><em>ﬂammeum-rt</em></strong></span> 
     </span>
    </p>
   </div>
   <div class='ocr_carea' id='block_1_83' title="bbox 300 4413 1809 4494">
    <p class='ocr_par' dir='ltr' id='par_1_83' title="bbox 300 4413 1809 4494">
     <span class='ocr_line' id='line_1_83' title="bbox 300 4413 1809 4494; baseline 0.011 -28"><span class='ocrx_word' id='word_1_611' title='bbox 300 4413 508 4494; x_wconf 79' lang='lat' dir='ltr'><strong><em>tradere</em></strong></span> <span class='ocrx_word' id='word_1_612' title='bbox 546 4416 603 4469; x_wconf 90' lang='lat' dir='ltr'><strong><em>in</em></strong></span> <span class='ocrx_word' id='word_1_613' title='bbox 624 4415 1267 4494; x_wconf 64' lang='lat' dir='ltr'><strong><em>manus_1_’_ltilistinorum&#39;,</em></strong></span> <span class='ocrx_word' id='word_1_614' title='bbox 1301 4413 1490 4494; x_wconf 78' lang='lat' dir='ltr'><strong><em>quibus</em></strong></span> <span class='ocrx_word' id='word_1_615' title='bbox 1516 4424 1603 4480; x_wconf 85' lang='lat' dir='ltr'><strong><em>ille</em></strong></span> <span class='ocrx_word' id='word_1_616' title='bbox 1639 4427 1809 4483; x_wconf 87' lang='lat' dir='ltr'><strong><em>tradi-</em></strong></span> 
     </span>
    </p>
   </div>
   <div class='ocr_carea' id='block_1_84' title="bbox 1916 3930 3502 4022">
    <p class='ocr_par' dir='ltr' id='par_1_84' title="bbox 1916 3930 3502 4022">
     <span class='ocr_line' id='line_1_84' title="bbox 1916 3930 3502 4022; baseline 0.015 -37"><span class='ocrx_word' id='word_1_617' title='bbox 1916 3930 2028 3985; x_wconf 88' lang='lat' dir='ltr'><strong><em>suis</em></strong></span> <span class='ocrx_word' id='word_1_618' title='bbox 2056 3934 2281 4002; x_wconf 81' lang='lat' dir='ltr'><strong><em>portavit</em></strong></span> <span class='ocrx_word' id='word_1_619' title='bbox 2299 3934 2369 3989; x_wconf 88' lang='lat' dir='ltr'><strong><em>ad</em></strong></span> <span class='ocrx_word' id='word_1_620' title='bbox 2396 3938 2640 3992; x_wconf 86' lang='lat' dir='ltr'><strong><em>verticem</em></strong></span> <span class='ocrx_word' id='word_1_621' title='bbox 2674 3941 2889 4009; x_wconf 87' lang='lat' dir='ltr'><strong><em>montis,</em></strong></span> <span class='ocrx_word' id='word_1_622' title='bbox 2918 3944 3009 4015; x_wconf 88' lang='lat' dir='ltr'><strong><em>qui</em></strong></span> <span class='ocrx_word' id='word_1_623' title='bbox 3032 3930 3242 4019; x_wconf 87' lang='lat' dir='ltr'><strong><em>respicit</em></strong></span> <span class='ocrx_word' id='word_1_624' title='bbox 3264 3949 3502 4022; x_wconf 85' lang='lat' dir='ltr'><strong><em>Hebron,</em></strong></span> 
     </span>
    </p>
   </div>
   <div class='ocr_carea' id='block_1_85' title="bbox 1913 4020 3506 4113">
    <p class='ocr_par' dir='ltr' id='par_1_85' title="bbox 1913 4020 3506 4113">
     <span class='ocr_line' id='line_1_85' title="bbox 1913 4020 3506 4113; baseline 0.018 -40"><span class='ocrx_word' id='word_1_625' title='bbox 1913 4026 1969 4075; x_wconf 88' lang='lat' dir='ltr'><strong><em>et</em></strong></span> <span class='ocrx_word' id='word_1_626' title='bbox 2003 4020 2235 4113; x_wconf 85' lang='lat' dir='ltr'><strong><em>reliqua.</em></strong></span> <span class='ocrx_word' id='word_1_627' title='bbox 2282 4022 2455 4092; x_wconf 83' lang='lat' dir='ltr'><strong><em>Quem</em></strong></span> <span class='ocrx_word' id='word_1_628' title='bbox 2503 4027 2559 4081; x_wconf 91' lang='lat' dir='ltr'><strong><em>in</em></strong></span> <span class='ocrx_word' id='word_1_629' title='bbox 2585 4028 2688 4084; x_wconf 85' lang='lat' dir='ltr'><strong><em>hoc</em></strong></span> <span class='ocrx_word' id='word_1_630' title='bbox 2713 4028 2882 4100; x_wconf 82' lang='lat' dir='ltr'><strong><em>facto,</em></strong></span> <span class='ocrx_word' id='word_1_631' title='bbox 2932 4034 3038 4091; x_wconf 87' lang='lat' dir='ltr'><strong><em>nisi</em></strong></span> <span class='ocrx_word' id='word_1_632' title='bbox 3083 4020 3506 4113; x_wconf 83' lang='lat' dir='ltr'><strong><em>Redemptorcm</em></strong></span> 
     </span>
    </p>
   </div>
   <div class='ocr_carea' id='block_1_86' title="bbox 1912 4112 3502 4203">
    <p class='ocr_par' dir='ltr' id='par_1_86' title="bbox 1912 4112 3502 4203">
     <span class='ocr_line' id='line_1_86' title="bbox 1912 4112 3502 4203; baseline 0.019 -39"><span class='ocrx_word' id='word_1_633' title='bbox 1912 4119 2181 4203; x_wconf 86' lang='lat' dir='ltr'><strong><em>nostrum,</em></strong></span> <span class='ocrx_word' id='word_1_634' title='bbox 2214 4112 2483 4188; x_wconf 81' lang='lat' dir='ltr'><strong><em>Sampson</em></strong></span> <span class='ocrx_word' id='word_1_635' title='bbox 2510 4115 2601 4174; x_wconf 89' lang='lat' dir='ltr'><strong><em>ille</em></strong></span> <span class='ocrx_word' id='word_1_636' title='bbox 2632 4120 2937 4193; x_wconf 84' lang='lat' dir='ltr'><strong><em>signiﬁcat?</em></strong></span> <span class='ocrx_word' id='word_1_637' title='bbox 2964 4125 3104 4194; x_wconf 89' lang='lat' dir='ltr'><strong><em>Quid</em></strong></span> <span class='ocrx_word' id='word_1_638' title='bbox 3117 4128 3261 4188; x_wconf 86' lang='lat' dir='ltr'><strong><em>Gaza</em></strong></span> <span class='ocrx_word' id='word_1_639' title='bbox 3289 4112 3502 4203; x_wconf 82' lang='lat' dir='ltr'><strong><em>civitas,</em></strong></span> 
     </span>
    </p>
   </div>
   <div class='ocr_carea' id='block_1_87' title="bbox 1911 4201 3504 4288">
    <p class='ocr_par' dir='ltr' id='par_1_87' title="bbox 1911 4201 3504 4288">
     <span class='ocr_line' id='line_1_87' title="bbox 1911 4201 3504 4288; baseline 0.018 -32"><span class='ocrx_word' id='word_1_640' title='bbox 1911 4201 2019 4258; x_wconf 90' lang='lat' dir='ltr'><strong><em>nisi</em></strong></span> <span class='ocrx_word' id='word_1_641' title='bbox 2039 4203 2332 4273; x_wconf 80' lang='lat' dir='ltr'><strong><em>infernum,</em></strong></span> <span class='ocrx_word' id='word_1_642' title='bbox 2375 4210 2588 4280; x_wconf 83' lang='lat' dir='ltr'><strong><em>signat?</em></strong></span> <span class='ocrx_word' id='word_1_643' title='bbox 2607 4210 2746 4281; x_wconf 86' lang='lat' dir='ltr'><strong><em>Quid</em></strong></span> <span class='ocrx_word' id='word_1_644' title='bbox 2770 4229 2870 4287; x_wconf 89' lang='lat' dir='ltr'><strong><em>per</em></strong></span> <span class='ocrx_word' id='word_1_645' title='bbox 2893 4216 3215 4288; x_wconf 84' lang='lat' dir='ltr'><strong><em>Pbilistaeos,</em></strong></span> <span class='ocrx_word' id='word_1_646' title='bbox 3257 4224 3363 4281; x_wconf 90' lang='lat' dir='ltr'><strong><em>nisi</em></strong></span> <span class='ocrx_word' id='word_1_647' title='bbox 3408 4201 3504 4283; x_wconf 67' lang='lat' dir='ltr'><strong><em>tu;</em></strong></span> 
     </span>
    </p>
   </div>
   <div class='ocr_carea' id='block_1_88' title="bbox 1911 4294 3504 4382">
    <p class='ocr_par' dir='ltr' id='par_1_88' title="bbox 1911 4294 3504 4382">
     <span class='ocr_line' id='line_1_88' title="bbox 1911 4294 3504 4382; baseline 0.016 -32"><span class='ocrx_word' id='word_1_648' title='bbox 1911 4294 2150 4353; x_wconf 63' lang='lat' dir='ltr'><strong><em>datorum</em></strong></span> <span class='ocrx_word' id='word_1_649' title='bbox 2192 4300 2439 4370; x_wconf 88' lang='lat' dir='ltr'><strong><em>perﬁdia,</em></strong></span> <span class='ocrx_word' id='word_1_650' title='bbox 2470 4301 2916 4364; x_wconf 86' lang='lat' dir='ltr'><strong><em>demonstratur?</em></strong></span> <span class='ocrx_word' id='word_1_651' title='bbox 2942 4312 3035 4382; x_wconf 91' lang='lat' dir='ltr'><strong><em>qui</em></strong></span> <span class='ocrx_word' id='word_1_652' title='bbox 3074 4328 3197 4370; x_wconf 90' lang='lat' dir='ltr'><strong><em>cum</em></strong></span> <span class='ocrx_word' id='word_1_653' title='bbox 3227 4326 3504 4377; x_wconf 89' lang='lat' dir='ltr'><strong><em>mortuum</em></strong></span> 
     </span>
    </p>
   </div>
   <div class='ocr_carea' id='block_1_89' title="bbox 1910 4387 3500 4476">
    <p class='ocr_par' dir='ltr' id='par_1_89' title="bbox 1910 4387 3500 4476">
     <span class='ocr_line' id='line_1_89' title="bbox 1910 4387 3500 4476; baseline 0.012 -31"><span class='ocrx_word' id='word_1_654' title='bbox 1910 4387 2200 4446; x_wconf 88' lang='lat' dir='ltr'><strong><em>Dominum</em></strong></span> <span class='ocrx_word' id='word_1_655' title='bbox 2232 4392 2501 4464; x_wconf 85' lang='lat' dir='ltr'><strong><em>viderent,</em></strong></span> <span class='ocrx_word' id='word_1_656' title='bbox 2547 4395 2773 4469; x_wconf 86' lang='lat' dir='ltr'><strong><em>ejusque</em></strong></span> <span class='ocrx_word' id='word_1_657' title='bbox 2805 4415 3003 4470; x_wconf 89' lang='lat' dir='ltr'><strong><em>corpus</em></strong></span> <span class='ocrx_word' id='word_1_658' title='bbox 3026 4402 3081 4457; x_wconf 90' lang='lat' dir='ltr'><strong><em>in</em></strong></span> <span class='ocrx_word' id='word_1_659' title='bbox 3107 4404 3356 4475; x_wconf 84' lang='lat' dir='ltr'><strong><em>sepulcro</em></strong></span> <span class='ocrx_word' id='word_1_660' title='bbox 3383 4406 3500 4476; x_wconf 89' lang='lat' dir='ltr'><strong><em>jam</em></strong></span> 
     </span>
    </p>
   </div>
   <div class='ocr_carea' id='block_1_90' title="bbox 298 4476 1816 4593">
    <p class='ocr_par' dir='ltr' id='par_1_90' title="bbox 298 4476 1807 4593">
     <span class='ocr_line' id='line_1_90' title="bbox 298 4476 1807 4563; baseline 0.01 -25"><span class='ocrx_word' id='word_1_661' title='bbox 298 4490 385 4563; x_wconf 71' lang='lat' dir='ltr'><strong><em>tus</em></strong></span> <span class='ocrx_word' id='word_1_662' title='bbox 417 4485 670 4553; x_wconf 86' lang='lat' dir='ltr'><strong><em>percussit</em></strong></span> <span class='ocrx_word' id='word_1_663' title='bbox 704 4502 769 4541; x_wconf 75' lang='lat' dir='ltr'><strong><em>ea;</em></strong></span> <span class='ocrx_word' id='word_1_664' title='bbox 795 4485 1079 4545; x_wconf 73' lang='lat' dir='ltr'><strong><em>Pliilistiim</em></strong></span> <span class='ocrx_word' id='word_1_665' title='bbox 1100 4491 1156 4546; x_wconf 88' lang='lat' dir='ltr'><strong><em>in</em></strong></span> <span class='ocrx_word' id='word_1_666' title='bbox 1175 4476 1485 4550; x_wconf 72' lang='lat' dir='ltr'><strong><em>mdndibula</em></strong></span> <span class='ocrx_word' id='word_1_667' title='bbox 1508 4476 1653 4552; x_wconf 75' lang='lat' dir='ltr'><strong><em>asini</em></strong></span> <span class='ocrx_word' id='word_1_668' title='bbox 1664 4476 1807 4553; x_wconf 64' lang='lat' dir='ltr'><strong><em>mille</em></strong></span> 
     </span>
     <span class='ocr_line' id='line_1_91' title="bbox 298 4566 458 4593; baseline 0 0"><span class='ocrx_word' id='word_1_669' title='bbox 298 4566 458 4593; x_wconf 60' lang='lat' dir='ltr'><strong><em>muns-</em></strong></span> 
     </span>
    </p>
   </div>
   <div class='ocr_carea' id='block_1_91' title="bbox 1919 4476 3503 4593">
    <p class='ocr_par' dir='ltr' id='par_1_91' title="bbox 1919 4476 3503 4570">
     <span class='ocr_line' id='line_1_92' title="bbox 1919 4476 3503 4570; baseline 0.013 -34"><span class='ocrx_word' id='word_1_670' title='bbox 1919 4482 2169 4553; x_wconf 89' lang='lat' dir='ltr'><strong><em>positum,</em></strong></span> <span class='ocrx_word' id='word_1_671' title='bbox 2216 4476 2468 4542; x_wconf 82' lang='lat' dir='ltr'><strong><em>custodes</em></strong></span> <span class='ocrx_word' id='word_1_672' title='bbox 2512 4487 2657 4544; x_wconf 90' lang='lat' dir='ltr'><strong><em>illico</em></strong></span> <span class='ocrx_word' id='word_1_673' title='bbox 2685 4490 3079 4560; x_wconf 85' lang='lat' dir='ltr'><strong><em>deputaverunt</em></strong></span> <span class='ocrx_word' id='word_1_674' title='bbox 3124 4502 3182 4549; x_wconf 89' lang='lat' dir='ltr'><strong><em>et</em></strong></span> <span class='ocrx_word' id='word_1_675' title='bbox 3211 4510 3356 4564; x_wconf 90' lang='lat' dir='ltr'><strong><em>eum,</em></strong></span> <span class='ocrx_word' id='word_1_676' title='bbox 3398 4501 3503 4570; x_wconf 85' lang='lat' dir='ltr'><strong><em>&#39;qui</em></strong></span> 
     </span>
    </p>
   </div>
   <div class='ocr_carea' id='block_1_92' title="bbox 297 4566 459 4607">
    <p class='ocr_par' dir='ltr' id='par_1_92' title="bbox 297 4566 459 4607">
     <span class='ocr_line' id='line_1_93' title="bbox 297 4566 459 4607; baseline -0.006 0"><span class='ocrx_word' id='word_1_677' title='bbox 297 4566 459 4607; x_wconf 67' lang='grc'><strong><em>191108.</em></strong></span> 
     </span>
    </p>
   </div>
   <div class='ocr_carea' id='block_1_93' title="bbox 297 4642 1810 4720">
    <p class='ocr_par' dir='ltr' id='par_1_93' title="bbox 297 4642 1810 4720">
     <span class='ocr_line' id='line_1_94' title="bbox 297 4642 1810 4720; baseline 0.013 -24"><span class='ocrx_word' id='word_1_678' title='bbox 297 4642 474 4716; x_wconf 72' lang='grc' dir='ltr'><strong><em>(ιω.)</em></strong></span> <span class='ocrx_word' id='word_1_679' title='bbox 500 4642 890 4701; x_wconf 79' lang='lat' dir='ltr'><strong><em>Descenderam</em></strong></span> <span class='ocrx_word' id='word_1_680' title='bbox 938 4665 1061 4720; x_wconf 89' lang='lat' dir='ltr'><strong><em>ergo</em></strong></span> <span class='ocrx_word' id='word_1_681' title='bbox 1102 4652 1207 4707; x_wconf 84' lang='lat' dir='ltr'><strong><em>tria</em></strong></span> <span class='ocrx_word' id='word_1_682' title='bbox 1243 4652 1414 4709; x_wconf 82' lang='lat' dir='ltr'><strong><em>millia</em></strong></span> <span class='ocrx_word' id='word_1_683' title='bbox 1464 4654 1695 4713; x_wconf 83' lang='lat' dir='ltr'><strong><em>virorum</em></strong></span> <span class='ocrx_word' id='word_1_684' title='bbox 1744 4660 1810 4716; x_wconf 85' lang='lat' dir='ltr'><strong><em>de</em></strong></span> 
     </span>
    </p>
   </div>
   <div class='ocr_carea' id='block_1_94' title="bbox 215 4733 1810 4815">
    <p class='ocr_par' dir='ltr' id='par_1_94' title="bbox 215 4733 1810 4815">
     <span class='ocr_line' id='line_1_95' title="bbox 215 4733 1810 4815; baseline 0.01 -27"><span class='ocrx_word' id='word_1_685' title='bbox 215 4733 374 4789; x_wconf 72' lang='lat' dir='ltr'><strong><em>Iuda</em></strong></span> <span class='ocrx_word' id='word_1_686' title='bbox 396 4733 467 4788; x_wconf 88' lang='lat' dir='ltr'><strong><em>ad</em></strong></span> <span class='ocrx_word' id='word_1_687' title='bbox 490 4750 702 4807; x_wconf 86' lang='lat' dir='ltr'><strong><em>specum</em></strong></span> <span class='ocrx_word' id='word_1_688' title='bbox 721 4735 885 4792; x_wconf 85' lang='lat' dir='ltr'><strong><em>silicis</em></strong></span> <span class='ocrx_word' id='word_1_689' title='bbox 915 4736 1133 4806; x_wconf 81' lang='lat' dir='ltr'><strong><em>Etham,</em></strong></span> <span class='ocrx_word' id='word_1_690' title='bbox 1183 4741 1531 4815; x_wconf 69' lang='lat' dir='ltr'><strong><em>dixeruntque</em></strong></span> <span class='ocrx_word' id='word_1_691' title='bbox 1559 4748 1629 4800; x_wconf 85' lang='lat' dir='ltr'><strong><em>ad</em></strong></span> <span class='ocrx_word' id='word_1_692' title='bbox 1652 4746 1810 4804; x_wconf 86' lang='lat' dir='ltr'><strong><em>Sam-</em></strong></span> 
     </span>
    </p>
   </div>
   <div class='ocr_carea' id='block_1_95' title="bbox 214 4821 1808 4904">
    <p class='ocr_par' dir='ltr' id='par_1_95' title="bbox 214 4821 1808 4904">
     <span class='ocr_line' id='line_1_96' title="bbox 214 4821 1808 4904; baseline 0.011 -27"><span class='ocrx_word' id='word_1_693' title='bbox 214 4838 357 4895; x_wconf 86' lang='lat' dir='ltr'><strong><em>pson</em></strong></span> <span class='ocrx_word' id='word_1_694' title='bbox 385 4840 398 4877; x_wconf 93' lang='lat'><strong>:</strong></span> <span class='ocrx_word' id='word_1_695' title='bbox 430 4821 640 4892; x_wconf 86' lang='lat' dir='ltr'><strong><em>Nescis,</em></strong></span> <span class='ocrx_word' id='word_1_696' title='bbox 671 4826 812 4897; x_wconf 84' lang='lat' dir='ltr'><strong><em>quod</em></strong></span> <span class='ocrx_word' id='word_1_697' title='bbox 835 4824 1124 4886; x_wconf 79' lang='lat' dir='ltr'><strong><em>Philistiim</em></strong></span> <span class='ocrx_word' id='word_1_698' title='bbox 1144 4831 1395 4904; x_wconf 87' lang='lat' dir='ltr'><strong><em>imperent</em></strong></span> <span class='ocrx_word' id='word_1_699' title='bbox 1417 4834 1564 4890; x_wconf 87' lang='lat' dir='ltr'><strong><em>nobis</em></strong></span> <span class='ocrx_word' id='word_1_700' title='bbox 1580 4837 1607 4890; x_wconf 72' lang='grc' dir='ltr'><em>ν</em></span> <span class='ocrx_word' id='word_1_701' title='bbox 1631 4835 1808 4903; x_wconf 83' lang='lat' dir='ltr'><strong><em>Quare</em></strong></span> 
     </span>
    </p>
   </div>
   <div class='ocr_carea' id='block_1_96' title="bbox 214 4914 1806 4997">
    <p class='ocr_par' dir='ltr' id='par_1_96' title="bbox 214 4914 1806 4997">
     <span class='ocr_line' id='line_1_97' title="bbox 214 4914 1806 4997; baseline 0.009 -28"><span class='ocrx_word' id='word_1_702' title='bbox 214 4914 323 4969; x_wconf 82' lang='lat' dir='ltr'><strong><em>hoc</em></strong></span> <span class='ocrx_word' id='word_1_703' title='bbox 367 4914 539 4983; x_wconf 80' lang='lat' dir='ltr'><strong><em>facere</em></strong></span> <span class='ocrx_word' id='word_1_704' title='bbox 564 4914 778 4971; x_wconf 82' lang='lat' dir='ltr'><strong><em>voluisti</em></strong></span> <span class='ocrx_word' id='word_1_705' title='bbox 800 4918 825 4970; x_wconf 80' lang='lat'><strong><em>?</em></strong></span> <span class='ocrx_word' id='word_1_706' title='bbox 860 4916 1066 4985; x_wconf 81' lang='lat' dir='ltr'><strong><em>Quibus</em></strong></span> <span class='ocrx_word' id='word_1_707' title='bbox 1103 4919 1195 4976; x_wconf 87' lang='lat' dir='ltr'><strong><em>ille</em></strong></span> <span class='ocrx_word' id='word_1_708' title='bbox 1227 4922 1303 4977; x_wconf 87' lang='lat' dir='ltr'><strong><em>ait</em></strong></span> <span class='ocrx_word' id='word_1_709' title='bbox 1323 4938 1344 4978; x_wconf 88' lang='lat'><strong><em>:</em></strong></span> <span class='ocrx_word' id='word_1_710' title='bbox 1374 4921 1521 4980; x_wconf 88' lang='lat' dir='ltr'><strong><em>Sicut</em></strong></span> <span class='ocrx_word' id='word_1_711' title='bbox 1569 4926 1806 4997; x_wconf 78' lang='lat' dir='ltr'><strong><em>fecerunt</em></strong></span> 
     </span>
    </p>
   </div>
   <div class='ocr_carea' id='block_1_97' title="bbox 214 5003 1809 5083">
    <p class='ocr_par' dir='ltr' id='par_1_97' title="bbox 214 5003 1809 5083">
     <span class='ocr_line' id='line_1_98' title="bbox 214 5003 1809 5083; baseline 0.013 -27"><span class='ocrx_word' id='word_1_712' title='bbox 214 5003 354 5059; x_wconf 80' lang='lat' dir='ltr'><strong><em>mihi</em></strong></span> <span class='ocrx_word' id='word_1_713' title='bbox 387 5003 491 5075; x_wconf 77' lang='lat' dir='ltr'><strong><em>feci</em></strong></span> <span class='ocrx_word' id='word_1_714' title='bbox 531 5006 628 5061; x_wconf 89' lang='lat' dir='ltr'><strong><em>eis.</em></strong></span> <span class='ocrx_word' id='word_1_715' title='bbox 657 5006 867 5078; x_wconf 85' lang='lat' dir='ltr'><strong><em>Ligure,</em></strong></span> <span class='ocrx_word' id='word_1_716' title='bbox 892 5011 1157 5082; x_wconf 80' lang='lat' dir='ltr'><strong><em>inquiunt,</em></strong></span> <span class='ocrx_word' id='word_1_717' title='bbox 1182 5023 1233 5069; x_wconf 92' lang='lat' dir='ltr'><strong><em>te</em></strong></span> <span class='ocrx_word' id='word_1_718' title='bbox 1251 5016 1504 5083; x_wconf 72' lang='lat' dir='ltr'><strong><em>venirnus,</em></strong></span> <span class='ocrx_word' id='word_1_719' title='bbox 1529 5028 1581 5073; x_wconf 89' lang='lat' dir='ltr'><strong><em>et</em></strong></span> <span class='ocrx_word' id='word_1_720' title='bbox 1600 5020 1809 5076; x_wconf 88' lang='lat' dir='ltr'><strong><em>tradere</em></strong></span> 
     </span>
    </p>
   </div>
   <div class='ocr_carea' id='block_1_98' title="bbox 210 5097 1806 5181">
    <p class='ocr_par' dir='ltr' id='par_1_98' title="bbox 210 5097 1806 5181">
     <span class='ocr_line' id='line_1_99' title="bbox 210 5097 1806 5181; baseline 0.01 -28"><span class='ocrx_word' id='word_1_721' title='bbox 210 5100 281 5154; x_wconf 85' lang='lat' dir='ltr'><strong><em>in</em></strong></span> <span class='ocrx_word' id='word_1_722' title='bbox 329 5113 520 5154; x_wconf 85' lang='lat' dir='ltr'><strong><em>manus</em></strong></span> <span class='ocrx_word' id='word_1_723' title='bbox 572 5097 995 5158; x_wconf 82' lang='lat' dir='ltr'><strong><em>Philistinorum.</em></strong></span> <span class='ocrx_word' id='word_1_724' title='bbox 1051 5105 1338 5179; x_wconf 83' lang='lat' dir='ltr'><strong><em>Respondit</em></strong></span> <span class='ocrx_word' id='word_1_725' title='bbox 1376 5122 1396 5161; x_wconf 90' lang='lat'><strong><em>:</em></strong></span> <span class='ocrx_word' id='word_1_726' title='bbox 1436 5108 1627 5167; x_wconf 82' lang='lat' dir='ltr'><strong><em>Jurate</em></strong></span> <span class='ocrx_word' id='word_1_727' title='bbox 1655 5111 1806 5181; x_wconf 79' lang='lat' dir='ltr'><strong><em>mihi,</em></strong></span> 
     </span>
    </p>
   </div>
   <div class='ocr_carea' id='block_1_99' title="bbox 213 5187 1808 5273">
    <p class='ocr_par' dir='ltr' id='par_1_99' title="bbox 213 5187 1808 5273">
     <span class='ocr_line' id='line_1_100' title="bbox 213 5187 1808 5273; baseline 0.011 -32"><span class='ocrx_word' id='word_1_728' title='bbox 213 5187 361 5260; x_wconf 84' lang='lat' dir='ltr'><strong><em>quod</em></strong></span> <span class='ocrx_word' id='word_1_729' title='bbox 398 5203 480 5243; x_wconf 89' lang='lat' dir='ltr'><strong><em>me</em></strong></span> <span class='ocrx_word' id='word_1_730' title='bbox 506 5205 611 5245; x_wconf 87' lang='lat' dir='ltr'><strong><em>non</em></strong></span> <span class='ocrx_word' id='word_1_731' title='bbox 634 5191 909 5260; x_wconf 84' lang='lat' dir='ltr'><strong><em>occidatis,</em></strong></span> <span class='ocrx_word' id='word_1_732' title='bbox 961 5200 1016 5249; x_wconf 89' lang='lat' dir='ltr'><strong><em>et</em></strong></span> <span class='ocrx_word' id='word_1_733' title='bbox 1041 5195 1274 5268; x_wconf 88' lang='lat' dir='ltr'><strong><em>reliqua.</em></strong></span> <span class='ocrx_word' id='word_1_734' title='bbox 1310 5197 1664 5273; x_wconf 87' lang='lat' dir='ltr'><strong><em>Septuaginta</em></strong></span> <span class='ocrx_word' id='word_1_735' title='bbox 1693 5216 1713 5255; x_wconf 90' lang='lat'><strong><em>:</em></strong></span> <span class='ocrx_word' id='word_1_736' title='bbox 1737 5201 1808 5258; x_wconf 88' lang='lat' dir='ltr'><strong><em>Et</em></strong></span> 
     </span>
    </p>
   </div>
   <div class='ocr_carea' id='block_1_100' title="bbox 1912 4575 3493 4657">
    <p class='ocr_par' dir='ltr' id='par_1_100' title="bbox 1912 4575 3493 4657">
     <span class='ocr_line' id='line_1_101' title="bbox 1912 4575 3493 4657; baseline 0.011 -30"><span class='ocrx_word' id='word_1_737' title='bbox 1912 4581 2103 4630; x_wconf 88' lang='lat' dir='ltr'><strong><em>auctor</em></strong></span> <span class='ocrx_word' id='word_1_738' title='bbox 2128 4575 2262 4647; x_wconf 45' lang='lat' dir='ltr'><strong><em>vitaz</em></strong></span> <span class='ocrx_word' id='word_1_739' title='bbox 2284 4576 2567 4642; x_wconf 75' lang='lat' dir='ltr'><strong><em>claruerat,</em></strong></span> <span class='ocrx_word' id='word_1_740' title='bbox 2611 4578 2667 4632; x_wconf 88' lang='lat' dir='ltr'><strong><em>in</em></strong></span> <span class='ocrx_word' id='word_1_741' title='bbox 2689 4577 2889 4637; x_wconf 84' lang='lat' dir='ltr'><strong><em>inferni</em></strong></span> <span class='ocrx_word' id='word_1_742' title='bbox 2915 4582 3170 4642; x_wconf 89' lang='lat' dir='ltr'><strong><em>claustris</em></strong></span> <span class='ocrx_word' id='word_1_743' title='bbox 3202 4594 3493 4657; x_wconf 86' lang='lat' dir='ltr'><strong><em>retentum,</em></strong></span> 
     </span>
    </p>
   </div>
   <div class='ocr_carea' id='block_1_101' title="bbox 1910 4661 3495 4746">
    <p class='ocr_par' dir='ltr' id='par_1_101' title="bbox 1910 4661 3495 4746">
     <span class='ocr_line' id='line_1_102' title="bbox 1910 4661 3495 4746; baseline 0.013 -29"><span class='ocrx_word' id='word_1_744' title='bbox 1910 4663 2065 4733; x_wconf 90' lang='lat' dir='ltr'><strong><em>quasi</em></strong></span> <span class='ocrx_word' id='word_1_745' title='bbox 2116 4661 2403 4737; x_wconf 80' lang='lat' dir='ltr'><strong><em>Sampson&#39;</em></strong></span> <span class='ocrx_word' id='word_1_746' title='bbox 2427 4665 2484 4721; x_wconf 93' lang='lat' dir='ltr'><strong><em>in</em></strong></span> <span class='ocrx_word' id='word_1_747' title='bbox 2521 4665 2689 4736; x_wconf 84' lang='lat' dir='ltr'><strong><em>Gaza,</em></strong></span> <span class='ocrx_word' id='word_1_748' title='bbox 2734 4683 2797 4725; x_wconf 87' lang='lat' dir='ltr'><strong><em>se</em></strong></span> <span class='ocrx_word' id='word_1_749' title='bbox 2835 4671 3256 4743; x_wconf 85' lang='lat' dir='ltr'><strong><em>deprehendisse</em></strong></span> <span class='ocrx_word' id='word_1_750' title='bbox 3298 4674 3495 4746; x_wconf 73' lang='lat' dir='ltr'><strong><em>iactati</em></strong></span> 
     </span>
    </p>
   </div>
   <div class='ocr_carea' id='block_1_102' title="bbox 1909 4755 3495 4840">
    <p class='ocr_par' dir='ltr' id='par_1_102' title="bbox 1909 4755 3495 4840">
     <span class='ocr_line' id='line_1_103' title="bbox 1909 4755 3495 4840; baseline 0.012 -29"><span class='ocrx_word' id='word_1_751' title='bbox 1909 4764 2055 4811; x_wconf 88' lang='lat' dir='ltr'><strong><em>sunt.</em></strong></span> <span class='ocrx_word' id='word_1_752' title='bbox 2107 4755 2372 4830; x_wconf 90' lang='lat' dir='ltr'><strong><em>Sampson</em></strong></span> <span class='ocrx_word' id='word_1_753' title='bbox 2415 4774 2546 4817; x_wconf 90' lang='lat' dir='ltr'><strong><em>vero</em></strong></span> <span class='ocrx_word' id='word_1_754' title='bbox 2588 4769 2749 4818; x_wconf 90' lang='lat' dir='ltr'><strong><em>nocte</em></strong></span> <span class='ocrx_word' id='word_1_755' title='bbox 2771 4763 2952 4819; x_wconf 89' lang='lat' dir='ltr'><strong><em>media</em></strong></span> <span class='ocrx_word' id='word_1_756' title='bbox 2991 4780 3100 4822; x_wconf 91' lang='lat' dir='ltr'><strong><em>non</em></strong></span> <span class='ocrx_word' id='word_1_757' title='bbox 3122 4767 3298 4824; x_wconf 89' lang='lat' dir='ltr'><strong><em>solum</em></strong></span> <span class='ocrx_word' id='word_1_758' title='bbox 3337 4773 3495 4840; x_wconf 83' lang='lat' dir='ltr'><strong><em>exiit,</em></strong></span> 
     </span>
    </p>
   </div>
   <div class='ocr_carea' id='block_1_103' title="bbox 1907 4847 3494 4933">
    <p class='ocr_par' dir='ltr' id='par_1_103' title="bbox 1907 4847 3494 4933">
     <span class='ocr_line' id='line_1_104' title="bbox 1907 4847 3494 4933; baseline 0.013 -30"><span class='ocrx_word' id='word_1_759' title='bbox 1907 4847 2003 4904; x_wconf 89' lang='lat' dir='ltr'><strong><em>sed</em></strong></span> <span class='ocrx_word' id='word_1_760' title='bbox 2030 4847 2195 4905; x_wconf 90' lang='lat' dir='ltr'><strong><em>etiam</em></strong></span> <span class='ocrx_word' id='word_1_761' title='bbox 2221 4858 2407 4922; x_wconf 90' lang='lat' dir='ltr'><strong><em>portas</em></strong></span> <span class='ocrx_word' id='word_1_762' title='bbox 2435 4851 2670 4909; x_wconf 88' lang='lat' dir='ltr'><strong><em>civitatis</em></strong></span> <span class='ocrx_word' id='word_1_763' title='bbox 2695 4853 2848 4924; x_wconf 90' lang='lat' dir='ltr'><strong><em>tulit;</em></strong></span> <span class='ocrx_word' id='word_1_764' title='bbox 2886 4856 3013 4928; x_wconf 88' lang='lat' dir='ltr'><strong><em>quia</em></strong></span> <span class='ocrx_word' id='word_1_765' title='bbox 3038 4858 3369 4933; x_wconf 86' lang='lat' dir='ltr'><strong><em>Redemptor</em></strong></span> <span class='ocrx_word' id='word_1_766' title='bbox 3395 4881 3494 4922; x_wconf 87' lang='lat' dir='ltr'><strong><em>no-</em></strong></span> 
     </span>
    </p>
   </div>
   <div class='ocr_carea' id='block_1_104' title="bbox 1907 4940 3495 5020">
    <p class='ocr_par' dir='ltr' id='par_1_104' title="bbox 1907 4940 3495 5020">
     <span class='ocr_line' id='line_1_105' title="bbox 1907 4940 3495 5020; baseline 0.013 -27"><span class='ocrx_word' id='word_1_767' title='bbox 1907 4946 2019 4995; x_wconf 88' lang='lat' dir='ltr'><strong><em>ster</em></strong></span> <span class='ocrx_word' id='word_1_768' title='bbox 2045 4940 2295 4997; x_wconf 90' lang='lat' dir='ltr'><strong><em>videlicet</em></strong></span> <span class='ocrx_word' id='word_1_769' title='bbox 2314 4950 2442 4999; x_wconf 89' lang='lat' dir='ltr'><strong><em>ante</em></strong></span> <span class='ocrx_word' id='word_1_770' title='bbox 2465 4943 2640 5001; x_wconf 89' lang='lat' dir='ltr'><strong><em>lucem</em></strong></span> <span class='ocrx_word' id='word_1_771' title='bbox 2668 4958 2981 5020; x_wconf 87' lang='lat' dir='ltr'><strong><em>resurgens,</em></strong></span> <span class='ocrx_word' id='word_1_772' title='bbox 3028 4966 3138 5008; x_wconf 91' lang='lat' dir='ltr'><strong><em>non</em></strong></span> <span class='ocrx_word' id='word_1_773' title='bbox 3162 4953 3335 5010; x_wconf 88' lang='lat' dir='ltr'><strong><em>solum</em></strong></span> <span class='ocrx_word' id='word_1_774' title='bbox 3356 4954 3495 5014; x_wconf 87' lang='lat' dir='ltr'><strong><em>liber</em></strong></span> 
     </span>
    </p>
   </div>
   <div class='ocr_carea' id='block_1_105' title="bbox 1905 5027 3494 5105">
    <p class='ocr_par' dir='ltr' id='par_1_105' title="bbox 1905 5027 3494 5105">
     <span class='ocr_line' id='line_1_106' title="bbox 1905 5027 3494 5105; baseline 0.014 -22"><span class='ocrx_word' id='word_1_775' title='bbox 1905 5027 1970 5084; x_wconf 92' lang='lat' dir='ltr'><strong><em>de</em></strong></span> <span class='ocrx_word' id='word_1_776' title='bbox 1995 5027 2208 5102; x_wconf 81' lang='lat' dir='ltr'><strong><em>inferno</em></strong></span> <span class='ocrx_word' id='word_1_777' title='bbox 2232 5031 2385 5099; x_wconf 88' lang='lat' dir='ltr'><strong><em>exiit,</em></strong></span> <span class='ocrx_word' id='word_1_778' title='bbox 2431 5033 2524 5090; x_wconf 91' lang='lat' dir='ltr'><strong><em>sed</em></strong></span> <span class='ocrx_word' id='word_1_779' title='bbox 2554 5034 2673 5105; x_wconf 88' lang='lat' dir='ltr'><strong><em>ipsa</em></strong></span> <span class='ocrx_word' id='word_1_780' title='bbox 2701 5035 2864 5092; x_wconf 87' lang='lat' dir='ltr'><strong><em>etiam</em></strong></span> <span class='ocrx_word' id='word_1_781' title='bbox 2892 5037 3093 5095; x_wconf 82' lang='lat' dir='ltr'><strong><em>inferni</em></strong></span> <span class='ocrx_word' id='word_1_782' title='bbox 3119 5040 3356 5101; x_wconf 87' lang='lat' dir='ltr'><strong><em>claustra</em></strong></span> <span class='ocrx_word' id='word_1_783' title='bbox 3398 5045 3494 5105; x_wconf 84' lang='lat' dir='ltr'><strong><em>de-</em></strong></span> 
     </span>
    </p>
   </div>
   <div class='ocr_carea' id='block_1_106' title="bbox 1903 5120 3492 5207">
    <p class='ocr_par' dir='ltr' id='par_1_106' title="bbox 1903 5120 3492 5207">
     <span class='ocr_line' id='line_1_107' title="bbox 1903 5120 3492 5207; baseline 0.013 -34"><span class='ocrx_word' id='word_1_784' title='bbox 1903 5120 2122 5188; x_wconf 83' lang='lat' dir='ltr'><strong><em>struxit,</em></strong></span> <span class='ocrx_word' id='word_1_785' title='bbox 2148 5130 2333 5192; x_wconf 89' lang='lat' dir='ltr'><strong><em>portas</em></strong></span> <span class='ocrx_word' id='word_1_786' title='bbox 2352 5122 2492 5189; x_wconf 89' lang='lat' dir='ltr'><strong><em>tulit,</em></strong></span> <span class='ocrx_word' id='word_1_787' title='bbox 2531 5132 2587 5181; x_wconf 91' lang='lat' dir='ltr'><strong><em>et</em></strong></span> <span class='ocrx_word' id='word_1_788' title='bbox 2612 5126 2813 5183; x_wconf 89' lang='lat' dir='ltr'><strong><em>montis</em></strong></span> <span class='ocrx_word' id='word_1_789' title='bbox 2845 5120 3105 5188; x_wconf 86' lang='lat' dir='ltr'><strong><em>verticem</em></strong></span> <span class='ocrx_word' id='word_1_790' title='bbox 3128 5132 3316 5201; x_wconf 88' lang='lat' dir='ltr'><strong><em>subiit,</em></strong></span> <span class='ocrx_word' id='word_1_791' title='bbox 3359 5136 3492 5207; x_wconf 88' lang='lat' dir='ltr'><strong><em>quia</em></strong></span> 
     </span>
    </p>
   </div>
   <div class='ocr_carea' id='block_1_107' title="bbox 1904 5211 3487 5287">
    <p class='ocr_par' dir='ltr' id='par_1_107' title="bbox 1904 5211 3487 5287">
     <span class='ocr_line' id='line_1_108' title="bbox 1904 5211 3487 5287; baseline 0.013 -23"><span class='ocrx_word' id='word_1_792' title='bbox 1904 5211 2174 5283; x_wconf 90' lang='lat' dir='ltr'><strong><em>surgendo</em></strong></span> <span class='ocrx_word' id='word_1_793' title='bbox 2229 5212 2467 5270; x_wconf 88' lang='lat' dir='ltr'><strong><em>claustra</em></strong></span> <span class='ocrx_word' id='word_1_794' title='bbox 2514 5214 2715 5273; x_wconf 86' lang='lat' dir='ltr'><strong><em>inferni</em></strong></span> <span class='ocrx_word' id='word_1_795' title='bbox 2752 5219 2992 5287; x_wconf 87' lang='lat' dir='ltr'><strong><em>abstulit,</em></strong></span> <span class='ocrx_word' id='word_1_796' title='bbox 3049 5228 3106 5276; x_wconf 90' lang='lat' dir='ltr'><strong><em>et</em></strong></span> <span class='ocrx_word' id='word_1_797' title='bbox 3145 5225 3487 5284; x_wconf 89' lang='lat' dir='ltr'><strong><em>ascendendo</em></strong></span> 
     </span>
    </p>
   </div>
   <div class='ocr_carea' id='block_1_108' title="bbox 214 5278 3488 5385">
    <p class='ocr_par' dir='ltr' id='par_1_108' title="bbox 214 5278 3488 5385">
     <span class='ocr_line' id='line_1_109' title="bbox 214 5278 3488 5385; baseline 0.012 -51"><span class='ocrx_word' id='word_1_798' title='bbox 214 5281 297 5334; x_wconf 88' lang='lat' dir='ltr'><strong><em>ait</em></strong></span> <span class='ocrx_word' id='word_1_799' title='bbox 334 5278 595 5351; x_wconf 84' lang='lat' dir='ltr'><strong><em>Sampson</em></strong></span> <span class='ocrx_word' id='word_1_800' title='bbox 620 5281 743 5337; x_wconf 88' lang='lat' dir='ltr'><strong><em>viris</em></strong></span> <span class='ocrx_word' id='word_1_801' title='bbox 767 5282 913 5338; x_wconf 86' lang='lat' dir='ltr'><strong><em>Juda</em></strong></span> <span class='ocrx_word' id='word_1_802' title='bbox 945 5301 964 5339; x_wconf 92' lang='lat'><strong><em>:</em></strong></span> <span class='ocrx_word' id='word_1_803' title='bbox 989 5284 1180 5341; x_wconf 77' lang='lat' dir='ltr'><strong><em>Iurate</em></strong></span> <span class='ocrx_word' id='word_1_804' title='bbox 1222 5288 1373 5356; x_wconf 83' lang='lat' dir='ltr'><strong><em>mihi,</em></strong></span> <span class='ocrx_word' id='word_1_805' title='bbox 1429 5305 1491 5345; x_wconf 90' lang='lat' dir='ltr'><strong><em>ne</em></strong></span> <span class='ocrx_word' id='word_1_806' title='bbox 1512 5292 1805 5362; x_wconf 80' lang='lat' dir='ltr'><strong><em>interﬁcia-</em></strong></span> <span class='ocrx_word' id='word_1_807' title='bbox 1904 5278 2166 5358; x_wconf 60' lang='lat' dir='ltr'><strong><em>caelorum</em></strong></span> <span class='ocrx_word' id='word_1_808' title='bbox 2192 5318 2354 5375; x_wconf 88' lang='lat' dir='ltr'><strong><em>regna</em></strong></span> <span class='ocrx_word' id='word_1_809' title='bbox 2380 5308 2702 5376; x_wconf 88' lang='lat' dir='ltr'><strong><em>penetravit.</em></strong></span> <span class='ocrx_word' id='word_1_810' title='bbox 2755 5278 3019 5380; x_wconf 70' lang='lat' dir='ltr'><strong><em>Sampson</em></strong></span> <span class='ocrx_word' id='word_1_811' title='bbox 3049 5309 3231 5368; x_wconf 88' lang='lat' dir='ltr'><strong><em>divina</em></strong></span> <span class='ocrx_word' id='word_1_812' title='bbox 3254 5317 3488 5385; x_wconf 84' lang='lat' dir='ltr'><strong><em>promis-</em></strong></span> 
     </span>
    </p>
   </div>
   <div class='ocr_carea' id='block_1_109' title="bbox 212 5366 3487 5469">
    <p class='ocr_par' dir='ltr' id='par_1_109' title="bbox 212 5366 3487 5469">
     <span class='ocr_line' id='line_1_110' title="bbox 212 5366 3487 5469; baseline 0.012 -43"><span class='ocrx_word' id='word_1_813' title='bbox 212 5366 289 5426; x_wconf 76' lang='lat' dir='ltr'><strong><em>tis</em></strong></span> <span class='ocrx_word' id='word_1_814' title='bbox 317 5385 401 5425; x_wconf 89' lang='lat' dir='ltr'><strong><em>me</em></strong></span> <span class='ocrx_word' id='word_1_815' title='bbox 425 5386 533 5439; x_wconf 87' lang='lat' dir='ltr'><strong><em>vos,</em></strong></span> <span class='ocrx_word' id='word_1_816' title='bbox 577 5384 625 5429; x_wconf 85' lang='lat' dir='ltr'><strong><em>et</em></strong></span> <span class='ocrx_word' id='word_1_817' title='bbox 652 5375 841 5430; x_wconf 86' lang='lat' dir='ltr'><strong><em>tradite</em></strong></span> <span class='ocrx_word' id='word_1_818' title='bbox 891 5394 972 5432; x_wconf 89' lang='lat' dir='ltr'><strong><em>me</em></strong></span> <span class='ocrx_word' id='word_1_819' title='bbox 997 5377 1091 5445; x_wconf 85' lang='lat' dir='ltr'><strong><em>eis,</em></strong></span> <span class='ocrx_word' id='word_1_820' title='bbox 1126 5397 1189 5435; x_wconf 90' lang='lat' dir='ltr'><strong><em>ne</em></strong></span> <span class='ocrx_word' id='word_1_821' title='bbox 1228 5381 1364 5451; x_wconf 86' lang='lat' dir='ltr'><strong><em>forte</em></strong></span> <span class='ocrx_word' id='word_1_822' title='bbox 1419 5386 1707 5441; x_wconf 76' lang='lat' dir='ltr'><strong><em>occurratis</em></strong></span> <span class='ocrx_word' id='word_1_823' title='bbox 1744 5387 1801 5443; x_wconf 86' lang='lat' dir='ltr'><strong><em>in</em></strong></span> <span class='ocrx_word' id='word_1_824' title='bbox 1905 5391 2059 5449; x_wconf 87' lang='lat' dir='ltr'><strong><em>sione</em></strong></span> <span class='ocrx_word' id='word_1_825' title='bbox 2086 5366 2400 5466; x_wconf 68' lang='lat' dir='ltr'><strong><em>generatur,</em></strong></span> <span class='ocrx_word' id='word_1_826' title='bbox 2440 5397 2688 5469; x_wconf 88' lang='lat' dir='ltr'><strong><em>spiritum</em></strong></span> <span class='ocrx_word' id='word_1_827' title='bbox 2716 5366 3063 5457; x_wconf 69' lang='lat' dir='ltr'><strong><em>comitantem</em></strong></span> <span class='ocrx_word' id='word_1_828' title='bbox 3087 5366 3340 5461; x_wconf 55' lang='lat' dir='ltr'><strong><em>habebat.</em></strong></span> <span class='ocrx_word' id='word_1_829' title='bbox 3392 5407 3487 5465; x_wconf 90' lang='lat' dir='ltr'><strong><em>Sic</em></strong></span> 
     </span>
    </p>
   </div>
   <div class='ocr_carea' id='block_1_110' title="bbox 212 5466 3488 5569">
    <p class='ocr_par' dir='ltr' id='par_1_110' title="bbox 212 5466 3488 5569">
     <span class='ocr_line' id='line_1_111' title="bbox 212 5466 3488 5569; baseline 0.012 -52"><span class='ocrx_word' id='word_1_830' title='bbox 212 5479 305 5519; x_wconf 84' lang='lat' dir='ltr'><strong><em>me</em></strong></span> <span class='ocrx_word' id='word_1_831' title='bbox 343 5480 456 5520; x_wconf 85' lang='lat' dir='ltr'><strong><em>vos.</em></strong></span> <span class='ocrx_word' id='word_1_832' title='bbox 511 5466 649 5534; x_wconf 89' lang='lat' dir='ltr'><strong><em>Quid</em></strong></span> <span class='ocrx_word' id='word_1_833' title='bbox 673 5476 778 5535; x_wconf 89' lang='lat' dir='ltr'><strong><em>est,</em></strong></span> <span class='ocrx_word' id='word_1_834' title='bbox 825 5470 968 5540; x_wconf 90' lang='lat' dir='ltr'><strong><em>quod</em></strong></span> <span class='ocrx_word' id='word_1_835' title='bbox 1021 5473 1097 5527; x_wconf 90' lang='lat' dir='ltr'><strong><em>ait</em></strong></span> <span class='ocrx_word' id='word_1_836' title='bbox 1133 5471 1395 5545; x_wconf 89' lang='lat' dir='ltr'><strong><em>Sampson</em></strong></span> <span class='ocrx_word' id='word_1_837' title='bbox 1447 5477 1580 5534; x_wconf 89' lang='lat' dir='ltr'><strong><em>viris</em></strong></span> <span class='ocrx_word' id='word_1_838' title='bbox 1619 5477 1797 5536; x_wconf 87' lang='lat' dir='ltr'><strong><em>Juda:</em></strong></span> <span class='ocrx_word' id='word_1_839' title='bbox 1904 5484 2049 5540; x_wconf 90' lang='lat' dir='ltr'><strong><em>enim</em></strong></span> <span class='ocrx_word' id='word_1_840' title='bbox 2075 5485 2300 5559; x_wconf 86' lang='lat' dir='ltr'><strong><em>legimus</em></strong></span> <span class='ocrx_word' id='word_1_841' title='bbox 2328 5466 2754 5560; x_wconf 75' lang='lat' dir='ltr'><strong><em>quiabenedixit</em></strong></span> <span class='ocrx_word' id='word_1_842' title='bbox 2775 5507 2898 5548; x_wconf 87' lang='lat' dir='ltr'><strong><em>eum</em></strong></span> <span class='ocrx_word' id='word_1_843' title='bbox 2930 5491 3212 5561; x_wconf 89' lang='lat' dir='ltr'><strong><em>Dominus,</em></strong></span> <span class='ocrx_word' id='word_1_844' title='bbox 3239 5506 3298 5552; x_wconf 88' lang='lat' dir='ltr'><strong><em>et</em></strong></span> <span class='ocrx_word' id='word_1_845' title='bbox 3319 5500 3488 5569; x_wconf 65' lang='lat' dir='ltr'><strong><em>erepit</em></strong></span> 
     </span>
    </p>
   </div>
   <div class='ocr_carea' id='block_1_111' title="bbox 213 5557 3482 5651">
    <p class='ocr_par' dir='ltr' id='par_1_111' title="bbox 213 5557 3482 5651">
     <span class='ocr_line' id='line_1_112' title="bbox 213 5557 3482 5651; baseline 0.011 -39"><span class='ocrx_word' id='word_1_846' title='bbox 213 5557 411 5613; x_wconf 79' lang='lat' dir='ltr'><strong><em>Jurate</em></strong></span> <span class='ocrx_word' id='word_1_847' title='bbox 442 5560 592 5627; x_wconf 81' lang='lat' dir='ltr'><strong><em>mihi,</em></strong></span> <span class='ocrx_word' id='word_1_848' title='bbox 638 5577 701 5615; x_wconf 92' lang='lat' dir='ltr'><strong><em>ne</em></strong></span> <span class='ocrx_word' id='word_1_849' title='bbox 742 5564 1069 5634; x_wconf 82' lang='lat' dir='ltr'><strong><em>interﬁciatis</em></strong></span> <span class='ocrx_word' id='word_1_850' title='bbox 1107 5584 1189 5623; x_wconf 88' lang='lat' dir='ltr'><strong><em>me</em></strong></span> <span class='ocrx_word' id='word_1_851' title='bbox 1226 5587 1337 5639; x_wconf 86' lang='lat' dir='ltr'><strong><em>vos,</em></strong></span> <span class='ocrx_word' id='word_1_852' title='bbox 1400 5580 1450 5627; x_wconf 89' lang='lat' dir='ltr'><strong><em>et</em></strong></span> <span class='ocrx_word' id='word_1_853' title='bbox 1488 5574 1679 5629; x_wconf 85' lang='lat' dir='ltr'><strong><em>tradite</em></strong></span> <span class='ocrx_word' id='word_1_854' title='bbox 1719 5590 1801 5628; x_wconf 90' lang='lat' dir='ltr'><strong><em>me</em></strong></span> <span class='ocrx_word' id='word_1_855' title='bbox 1903 5557 2377 5645; x_wconf 21' lang='lat' dir='ltr'><strong><em>spiritusVDominri</em></strong></span> <span class='ocrx_word' id='word_1_856' title='bbox 2405 5583 2653 5637; x_wconf 86' lang='lat' dir='ltr'><strong><em>comitari</em></strong></span> <span class='ocrx_word' id='word_1_857' title='bbox 2701 5596 2913 5638; x_wconf 91' lang='lat' dir='ltr'><strong><em>cumeo</em></strong></span> <span class='ocrx_word' id='word_1_858' title='bbox 2962 5583 3021 5637; x_wconf 92' lang='lat' dir='ltr'><strong><em>in</em></strong></span> <span class='ocrx_word' id='word_1_859' title='bbox 3040 5587 3482 5651; x_wconf 85' lang='lat' dir='ltr'><strong><em>castra;ctidoo</em></strong></span> 
     </span>
    </p>
   </div>
   <div class='ocr_carea' id='block_1_112' title="bbox 216 5652 3480 5751">
    <p class='ocr_par' dir='ltr' id='par_1_112' title="bbox 216 5652 3480 5751">
     <span class='ocr_line' id='line_1_113' title="bbox 216 5652 3480 5751; baseline 0.009 -46"><span class='ocrx_word' id='word_1_860' title='bbox 216 5652 318 5718; x_wconf 86' lang='lat' dir='ltr'><strong><em>eis,</em></strong></span> <span class='ocrx_word' id='word_1_861' title='bbox 348 5666 411 5706; x_wconf 88' lang='lat' dir='ltr'><strong><em>ne</em></strong></span> <span class='ocrx_word' id='word_1_862' title='bbox 438 5652 572 5721; x_wconf 76' lang='lat' dir='ltr'><strong><em>forte</em></strong></span> <span class='ocrx_word' id='word_1_863' title='bbox 599 5656 885 5709; x_wconf 85' lang='lat' dir='ltr'><strong><em>occurratis</em></strong></span> <span class='ocrx_word' id='word_1_864' title='bbox 920 5658 975 5712; x_wconf 85' lang='lat' dir='ltr'><strong><em>in</em></strong></span> <span class='ocrx_word' id='word_1_865' title='bbox 1001 5676 1083 5715; x_wconf 88' lang='lat' dir='ltr'><strong><em>me</em></strong></span> <span class='ocrx_word' id='word_1_866' title='bbox 1106 5678 1192 5715; x_wconf 87' lang='lat' dir='ltr'><strong><em>vos</em></strong></span> <span class='ocrx_word' id='word_1_867' title='bbox 1217 5663 1241 5714; x_wconf 87' lang='lat'><strong><em>?</em></strong></span> <span class='ocrx_word' id='word_1_868' title='bbox 1270 5662 1443 5731; x_wconf 85' lang='lat' dir='ltr'><strong><em>Quam</em></strong></span> <span class='ocrx_word' id='word_1_869' title='bbox 1478 5663 1797 5721; x_wconf 85' lang='lat' dir='ltr'><strong><em>locutionem</em></strong></span> <span class='ocrx_word' id='word_1_870' title='bbox 1903 5667 2144 5723; x_wconf 82' lang='lat' dir='ltr'><strong><em>futurum</em></strong></span> <span class='ocrx_word' id='word_1_871' title='bbox 2170 5670 2471 5740; x_wconf 68' lang='lat' dir='ltr'><strong><em>praevidens</em></strong></span> <span class='ocrx_word' id='word_1_872' title='bbox 2500 5681 2914 5739; x_wconf 86' lang='lat' dir='ltr'><strong><em>sacramentum,</em></strong></span> <span class='ocrx_word' id='word_1_873' title='bbox 2945 5689 3015 5729; x_wconf 78' lang='lat' dir='ltr'><strong><em>cx</em></strong></span> <span class='ocrx_word' id='word_1_874' title='bbox 3040 5675 3357 5749; x_wconf 83' lang='lat' dir='ltr'><strong><em>alienigenis</em></strong></span> <span class='ocrx_word' id='word_1_875' title='bbox 3378 5695 3480 5751; x_wconf 86' lang='lat' dir='ltr'><strong><em>po-</em></strong></span> 
     </span>
    </p>
   </div>
   <div class='ocr_carea' id='block_1_113' title="bbox 222 5747 3481 5838">
    <p class='ocr_par' dir='ltr' id='par_1_113' title="bbox 222 5747 3481 5838">
     <span class='ocr_line' id='line_1_114' title="bbox 222 5747 3481 5838; baseline 0.009 -35"><span class='ocrx_word' id='word_1_876' title='bbox 222 5747 299 5803; x_wconf 87' lang='lat' dir='ltr'><strong><em>ita</em></strong></span> <span class='ocrx_word' id='word_1_877' title='bbox 337 5747 576 5805; x_wconf 89' lang='lat' dir='ltr'><strong><em>nonnulli</em></strong></span> <span class='ocrx_word' id='word_1_878' title='bbox 623 5748 960 5820; x_wconf 83' lang='lat' dir='ltr'><strong><em>interpretati</em></strong></span> <span class='ocrx_word' id='word_1_879' title='bbox 1000 5767 1146 5822; x_wconf 88' lang='lat' dir='ltr'><strong><em>sunt,</em></strong></span> <span class='ocrx_word' id='word_1_880' title='bbox 1180 5775 1242 5813; x_wconf 86' lang='lat' dir='ltr'><strong><em>ne</em></strong></span> <span class='ocrx_word' id='word_1_881' title='bbox 1264 5756 1399 5829; x_wconf 82' lang='lat' dir='ltr'><strong><em>forte</em></strong></span> <span class='ocrx_word' id='word_1_882' title='bbox 1444 5761 1663 5816; x_wconf 80' lang='lat' dir='ltr'><strong><em>veniatis</em></strong></span> <span class='ocrx_word' id='word_1_883' title='bbox 1702 5760 1799 5815; x_wconf 84' lang='lat' dir='ltr'><strong><em>ad-</em></strong></span> <span class='ocrx_word' id='word_1_884' title='bbox 1902 5760 2088 5817; x_wconf 88' lang='lat' dir='ltr'><strong><em>scebat</em></strong></span> <span class='ocrx_word' id='word_1_885' title='bbox 2112 5778 2356 5833; x_wconf 81' lang='lat' dir='ltr'><strong><em>uxorem,</em></strong></span> <span class='ocrx_word' id='word_1_886' title='bbox 2407 5766 2545 5834; x_wconf 85' lang='lat' dir='ltr'><strong><em>quod</em></strong></span> <span class='ocrx_word' id='word_1_887' title='bbox 2574 5772 2730 5835; x_wconf 84' lang='lat' dir='ltr'><strong><em>pater</em></strong></span> <span class='ocrx_word' id='word_1_888' title='bbox 2759 5765 2875 5838; x_wconf 87' lang='lat' dir='ltr'><strong><em>ejus</em></strong></span> <span class='ocrx_word' id='word_1_889' title='bbox 2911 5780 2976 5821; x_wconf 88' lang='lat' dir='ltr'><strong><em>ac</em></strong></span> <span class='ocrx_word' id='word_1_890' title='bbox 3004 5775 3175 5824; x_wconf 87' lang='lat' dir='ltr'><strong><em>mater</em></strong></span> <span class='ocrx_word' id='word_1_891' title='bbox 3234 5778 3292 5824; x_wconf 88' lang='lat' dir='ltr'><strong><em>ut</em></strong></span> <span class='ocrx_word' id='word_1_892' title='bbox 3343 5772 3481 5830; x_wconf 83' lang='lat' dir='ltr'><strong><em>scri-</em></strong></span> 
     </span>
    </p>
   </div>
   <div class='ocr_carea' id='block_1_114' title="bbox 656 5845 3018 5922">
    <p class='ocr_par' dir='ltr' id='par_1_114' title="bbox 656 5845 3018 5922">
     <span class='ocr_line' id='line_1_115' title="bbox 656 5845 3018 5922; baseline 0.013 -14"><span class='ocrx_word' id='word_1_893' title='bbox 656 5845 927 5910; x_wconf 60' lang='lat' dir='ltr'><strong><em>Pa&#39;rnoru</em></strong></span> <span class='ocrx_word' id='word_1_894' title='bbox 961 5850 1174 5913; x_wconf 84' lang='lat' dir='ltr'><strong>CVIII.</strong></span> <span class='ocrx_word' id='word_1_895' title='bbox 1650 5869 1654 5872; x_wconf 74' lang='lat'><em>‘</em></span> <span class='ocrx_word' id='word_1_896' title='bbox 2939 5860 3018 5922; x_wconf 78' lang='lat'><strong>38</strong></span> 
     </span>
    </p>
   </div>
  </div>
