3986 6348
273 343 409 402 H97

1248 329 1602 394 COMMENT.
1643 337 1712 393 IN
1749 336 1877 394 LIB.
1920 335 2240 398 JUDlCUM.
2282 371 2352 384 ——
2388 340 2518 398 LIB.
2558 341 2627 398 ll.

3407 351 3549 413 “98

267 462 400 517 enim
427 455 642 530 spiritus
669 453 900 521 Domini,
931 453 1003 509 ibi
1027 452 1238 508 libertas
1264 451 1349 524 (ΙΙ
1379 450 1500 506 Cor.
1535 451 1642 523 111).
1671 451 1849 509 Habes
1875 456 1929 516 Α
1954 453 2288 522 innumeros,
2321 470 2445 510 cum
2485 461 2812 523 moreretur,
2842 457 3065 514 occidit.
3111 459 3251 528 Quia
3289 463 3550 524 nimirum

269 570 393 625 ergo
430 550 740 606 Dominum.
774 549 914 604 Dicit
938 549 1104 602 etiam
1133 545 1395 618 Spiritum
1425 554 1708 612 sanctum;
1739 560 1848 601 non

266 645 406 702 enim
436 657 598 708 unus,
627 641 720 698 sed
742 655 908 694 unum
926 645 1052 694 sunt
1071 637 1306 708 Spiritus
1332 646 1554 693 sanctus
1583 646 1637 692 et
1656 636 1846 693 Filius.

267 738 375 795 Hoc
398 751 614 809 quoque
645 735 766 791 loco
796 735 1052 790 virtutem
1082 732 1236 799 dixit,
1265 740 1322 787 et
1355 730 1615 800 Spiritum
1645 730 1850 803 signiti-

267 830 424 886 cavit.
448 829 604 884 Sicut
623 825 770 882 enim
790 825 955 880 Pater
978 825 1172 889 virtus,
1204 823 1278 877 ita
1306 831 1361 878 et
1389 821 1557 877 Filius
1582 821 1772 886 virtus,
1795 829 1853 877 et

267 921 498 993 Spiritus
523 927 744 992 sanctus
762 919 938 975 virtus
963 926 1067 975 est.
1095 918 1173 973 De
1187 916 1325 972 Filio
1343 915 1542 988 legisti,
1571 915 1853 972 Christum

265 1015 358 1071 Dei
383 1015 641 1070 virtutem
664 1027 784 1069 esse
831 1019 995 1083 atque
1021 1010 1340 1082 sapientiam
1366 1009 1419 1082 (I
1438 1005 1562 1064 Cor.
1591 1008 1653 1081 1).
1689 1007 1850 1080 Legi-

264 1122 382 1163 mus
404 1104 567 1163 etiam
597 1104 741 1177 quod
759 1104 934 1159 virtus
956 1110 1039 1159 est
1067 1102 1248 1168 Pater,
1281 1101 1423 1156 sicut
1445 1099 1708 1171 scriptum
1728 1107 1812 1155 est
1831 1115 1849 1154 :

274 1197 529 1253 Videbitis
571 1193 621 1251 F
624 1195 772 1252 ilium
816 1195 1040 1250 hominis
1069 1194 1328 1249 sedentem
1359 1194 1428 1249 ad
1450 1193 1718 1248 dexteram
1749 1193 1855 1249 eir-

260 1290 382 1342 tutis
409 1285 624 1359 (Matth.
655 1284 826 1356 rxvn).
857 1284 956 1340 Hic
979 1286 1166 1356 utique
1185 1285 1439 1339 virtutem
1467 1283 1681 1339 Patrem
1696 1284 1850 1352 dixit,

258 1375 414 1446 cujus
461 1378 529 1431 ad
564 1374 841 1430 dexteram
887 1374 1056 1430 Filius
1092 1375 1243 1429 sedet
1288 1374 1428 1430 sicut
1463 1374 1628 1429 habet
1659 1392 1671 1428 :
1704 1375 1856 1429 Dixit

256 1467 518 1524 Dominus
541 1466 767 1523 Domino
784 1485 895 1522 meo
911 1485 929 1522 :
954 1465 1088 1523 Sede
1102 1467 1170 1520 ad
1195 1467 1462 1521 dexteram
1487 1483 1657 1520 meam
1675 1465 1850 1538 (Psal.

256 1559 390 1632 Ωιι).
421 1559 690 1616 Virtutem
720 1563 885 1616 etiam
937 1557 1196 1632 Spiritum
1230 1566 1478 1614 sanctum
1516 1559 1632 1628 ipse
1671 1559 1855 1614 Domi-

255 1667 358 1708 nus
382 1652 734 1724 nuncupavit,
761 1652 976 1708 dicens:
1004 1651 1280 1721 Accipietis
1307 1649 1544 1703 virtutem
1576 1649 1854 1704 advenien-

255 1753 358 1798 tem
385 1744 443 1800 in
465 1760 554 1799 vos
579 1743 780 1815 Spiritu
807 1751 989 1798 sancto
1017 1759 1035 1799 :
1066 1741 1182 1812 ipse
1227 1739 1372 1796 enim
1411 1739 1646 1810 Spiritus
1674 1739 1850 1795 virtus

253 1843 340 1892 est
367 1836 509 1908 (Act.
547 1835 612 1906 1).

327 1927 586 1998 Sampson
607 1935 781 1983 autem
800 1943 918 1982 cum
938 1926 1393 1998 apprehendissent
1412 1923 1718 1990 Philistiim,
1746 1933 1850 1980 sta-

251 2018 347 2072 tim
372 2028 622 2072 eruerunt
650 2016 827 2072 oculos
854 2019 988 2088 ejus,
1017 2026 1064 2072 et
1096 2018 1359 2072 duxerunt
1391 2016 1592 2072 Gazam
1620 2017 1850 2071 vinctum

251 2111 474 2177 catenis,
517 2119 565 2164 et
601 2111 840 2165 clausum
882 2111 939 2164 in
981 2125 1189 2165 carcere
1229 2109 1424 2163 molere
1454 2107 1706 2178 fecerunt.
1753 2107 1852 2162 Se-

251 2202 495 2257 cundum
523 2209 605 2257 est
633 2203 775 2272 quod
799 2201 1092 2272 aliquando
1117 2200 1269 2272 prius
1289 2200 1480 2255 oculus
1507 2198 1849 2265 obtunditur,

250 2299 308 2346 et
332 2292 681 2360 postmodum
708 2303 896 2362 captus
924 2293 1138 2346 animus
1165 2307 1263 2361 per
1286 2291 1558 2345 exteriora
1583 2288 1852 2344 desideria

251 2391 503 2453 vagatur,
538 2389 596 2438 ut
621 2399 764 2439 caeca
795 2399 970 2450 mens,
1009 2400 1117 2454 quo
1142 2383 1372 2440 ducatur
1399 2383 1626 2448 nesciat,
1655 2389 1710 2437 et
1732 2395 1854 2436 car-

251 2473 340 2528 nis
386 2489 498 2529 suae
539 2474 812 2532 illecebris
851 2492 972 2533 sese
1012 2477 1246 2532 libenter
1283 2476 1500 2531 subdat.
1546 2474 1852 2544 Aliquando

248 2579 386 2622 vero
423 2567 576 2636 prius
619 2567 884 2623 desideria
917 2569 1098 2624 carnis
1127 2567 1422 2633 ebulliunt,
1468 2575 1524 2619 et
1561 2573 1684 2636 post
1731 2566 1850 2621 lon-

248 2673 381 2730 gum
426 2674 586 2715 usum
631 2660 805 2716 illiciti
857 2661 1036 2732 operis
1083 2659 1298 2716 oculum
1347 2659 1526 2715 cordis
1571 2657 1847 2712 claudunt.

247 2754 392 2810 Nam
423 2770 566 2826 saepe
604 2770 756 2811 mens
782 2763 932 2810 recta
969 2756 1175 2820 cernit,
1222 2768 1323 2809 nec
1367 2762 1546 2807 tamen
1591 2751 1853 2806 audenter

247 2855 448 2902 contra
479 2861 742 2917 perversa
763 2862 826 2902 se
857 2848 1040 2918 erigit,
1071 2854 1128 2900 et
1161 2846 1402 2902 renitens
1429 2844 1687 2908 vincitur,
1721 2843 1854 2898 dum

245 2937 355 2993 hoc
397 2937 609 3006 ipsum,
648 2938 791 3008 quod
821 2939 965 3009 agit,
1006 2937 1326 3008 dijudicans,
1362 2937 1541 2992 carnis
1571 2951 1681 2992 sua:
1710 2936 1854 2992 dele-

245 3030 498 3086 ctatione
532 3038 838 3100 superatur.
865 3029 999 3098 Quia
1032 3032 1178 3086 enim
1204 3031 1524 3102 plerumque
1552 3031 1703 3100 prius
1725 3045 1853 3085 ocu-

244 3119 333 3176 lus
365 3120 844 3189 contemplationis
869 3121 1155 3187 amittitur,
1195 3129 1248 3176 et
1273 3127 1396 3191 post
1423 3135 1521 3191 per
1547 3119 1729 3175 carnis
1759 3119 1854 3175 de-

243 3211 455 3268 sideria
497 3210 658 3282 hujus
699 3211 886 3268 mundi
932 3212 1208 3268 laboribus
1250 3213 1464 3266 animus
1510 3209 1848 3281 subiugatur,
1875 3183 1926 3248 θ

243 3311 487 3360 testatur
509 3303 775 3374 Sampson
794 3304 862 3359 ab
883 3303 1182 3374 Allophylis
1206 3311 1415 3374 captus,
1441 3301 1534 3372 qui
1563 3310 1849 3372 postquam

243 3394 444 3450 oculos
470 3395 727 3460 perdidit,
760 3395 828 3449 ad
851 3395 1053 3449 molam
1081 3395 1371 3465 deputatus
1398 3403 1502 3459 est,
1533 3393 1659 3462 quia
1685 3393 1850 3447 nimi-

249 3500 384 3540 rum
420 3483 643 3555 maligni
666 3484 888 3553 spiritus
915 3493 1202 3554 postquam
1229 3488 1588 3540 tentationum
1617 3486 1852 3541 stimulis

246 3576 406 3632 intus
445 3575 618 3631 aciem
648 3575 1122 3645 contemplationis
1157 3575 1448 3642 effodiunt,
1492 3575 1625 3632 foris
1653 3577 1710 3631 in
1737 3577 1849 3631 cir-

245 3669 465 3726 cuitum
490 3666 737 3726 laborum
766 3667 1074 3722 mittuntur.

860 3783 1089 3842 CAPUT
1128 3785 1246 3840 XX.

246 3899 414 3968 Quod
448 3898 707 3970 Sampson
733 3915 901 3955 aecus
939 3900 996 3953 in
1030 3899 1322 3954 convivium
1343 3899 1746 3954 letstinorum
1781 3900 1851 3955 ad

321 3970 690 4024 insultaadum
722 3970 1006 4037 adductus,
1037 3970 1170 4024 duas
1198 3970 1466 4024 columnas
1505 3971 1688 4024 domus
1720 3987 1847 4024 con-

321 4041 508 4179 gussi},
531 4049 585 4164 ett
601 4050 782 4096 ruente
801 4051 912 4096 tota
936 4041 1136 4110 fabrica
1158 4057 1331 4095 secum
1349 4040 1601 4110 plurimos
1623 4041 1850 4094 hostium

321 4119 464 4165 mter
489 4127 564 4165 ec:
590 4150 604 4164 .

316 4119 604 4165 interiecit.

321 4211 508 4284 (ιω.)
559 4211 629 4266 Et
649 4212 1038 4285 apprehendens
1063 4213 1245 4267 ambas
1267 4227 1542 4267 corumnas
1564 4214 1750 4284 quibus
1775 4215 1852 4269 in-

242 4303 522 4361 nitebatur
541 4304 752 4372 domus,
776 4305 1099 4376 alteramque
1121 4321 1304 4359 eorum
1326 4305 1533 4371 dextra,
1553 4314 1602 4360 et
1629 4304 1852 4360 alteram

240 4399 388 4455 ιωυα
422 4406 622 4465 tenens,
667 4397 740 4453 ait
776 4411 795 4451 :
835 4398 1101 4453 Moriatur
1142 4399 1320 4453 anima
1359 4413 1475 4452 mea
1514 4414 1634 4452 cum
1675 4395 1847 4452 Phili-

1955 547 2216 601 Dominus
2245 548 2314 602 ab
2340 547 2572 604 elatione
2604 548 2875 619 superbiae
2915 561 3118 620 paucos
3160 569 3284 610 cum
3322 557 3549 627 viveret,

1950 637 2136 708 plures
2174 653 2328 705 vero,
2369 654 2492 695 cum
2533 639 2792 711 templum
2821 642 2910 698 sui
2940 646 3186 715 corporis
3225 648 3548 721 solveretur,

1952 730 2239 796 exstinxit,
2285 738 2450 800 atque
2489 731 2694 788 electos
2733 748 2805 789 ex
2849 735 3125 804 gentibus,
3151 753 3290 807 quos
3318 741 3552 799 vivendo

1952 816 2241 884 sustinuit,
2283 818 2446 874 simul
2487 833 2678 876 omnes
2719 821 3007 878 moriendo
3046 828 3362 894 prostravit.
3393 828 3463 884 Et
3492 838 3554 887 ut

1953 909 2196 967 breviter
2237 909 2399 965 simul
2437 911 2620 967 omnia
2658 927 2779 982 quae
2819 913 2887 970 de
2930 911 3200 987 Sampson
3237 919 3385 976 dicta
3425 931 3555 979 sunt

1953 1001 2228 1074 colligam,
2254 1002 2546 1074 allegorice
2574 1002 2866 1076 Sampson,
2891 1010 3170 1078 quondam
3203 1011 3419 1069 Domini
3443 1013 3552 1070 Na-

1955 1107 2162 1150 zaraeus
2185 1132 2203 1160 ,
2245 1094 2408 1152 habet
2451 1096 2672 1166 quidam
2717 1097 2774 1152 in
2821 1108 3011 1170 typum
3055 1101 3263 1160 Christi
3311 1115 3549 1177 gestum.

1954 1185 2219 1255 Primum,
2253 1189 2400 1258 quod
2429 1189 2500 1245 ab
2519 1190 2714 1262 angelo
2734 1191 2994 1249 nativitas
3021 1192 3140 1262 ejus
3174 1199 3551 1257 annuntiatur.

1955 1278 2242 1350 Deinceps,
2274 1280 2532 1350 quoniam
2556 1271 2848 1339 Nazarm‘us
2876 1284 3098 1352 dicitur,
3127 1295 3184 1343 et
3212 1289 3329 1359 ipse
3355 1290 3556 1348 liberat

1953 1369 2121 1426 Israel
2147 1372 2212 1426 de
2241 1373 2507 1428 hostibus.
2539 1372 2842 1442 Postremo,
2871 1379 3018 1447 quod
3047 1380 3310 1450 templum
3339 1383 3554 1440 illorum

1955 1463 2244 1528 subvertit,
2290 1472 2346 1519 et
2389 1463 2670 1533 perierunt
2710 1465 2882 1520 multa
2911 1468 3082 1523 millia
3126 1469 3426 1538 hominum,
3459 1474 3554 1546 qui

1954 1553 2106 1611 illum
2146 1554 2450 1610 illuscrunt.
2498 1552 2766 1612 Nativitas
2801 1559 2906 1614 ista
2952 1559 3251 1631 Sampson,
3291 1578 3416 1634 quae
3454 1579 3556 1634 per

1955 1645 2205 1717 angelum
2249 1647 2626 1714 annuntiatur,
2667 1648 3079 1706 similitudinem
3115 1652 3281 1709 habet
3316 1655 3555 1726 primum

1953 1740 2364 1809 prophetarum,
2390 1739 2485 1809 qui
2512 1740 2850 1796 nativitatem
2877 1742 3090 1798 Domini
3111 1745 3408 1801 secundum
3434 1761 3558 1803 car-

1875 1821 1926 1882 B
1953 1846 2078 1887 nem
2103 1831 2596 1899 annuntiaverunt;
2634 1832 2890 1903 deinceps
2919 1837 3085 1890 etiam
3117 1837 3326 1909 angeli,
3363 1839 3456 1910 qui
3487 1839 3557 1896 ad

1951 1923 2178 1978 Mariam
2221 1923 2491 1992 loquitur,
2538 1925 2767 1980 dicens:
2799 1924 3000 1990 Maria,
3050 1929 3293 1984 invenisti
3327 1931 3558 2001 gratiam

1950 2023 2071 2068 ante
2099 2022 2430 2084 conspectum
2459 2013 2695 2081 Domini,
2733 2025 2783 2070 et
2824 2017 3070 2084 accepisti
3098 2019 3155 2073 in
3181 2030 3352 2089 utero,
3380 2027 3432 2076 et
3460 2037 3557 2092 pa-

1951 2109 2055 2161 ries
2092 2105 2296 2176 ﬁlium,
2333 2114 2382 2162 et
2415 2109 2690 2162 vocabitur
2713 2124 2901 2163 nomen
2927 2111 3043 2180 ejus
3079 2111 3432 2180 Emmanuel;
3471 2115 3558 2169 hic

1951 2199 2088 2254 enim
2110 2198 2313 2253 salvum
2337 2199 2496 2268 faciet
2515 2199 2766 2270 populum
2791 2217 2824 2254 a
2845 2203 3072 2272 peccatis
3095 2220 3276 2258 eorum
3303 2204 3458 2277 (Luc.
3487 2203 3554 2276 1).

1953 2287 2222 2357 Sampson
2250 2297 2432 2342 autem
2473 2288 2887 2359 interpretatur,
2918 2291 3018 2346 sol.
3061 2291 3167 2348 Sed
3197 2294 3329 2366 quia
3359 2302 3416 2350 et
3443 2295 3558 2351 Re-

1952 2383 2203 2453 demptor
2227 2391 2416 2438 noster
2442 2382 2521 2437 sol
2549 2383 2875 2453 appellatur,
2906 2385 3033 2440 audi
3060 2385 3238 2455 ipsum
3266 2387 3559 2443 Dominum

1951 2471 2133 2529 Iesum
2169 2488 2268 2544 per
2310 2475 2633 2544 prophetam
2673 2490 2741 2530 eo
2782 2477 3004 2532 nomine
3048 2478 3234 2533 vocari
3277 2496 3292 2533 :
3339 2477 3560 2534 Orietur

1951 2567 2097 2620 vobis
2119 2565 2199 2620 sol
2219 2567 2468 2636 justitire,
2493 2576 2540 2621 et
2565 2569 2769 2622 sanitas
2791 2569 2848 2622 in
2871 2568 3054 2638 pennis
3075 2569 3193 2638 ejus
3213 2567 3431 2640 (Matth.
3456 2568 3558 2642 tv).

1953 2658 2094 2713 Vere
2123 2658 2270 2712 enim
2299 2659 2389 2712 hic
2420 2657 2502 2712 sol
2529 2657 2758 2724 justitia:
2786 2668 2892 2726 est,
2925 2660 3016 2727 qui
3047 2659 3294 2714 omnium
3323 2661 3555 2716 creden-

1953 2749 2088 2806 tium
2115 2757 2330 2806 mentes
2355 2749 2564 2806 coelesti
2601 2751 2808 2806 lumine
2835 2750 3139 2818 clarificat;
3176 2751 3268 2807 hic
3289 2767 3420 2808 vere
3443 2753 3554 2809 Na-

1954 2859 2166 2900 zaraeus
2201 2851 2258 2899 et
2293 2852 2515 2900 sanctus
2553 2844 2673 2910 Dei,
2716 2843 2870 2912 cujus
2909 2845 2964 2899 in
3013 2844 3425 2902 similitudinem
3467 2846 3560 2906 ille

1954 2933 2244 2991 Nazaraeus
2269 2943 2354 2989 est
2378 2942 2742 3004 nuncupatus.
2772 2934 2877 2990 Iste
2905 2950 3040 3005 ergo
3067 2951 3191 2993 cum
3219 2938 3465 2993 tenderet
3488 2939 3558 2994 ad

1955 3029 2273 3100 mysterium
2308 3029 2643 3100 nuptiarum,
2669 3029 2755 3084 leo
2810 3029 3032 3099 rugiens
3076 3031 3316 3086 occurrit
3343 3033 3413 3086 ei.
3448 3031 3559 3087 Sed

1957 3123 2081 3194 quis
2122 3123 2358 3194 primum
2385 3129 2504 3177 erat
2546 3122 2603 3176 in
2634 3121 2936 3193 Sampson,
2963 3122 3186 3178 obvium
3216 3122 3427 3178 leonem
3457 3107 3556 3178 ne;

1957 3229 2112 3281 cans,
2142 3229 2265 3268 cum
2290 3209 2537 3284 petenda:
2566 3213 2755 3268 uxoris
2780 3225 2946 3268 causa
2977 3213 3045 3267 ad
3075 3213 3410 3285 alienigenas
3438 3222 3558 3270 ten-

1957 3310 2132 3373 deret,
2153 3307 2259 3362 nisi
2281 3306 2554 3370 Christus,
2577 3305 2669 3375 qui
2693 3304 2996 3360 Ecclesiam
3019 3315 3312 3360 vocaturus
3332 3322 3398 3360 ex
3426 3321 3560 3375 gen-

1955 3400 2100 3454 tibus
2119 3399 2278 3453 dicit:
2300 3397 2559 3463 Gaudete,
2572 3398 2698 3468 quia
2713 3412 2808 3467 ego
2825 3396 2926 3450 uici
2945 3377 3556 3469 mundum(loan.xv1).

1955 3489 2098 3557 Quid
2134 3490 2238 3543 sibi
2268 3489 2381 3541 vult
2407 3503 2474 3541 ex
2503 3502 2598 3541 ore
2633 3486 2750 3555 ejus
2780 3486 2954 3541 leonis
2980 3487 3147 3540 occisi
3181 3487 3335 3542 favus
3365 3496 3555 3542 extra-

1954 3589 2104 3645 ctus,
2135 3579 2269 3643 nisi,
2307 3577 2469 3646 quia,
2505 3583 2566 3631 ut
2594 3576 2990 3646 conspicimus,
3021 3586 3213 3647 gentes
3240 3577 3372 3647 ipsae
3399 3580 3556 3650 regni

1955 3667 2189 3732 terreni,
2234 3680 2356 3736 quae
2385 3665 2647 3721 adversus
2687 3664 2968 3720 Christum
3011 3673 3139 3720 ante
3182 3665 3557 3737 fremuerant,

1953 3774 2100 3814 nunc
2143 3758 2256 3828 jam
2304 3765 2586 3827 perempta
2631 3755 2848 3812 feritate
2895 3756 3182 3813 dulcedine
3226 3759 3556 3832 evangelica:

1952 3849 2357 3923 pradicatiouis
2377 3850 2546 3905 etiam
2569 3858 2919 3906 monumenta
2942 3849 3222 3922 praebent?
3243 3851 3379 3907 item
3405 3854 3553 3924 quod

1953 3943 2009 3998 in
2050 3943 2346 4013 semetipso
2381 3942 2680 4012 expressit,
2723 3942 2868 4011 quod
2904 3957 3108 4012 paucos
3135 3943 3392 4013 quidem,
3421 3943 3554 3999 dum

1952 4034 2196 4099 viveret,
2235 4032 2540 4099 interemit;
2579 4033 2856 4088 destructo
2895 4041 3075 4088 autem
3110 4033 3331 4104 templo,
3365 4033 3552 4090 hostes

1951 4127 2290 4194 innumeros,
2322 4142 2446 4182 cum
2478 4133 2806 4192 moreretur,
2846 4125 3047 4181 occidit
3079 4141 3094 4180 :
3125 4126 3252 4196 quia
3287 4125 3549 4182 nimirum
3627 4135 3636 4144 '

1952 4216 2216 4272 Dominus
2241 4217 2310 4272 ab
2333 4216 2567 4272 elatione
2591 4215 2928 4272 inﬁdelitatis
2949 4231 3155 4286 paucos
3173 4232 3300 4274 cum
3317 4218 3546 4286 viveret,

1951 4306 2134 4378 plures
2160 4321 2292 4362 vero
2329 4322 2455 4362 cum
2498 4306 2754 4376 templum
2798 4307 2883 4362 sui
2927 4308 3173 4378 corporis
3218 4309 3546 4379 solveretur,

1949 4399 2239 4467 exstinxit,
2262 4407 2426 4470 atque
2451 4398 2623 4454 elatos
2645 4414 2713 4454 ex
2737 4400 3006 4471 gentibus,
3033 4414 3170 4467 quos
3189 4400 3422 4458 vivendo
3447 4418 3546 4457 su-

239 4495 420 4550 stiim.
459 4492 838 4565 Concussisque
872 4494 1079 4564 fortiter
1116 4495 1393 4561 columnis,
1439 4493 1621 4548 cecidit
1661 4492 1849 4547 domus
1871 4551 1920 4565 Ἀ
1952 4491 2162 4557 stinuit,
2191 4490 2356 4546 simul
2383 4504 2572 4545 omnes
2598 4489 2880 4544 moriendo
2903 4489 3218 4559 prostravit.
3257 4488 3379 4546 Jam
3414 4507 3545 4551 vero

239 4603 418 4661 super
446 4602 621 4640 omnes
655 4551 914 4658 principes
938 4597 984 4641 et
1013 4597 1255 4641 ca'teram
1283 4551 1690 4650 multitudinem,
1729 4604 1846 4656 qua:
1869 4551 1926 4609 Β
1950 4551 2159 4653 reliqua
2182 4583 2321 4652 ejus,
2351 4581 2497 4651 quod
2527 4581 2579 4636 ei
2613 4580 2812 4636 mulier
2847 4551 3074 4636 subdola
3104 4589 3269 4653 caput
3321 4585 3540 4653 raserit,

239 4685 325 4742 ibi
368 4693 515 4752 erat,
555 4681 847 4755 multosque
887 4681 1062 4754 plures
1101 4683 1360 4752 interfecit
1402 4682 1652 4746 moriens,
1690 4695 1850 4749 quam

243 4786 417 4834 antea
443 4777 584 4832 uiuus
610 4775 896 4842 occiderat,
931 4782 987 4830 et
1022 4772 1248 4845 reliqua.
1282 4771 1448 4841 Cujus
1479 4773 1582 4826 hoc
1607 4771 1726 4826 loco
1754 4782 1850 4839 per

243 4869 551 4941 Sampson,
573 4869 677 4925 nisi
703 4869 1080 4940 Redemptoris
1103 4867 1294 4933 nostri,
1318 4879 1551 4938 persona
1571 4864 1850 4936 signatur?

243 4965 529 5035 Sampson
553 4964 696 5019 enim
729 4964 855 5019 dum
886 4963 1126 5030 viveret,
1160 4975 1360 5032 paucos
1393 4959 1621 5025 occidit;
1655 4971 1846 5013 everso

239 5073 389 5116 vero
423 5053 640 5127 templo,
670 5057 964 5110 maximam
998 5055 1432 5111 adversariorum
1460 5067 1681 5108 suorum
1707 5048 1846 5105 mul-

243 5150 550 5211 titudinem
597 5149 759 5204 etiam
801 5150 916 5220 ipse
956 5150 1194 5204 moriens
1235 5146 1446 5202 stravit.
1487 5146 1585 5212 Et,
1617 5145 1844 5200 Domino

243 5254 448 5303 nostro
475 5242 822 5315 praedicante,
851 5241 1012 5312 pauci
1041 5257 1108 5297 cx
1149 5241 1306 5313 plebe
1332 5239 1626 5296 Israelitica
1669 5236 1846 5294 credi-

245 5337 489 5403 derunt;
518 5333 789 5391 innumeri
808 5349 940 5390 vero
963 5333 1202 5406 gentium
1230 5332 1413 5406 populi
1439 5332 1582 5387 viam
1603 5331 1729 5386 vitae
1754 5329 1846 5386 illo

245 5424 530 5486 moriente
556 5428 726 5484 secuti
756 5435 901 5484 sunt.
928 5425 1201 5498 Superbos
1230 5441 1480 5498 namque,
1513 5426 1639 5480 dum
1669 5425 1846 5480 adhuc

245 5519 538 5594 passibilis
556 5521 782 5589 viveret,
804 5522 1053 5594 pertulit;
1088 5538 1120 5576 a
1145 5521 1386 5592 passibiii
1414 5534 1544 5574 vero
1561 5520 1672 5573 vita
1698 5533 1846 5574 mor-

251 5619 412 5677 tuus,
437 5609 647 5665 stravit.
694 5610 849 5669 Hunc
874 5629 1006 5670 vero
1033 5611 1297 5686 Sampson
1340 5613 1396 5667 in
1427 5611 1716 5681 semetipso
1743 5611 1844 5665 dn-

251 5703 392 5764 dum
439 5703 732 5776 ﬁguraliter
760 5707 1054 5777 expressit,
1087 5707 1178 5778 qui
1223 5720 1423 5778 paucos
1465 5702 1683 5776 quidem
1717 5704 1846 5757 dum

247 5797 478 5857 viveret
520 5800 823 5870 interemit;
871 5803 1144 5862 destructo
1187 5810 1368 5860 autem
1397 5801 1613 5874 templo,
1661 5799 1848 5860 hostes
1891 5878 1896 5884 _

1947 4686 2006 4734 et
2038 4676 2338 4747 Allophylis
2377 4675 2710 4732 illudendum
2739 4675 3045 4742 tradiderit,
3069 4677 3213 4747 quod
3235 4679 3544 4750 captivatus

1949 4779 2058 4834 est,
2080 4766 2224 4838 quod
2244 4774 2477 4821 caecatus
2498 4773 2602 4832 est,
2627 4766 2773 4836 quod
2798 4765 2868 4822 ad
2888 4765 3090 4822 molam
3111 4769 3401 4840 deputatus
3421 4780 3538 4830 est:

1947 4859 2008 4917 in
2033 4860 2120 4915 his
2149 4874 2260 4914 non
2284 4859 2554 4927 Christus,
2586 4859 2683 4915 sed
2716 4858 2793 4915 illi
2823 4859 3128 4930 ﬁgurantur
3152 4863 3247 4933 qui
3275 4865 3394 4921 solo
3421 4874 3543 4922 tan-

1949 4962 2068 5010 tum
2101 4955 2157 5010 in
2199 4953 2443 5010 Ecclesia
2469 4952 2672 5010 Christi
2705 4955 2922 5012 nomine
2946 4955 3269 5028 gloriantur,
3296 4967 3353 5014 et
3378 4960 3539 5020 malis

1951 5055 2164 5110 actibus
2198 5053 2401 5125 jugiter
2436 5053 2802 5124 implicantur.
2834 5053 2931 5111 Vir
2965 5056 3109 5111 enim
3141 5055 3199 5111 in
3223 5057 3382 5114 nobis
3406 5075 3535 5118 sen-

1953 5162 2047 5203 sus
2073 5146 2350 5202 rationalis
2385 5146 2721 5218 intelligitur,
2752 5162 2884 5204 caro
2922 5157 3102 5204 autem
3135 5150 3293 5220 quasi
3322 5150 3380 5207 in
3409 5161 3537 5224 typo

1951 5239 2196 5294 mulieris
2231 5239 2512 5308 accipitur.
2563 5237 2623 5295 Si
2665 5241 2812 5298 enim
2857 5239 3090 5306 mulieri,
3135 5239 3191 5296 id
3230 5253 3335 5309 est,
3380 5245 3537 5301 carni

1951 5337 2152 5384 nostra:
2181 5328 2488 5384 blandiente
2522 5328 2745 5386 libidine
2781 5329 2867 5385 vel
2904 5329 3128 5400 reliquis
3161 5329 3322 5388 malis
3355 5333 3539 5404 operi-

1945 5421 2047 5477 bus
2073 5421 2417 5487 cesserimus,
2443 5423 2619 5493 gratia
2663 5423 2910 5494 spiritus,
2950 5438 3074 5493 quae
3113 5423 3355 5480 Νηπωὶ
3379 5425 3534 5482 crine

1947 5510 2509 5584 signiﬁcatur,nudati
2532 5512 2899 5582 exspoliamur
2921 5521 3085 5583 atque
3108 5514 3533 5586 decipimur:ita

1947 5607 2093 5662 enim
2119 5607 2364 5679 superbis
2389 5617 2443 5663 et
2466 5605 2861 5680 peccatoribus,
2886 5605 3087 5662 violata
3106 5607 3308 5663 Christi
3332 5607 3528 5678 gratia,

1946 5701 2086 5756 sicut
2133 5700 2398 5771 Sampson
2445 5701 2617 5757 incisa
2662 5714 2838 5766 coma,
2889 5700 3136 5757 diabolus
3175 5700 3370 5759 illudit.
3418 5698 3528 5759 Sed

1945 5794 2077 5866 quid
2113 5802 2196 5852 est
2235 5797 2380 5867 quod
2420 5794 2686 5865 Sampson
2725 5791 2819 5852 ille
2855 5793 2927 5851 ab
2965 5791 3266 5865 Allophylis
3310 5799 3547 5866 captus,
