3986 6348
333 430 468 501 tibi
1465 416 1816 478 COMMENT.
1851 410 1929 489 1N.
1957 412 2219 473 LIBRUM
2255 405 2468 471 sum.
3445 404 3585 465 ηοξ

330 554 477 611 Deus
497 566 664 606 meus.
687 547 754 603 Et
771 546 896 616 quis
921 542 1025 602 hoc
1049 542 1265 601 nomine
1288 540 1479 597 melius
1500 540 1708 597 censeri
1731 543 1911 608 potest
1935 535 1991 597 Α
2012 531 2481 595 circumcisionem,
2506 535 2564 584 et
2583 534 2783 585 caetera
2809 522 2951 600 (Gal.
2990 526 3072 597 ιι).
3105 523 3432 616 Quodbene
3478 525 3595 594 ipsa

308 645 640 702 'notninstus
659 652 822 711 quam
843 637 1096 693 Salvator
1114 633 1330 692 no‘stcr?
1356 633 1424 689 ad
1440 644 1598 702 quem
1624 627 1911 683 Psalmista
2004 622 2233 677 nomina
2257 620 2545 676 mulierum
2568 619 2913 711 exprimunt;
2946 618 3127 711 Orpha
3152 617 3297 711 enim
3325 615 3597 711 interpre-

312 736 407 792 Διιὶῑ
432 753 446 790 :
475 705 699 788 Intende
736 731 848 786 uoci
885 727 1141 784 orationis
1179 739 1331 790 mea,
1369 738 1466 777 rea:
1498 737 1641 775 metu
1682 728 1733 773 et
1771 717 1913 772 Deus
2012 722 2161 768 tatur
2177 711 2350 767 cervix
2376 710 2514 781 ejus.
2555 710 2699 767 Ruth
2748 724 2898 775 vero,
2945 707 3155 771 uidens,
3189 706 3273 762 vel
3320 705 3599 775 festinans,

327 840 473 885 meus
508 824 683 899 (Paul.
710 825 790 896 v).
836 822 907 878 Et
933 819 1223 892 Apostolus
1259 836 1275 873 :
1322 815 1558 882 Quorum
1589 821 1785 881 patres,
1827 812 1911 866 in—
2014 804 2130 899 sive
2148 803 2424 899 deﬁniens.
2447 802 2516 857 Et
2539 802 2668 899 quid
2690 816 2789 899 per
2810 799 3073 899 Orpba-m,
3093 798 3206 899 nisi
3218 798 3601 899 credentes.“

316 919 471 992 quit,
504 927 552 975 et
577 932 643 973 es:
668 916 859 989 quibus
887 911 1126 970 Christus
1150 914 1435 968 secundum
1461 923 1695 973 carnem,
1721 905 1813 978 qui
1839 908 1917 960 est

320 1026 491 1082 super
526 1008 711 1064 cateia
754 1007 895 1062 Deus
935 1004 1239 1060 benedictus
1272 1003 1335 1056 in
1375 999 1570 1056 strcula
1598 998 1778 1071 (Rom.
1811 998 1910 1068 rx).

330 1099 481 1159 Uxor
518 1108 705 1156 autem
750 1096 873 1168 ejus
907 1097 1207 1154 vocabatur
1248 1091 1469 1157 Noemi',
1509 1092 1613 1148 hoc
1638 1097 1756 1159 est,
1799 1089 1918 1161 pul-

328 1194 477 1260 dira,
518 1191 608 1247 cui
646 1203 878 1262 sponsus
918 1188 976 1243 in
1007 1186 1231 1242 Cantico
1268 1184 1605 1241 canticorum
1632 1182 1710 1237 ait
1741 1200 1755 1235 :
1785 1179 1917 1235 Pul-

329 1284 549 1350 chrees,
572 1283 746 1337 amica
758 1296 897 1345 utea,
921 1279 1097 1334 suam
1122 1285 1171 1332 et
1191 1277 1383 1332 decora
1401 1277 1539 1331 sicut
1558 1270 1916 1340 Hierusalem,

329 1371 580 1428 terribilis
610 1379 670 1425 ut
694 1379 988 1426 castrorum
1012 1368 1151 1422 acies
1187 1365 1454 1421 ordinata.
1481 1364 1600 1419 Duo
1618 1370 1801 1418 autem
1820 1358 1918 1417 ﬁlii

326 1461 623 1519 Elimelecb
649 1468 805 1518 erant
843 1457 1053 1514 Maalon
1098 1464 1155 1513 et
1190 1455 1445 1522 Chelion;
1496 1466 1726 1525 quorum
1767 1453 1919 1524 prior

329 1553 722 1624 interpretatur
746 1551 814 1605 de
841 1548 1087 1619 fenestra,
1121 1547 1238 1603 sive
1262 1562 1296 1603 a
1325 1545 1614 1617 principio;
1654 1543 1793 1599 alter
1818 1556 1915 1598 au-

322 1654 461 1711 tem,
492 1642 892 1698 consummatio.
928 1639 1037 1695 Sed
1062 1639 1215 1711 prior
1238 1637 1383 1693 bene
1405 1636 1584 1709 potest
1612 1649 1710 1707 per
1733 1643 1918 1706 typum

328 1736 623 1807 prophetas
648 1732 985 1804 exprimere;
1027 1730 1154 1801 quia
1192 1742 1293 1800 per
1334 1729 1502 1799 ipsos,
1533 1726 1689 1798 quasi
1733 1725 1802 1781 de
1841 1725 1921 1780 fev-

329 1838 537 1895 nestra,
565 1827 803 1897 primum
834 1824 959 1883 ﬁdei
996 1825 1178 1879 lumen
1212 1823 1269 1879 in
1311 1822 1498 1879 orbem
1538 1819 1826 1892 processit,
1854 1832 1920 1874 ac

2013 894 2213 952 Iudaeis
2254 894 2645 966 designantur?
2670 892 2763 963 qui
2806 891 3036 948 cervicis
3062 892 3283 947 nomine
3310 891 3423 947 rite
3458 907 3601 948 nun-

2014 997 2339 1057 eupantur;
2372 987 2498 1057 quia
2532 985 2700 1041 robur
2745 983 2895 1049 ﬁdei,
2920 991 2981 1037 et
3024 981 3395 1038 fortitudinem
3442 983 3601 1040 bonae

2016 1077 2345 1150 operationis
2388 1084 2513 1149 post
2546 1076 3004 1134 resurrectionem
3046 1074 3264 1131 Domini
3296 1073 3399 1144 ipsi
3434 1075 3600 1146 primi

2018 1181 2364 1244 acceperunt,
2388 1174 2533 1231 unde
2555 1180 2613 1229 et
2635 1173 2703 1230 de
2726 1171 3003 1243 primitiva
3026 1171 3084 1226 in
3121 1170 3463 1227 Hierusalem
3492 1171 3599 1228 Ec-

2014 1264 2180 1321 clesia
2226 1266 2607 1336 scriptum-est
2644 1285 2657 1321 :
2696 1265 2838 1333 Quia
2884 1263 3249 1321 multitudinis.
3278 1264 3601 1321 credentium

2016 1363 2129 1409 erat
2169 1371 2260 1409 cor
2281 1372 2467 1423 unum,
2494 1365 2544 1410 et
2592 1357 2772 1413 animo
2812 1373 2948 1423 una,"
2975 1372 3070 1409 nec
3102 1354 3377 1426 quisquam
3409 1372 3601 1416 eorum

2016 1462 2134 1517 qua:
2177 1446 2476 1517 possidebat
2523 1446 2727 1519 aliquid
2754 1463 2911 1501 suum
2941 1463 3054 1500 esse
3089 1445 3310 1512 dicebat,
3338 1445 3429 1500 sed
3454 1455 3605 1500 erant

2015 1534 2123 1608 illis
2171 1537 2348 1592 omnia
2402 1538 2701 1592 communia
2746 1536 2902 1608 (Act.
2943 1535 3052 1606 ιν).
3094 1533 3235 1602 Quid
3273 1541 3455 1590 autem
3507 1534 3605 1605 per

2018 1605 2186 1695 Ruth,
2242 1645 2364 1700 quae
2408 1629 2642 1684 videntis
2696 1605 2782 1683 vel
2822 1605 3132 1683 festinantis
3166 1626 3252 1682 vel
3298 1625 3607 1681 deﬁnientis

2017 1723 2239 1779 nomine
2262 1724 2571 1788 decoratur,
2594 1721 2701 1777 nisi
2739 1720 3048 1777 obedientia
3068 1729 3126 1775 et
3150 1718 3444 1775 crudelitas
3474 1733 3607 1789 gena

2019 1812 2158 1868 tium
2203 1813 2578 1869 monstratur?
2615 1812 2682 1867 de
2709 1824 2817 1881 qua
2842 1809 3102 1866 Dominus
3126 1824 3224 1881 per
3260 1808 3606 1864 Psalmistam

328 1919 429 1991 ipsi
600 1917 843 1984 luminis,
874 1917 1018 1989 quod
1044 1926 1129 1972 est
1149 1914 1415 1981 Christus,
1452 1888 1615 1984 primi
1653 1910 1920 1982 pradicao
1946 1888 1996 1950 Β
2022 1904 2132 1960 ait:
2158 1903 2412 1975 Populus,
2440 1919 2593 1976 quem
2611 1888 2980 1974 non'coguoei,
3009 1901 3219 1958 servivit
3244 1902 3391 1956 mihi.
3409 1902 3489 1955 Ab
3502 1916 3606 1955 aue

328 2018 477 2067 totes
500 2009 675 2067 fuere.
710 2008 953 2079 Sequens
984 2022 1115 2063 vero
1140 2006 1234 2077 qui
1258 2006 1649 2076 interpretatur
1673 2018 1918 2063 consum»

327 2102 515 2168 matio,
532 2103 879 2157 demonstrat
901 2098 1217 2169 Apostolos,
1242 2098 1336 2169 qui
1356 2097 1465 2154 hoc
1484 2096 1627 2167 quod
1646 2094 1921 2166 propheta:

327 2207 429 2264 per
446 2192 677 2262 antiquus
700 2190 1147 2262 designaverunt,
1176 2188 1379 2259 apertis
1405 2187 1631 2242 vocibus
1659 2184 1919 2256 explana-

328 2290 544 2349 verunt,
585 2290 749 2352 atque
777 2284 850 2337 ad
876 2279 1400 2337 consummationem
1435 2277 1582 2348 pleni
1618 2275 1922 2331 intellectus

328 2376 726 2446 perduxerunt;
753 2376 822 2430 ad
849 2389 988 2444 quos
1013 2374 1131 2444 ipsa
1152 2372 1370 2429 Veritas
1396 2371 1455 2426 in
1482 2368 1774 2441 Evangelia
1798 2367 1875 2423 ait
1902 2383 1919 2422 :

330 2466 486 2523 Beati
521 2467 661 2522 oculi
687 2468 777 2537 qui
811 2466 986 2520 uident
1016 2482 1140 2536 qua:
1170 2481 1259 2520 vos
1290 2461 1495 2529 ridetis,
1530 2472 1578 2516 et
1614 2476 1769 2515 aures
1804 2472 1923 2529 qua!

333 2560 558 2613 audiunt
592 2574 711 2629 qua:
735 2575 823 2613 uos
852 2558 1071 2612 auditis.
1102 2558 1233 2612 Dico
1261 2557 1398 2612 enim
1433 2554 1578 2611 vobis
1600 2553 1743 2624 quod
1767 2551 1924 2606 multi

331 2649 599 2720 propheta:
632 2657 680 2702 et
713 2647 852 2719 justi
879 2646 1156 2702 voluerunt
1183 2646 1360 2702 uidere
1381 2661 1501 2717 qua:
1525 2661 1613 2700 vos
1639 2643 1845 2709 videtis,
1875 2648 1926 2713 et

336 2755 440 2794 non
475 2737 751 2805 uiderunt;
773 2747 823 2795 et
848 2738 1035 2792 audire
1057 2754 1174 2809 quw
1195 2737 1414 2804 auditis,
1440 2745 1489 2791 et
1516 2752 1619 2791 non
1642 2733 1923 2790 audierunt

335 2827 491 2901 (Luc.
517 2827 597 2900 ι).
621 2828 716 2886 Isti
736 2842 873 2900 ergo,
891 2828 1086 2887 merito
1123 2827 1420 2900 Ephrathei
1454 2836 1510 2885 ct
1538 2827 1611 2889 ,dc
1646 2825 1924 2887 Bethleem

334 2916 471 2974 inda
501 2919 678 2974 exorti
712 2929 1108 2985 memorantur,
1148 2919 1276 2989 quia
1316 2934 1458 2989 pane
1498 2917 1704 2974 caelesti
1739 2915 1924 2993 satiati

288 3006 293 3011 ’
333 3019 434 3077 per
456 3007 892 3076 praedicationem
918 3007 1197 3080 Evangelii
1226 3007 1434 3065 fructus
1456 3007 1776 3080 colligebant
1806 3018 1924 3061 cre-
1968 3012 1973 3017 ‘

335 3094 578 3150 dentium
598 3096 945 3167 populorum.
965 3097 1308 3169 prratheus
1329 3113 1461 3168 ergo
1487 3096 1731 3169 frugifer,
1745 3104 1798 3150 et
1818 3095 1921 3167 Bee

337 3182 537 3239 thleem
572 3166 757 3240 domus
801 3188 976 3256 panis,
1008 3166 1181 3256 atque
1220 3185 1357 3241 Juda
1397 3166 1655 3256 confessio
1696 3166 1923 3241 dicitur.
1958 3188 2003 3256 ,ξ

2021 1996 2137 2050 ditu
2162 1996 2317 2050 auris
2334 1995 2579 2051 obcdiunt
2599 1992 3093 2065 mihi(Psal.+xv1t).
3109 1994 3179 2049 Et
3200 1993 3330 2053 item
3360 1991 3607 2047 :Ai‘thiol-

2021 2084 2133 2156 pia,‘
2171 2084 2370 2155 inquit,
2417 2084 2907 2155 festinaritytanus
2936 2086 3052 2155 ejus
3096 2084 3231 2138 dare
3272 2083 3385 2139 Deo
3418 2080 3606 2154 (Psalt

2021 2176 2214 2247 um).
2247 2175 2700 2232 Convocabantur
2731 2190 2863 2247 ergo
2891 2177 2977 2232 hcc
3015 2177 3135 2232 dua:
3176 2175 3490 2246 plebcs'per
3511 2175 3611 2230 deo

2022 2272 2203 2322 ctores
2254 2272 2472 2322 sanctos
2518 2266 2588 2320 ad
2621 2267 2957 2323 consortium
2984 2265 3131 2332 ﬁdei,
3173 2272 3243 2321 et.
3270 2267 3343 2319 ad
3373 2264 3612 2320 societas

2023 2362 2134 2415 tem
2197 2355 2494 2413 electorum
2552 2368 2652 2425 per
2713 2355 3066 2428 Evangelium
3123 2363 3250 2411 sunt
3302 2352 3573 2425 copulatae
3591 2382 3610 2419 ς

2023 2449 2393 2519 quatenusﬁx
2441 2447 2673 2505 diversis
2717 2449 3004 2520 gregibus,
3048 2447 3365 2504 secundum
3397 2452 3615 2503 sentem

2023 2540 2158 2597 tiam
2203 2536 2462 2607 Domini,
2511 2555 2682 2598 unum
2730 2539 2891 2598 ﬁeret
2941 2540 3085 2599 ovile
3127 2548 3209 2597 et-
3236 2554 3378 2596 unus
3425 2546 3615 2610 pastul

2026 2631 2210 2704 (loca.
2256 2632 2335 2704 χ).
2682 2672 2683 2677 η
2716 2666 2719 2673 ‹
3216 2666 3237 2679 ..
3600 2642 3607 2673 ε

2621 2722 2849 2781 cum
2898 2724 2961 2779 ιι.

2024 2838 2185 2907 Quod
2222 2839 2309 2895 ibi
2340 2841 2425 2896 eis
2458 2842 2791 2898 morantibus
2841 2843 3019 2898 decem
3054 2842 3221 2898 annis
3269 2841 3618 2898 ambotlr'beri

2095 2927 2276 2969 eorum
2324 2912 2519 2965 mortui
2560 2921 2705 2980 sunt,
2753 2912 3012 2968 Mahalon
3039 2912 3278 2969 videlicet
3318 2923 3367 2968 et
3410 2910 3614 2976 Gelion,

2096 2981 2447 3104 retmansitque
2485 2981 2677 3037 mulier
2714 2984 2899 3038 orbata
2939 2984 3142 3040 duobus
3186 2984 3365 3040 liberis
3400 2994 3449 3039 et
3501 2999 3616 3039 ma-

2098 3068 2143 3104 rt
2172 3067 2221 3104 ο.

2098 3067 2221 3106 ηιο.

2098 3181 2275 3255 σθω.)
2302 3181 2711 3255 Hauseruntque
2730 3182 2805 3239 ibi
2838 3185 3013 3241 decem
3033 3186 3210 3252 annis,
3237 3194 3284 3241 et
3302 3186 3455 3241 ambo
3483 3201 3621 3240 mor-

336 3275 600 3348 Praecepit
631 3295 752 3350 ergo
789 3244 1051 3335 nominas
1077 3244 1357 3351 discipulis
1384 3244 1509 3336 suis.
1526 3280 1579 3335 in
1608 3278 1919 3351 Evangelia,
1951 3244 1998 3310 C
2028 3244 2115 3328 uti
2137 3244 2279 3341 sunt,
2310 3275 2563 3331 Mahalon
2601 3244 2837 3331 uidelicet
2882 3286 2932 3332 et
2972 3244 3210 3333 ωιειξοηξ
3248 3277 3621 3346 Remansitquo

337 3375 399 3423 ut
434 3370 621 3423 turbas
654 3369 757 3440 ipsi
789 3369 1109 3437 reﬁcerent,
1146 3370 1335 3427 dicens
1360 3371 1442 3428 eis
1475 3388 1489 3425 :
1529 3367 1631 3431 Vos
1668 3369 1788 3424 date
1820 3368 1929 3427 illis

335 3456 660 3511 manducare
690 3455 840 3528 (Luc.
865 3458 966 3530 1x).
1004 3459 1073 3514 Et
1097 3461 1227 3515 item
1262 3480 1275 3515 :
1306 3461 1531 3527 Euntes,
1559 3461 1758 3531 inquit,
1785 3478 1927 3534 prce-1

336 3544 508 3605 dicate
535 3544 881 3627 Evangelium
908 3548 1053 3618 regni
1096 3546 1290 3622 (Marc.
1319 3548 1454 3621 xvr).
1487 3549 1554 3603 Et
1579 3550 1709 3607 item
1742 3568 1754 3603 :
1786 3551 1927 3621 Ego,

338 3636 439 3704 ait,
467 3635 593 3706 elegi
617 3653 706 3692 vos
733 3638 796 3693 de
820 3637 1035 3713 mundo,
1061 3645 1119 3695 ut
1145 3639 1301 3706 eatis,
1323 3648 1370 3695 et
1397 3639 1629 3711 fructum
1655 3639 1929 3710 deferetis,

337 3732 388 3780 et
413 3723 617 3796 fructus
645 3735 812 3782 vester
840 3734 1050 3783 maneat
1079 3725 1259 3798 (Ioan.
1292 3727 1407 3799 xv).
1456 3800 1463 3806 .

420 3812 779 3889 Ingressisque
837 3817 1098 3889 regionem
1148 3814 1490 3875 Moabitidem
1513 3859 1528 3885 ,
1585 3818 1930 3877 morabantur

332 3904 447 3970 ibi;
488 3913 538 3960 et
566 3913 805 3961 mortuus
832 3916 909 3962 est
945 3906 1233 3963 Elimelech
1261 3908 1484 3965 maritus
1515 3907 1726 3965 Noemi.
1771 3907 1927 3967 Ordi-

332 3994 482 4050 natis
512 4010 636 4066 ergo
663 3996 733 4052 ab
768 3995 887 4068 ipso
907 3996 1136 4055 Domino
1163 3998 1473 4063 doctoribus
1499 4008 1554 4056 et
1580 4000 1651 4056 ad
1698 3999 1930 4063 salutem

337 4086 625 4142 hominum
655 4087 961 4155 destinatis,
992 4088 1086 4160 qui
1136 4089 1191 4144 in
1219 4088 1404 4169 Iudaea
1434 4091 1705 4162 primitus,
1737 4107 1931 4151 secun—

336 4175 467 4230 dum
494 4186 824 4248 praeceptum
870 4178 1107 4249 Domini,
1128 4194 1256 4241 oves
1294 4196 1414 4253 qua:
1438 4183 1715 4254 perierant
1739 4184 1930 4243 domus

331 4263 525 4334 Israel,
557 4269 836 4339 requirere
877 4271 1193 4339 certabant,
1219 4272 1401 4331 subito
1426 4274 1611 4345 passio
1642 4274 1931 4333 intervenit

336 4355 740 4431 Redemptoris,
757 4363 848 4433 qui
862 4371 1215 4437 posteaquam
1243 4368 1604 4423 resurrexerit
1623 4383 1655 4422 a
1675 4367 1927 4437 mortuis,

335 4461 465 4504 cum
486 4465 651 4508 carne
682 4468 847 4523 quam
891 4456 1186 4531 assumpsit
1211 4456 1278 4514 de
1304 4458 1523 4515 homine
1563 4473 1663 4530 pro
1694 4457 1930 4517 homini-

212 4593 225 4601 _
332 4539 462 4603 bus,
489 4541 729 4596 ascendit
757 4542 815 4595 in
852 4543 1068 4609 caelum,
1100 4554 1159 4602 et
1198 4546 1337 4603 sedit
1359 4547 1416 4602 in
1451 4548 1670 4604 dextera
1696 4547 1817 4616 Dei,
1840 4563 1931 4604 re-

335 4628 645 4700 mansitque
670 4644 866 4700 sponsa
892 4632 1094 4702 ipsius,
1122 4634 1226 4689 hoc
1248 4643 1331 4691 est
1362 4645 1551 4691 sancta
1598 4638 1843 4693 Ecclesia
1872 4638 1931 4693 in

337 4718 578 4775 incolatu
602 4720 760 4776 istius
793 4722 1001 4788 mundi,
1027 4738 1152 4779 cum
1180 4722 1307 4780 ﬁliis
1340 4726 1453 4782 suis
1493 4726 1697 4783 sanctis
1740 4726 1930 4798 utique

336 4804 673 4878 doctoribus,
702 4811 795 4882 qui
840 4821 1169 4885 acceperunt
1195 4830 1394 4870 uxores
1426 4814 1770 4884 Moabitides,
1799 4834 1932 4889 qua-

339 4913 463 4953 rum
487 4915 595 4955 una
616 4902 914 4957 vocabatur
950 4901 1153 4973 Orpha,
1180 4911 1236 4960 et
1256 4903 1427 4960 altera
1460 4903 1620 4973 Ruth,
1657 4922 1782 4963 cum
1802 4923 1930 4980 apo-

336 4989 468 5046 stoli
492 4999 548 5046 et
571 4992 951 5063 praedicatores
972 4995 1148 5051 sancti
1184 4995 1415 5075 duarum
1447 4995 1684 5071 plebium
1710 4998 1813 5054 sibi
1843 5015 1932 5055 as-

340 5084 629 5141 sociabant
651 5088 1007 5155 consortium,
1040 5076 1183 5161 quia!
1201 5089 1295 5146 alii
1327 5105 1394 5147 ex
1436 5092 1568 5162 ipsis
1591 5092 1785 5149 directi
1813 5097 1940 5149 sunt

341 5176 412 5232 ad
458 5177 862 5248 praedicandum
907 5180 961 5236 in
992 5181 1465 5240 circumcisionem
1488 5226 1507 5250 ,
1563 5185 1655 5242 alii
1702 5202 1833 5244 vero
1870 5187 1939 5245 ad

342 5275 536 5338 gentes
562 5271 940 5330 convocandas
964 5272 1018 5328 in
1040 5274 1356 5333 societatem
1381 5277 1527 5333 ﬁdei.
1545 5277 1700 5336 Unde
1725 5288 1939 5351 aposto-

342 5357 433 5413 lus
448 5357 649 5417 Paulus
674 5361 742 5419 ad
763 5360 984 5421 Galatas
1012 5366 1280 5434 scribens,
1301 5366 1380 5423 ait
1410 5386 1421 5421 :
1450 5365 1556 5435 Qui
1587 5369 1726 5423 enim
1756 5385 1937 5440 opera-

344 5459 435 5508 tus
482 5462 558 5510 est
601 5453 758 5512 Petro
806 5458 862 5513 in
890 5456 1186 5530 apostolatu
1220 5458 1628 5516 circumcisionis
1645 5501 1660 5529 ,
1696 5470 1938 5532 operatus

345 5552 425 5602 est
444 5554 493 5601 et
513 5546 643 5601 mihi
669 5548 805 5602 inter
824 5559 1016 5620 gentes.
1046 5550 1119 5606 Et
1153 5569 1271 5608 cum
1306 5553 1661 5624 cognovissent
1686 5556 1935 5625 gratiam,

268 5708 277 5711 Δ
348 5653 467 5709 quae
494 5638 621 5693 data
650 5649 725 5693 est
746 5641 893 5706 mihi,
916 5640 1107 5699 Petrus
1128 5655 1176 5701 et
1198 5645 1429 5701 Iacobus
1452 5654 1500 5701 et
1529 5646 1818 5715 Iohannes,
1848 5649 1938 5720 qui

352 5729 661 5785 videbantur
688 5730 945 5788 columna:
982 5752 1125 5803 esse,
1155 5737 1368 5792 dextras
1414 5738 1667 5795 dederunt
1714 5741 1841 5795 mihi
1891 5752 1939 5797 et

354 5819 616 5882 Barnabas
675 5824 961 5897 societatis,
1000 5835 1057 5885 ut
1089 5844 1183 5886 nos
1211 5828 1268 5885 in
1290 5838 1488 5904 gentes,
1533 5830 1633 5906 ipsi
1670 5841 1845 5889 autem
1882 5834 1936 5893 in

2030 3362 2219 3418 mulier
2248 3364 2429 3419 orbata
2459 3365 2663 3421 duobus
2706 3365 2884 3423 liberis
2914 3377 2962 3422 et
3009 3369 3227 3424 marito.
3272 3366 3341 3421 Et
3387 3366 3620 3421 surrexit

2026 3465 2088 3512 ut
2116 3457 2169 3509 in
2192 3457 2420 3527 patriam
2449 3465 2682 3526 pergeret
2718 3472 2838 3509 cum
2877 3466 3102 3527 utraque
3126 3473 3263 3511 nuru
3305 3473 3404 3509 sua
3439 3456 3505 3509 de
3532 3471 3620 3510 re-

2029 3548 2180 3618 gione
2203 3546 2509 3603 Moabitide.
2541 3549 2797 3605 Audierat
2840 3551 2981 3606 enim
3008 3551 3150 3623 quod
3181 3552 3485 3622 respexisset
3504 3549 3621 3607 Do-'

2029 3635 2201 3689 minus
2244 3636 2495 3707 populum
2523 3652 2703 3707 suum,
2732 3649 2782 3694 et
2821 3640 3046 3697 dedisset
3077 3642 3152 3696 eis
3193 3658 3361 3698 escas.
3407 3641 3623 3698 Mense-

2028 3734 2159 3783 runt
2182 3743 2310 3798 ergo
2347 3729 2453 3789 duo
2482 3730 2579 3786 ﬁlii
2606 3730 2903 3789 Elimelech
2944 3732 3002 3788 in
3038 3740 3185 3793 terra
3228 3733 3622 3807 peregrinatio-

2030 3818 2117 3879 nis
2137 3835 2248 3876 suac
2276 3821 2465 3879 decem
2498 3824 2677 3890 annis,
2724 3832 2781 3881 et
2824 3826 3026 3883 mortui
3052 3835 3202 3892 sunt,
3237 3841 3364 3891 cum
3389 3826 3623 3898 apostoli

2028 3920 2087 3971 et
2116 3912 2394 3985 propheta:
2443 3923 2569 3984 post
2610 3916 3000 3988 perfectionem
3050 3918 3127 3989 pii
3182 3919 3405 3986 laboris,
3457 3933 3622 3990 quem

2029 4003 2306 4075 habebant
2338 4006 2393 4061 in
2420 4007 2671 4063 doctrina
2697 4007 3302 4078 plebiumetexercitio
3329 4010 3623 4080 virtutem,

2032 4094 2099 4153 de
2136 4097 2373 4155 incolatu
2411 4099 2571 4157 istius
2592 4102 2789 4160 mundi.
2805 4103 2872 4159 ad
2901 4103 3125 4165 caeleste
3164 4118 3398 4174 regnum
3418 4105 3626 4176 migra—7

2031 4195 2180 4253 runt,
2207 4195 2269 4242 ut
2294 4203 2393 4258 pro
2438 4190 2655 4261 expleto
2700 4192 2970 4265 Decalogo
3011 4194 3429 4262 mandatorum,
3453 4194 3627 4253 denae

2031 4279 2174 4336 rium
2221 4281 2532 4351 acciperent
2570 4291 2786 4341 aeternae
2828 4286 3200 4349 beatitudinis.
3232 4286 3627 4357 Rcmansitque

2031 4372 2227 4429 mulier
2252 4374 2443 4431 orbata
2472 4375 2686 4433 duobus
2711 4376 2899 4433 liberis
2922 4393 2988 4436 ac
3015 4377 3243 4443 marito,
3265 4392 3395 4432 cum
3433 4388 3624 4435 sancta

2002 4461 2275 4521 :Ecclesia
2313 4464 2367 4523 in
2414 4467 2850 4536 peregrinatione
2876 4465 3040 4535 hujus
3083 4467 3269 4529 mundi
3296 4469 3625 4539 persistens,

2031 4563 2155 4624 post
2202 4554 2581 4611 ascensionem
2627 4555 2969 4621 Dominicam
3018 4556 3077 4613 in
3109 4556 3299 4627 αωοβ,
3348 4559 3625 4631 corporali

2036 4641 2325 4717 praesentia
2360 4644 2586 4703 carebat
2634 4643 2956 4713 Salvatoris,
2991 4646 3120 4705 licet
3144 4714 3149 4721 η
3174 4647 3625 4720 majestatedivie

1991 4779 2001 4789 .
2037 4734 2224 4791 uitatis
2247 4750 2371 4790 cum
2392 4736 2511 4808 ipsa
2540 4739 2611 4793 sit
2639 4752 2873 4809 semper.
2902 4738 3012 4797 Sed
3044 4756 3222 4812 neque
3246 4741 3357 4814 ipsi
3392 4744 3624 4814 apostoli

2037 4832 2094 4880 et
2129 4826 2409 4897 prophetae
2442 4835 2569 4898 post
2611 4830 2820 4909 obitum
2856 4832 3146 4903 praesentis
3170 4833 3327 4907 vitae,
3356 4834 3622 4904 wrporali

2038 4919 2473 4985 conversatione,
2500 4935 2712 4999 cumea
2740 4936 2861 4981 esse
2884 4930 3170 4992 poterant,
3198 4924 3327 4981 licet
3363 4925 3622 4985 orationi-

2037 5007 2141 5066 bus
2168 5024 2358 5089 eorum
2400 5017 2457 5066 et
2486 5012 2701 5087 scriptis
2739 5014 2984 5085 quotidie
3016 5013 3315 5085 adjuvetur.
3366 5014 3624 5075 Surrexit

2041 5100 2259 5171 quidem
2279 5101 2496 5171 mulier,
2521 5112 2581 5177 ut
2606 5104 2665 5171 in
2682 5105 2916 5174 patriam
2943 5113 3201 5179 pergeret
3234 5119 3360 5161 cum
3387 5112 3622 5176 utraque

2040 5208 2180 5249 nuru
2213 5206 2326 5258 sua,
2354 5208 2419 5250 eo
2452 5195 2595 5265 quod
2632 5196 2879 5259 audierat
2907 5199 3053 5270 quod
3081 5197 3413 5268 respexisset
3435 5195 3620 5271 Domi-

2039 5298 2144 5339 nus
2181 5284 2440 5357 populum
2477 5300 2654 5349 suum,
2689 5302 2812 5345 cum
2860 5289 3097 5345 maximo
3146 5288 3326 5344 studio
3374 5288 3481 5344 hoc
3506 5288 3647 5361 agit.

2039 5383 2214 5430 mater
2235 5374 2496 5442 Ecclesia,
2521 5385 2581 5431 ut
2604 5376 2788 5448 plebes
2815 5394 2949 5448 quas
2985 5377 3215 5448 apostoli
3242 5385 3300 5432 et
3338 5379 3620 5450 propheta:

2040 5475 2285 5537 tempore
2307 5482 2407 5521 suo
2435 5466 2796 5536 instruebant,
2837 5467 2903 5522 ad
2942 5468 3206 5523 unitatem
3248 5467 3394 5535 lidei,
3430 5476 3488 5525 et
3522 5481 3616 5524 so-

2041 5558 2296 5615 cietatem
2332 5558 2610 5629 religionis
2658 5558 2977 5615 Christiana:
3025 5559 3321 5629 perducat;
3371 5559 3499 5630 quia
3526 5573 3649 5616 ve-.

2041 5652 2243 5707 raciter
2291 5651 2571 5721 Scriptura
2632 5649 2923 5718 referente,
2976 5651 3186 5718 didicit,
3241 5651 3388 5723 quod
3436 5650 3619 5722 justus

2039 5757 2317 5812 nunquam
2365 5742 2437 5796 sit
2462 5740 2749 5796 derelictus
2795 5737 2979 5811 (Psal.
3027 5742 3256 5813 xxxvi),
3301 5757 3403 5798 nec
3432 5756 3620 5799 semen

2039 5833 2157 5911 ejus
2184 5832 2395 5907 eguerit
2430 5846 2590 5908 pane,
2625 5829 2716 5888 illo
2739 5830 2990 5891 videlicet
3015 5847 3186 5912 pane,
3228 5834 3322 5913 qui
3365 5835 3433 5894 de
3478 5832 3620 5902 coelo
