3986 6348
1106 352 1164 407 Β.
1206 348 1459 406 unum
1502 350 1721 408 unum
1760 351 2078 409 ARCHIEP.
2103 328 2426 411 'MOGUNT.
2464 353 2749 412 ornnuu
2780 354 2961 410 rans
2992 352 3035 409 ι.

3543 356 3706 413 ηδε

412 471 724 535 descendit,
772 469 874 524 hoc
924 474 1042 533 est,
1082 481 1223 536 pane
1260 466 1416 527 vitas,
1455 480 1614 533 quem
1655 464 1747 533 qui
1787 463 1996 518 vcraci-
2025 465 2078 527 Α
2102 464 2338 520 osculata
2395 475 2470 521 est
2507 482 2713 520 socrum
2738 506 2752 528 ,
2803 483 2864 519 ac
2901 482 3102 519 reversa
3144 462 3288 518 Ruth
3338 464 3567 520 adhwsit
3612 484 3711 522 so-

411 572 501 619 ter
535 558 962 625 manduesverit,
994 570 1102 612 non
1127 562 1394 611 monetur
1416 555 1471 609 in
1504 562 1769 609 aeternum
1799 551 1994 624 (Joan.

412 654 526 730 ut

415 855 572 925 Quod
611 869 818 926 egressa
864 849 1067 933 Noemi.
1095 849 1160 903 de
1209 847 1324 903 loco
1343 846 1809 972 Iperegrinationis
1854 861 2001 928 suae;

483 941 606 972 cum
627 935 849 972 arma
873 938 1031 972 nuru.
1048 937 1102 972 in
1124 929 1318 972 terram
1382 918 1491 972 uda
1513 918 1697 971 reverti
1721 918 2001 972 disposuit.

483 941 606 982 cum
627 918 849 996 utraque
873 938 1031 987 nuru,
1048 921 1102 973 in
1124 929 1318 996 terram
1343 918 1491 972 Iuda
1513 918 1697 996 reverti
1713 918 2001 996 disposuit,

486 987 772 1123 nuruis‘qus'
797 1008 924 1051 suos
978 990 1182 1063 regredi
1224 991 1282 1045 in
1323 999 1521 1045 terram
1562 987 1851 1044 nativitatis
1889 1002 2002 1045 sua

486 1083 614 1122 suas
664 1104 680 1121 .

483 1083 680 1122 εααειι.

487 1199 909 1276 (lsm.)Egressa
922 1205 998 1254 est
1019 1197 1196 1267 itaque
1220 1197 1284 1251 de
1300 1194 1413 1249 loco
1433 1193 1867 1266 peregrinationis
1892 1208 2002 1248 suae

414 1309 540 1350 eum
586 1302 807 1363 utraque
853 1305 1015 1355 nuru,
1050 1298 1101 1343 et
1120 1288 1239 1358 jam
1278 1287 1334 1342 in
1375 1287 1456 1342 vin
1494 1288 1665 1356 posita
1713 1283 2003 1339 revertendi

413 1384 475 1440 in
491 1393 690 1439 terram
728 1382 896 1448 Iuda,
930 1382 1062 1436 dixit
1089 1381 1158 1434 ad
1184 1391 1320 1435 eas:
1363 1378 1443 1433 Ite
1476 1379 1533 1433 in
1562 1378 1776 1431 domum
1820 1378 2004 1432 matris

415 1482 617 1540 vestra,
645 1474 809 1544 faciat
828 1472 1088 1527 Dominus
1118 1472 1382 1527 vobiscum
1402 1469 1836 1534 misericordiam,
1866 1469 2005 1523 sicut

417 1566 617 1636 fecistis
644 1581 764 1621 cum
790 1565 1009 1620 mortuis
1035 1573 1084 1620 et
1111 1580 1346 1630 meeum;
1391 1568 1476 1617 det
1502 1563 1640 1619 vobis
1665 1562 1895 1616 invenire
1926 1577 2007 1616 re-

412 1659 591 1731 quiem
608 1658 667 1712 in
684 1657 927 1712 domibus
946 1658 1200 1722 virorum,
1214 1672 1344 1728 quos
1366 1655 1631 1710 sortitum:
1646 1653 1768 1708 estis
1784 1661 1833 1706 et
1857 1667 2006 1705 oscu-

322 1814 327 1817 _
417 1749 532 1805 lata
553 1758 631 1805 est
651 1765 762 1817 eas,
779 1756 836 1804 et
860 1758 1077 1804 cetera.
1108 1747 1249 1815 Quid
1281 1755 1368 1802 est
1385 1747 1527 1817 quod
1557 1747 1674 1800 haec
1692 1743 1888 1799 mulier
1912 1743 2003 1797 ad-

2103 558 2219 614 crui
2244 575 2375 614 sum.
2415 557 2514 613 Cui
2539 559 2672 613 dixit
2704 555 2894 613 Noemi
2935 557 3068 613 :En
3111 574 3315 613 reversa
3359 568 3435 615 est
3464 570 3710 633 cognata

2103 663 2195 707 tua
2221 652 2291 706 ad
2309 651 2555 726 pupulum
2584 662 2733 707 tuum
2753 663 2801 708 et
2831 652 2902 708 ad
2933 651 3056 708 deos
3084 669 3237 721 suos,
3278 652 3408 709 vade
3437 671 3564 710 cum
3614 672 3705 713 aa.

2104 741 2237 809 Qum
2273 744 2584 815 respondit:
2617 742 2699 798 Ne
2739 742 3025 799 adverseris
3082 744 3247 811 mihi,
3288 754 3346 801 ut
3396 744 3708 817 relinquam

2103 842 2186 903 te,
2236 844 2282 890 et
2331 836 2515 891 abeam
2578 851 2886 908 quocunque
2951 834 3244 906 porrexeris
3299 852 3540 909 pergam.
3598 833 3707 892 L'bi

2103 934 2309 981 morata
2356 925 2551 996 fueris,
2607 934 2656 980 et
2711 942 2802 996 ego
2854 925 3054 996 pariter
3103 924 3350 980 morabor
3393 940 3413 978 :
3464 927 3706 999 populus

2105 1024 2257 1084 tuus,
2297 1015 2517 1087 populus
2547 1031 2692 1071 meus
2713 1056 2727 1082 ,
2766 1023 2815 1069 et
2845 1013 2987 1069 Deus
3010 1023 3154 1082 tuus,
3186 1014 3331 1072 Deus
3365 1033 3535 1072 meus.
3562 1016 3707 1085 Qua

2104 1115 2154 1162 te
2203 1107 2507 1161 morientem
2556 1117 2697 1160 terra
2732 1106 3052 1177 susceperit,
3084 1107 3140 1161 in
3191 1123 3255 1161 ea
3306 1108 3536 1172 moriar,
3594 1107 3707 1162 ibi-

2105 1214 2206 1271 que
2226 1197 2397 1254 locum
2421 1198 2672 1269 accipiam
2696 1196 3001 1267 sepultum.
3026 1194 3158 1252 Haec
3189 1198 3321 1252 mihi
3339 1199 3499 1268 faciat
3516 1198 3705 1267 Deus,

2106 1302 2156 1347 et
2191 1294 2303 1347 ha’c
2347 1292 2532 1357 addat,
2576 1292 2622 1345 si
2656 1308 2757 1346 non
2785 1290 2899 1346 sola
2926 1308 3069 1346 mors
3095 1307 3179 1358 me
3204 1310 3237 1346 a
3271 1300 3321 1347 te
3350 1294 3699 1363 “paraverit.

2106 1382 2213 1439 Per
2235 1383 2333 1438 has
2371 1383 2505 1437 duas
2531 1382 2808 1448 mulieres,
2845 1398 3075 1453 quarum
3116 1398 3221 1441 una
3272 1383 3401 1438 licet
3452 1384 3708 1443 dolorem

2109 1475 2464 1544 separationis
2490 1474 2545 1530 in
2573 1474 2719 1531 luctu
2746 1473 3062 1542 ostenderit,
3078 1480 3259 1529 tamen
3279 1491 3307 1529 a
3328 1489 3498 1535 socru
3524 1490 3709 1533 seces-

2110 1568 2213 1633 sit;
2240 1568 2410 1622 altera
2457 1565 2727 1621 destinato
2776 1567 2958 1621 animo
2997 1581 3120 1621 cum
3160 1564 3252 1620 illa
3300 1568 3707 1637 perseveravit,

2110 1660 2448 1732 signiﬁcatur
2479 1659 2730 1715 distantia
2751 1657 3109 1714 credentium.
3137 1655 3276 1711 Nam
3305 1655 3401 1711 alii
3434 1666 3564 1729 post
3589 1671 3714 1729 per-

2115 1761 2325 1822 ceptam
2350 1752 2579 1825 gratiam
2614 1749 2867 1822 baptismi
2890 1756 2947 1805 et
2966 1748 3281 1807 societatem
3309 1746 3439 1804 ﬁdei
3468 1759 3623 1804 retro
3646 1749 3715 1805 ad

416 1840 694 1897 versando
715 1840 944 1897 nuribus
965 1840 1081 1895 suis
1106 1840 1364 1894 resistere
1384 1838 1623 1903 videtur,
1646 1852 1715 1890 ῐιθ
1742 1851 1924 1890 secum
1954 1834 2008 1888 in
2038 1824 2085 1888 Β
2112 1859 2327 1900 errores
2352 1824 2610 1915 pristinos
2638 1842 2959 1897 relabuntur
2985 1860 2999 1894 :
3039 1854 3269 1911 quorum
3299 1846 3497 1910 typum
3548 1838 3716 1911 gessit

418 1943 623 1990 terram
643 1932 813 1991 Israel
838 1933 1099 2005 pergant?
1127 1930 1241 1987 Nisi
1265 1931 1409 2001 quod
1433 1937 1620 1983 sancta
1642 1926 1885 1982 Ecclesia
1903 1939 2011 1980 non

419 2024 746 2092 indiscrete,
792 2024 887 2080 sed
943 2022 1341 2079 rationabiliter
1364 2034 1426 2075 ea
1463 2034 1583 2089 qua:
1616 2017 1821 2088 agenda
1862 2023 2007 2080 sunt,

417 2115 555 2187 agit,
594 2124 654 2171 et
679 2130 803 2186 quae
828 2114 1142 2185 recipienda
1190 2111 1425 2182 recipit:
1454 2111 1597 2165 sicut
1640 2116 1695 2163 et
1734 2105 2011 2179 apostolus

416 2209 656 2266 Joannes
705 2208 760 2262 in
800 2224 899 2265 sua
935 2208 1166 2277 epistola
1214 2206 1469 2261 admonet
1494 2245 1508 2269 ,
1561 2202 1748 2256 dicens
1782 2219 1793 2253 :
1832 2197 2012 2251 Nolite

418 2303 563 2357 omni
605 2302 815 2373 spiritui
838 2302 1072 2367 credere,
1101 2300 1192 2355 sed
1221 2298 1437 2370 probate
1463 2297 1682 2366 spiritus
1719 2294 1764 2347 si
1794 2308 1859 2347 ea:
1900 2290 2012 2345 Deo

418 2396 524 2451 sint
547 2395 600 2464 (1
613 2395 774 2450 Jama.
796 2394 905 2465 1v);
928 2403 985 2450 et
1006 2403 1065 2448 ut
1091 2394 1303 2463 probet,
1336 2391 1479 2461 quod
1502 2391 1641 2444 dona
1660 2386 1780 2451 Dei,
1810 2398 1929 2456 quae
1956 2384 2013 2438 in

420 2487 621 2543 divinis
658 2486 1077 2542 charismatibus
1112 2484 1448 2547 consistunt,
1497 2495 1603 2535 non
1646 2477 1829 2535 invitis
1852 2518 1866 2543 ,
1919 2474 2013 2531 sed

419 2578 745 2633 voluntariis
785 2574 1105 2632 oll‘eruntur.
1133 2574 1322 2630 Gratia
1348 2574 1492 2627 enim
1530 2570 1752 2637 Christi,
1781 2583 1901 2641 quae
1926 2567 2011 2623 ul-

422 2676 511 2724 tro
539 2667 767 2723 oll'ertur
792 2667 1136 2735 hominibus,
1169 2674 1497 2738 spontaneos
1530 2664 1725 2734 quierit
1764 2668 2017 2732 accepto-

421 2778 533 2827 res,
570 2777 671 2818 nec
698 2761 933 2833 placebit
962 2761 1074 2816 Deo
1101 2775 1237 2831 opus
1280 2759 1395 2815 sive
1422 2758 1644 2823 donum,
1688 2755 1832 2828 quod
1871 2753 2014 2810 malo

420 2854 748 2927 expenditur
786 2854 988 2913 animo.
1034 2851 1192 2910 Unde
1234 2852 1349 2923 ipse
1376 2850 1640 2907 Dominus
1682 2848 1741 2904 in
1788 2846 1908 2919 lege
1946 2846 2016 2903 ab

424 2946 593 3005 Israel
644 2949 916 3020 primitias
957 2957 1237 3019 expetens,
1267 2946 1483 3003 locutus
1525 2952 1611 3001 est
1662 2944 1731 3000 ad
1769 2941 2013 3017 Moysen,

426 3040 651 3098 dicens:
680 3039 916 3112 Loquere
943 3040 1069 3110 ﬁliis
1101 3039 1304 3107 Israel,
1335 3049 1397 3095 ut
1443 3037 1630 3095 tollant
1660 3037 1788 3092 mihi
1828 3037 2016 3107 primi-

2109 1934 2316 2005 Orpha,
2346 1949 2467 2005 qua:
2502 1935 2570 1989 ad
2610 1933 2738 1988 deos
2788 1948 2916 1988 suos
2946 1939 3000 1987 et
3028 1932 3094 1986 ad
3121 1930 3384 2004 populum
3437 1946 3604 1986 suum
3636 1946 3717 1988 re-

2109 2044 2270 2085 versa
2294 2037 2406 2094 est;
2433 2028 2522 2082 alii
2552 2042 2681 2082 vero
2719 2025 2946 2081 diﬁinito
2985 2024 3216 2083 consilio
3245 2034 3303 2079 et
3332 2023 3569 2081 instanti
3599 2031 3717 2080 stu-

2111 2122 2201 2176 dio
2232 2128 2534 2192 sequuntur
2563 2118 2796 2191 gratiam
2842 2134 3006 2189 quam
3042 2125 3444 2189 perceperunt;
3478 2132 3715 2187 quorum
3812 2154 3829 2167 .

2112 2212 2341 2286 ﬁguram
2372 2212 2517 2267 Ruth
2548 2212 2836 2282 expressit.
2876 2209 3002 2266 Haec
3045 2225 3176 2281 ergo
3202 2209 3462 2266 suadenti
3506 2208 3715 2275 socrui,

2113 2312 2175 2359 ut
2196 2304 2398 2359 rediret
2437 2319 2560 2359 cum
2590 2303 2737 2359 socia
2782 2304 2837 2358 in
2865 2302 3098 2374 patriam
3127 2318 3310 2368 suam,
3357 2302 3467 2357 ait:
3494 2301 3584 2356 Ne
3610 2300 3712 2357 ad-

2114 2396 2332 2452 verseris
2355 2395 2515 2461 mihi';
2546 2410 2853 2469 quocunque
2881 2393 3198 2464 perrexeris,
3220 2392 3315 2446 ubi
3351 2400 3555 2445 morata
3593 2390 3714 2459 fus-

2116 2488 2213 2554 ris,
2246 2496 2295 2541 et
2321 2504 2415 2558 ego
2441 2487 2637 2558 pariter
2669 2485 2933 2550 morabor,
2965 2492 3074 2540 etc.
3106 2482 3238 2553 Quae
3267 2498 3375 2537 vox
3402 2482 3523 2539 sine
3550 2482 3712 2539 dubio

2115 2588 2302 2653 typum
2327 2577 2642 2634 manifestat
2674 2577 2800 2634 ﬁdei
2825 2576 3105 2651 gentium:
3141 2576 3222 2633 sic
3261 2576 3415 2632 enim
3466 2575 3713 2633 Ecclesia

2116 2685 2183 2727 ex
2208 2671 2478 2744 gentibus,
2504 2670 2571 2725 ad
2614 2668 2906 2726 Dominum
2953 2674 3274 2733 convocata,
3309 2665 3505 2723 relicta
3536 2667 3715 2736 patria

2116 2778 2232 2831 sua,
2259 2765 2401 2822 quod
2440 2770 2524 2821 est
2551 2761 2883 2828 idololatria,
2927 2768 2984 2819 et
3008 2759 3215 2819 omissa
3241 2759 3453 2817 carnali
3482 2774 3717 2817 mures-

2117 2859 2332 2918 8atione
2384 2873 2449 2914 ac
2502 2856 2828 2923 desideriis,
2884 2854 3172 2929 proﬁtetur
3214 2853 3512 2911 Dominum
3556 2870 3718 2913 suum

2116 2968 2262 3021 esse,
2288 2953 2343 3007 in
2367 2968 2529 3024 quem
2555 2951 2731 3022 sancti
2756 2949 3127 3017 crediderunt.
3157 2957 3216 3005 et
3240 2946 3373 3005 illuc
3400 2963 3464 3003 se
3490 2948 3719 3013 itm-an,

2117 3044 2211 3100 ubi
2257 3058 2387 3101 caro
2429 3040 2632 3099 Christi
2660 3048 2784 3115 post
2830 3039 3141 3113 passionem
3185 3038 3460 3105 ascendit,
3514 3046 3575 3095 et
3619 3051 3723 3109 pro

426 3134 528 3188 tias
554 3147 571 3185 :
598 3124 663 3188 ab
691 3133 831 3186 omni
863 3132 1089 3197 homine,
1120 3132 1210 3202 qui
1239 3131 1389 3201 o/fert
1418 3131 1709 3197 ultroneus,
1752 3126 2015 3197 accipietis
2047 3179 2091 3206 η
2122 3133 2239 3206 ejus
2282 3136 2501 3191 nomine
2535 3135 2593 3192 in
2622 3136 2727 3192 hoc
2754 3133 2952 3192 saeculo
2978 3132 3092 3205 pati
3140 3147 3311 3205 usque
3351 3130 3423 3187 ad
3452 3142 3723 3196 mortem,

426 3241 515 3281 eas
541 3222 741 3295 (Exod.
776 3222 926 3294 xxv).
960 3223 1096 3277 Hinc
1122 3230 1177 3277 et
1199 3222 1313 3291 ipse
1344 3220 1597 3277 Salvator
1623 3221 1679 3276 in
1725 3216 2018 3290 Evangelia

426 3314 742 3385 legisperito
774 3315 1005 3369 tentanti
1050 3313 1330 3384 respondit
1376 3331 1390 3367 :
1423 3311 1482 3369 Si
1525 3315 1600 3368 vis
1637 3310 1708 3366 ad
1737 3313 1897 3367 vitam
1936 3312 2019 3364 in-

429 3404 597 3476 gredi,
622 3420 773 3458 serva
792 3403 1063 3457 mandata.
1093 3401 1161 3456 Et
1203 3402 1331 3457 item
1364 3421 1377 3457 :
1414 3400 1474 3457 Si
1510 3403 1583 3457 vis
1623 3401 1882 3474 perfectus
1907 3418 2017 3455 esse

428 3496 579 3565 vade,
603 3495 763 3552 vende
793 3496 990 3562 omnia,
1035 3510 1153 3568 qua:
1179 3493 1360 3561 habes,
1400 3502 1450 3549 et
1477 3493 1548 3548 da
1589 3491 1931 3565 pauperibus,
1969 3498 2021 3547 et

429 3589 643 3646 habebis
699 3591 1004 3647 thesaurum
1056 3591 1112 3644 in
1165 3588 1313 3657 calo,
1365 3599 1414 3645 et
1471 3590 1603 3654 veni,
1666 3606 1877 3660 sequere
1937 3605 2020 3645 me

430 3679 649 3754 (Matth.
680 3683 819 3753 nx).
868 3681 971 3738 Ubi
1018 3681 1166 3738 enim
1203 3679 1464 3754 cujusque
1490 3681 1740 3738 voluntas
1780 3680 2017 3754 requiri-

430 3780 542 3841 tur,
565 3772 680 3845 jam
723 3788 836 3831 non
858 3774 1158 3831 necessitas
1182 3774 1481 3845 imponitur
1498 3816 1514 3842 ,
1544 3773 1640 3831 sed
1667 3773 1860 3832 eiectio
1904 3790 2019 3830 me—

428 3863 581 3921 lioris
607 3864 830 3936 proprio
882 3864 1109 3921 arbitrio
1149 3864 1493 3936 relinquitur.
1540 3864 1808 3922 Caeterum
1861 3865 1906 3922 si
1949 3865 2017 3923 ad

430 3956 771 4030 Synagogam
792 3956 1051 4028 praedicta
1078 3957 1244 4014 verba
1274 3954 1580 4023 reﬁcxeris,
1605 3962 1787 4030 potest
1812 3953 1864 4011 ei
1888 3970 2019 4012 con-

429 4049 638 4117 venire,
670 4050 798 4121 quia
820 4049 1053 4106 retrahit
1080 4062 1176 4107 eos
1213 4049 1307 4121 qui
1352 4049 1421 4106 ad
1450 4032 1612 4104 ﬁdem
1653 4047 1855 4106 Christi
1881 4064 2013 4105 con-

429 4140 623 4196 venire
665 4141 925 4211 cupiunt,
982 4149 1041 4198 et
1087 4142 1326 4197 maxime
1389 4140 1521 4197 illud
1545 4183 1560 4209 ,
1609 4141 1702 4197 ubi
1762 4147 2019 4213 superata

390 4255 395 4260 ·
431 4232 688 4297 veritate,
721 4232 999 4287 inﬁmum
1026 4248 1086 4288 se
1123 4235 1386 4304 agnoscit,
1431 4245 1484 4290 et
1534 4233 1769 4301 elfetam,
1798 4234 2015 4290 dicens:

434 4321 798 4389 Revertitttini,
813 4319 942 4391 lilia:
962 4336 1111 4389 metu,
1128 4339 1223 4377 cur
1241 4324 1420 4377 venitis
1444 4324 1687 4378 mecum?
1711 4323 1855 4378 Num
1878 4325 2020 4379 ultra

432 4414 629 4471 habebo
654 4414 794 4487 ﬁlios
821 4414 879 4470 in
902 4421 1050 4469 utero
1081 4430 1211 4481 eteo,
1224 4423 1284 4470 ut
1306 4415 1440 4470 viros
1466 4430 1530 4469 ex
1559 4431 1641 4469 me
1666 4432 1874 4485 sperare
1898 4433 2018 4486 pos-

2045 3179 2092 3247 C

2121 3236 2177 3284 et
2221 3243 2347 3284 cum
2386 3235 2700 3283 sanctorum
2735 3225 2956 3297 pupulo,
3013 3224 3336 3296 patriarchis
3378 3222 3604 3279 scilicet
3652 3237 3725 3281 ac

2118 3318 2422 3393 prophetis,
2453 3317 2897 3383 consociandum,
2912 3316 2979 3371 de
3004 3329 3230 3387 quorum
3244 3312 3535 3377 societate,
3557 3315 3729 3382 Quod

2120 3410 2326 3465 sanctis
2350 3424 2413 3464 ex
2446 3409 2615 3480 stirpe
2645 3406 2883 3464 Abrahae
2909 3404 3252 3462 venientibus
3271 3402 3721 3470 consociaretu,

2120 3492 2331 3572 Moyses
2360 3499 2413 3556 in
2444 3497 2657 3554 cantico
2683 3497 2939 3565 ostendit,
2957 3492 3494 3558 dicenszbtetamiai,
3514 3502 3720 3565 gentes,

2122 3609 2239 3649 cum
2263 3591 2455 3664 populo
2476 3591 2594 3663 ejus
2620 3590 2799 3663 (Deut.
2821 3589 2998 3661 usu)
3017 3629 3032 3655 ,
3065 3589 3122 3645 id
3145 3595 3249 3655 est,
3274 3586 3333 3643 hi
3362 3585 3462 3657 qni
3487 3602 3565 3643 ex
3590 3600 3724 3658 gen-

2121 3684 2267 3741 tibus
2296 3683 2451 3751 estis,
2479 3682 2741 3740 credituri
2761 3698 2885 3739 cum
2911 3681 3025 3739 illis
3052 3680 3148 3754 qui
3175 3678 3343 3752 primi
3379 3676 3545 3737 electi
3570 3686 3721 3745 snt,

2119 3781 2324 3832 aeterna
2361 3772 2547 3832 latitia
2569 3772 2857 3832 exsultate.

2732 3884 2963 3942 CAPUT
3011 3882 3103 3940 Π.
3500 3910 3507 3915 -

2122 3980 2277 4051 Quod
2306 3978 2489 4053 οφιιι
2516 3987 2817 4053 manu.
2860 3977 3005 4053 ttae
3044 3988 3165 4031 σοι·
3207 3974 3723 4053 ποορ-αμυσαι

2459 4068 2525 4107 ac
2552 4051 2607 4106 in
2647 4059 2841 4106 terram
2878 4046 3082 4105 ludam
3121 4048 3379 4119 ρεηαάι.

2204 4143 2393 4201 Videtis
2439 4162 2561 4217 ergo
2602 4143 2792 4200 Noemi
2846 4142 2991 4214 quod
3035 4142 3301 4198 obstinato
3346 4139 3491 4197 Ruth
3535 4140 3717 4195 animo

2121 4238 2425 4295 decrevisset
2453 4253 2633 4293 secum
2656 4252 2891 4307 pergere,
2930 4234 3205 4290 advenari
3244 4232 3419 4288 noluit
3450 4247 3543 4287 nec
3570 4230 3721 4285 litus

2122 4329 2192 4385 ad
2216 4345 2339 4387 suos
2363 4329 2588 4385 reditum
2614 4328 2950 4399 persuadere.
2974 4324 3343 4395 Ptolemaeus
3365 4331 3489 4381 sunt
3523 4321 3719 4387 simul,

2121 4429 2171 4476 et
2196 4429 2440 4476 venerunt
2469 4420 2525 4475 in
2545 4417 2805 4474 Bethleem
2829 4417 3016 4490 quibus
3051 4416 3233 4473 urbem
3261 4414 3521 4485 ingressis,
3560 4412 3727 4467 seio:

432 4508 591 4564 sitis?
621 4505 982 4575 Revertintini,
1012 4505 1139 4577 ﬁlia
1158 4505 1427 4561 Hoabitaz.
1454 4504 1581 4560 lam
1603 4505 1739 4560 enim
1758 4513 2020 4560 senectute
2045 4534 2100 4594 Β
2125 4512 2265 4585 apud
2307 4521 2520 4567 cunctos
2570 4511 2716 4582 fama
2754 4509 3070 4581 percrebuit.
3132 4507 3489 4577 Dicebatque
3518 4504 3725 4561 mulie-

434 4601 673 4672 mfecta
716 4618 855 4670 sunt,
900 4618 996 4657 nec
1026 4610 1155 4673 apta
1196 4598 1403 4656 vinculo
1451 4598 1738 4671 conjugali.
1791 4596 2020 4654 Etiamsi

434 4692 632 4764 possim
659 4691 760 4745 hac
797 4702 945 4748 nocte
979 4694 1250 4761 concipere
1273 4702 1321 4748 et
1348 4706 1529 4764 parere
1558 4691 1717 4761 ﬁlios,
1752 4692 1799 4746 si
1822 4708 1907 4745 eos
1936 4708 2023 4745 ca:-

437 4795 673 4857 φρασα
698 4784 902 4852 velitis,
946 4786 1111 4843 donec
1156 4795 1426 4853 crescant,
1472 4794 1521 4839 et
1559 4800 1726 4839 annos
1773 4782 2022 4856 impleant

437 4879 774 4953 murtetis,
821 4886 942 4931 ante
993 4880 1137 4935 eritis
1190 4877 1379 4934 vetultc
1424 4894 1583 4947 quam
1624 4877 1853 4932 nubatis.
1908 4874 2022 4930 No-

438 4975 552 5039 lite,
580 4987 779 5045 quaso,
801 4967 932 5039 ﬁlia!
971 4985 1120 5036 uteie,
1157 4973 1283 5043 quia
1321 4979 1490 5025 vestra
1519 4970 1763 5041 angustia
1804 4987 1885 5023 me
1912 4986 2024 5024 ma—

440 5070 521 5142 gis
540 5067 747 5140 premit,
786 5071 836 5120 et
863 5075 1071 5134 egressa
1095 5072 1171 5117 est
1209 5078 1398 5117 manus
1436 5060 1651 5116 Domini
1698 5071 1881 5116 contra
1914 5076 2029 5116 me;

440 5162 577 5221 Vide
609 5175 936 5236 synagogam
966 5155 1311 5216 conﬁtentem
1337 5157 1649 5222 veritatem,
1688 5164 1745 5210 et
1768 5168 2025 5226 superve-

441 5254 656 5309 nientes
681 5252 740 5307 in
785 5267 843 5308 se
871 5250 1055 5322 culpas
1086 5262 1193 5303 non
1237 5254 1530 5312 tacentem,
1574 5261 1605 5301 a
1631 5244 1751 5301 viro
1790 5260 1851 5299 ac
1895 5242 2021 5300 ﬁliis

443 5342 718 5410 relictam,
758 5344 866 5400 hoc
909 5350 1021 5408 est,
1073 5355 1105 5395 a
1138 5337 1250 5393 Deo
1278 5338 1570 5406 desertam,
1604 5346 1659 5394 et
1686 5337 1903 5410 regibus
1954 5352 2020 5393 ac

444 5435 819 5494 sacerdotibus
866 5434 978 5490 suis
1019 5432 1308 5503 privatam,
1352 5438 1408 5484 et
1438 5430 1552 5502 jam
1588 5431 1827 5487 sterilem
1857 5438 2023 5503 atque

446 5518 719 5584 inﬁmam
748 5525 817 5581 ad
865 5524 1242 5595 concipiendos
1294 5528 1458 5593 atque
1506 5522 1795 5592 pariendos
1844 5520 2019 5592 ﬁlios,

448 5623 602 5685 aptos
638 5614 707 5670 ad
756 5614 1036 5671 servitium
1064 5615 1197 5681 Dei,
1227 5614 1354 5686 quia
1383 5612 1488 5668 hoc
1535 5611 1868 5670 solummodo
1900 5622 2025 5686 post

451 5705 741 5763 adventum
769 5706 971 5762 Christi
1014 5716 1213 5763 sanctae
1260 5706 1515 5762 Ecclesiae
1542 5716 1876 5762 reservatum
1915 5715 2018 5765 est.

523 5795 742 5853 Elevata
768 5799 930 5871 igitur
971 5814 1091 5854 voce
1122 5815 1331 5853 rursum
1357 5798 1483 5868 ﬂere
1516 5808 1811 5869 crepet-unt;
1841 5799 2023 5872 Orpha

2126 4622 2207 4660 res
2231 4618 2249 4655 :
2275 4602 2405 4658 Hac
2427 4612 2502 4659 est
2540 4601 2637 4658 illa
2667 4602 2884 4668 Noemi,
2914 4600 3105 4672 quibus
3140 4600 3218 4655 ait
3252 4615 3273 4653 :
3302 4598 3387 4654 Ne
3410 4597 3609 4652 vocetis
3636 4613 3723 4649 me

2128 4694 2342 4763 Noemi,
2371 4695 2426 4751 id
2450 4703 2555 4761 est,
2586 4694 2899 4766 pulchram,
2924 4691 3015 4749 sed
3047 4700 3227 4749 vocate
3266 4706 3348 4744 me
3395 4687 3583 4751 Rara,
3616 4687 3723 4742 hoc

2125 4796 2229 4856 est,
2292 4802 2566 4851 amaram,
2614 4786 2744 4857 quia
2780 4784 2934 4842 valde
2981 4801 3063 4839 me
3102 4780 3463 4841 mriudiu
3502 4777 3723 4849 repleuit

2128 4878 2487 4950 Omnipotens.
2534 4878 2815 4934 Destinato
2859 4889 2991 4946 ergo
3041 4874 3227 4929 auium
3266 4871 3424 4943 pleb
3472 4870 3723 4941 μαίε-

2130 4981 2315 5028 secuta
2339 4979 2425 5027 est
2453 4978 2666 5026 sanctos
2693 4968 3076 5041 praedicatores
3105 4965 3160 5023 in
3197 4973 3405 5020 terra.
3440 4972 3721 5022 sanctam.

2129 5062 2270 5119 etin
2297 5061 2571 5118 civitatem
2616 5059 2717 5115 Dei
2760 5058 3062 5124 Bethleem,
3105 5065 3166 5113 ut
3192 5056 3267 5113 ibi
3297 5055 3531 5111 educata
3578 5065 3720 5122 pla-

2125 5162 2415 5227 pararetur
2440 5153 2510 5208 ad
2548 5150 2950 5223 suscipiendum
2988 5162 3269 5219 sponsum.
3312 5145 3413 5216 qui
3450 5144 3519 5200 de
3541 5143 3725 5212 stirpe

2123 5244 2357 5301 Abrahae
2383 5252 2540 5298 natus
2565 5250 2680 5308 est;
2711 5255 2897 5297 semen
2940 5239 3193 5297 videlicet
3217 5238 3372 5304 illud,
3398 5238 3455 5293 in
3471 5251 3582 5305 quo
3618 5250 3726 5291 ne-

2122 5337 2441 5394 nedicentur
2482 5348 2672 5392 omnes
2699 5334 2950 5389 nationes
2973 5339 3138 5389 terrae
3170 5330 3331 5401 (Cea.
3362 5329 3531 5401 un).
3558 5327 3730 5396 Quod

2123 5435 2307 5484 autem
2349 5426 2652 5484 dicentibus
2692 5421 3011 5479 mulieribus
3039 5420 3229 5477 Noemi
3270 5419 3603 5488 respondit:
3636 5416 3729 5472 Νι

2122 5520 2313 5577 vocetis
2344 5536 2425 5574 me
2473 5518 2682 5584 Noemi,
2723 5516 2777 5571 id
2807 5524 2907 5582 est,
2935 5513 3229 5586 pulchram,
3277 5512 3369 5567 sed
3419 5520 3606 5567 vocate
3633 5527 3728 5565 me

2126 5613 2302 5681 Mora,
2325 5615 2422 5671 hoc
2448 5623 2543 5680 est,
2574 5626 2833 5675 amaram,
2878 5618 3012 5675 etc.,
3039 5605 3310 5677 signiﬁcat
3346 5602 3495 5674 quod
3527 5609 3729 5660 sancta

2124 5704 2395 5771 Ecclesia,
2430 5701 2791 5761 tribulatione
2836 5698 3277 5772 persecutionum
3325 5710 3542 5766 pressa.
3580 5709 3731 5764 pra-

2125 5798 2294 5855 seutis
2318 5794 2504 5854 mundi
2525 5793 2723 5868 gaudia
2745 5806 2857 5851 non
2882 5798 3052 5857 amat,
3076 5788 3173 5849 sed
3197 5786 3438 5847 futuram
3479 5783 3726 5857 glorias.
