3986 6348
258 399 398 456 1905

1379 385 1730 446 COMMENT.
1771 386 1838 441 1N
1874 386 2137 443 LlBRUM
2176 386 2390 445 RUTH.

3389 393 3532 453 1266

254 512 450 585 quaerit
479 510 536 566 in
557 508 730 566 cmlis.
756 507 910 566 Unde
931 508 986 564 in
1009 506 1232 564 Cantica
1252 505 1590 560 canticorum
1630 517 1830 574 sponsa
1858 505 1914 568 Α
1935 521 2092 574 quam
2119 509 2373 577 meipsum
2395 506 2621 562 audietis
2664 506 2842 578 (Deut.
2874 507 3052 582 xvnt).
3087 508 3256 564 llomo
3302 510 3390 566 hic
3433 525 3532 581 po-

256 607 388 662 dieit
419 624 434 660 :
469 603 643 676 Nigra
687 621 821 670 sum,
853 604 944 660 sed
985 603 1237 673 formosa,
1262 599 1269 605 ’
1291 599 1420 669 ﬁlim
1474 597 1836 663 Hierusalem,

251 701 390 758 sicut
407 699 801 755 tabernaculum
821 696 1016 763 Cedar,
1044 698 1176 752 sicut
1195 693 1344 765 pellis
1369 690 1686 746 Salomonis.
1724 688 1838 743 No-

255 794 345 848 lite
368 810 454 848 me
475 793 832 858 considerare,
856 791 994 862 quod
1025 791 1173 858 fusca
1197 804 1330 850 sum,
1355 787 1480 857 quia
1516 782 1835 838 decoloravit

253 904 337 941 me
379 887 477 942 sol.
521 885 652 940 Filii
704 885 885 940 matris
934 901 1062 939 mea:
1114 888 1473 954 pugnaverunt
1520 887 1708 932 contra
1757 892 1836 930 me

256 978 444 1051 (Cant.
474 979 548 1050 ι).
591 978 648 1033 Si
695 985 872 1032 autem
904 976 972 1031 ad
1002 988 1331 1047 synagogam
1360 970 1569 1026 referre
1597 967 1838 1024 volueris

252 1071 510 1140 [uindicta
553 1071 720 1126 verba
747 1069 955 1135 Noemi,
989 1067 1262 1122 invenitur
1298 1063 1578 1135 agnovisse
1615 1061 1839 1115 calami—

253 1171 418 1217 tatem
463 1179 646 1228 suam,
702 1177 863 1232 quam
890 1168 1012 1229 post
1065 1161 1358 1213 adventum
1406 1155 1613 1211 Christi
1640 1153 1837 1209 merito

251 1249 626 1317 perversitatis
655 1257 766 1303 sua:
787 1259 1044 1316 perpessa
1070 1253 1188 1307 est;
1217 1251 1380 1313 atque
1404 1243 1474 1298 ob
1505 1243 1608 1296 hoc
1636 1241 1840 1310 refugit

251 1339 751 1408 sepnleherrimam
779 1337 986 1401 vocari,
1018 1336 1144 1406 quia
1182 1342 1426 1406 tempora
1455 1334 1836 1405 prosperitatis

251 1442 366 1484 suae
401 1428 666 1499 conspicit
711 1428 873 1483 ﬁniri.

869 1519 1095 1576 CAPUT
1145 1517 1212 1573 ν.

254 1634 409 1700 Quod
450 1650 630 1690 messis
680 1633 976 1689 hordearia'
1028 1643 1230 1705 tempus
1284 1633 1382 1686 hoc
1429 1640 1590 1705 erat,
1622 1632 1836 1705 (ια-αηᾴο

325 1705 514 1830 ἔσθηιί
539 1721 658 1760 cum
685 1705 854 1771 Ruth,
885 1721 1020 1760 nuru
1048 1701 1146 1760 sua
1165 1746 1180 1770 ,
1229 1719 1433 1759 reversa
1465 1710 1540 1759 est
1574 1701 1641 1758 in
1666 1701 1833 1757 Beth-

375 1791 476 1830 em.

375 1791 476 1831 em.

325 1888 498 1962 (lem)
552 1885 706 1943 Venit
758 1905 880 1959 ergo
934 1887 1126 1943 Ncemi
1179 1903 1296 1942 cum
1351 1887 1494 1941 Ruth
1543 1884 1832 1941 Moabitide

248 1995 386 2032 nuru
416 1996 515 2034 sua
552 1979 616 2033 de
637 1983 778 2033 terra
807 1978 1239 2050 peregrinationis
1263 1995 1374 2033 suat
1393 2018 1407 2044 ,
1433 1993 1494 2031 ac
1523 1992 1727 2030 reversa
1753 1984 1830 2030 est

245 2067 305 2121 in
333 2067 615 2135 Bethleem,
637 2069 849 2139 quando
874 2069 1070 2124 hordea
1093 2070 1320 2140 primum
1351 2070 1698 2124 metebantur.
1724 2067 1830 2123 Re-

244 2159 347 2214 diit
371 2161 572 2229 quippe
618 2160 809 2216 Noemi
847 2161 914 2216 de
949 2162 1387 2231 peregrinatione
1417 2176 1515 2216 sua
1563 2162 1632 2216 ad
1659 2175 1829 2231 popu-

243 2248 358 2303 lum
403 2265 563 2304 suum
602 2265 667 2305 ac
692 2252 882 2306 urbem
924 2250 1225 2316 Bethleem,
1264 2253 1482 2322 quando
1507 2251 1594 2306 lex
1622 2251 1692 2305 de
1736 2251 1831 2306 do-

242 2340 421 2395 ctrina
451 2341 770 2410 populorum
806 2341 1136 2397 narrationis
1180 2358 1292 2397 suae
1336 2343 1584 2398 ordinem
1613 2341 1681 2396 ad
1711 2356 1830 2412 my-

241 2433 470 2488 sterium
495 2434 766 2488 convertit
806 2434 1198 2491 incarnationis
1224 2433 1452 2500 Christi,
1488 2441 1548 2489 ut
1585 2449 1708 2488 eam
1733 2448 1828 2487 au-

242 2526 511 2582 ditoribus
539 2525 656 2580 suis
693 2536 926 2596 caponat
970 2536 1132 2597 atque
1163 2529 1522 2593 commendet,
1554 2535 1609 2582 et
1638 2528 1743 2583 hoc
1770 2527 1827 2580 in

243 2624 488 2687 tempore
526 2617 720 2673 messis
763 2617 1084 2673 hordeariae.
1132 2618 1270 2685 Quid
1299 2619 1444 2672 enim
1474 2618 1668 2674 messis
1701 2618 1830 2672 hor»

241 2709 428 2767 dearia
469 2710 756 2780 exprimit,
798 2710 900 2765 nisi
943 2717 1157 2780 tempus
1202 2709 1496 2765 Dominicae
1539 2709 1826 2780 passionis,

239 2814 364 2872 quae
384 2817 568 2858 mense
595 2812 880 2869 novorum,
903 2804 1004 2859 hoc
1033 2811 1135 2870 est,
1162 2804 1342 2873 primo
1369 2817 1559 2859 mense
1580 2801 1827 2860 confecta

239 2895 359 2948 est?
393 2893 539 2949 Bene
572 2909 703 2968 ergo
740 2897 940 2952 dicitur
976 2896 1120 2966 quod
1151 2896 1339 2952 Noemi
1386 2907 1509 2952 cum
1559 2906 1702 2951 nuru
1729 2911 1827 2952 sua

239 2999 419 3042 messe
443 2988 730 3044 hordeacia
776 2990 845 3044 ad
876 2988 1154 3044 Bethleem
1202 2988 1434 3053 veniret,
1480 2989 1697 3058 quando
1739 2987 1827 3042 lex

239 3079 527 3135 Dominum
553 3081 912 3148 Saivalorem,
955 3096 1116 3152 quem
1143 3081 1300 3137 docet
1331 3082 1386 3136 in
1413 3081 1690 3136 Bethleem
1730 3095 1830 3136 na-

237 3179 377 3239 tum,
425 3177 480 3228 in
507 3171 712 3230 Pascha
734 3215 747 3242 ,
775 3176 881 3230 hoc
912 3184 996 3231 est
1023 3189 1212 3231 mense
1254 3190 1520 3230 novorum
1566 3174 1824 3246 praedicat

235 3266 499 3321 Occisum.
527 3265 791 3323 Similiter
818 3276 873 3324 et
911 3277 1098 3324 sancta
1143 3268 1388 3324 Ecclesia
1417 3269 1521 3323 hoc
1545 3275 1661 3322 toto
1702 3267 1823 3321 nisu

236 3355 373 3423 agit,
402 3364 462 3409 ut
489 3355 703 3425 plebes,
731 3373 867 3430 quas
903 3359 970 3414 ad
1015 3359 1174 3414 fidem
1223 3365 1517 3424 convocat,
1567 3359 1826 3430 mysteria

235 3445 448 3500 imbuat
477 3447 770 3502 Dominicae
801 3450 1208 3515 inc‘amationis,
1232 3452 1503 3520 passionis
1531 3467 1596 3507 ac
1642 3461 1826 3508 resurs

233 3536 517 3592 rectionis.
551 3537 739 3593 Potest
774 3544 831 3594 et
869 3540 1059 3594 messis
1106 3540 1392 3595 hordearia
1424 3556 1531 3595 non
1576 3542 1826 3597 inconve-

232 3627 452 3682 nienter
475 3627 716 3685 Iudaicae
734 3629 908 3701 plebis
931 3631 1234 3702 exprimere
1259 3632 1638 3688 credulitatem
1658 3675 1672 3700 ,
1704 3649 1824 3704 quae

230 3727 461 3791 peracto
483 3730 830 3778 sacramento
850 3723 1121 3794 passionis
1145 3724 1370 3791 Christi,
1403 3725 1824 3796 praedicantibus

233 3812 498 3881 apostolis
514 3814 582 3869 ad
597 3813 756 3870 iidem
771 3815 1008 3886 primum
1021 3818 1293 3872 convenit.
1311 3815 1441 3887 Qua:
1460 3827 1514 3873 et
1529 3817 1655 3875 alibi
1674 3820 1825 3889 quin-

233 3915 346 3972 que
386 3904 618 3972 panibus
656 3905 974 3962 hordeaceis
1009 3916 1164 3978 pasta
1210 3907 1280 3963 ab
1316 3909 1434 3981 ipso
1468 3907 1700 3966 Domino
1753 3906 1825 3967 le-

233 3993 387 4064 gitur
423 3993 609 4066 (Jcan.
645 3995 746 4068 vi).
774 3995 930 4053 Unde
963 4006 1020 4054 et
1054 4000 1110 4054 in
1147 3996 1376 4056 Actibus
1423 4000 1820 4070 apostolorum,

231 4084 456 4156 quando
525 4085 760 4158 Spiritus
805 4093 1029 4146 sanctus
1083 4105 1250 4162 super
1309 4091 1580 4161 apostolos
1629 4093 1683 4148 in
1734 4092 1824 4149 die

231 4172 589 4233 Pentecostes
625 4179 776 4234 venit
827 4178 966 4252 (Act.
1014 4181 1112 4253 ιι),
1164 4183 1498 4253 praedicante
1533 4183 1718 4250 Petro,
1769 4183 1822 4240 et

229 4266 545 4323 testimonio
590 4267 726 4341 legis
770 4286 836 4325 ac
876 4273 1265 4343 prophetarum
1313 4275 1541 4332 ell'usam
1591 4276 1824 4348 gratiam

231 4356 472 4430 Spiritus
507 4364 680 4419 sancti
703 4377 866 4434 super
884 4373 1102 4422 centum
1123 4368 1316 4440 viginti
1343 4369 1630 4426 credentes
1669 4383 1821 4425 com-

229 4452 516 4542 probante,
547 4456 651 4510 tria
702 4455 871 4512 mitiia
905 4455 1214 4516 Iudaeorum
1243 4461 1311 4518 ad
1353 4459 1516 4518 ﬁdem
1557 4474 1823 4520 conversa

228 4543 647 4614 baptizabantur
672 4546 727 4600 in
750 4549 970 4602 nomine
997 4550 1210 4606 Domini
1232 4549 1381 4608 Jesu.

838 4655 1065 4714 CAPUT
1114 4657 1202 4715 Vl.

231 4743 314 4803 De
352 4749 579 4822 ecquod
606 4747 769 4820 Boas,
811 4763 1063 4822 cognatus
1106 4750 1389 4808 Elimelech
1412 4797 1426 4820 ,
1474 4751 1654 4809 videns
1680 4754 1818 4810 Ruth

307 4817 631 4894 colligentem
675 4817 846 4890 spicas
874 4817 1199 4879 iemanentes
1241 4833 1356 4894 post
1386 4817 1638 4881 messores
1669 4843 1815 4894 suos,

308 4890 601 4944 sciscitatus
629 4900 707 4946 est
729 4908 848 4963 qua:
875 4903 1006 4947 esset
1043 4895 1154 4950 litae
1181 4890 1390 4950 mulier.

308 4998 459 5070 (CAP.
504 5000 604 5074 ιι.)
633 5001 766 5057 Erat
810 5012 984 5058 autem
1037 5004 1320 5061 Elimeleclt
1376 5010 1820 5081 consanguineus,

231 5091 388 5148 homo
428 5103 633 5166 potens,
664 5108 726 5152 ac
777 5107 1090 5170 magnarum
1147 5111 1340 5172 opum,
1397 5105 1605 5160 nomine
1653 5103 1817 5161 Bocz.

232 5183 383 5250 Erat,
428 5189 622 5259 inquit,
647 5189 732 5244 vir
757 5190 1052 5250 Eiimclech
1082 5196 1534 5268 consanguineus.
1564 5197 1696 5267 Quis
1738 5209 1823 5256 est

232 5279 338 5334 iste
387 5279 494 5344 vir,
543 5282 635 5351 qui
693 5285 1125 5355 consanguineus
1163 5296 1281 5344 erat
1323 5287 1659 5344 El‘imelech?
1710 5291 1818 5348 nisi

231 5369 565 5441 Redemptor
607 5381 810 5443 noster,
858 5377 950 5446 qui
1007 5387 1270 5449 cognatus
1321 5389 1439 5437 erat
1477 5381 1611 5453 legis
1656 5391 1818 5453 atque

231 5464 579 5536 lcgislatoris,
609 5469 734 5537 quia
777 5485 876 5542 per
911 5469 1083 5541 legem
1124 5473 1424 5541 promissus
1468 5475 1536 5530 de
1583 5476 1818 5546 patriar-

233 5557 462 5613 charum
505 5559 672 5627 stirpe
693 5567 778 5614 est
810 5568 989 5629 natus,
1019 5568 1074 5616 et
1099 5563 1364 5633 originem
1404 5565 1588 5620 habuit
1621 5582 1817 5624 secun-

233 5654 364 5708 dum
418 5653 636 5706 carnem
682 5651 748 5706 de
788 5661 945 5720 gente
993 5651 1342 5724 Iudaeorum,
1389 5658 1455 5712 de
1512 5676 1618 5729 quo
1653 5663 1816 5716 etiam

231 5735 448 5814 Moyses
476 5744 590 5814 ipse
636 5744 704 5799 ad
747 5743 1020 5803 lsraelitas
1058 5748 1286 5818 loquens
1332 5750 1452 5804 ait:
1498 5749 1818 5822 Prophetam

231 5837 505 5898 suscitabit
550 5839 692 5899 vobis
742 5839 999 5899 Dominus
1051 5843 1114 5898 dc
1148 5843 1403 5914 fratribus
1449 5845 1650 5917 vestris,
1705 5855 1847 5933 tan-.1

1940 606 2058 654 tens
2104 615 2169 654 ac
2214 614 2527 668 magnarum
2581 615 2745 670 opum
2792 616 2915 655 esse
2947 600 3291 662 describitur.
3327 600 3530 658 Potens

1937 692 2144 762 utique,
2181 693 2307 761 quia
2336 692 2522 747 mundi
2546 692 2846 764 principem
2875 693 3165 750 debellavit
3197 700 3360 762 atque
3407 695 3528 749 uni-

1936 799 2155 840 versum
2182 785 2370 840 orbem
2399 799 2498 840 suo
2542 784 2771 853 imperio
2815 785 3141 854 subiugavit.
3189 785 3309 854 ipse
3337 793 3394 840 ct
3417 800 3530 840 ma-

1937 890 2165 946 gnarum
2192 890 2376 945 opum,
2413 875 2538 945 quia
2564 876 2691 930 εαξιὶ
2722 883 2993 945 terraeque
3025 889 3307 944 possessor
3341 884 3448 941 est,
3473 877 3530 930 in

1936 982 2037 1038 quo
2066 976 2186 1023 sunt
2213 983 2388 1023 omnes
2421 967 2655 1022 thesauri
2678 966 2944 1036 sapientirc
2967 975 3013 1021 et
3036 966 3266 1020 scientiw
3309 967 3529 1022 abscon-

1937 1062 2070 1126 diti;
2099 1062 2165 1115 ad
2187 1059 2340 1129 cujus
2363 1076 2493 1131 opes
2522 1061 2687 1115 etiam
2709 1060 2951 1114 omnium
2972 1061 3233 1114 virtutum
3261 1060 3527 1114 bonarum

1938 1154 2092 1223 copia
2130 1154 2394 1224 pertinet;
2444 1155 2607 1224 quia,
2664 1155 2959 1209 secundum
3010 1154 3368 1224 Apostolum,
3421 1155 3527 1224 ipse

1937 1258 2011 1303 est
2033 1248 2132 1301 Dei
2165 1251 2352 1314 uirtus,
2379 1257 2428 1302 et
2461 1247 2558 1301 Dei
2597 1248 2876 1318 sapientia.
2915 1246 3143 1301 Nomine
3179 1247 3345 1301 Dooz.
3379 1246 3524 1302 Booz

1937 1341 2081 1395 enim
2118 1340 2371 1410 fortitudo
2397 1339 2501 1394 Dei
2545 1341 2872 1395 nominatur.
2909 1340 3064 1396 Unde
3092 1348 3145 1396 et
3189 1341 3372 1406 lsaias,
3404 1357 3528 1410 par-

1935 1432 2118 1487 vulum
2151 1433 2318 1486 lilium
2345 1440 2532 1487 natum
2563 1447 2996 1487 commemorans
3015 1474 3028 1498 ,
3076 1433 3143 1487 de
3170 1431 3286 1499 ejus
3314 1433 3524 1502 magni-

1935 1523 2123 1578 tudine
2141 1523 2441 1594 subjunxit,
2463 1525 2650 1580 dicens
2668 1543 2680 1578 :
2698 1523 2898 1579 Factus
2927 1534 3000 1578 est
3021 1525 3347 1594 principatus
3373 1541 3528 1595 super

1936 1612 2210 1666 Ita-merum
2240 1614 2376 1683 ejus,
2407 1625 2456 1668 et
2477 1624 2692 1670 vocatur
2743 1632 2930 1669 nomen
2976 1615 3109 1684 ejus,
3149 1614 3522 1682 Adntirabilis,

1937 1700 2282 1766 Consiliarius
2302 1744 2317 1769 ,
2341 1704 2499 1771 Deus,
2531 1702 2734 1770 Fortis,
2761 1703 2924 1759 Pater
2945 1705 3112 1774 futuri
3133 1704 3337 1771 swculi,
3374 1703 3528 1758 Prin-

1936 1808 2052 1862 ceps
2079 1796 2243 1863 pacis,
2266 1803 2322 1848 et
2347 1795 2555 1864 reliqua
2581 1795 2739 1866 (Isai.
2768 1796 2868 1865 ix).

1862 1866 1911 1928 Β
2009 1883 2259 1956 Dixitque
2284 1883 2426 1940 Rulli
2468 1885 2716 1941 Moabitis
2748 1887 2815 1942 ad
2858 1903 3067 1940 socrum
3098 1904 3250 1941 suam
3281 1901 3299 1938 .'
3336 1886 3398 1942 Si
3433 1888 3525 1958 ju-

1937 1976 2046 2043 bet,
2071 1977 2258 2032 cadam
2278 1977 2333 2032 in
2367 1994 2578 2046 agrum,
2610 1986 2656 2031 et
2694 1977 2935 2048 colliga-nt
2982 1977 3151 2047 spicas
3180 1994 3296 2048 qua:
3327 1988 3523 2032 meten-

1935 2071 2067 2127 tiutn
2098 2069 2344 2139 fugerant
2373 2087 2580 2135 manus,
2612 2069 2904 2140 ubicunque
2925 2068 3190 2126 clementis
3224 2071 3276 2122 in
3321 2086 3402 2123 me
3435 2087 3527 2138 pa-

1933 2159 2266 2229 trisfamilias
2293 2175 2528 2230 reperere
2558 2160 2808 2230 gratiam.
2826 2157 2924 2214 Cui
2946 2159 3039 2213 illa
3058 2159 3352 2228 respondit:
3380 2158 3525 2212 Vade

1932 2251 2068 2321 [lilia
2095 2269 2230 2308 mea.
2261 2251 2402 2307 Abiit
2429 2254 2627 2324 itaque,
2661 2263 2708 2307 et
2733 2253 3006 2323 colligebat
3032 2255 3202 2323 spicas
3236 2263 3347 2322 post
3379 2262 3524 2323 terga

1932 2345 2256 2398 metentium.
2279 2344 2484 2413 Agrum
2526 2343 2616 2399 hic
2645 2343 2944 2399 Ecclesium
2988 2343 3226 2398 ﬁdelium
3279 2343 3526 2413 accipere

1930 2454 2250 2510 possumus;
2284 2454 2518 2494 messem
2545 2447 2727 2494 autem
2750 2438 2998 2493 homines
3027 2445 3268 2504 sanctos,
3308 2437 3402 2506 qui
3445 2437 3524 2490 di-

1933 2534 2024 2604 gni
2048 2541 2172 2588 sunt
2197 2532 2517 2602 recolligere
2543 2532 2600 2587 in
2625 2532 2823 2587 horrea
2847 2531 3093 2597 Domini;
3129 2545 3398 2593 messores
3427 2514 3525 2584 an—

1932 2627 2082 2696 gelos
2107 2629 2308 2695 bonos;
2334 2629 2512 2697 spicas
2536 2636 2900 2692 remanentes,
2929 2629 3192 2697 quosdam
3217 2630 3522 2693 credentes,

1930 2718 2024 2788 qui
2055 2717 2335 2773 translatis
2361 2718 2688 2788 quibusdam
2732 2718 2936 2772 sanctis
2975 2728 3096 2787 post
3124 2718 3326 2772 electos
3363 2733 3524 2797 aqge-

1931 2808 2014 2865 los
2044 2809 2109 2863 ad
2137 2824 2364 2880 regnum
2391 2808 2616 2864 cmleste
2644 2807 2820 2863 relicti
2851 2818 2994 2884 διωξ-
3015 2809 3083 2864 ad
3115 2807 3423 2879 exemplum
3466 2809 3522 2862 in

1929 2901 2182 2973 praesenti
2221 2900 2333 2954 vita
2357 2898 2687 2972 degentium.
2717 2899 2851 2956 Item
2875 2915 3003 2972 ager
3033 2899 3374 2969 disciplinam
3413 2908 3524 2957 stu—

1932 2993 2006 3051 dii
2039 2992 2276 3049 coelestis
2303 2991 2612 3064 signiﬁcare
2633 3001 2847 3062 potest;
2879 2991 3071 3050 messis
3105 2991 3518 3063 intelligentiam
3575 2985 3578 2988 ’

1931 3087 2262 3158 spiritalem;
2315 3101 2584 3142 messores
2626 3087 3013 3158 praedicatores
3063 3093 3312 3151 sannos;
3359 3085 3522 3158 spica:
3575 3155 3578 3160 ‘

1933 3187 2282 3235 remanentes
2298 3179 2598 3235 sententias
2615 3187 2929 3235 sanctarum
2957 3178 3172 3248 Scriptu
3181 3195 3382 3246 rarum,
3400 3194 3521 3250 qua:

1930 3270 2116 3325 multis
2148 3285 2249 3340 per
2289 3271 2609 3342 mysterium
2632 3269 2918 3326 occultatis
2946 3269 3100 3341 quasi
3126 3269 3400 3340 planiores
3430 3284 3521 3325 rc-

1930 3381 2155 3421 manere
2179 3366 2432 3421 videntur
2473 3365 2540 3420 ad
2562 3365 2885 3422 exercitium
2930 3361 3326 3420 meditantibm.
3360 3351 3521 3418 Plebs

1928 3473 2059 3528 ergo
2087 3457 2330 3526 gentium
2383 3457 2654 3512 inhianter
2696 3457 3122 3512 ecclesiasticam
3177 3455 3521 3524 disciplinam

1929 3541 2154 3615 appetit,
2198 3553 2256 3598 ut
2283 3547 2348 3599 ad
2375 3546 2784 3601 meditationem
2827 3547 3021 3600 divinze
3049 3540 3202 3617 legis,
3233 3554 3286 3599 et
3316 3543 3382 3599 ad
3429 3559 3517 3599 so—

1928 3639 2180 3694 cietatem
2229 3648 2539 3694 sanctorum
2568 3640 2909 3706 admittatur,
2940 3648 2998 3694 ut
3033 3639 3147 3695 sive
3183 3635 3521 3708 spiritalibus

1930 3731 2270 3787 documentis
2295 3771 2310 3797 ,
2369 3731 2486 3787 sive
2533 3740 2844 3788 sanctorum
2893 3731 3156 3809 exemplis
3193 3729 3515 3787 reficiatur:

1928 3824 2000 3884 ne
2042 3825 2182 3884 forte
2238 3843 2410 3885 vacua
2461 3828 2754 3885 virtutibus
2803 3829 3039 3885 esuriem
3099 3828 3277 3882 anima
3325 3839 3518 3898 perpe-

1928 3927 2081 3978 tuam
2129 3921 2366 3990 sentiat,
2422 3922 2519 3978 sed
2570 3920 2824 3977 alimenta
2874 3919 3137 3992 spiritalia
3195 3931 3306 3976 sua:
3360 3917 3521 3974 saluti

1928 4014 2290 4086 competentia
2343 4015 2625 4088 acquirat,
2675 4021 2738 4069 ut
2791 4011 2992 4070 habeat
3058 4013 3200 4068 unde
3251 4010 3519 4067 veraciter

1926 4106 2097 4163 vivat.

2000 4199 2205 4255 Accidit
2257 4209 2454 4267 autem,
2497 4207 2557 4253 ut
2587 4210 2713 4271 ager
2738 4197 2827 4256 ille
2860 4198 3069 4254 haberet
3105 4196 3390 4252 Dcntinum
3423 4213 3518 4251 no—

1925 4296 2067 4350 mine
2107 4283 2273 4358 Booz,
2300 4293 2390 4364 qui
2437 4303 2550 4348 erat
2585 4293 2648 4347 de
2676 4292 2985 4363 cognatione
3023 4288 3330 4361 Elimcleclt.
3386 4287 3520 4343 Ecce

1922 4387 2034 4458 ipse
2055 4386 2290 4441 veniebat
2320 4385 2384 4440 de
2406 4383 2672 4440 Bethleem
2703 4386 2938 4455 dixitque
2954 4373 3269 4437 messoribtls
3291 4395 3309 4432 .'
3335 4380 3519 4434 Domi—
3573 4435 3576 4438 .

1926 4492 2025 4532 nus
2049 4477 2331 4531 vobiscum.
2353 4474 2458 4542 Qui
2482 4475 2859 4544 responderunt
2886 4475 2935 4527 ei
2957 4487 2975 4525 .°
3000 4471 3282 4526 Benedicat
3303 4469 3396 4526 tibi
3414 4469 3519 4526 Do-

1848 4599 1904 4660 D
1927 4567 2283 4636 minus.Ager
2307 4564 2398 4619 ille
2423 4563 2565 4619 Booz
2598 4577 2720 4619 esse
2746 4554 3090 4627 describitur,
3129 4563 3220 4632 qui
3270 4570 3389 4617 erat
3428 4577 3520 4617 co-

1929 4667 2127 4728 gnatus
2165 4655 2462 4712 Elimelccb
2487 4695 2502 4719 ,
2557 4653 2683 4726 quia
2715 4665 2902 4709 sancta
2941 4652 3182 4708 Ecclesia
3212 4652 3278 4707 ad
3308 4650 3516 4706 nullum

1931 4749 2092 4804 alium
2125 4747 2383 4819 pertinet,
2409 4746 2513 4803 nisi
2531 4749 2597 4802 ad
2621 4749 2908 4802 Dominum
2927 4746 3102 4802 solum
3125 4744 3332 4811 Jesum,
3358 4744 3511 4814 cujus

1931 4838 2269 4896 solummodo
2298 4852 2493 4908 sponsa
2515 4847 2570 4894 et
2589 4851 2785 4909 corpus
2810 4845 2914 4903 est,
2933 4833 2996 4893 de
3018 4851 3127 4907 quo
3151 4845 3205 4892 et
3228 4836 3514 4891 Psalmista
3575 4909 3577 4911 ι

1929 4929 2007 4985 ait
2033 4946 2046 4982 :
2074 4923 2356 4982 Fortitudo
2387 4945 2502 4983 mea
2535 4933 2584 4982 et
2619 4925 2856 4981 laudatio
2892 4944 3007 4982 mea
3053 4927 3305 4982 Dominus
3337 4923 3511 4998 (Psal.

1925 5011 2128 5094 cxvn).
2163 5021 2228 5076 Et
2259 5021 2386 5076 item
2413 5039 2425 5074 :
2459 5017 2715 5074 Dominus
2745 5019 2918 5090 fortis,
2959 5019 3214 5074 Dominus
3242 5027 3424 5087 potens
3459 5017 3514 5072 in

1924 5113 2107 5186 pra’lio
2156 5110 2328 5185 (Psal.
2358 5110 2536 5183 χχιιι).
2585 5110 2664 5166 De
2696 5125 2803 5181 quo
2829 5117 2884 5166 et
2922 5109 3223 5166 Hieremias
3253 5108 3328 5162 ait
3359 5125 3372 5162 :
3404 5101 3513 5162 Do-

1928 5204 2102 5258 minus
2143 5211 2346 5257 mecum
2390 5211 2486 5268 est,
2515 5209 2764 5273 tauquam
2799 5201 3018 5256 bellator
3045 5201 3196 5270 fortis
3227 5199 3360 5271 (Jer.
3394 5205 3508 5274 xx).

1925 5289 2046 5369 Ipse
2072 5302 2330 5367 cognatus
2354 5302 2474 5351 erat
2509 5285 2848 5361 Elimeiech,’
2873 5295 2998 5365 quia
3041 5293 3106 5348 de
3154 5293 3427 5349 Bethleem
3456 5302 3512 5349 et

1929 5388 1997 5444 de
2022 5388 2190 5458 stirpe
2222 5386 2389 5441 David
2433 5393 2624 5454 natus,
2653 5385 2959 5442 testimonia
3007 5385 3195 5448 habuit
3235 5399 3267 5439 a
3307 5384 3424 5455 lege
3456 5391 3512 5440 et

1927 5481 2244 5554 prophetis;
2301 5480 2391 5548 qui
2445 5479 2638 5534 salutis
2666 5477 2828 5533 verba
2879 5491 2989 5531 suae
3035 5474 3251 5532 familiae
3288 5475 3507 5545 attulit,

1927 5574 2054 5643 quia
2079 5574 2134 5626 in
2162 5570 2276 5639 ejus
2302 5570 2580 5625 nativitatc
2602 5569 2886 5624 multitudo
2912 5569 3117 5624 militia:
3155 5569 3392 5625 caelestis
3416 5583 3509 5625 ca-

1928 5665 2112 5726 nebat,
2157 5663 2340 5717 diccns
2385 5680 2397 5715 :
2436 5659 2621 5716 Gloria
2675 5660 2728 5713 in
2777 5657 2992 5713 excelsis
3020 5659 3150 5727 Dec,
3182 5669 3232 5714 et
3261 5661 3316 5713 in
3367 5667 3510 5714 terra

1927 5772 2035 5829 paa:
2059 5756 2352 5810 honunibus
2383 5756 2530 5810 bona:
2566 5751 2864 5807 voluntatis.
2909 5751 3007 5809 Cui
3036 5753 3200 5808 etiam
3226 5761 3352 5808 ante
3391 5766 3512 5824 pas-

1879 5917 1894 5933 ,
1931 5848 2141 5911 sionem
2161 5861 2316 5908 suam
2342 5845 2412 5907 ad
2441 5841 2780 5906 Hierusalem
2805 5840 3358 5962 dcsccndcnti‘tgrbg,
3387 5855 3516 5930 qua.
