3986 6348
526 400 663 459 1267

1206 394 1266 448 Β.
1308 390 1562 449 RABANI
1598 384 1817 448 MAURI
1855 386 2169 446 ARCHIEP.
2210 384 2514 447 MOCUNT.
2555 387 2837 447 OPERUM
2873 389 3052 446 PARS
3084 388 3105 444 Ι

526 521 855 576 convenerat
879 510 945 569 ad
973 512 1115 568 diem
1144 509 1341 567 festum
1373 498 1589 566 obviam
1614 525 1734 566 cum
1768 508 2018 565 laudibus
2039 515 2096 562 et
2120 507 2173 567 Α
2198 506 2397 565 dicavit
2427 508 2639 580 placere
2677 510 2782 565 sibi
2819 510 2962 579 quod
2988 516 3111 580 post
3137 514 3368 564 mortem
3394 506 3609 580 prioris
3634 508 3776 581 viri,

525 608 694 669 ramis
731 604 1030 677 palmarum
1070 601 1353 675 processit,
1397 601 1619 657 dicens:
1650 599 1960 655 Benedictus
2006 599 2095 670 qui

525 702 663 756 venit
689 700 746 752 in
775 696 982 751 nomine
1012 693 1226 749 Domini
1258 693 1484 764 (Matth.
1509 691 1645 765 χχι).

608 788 854 859 Dixitque
907 785 1052 840 Boos
1082 785 1300 855 juveni,
1345 783 1434 855 qui
1483 794 1703 856 prmerat
1740 783 2051 840 messoribus
2076 798 2097 840 :

522 878 693 948 Cujus
741 886 817 932 est
882 878 992 931 hinc
1051 872 1268 946 puella?
1321 873 1426 941 Qui
1484 874 1744 945 respondit
1790 890 1810 929 :
1850 872 1981 930 Htec
2025 883 2099 929 est

526 968 801 1035 Moabitis,
826 979 945 1038 quae
996 968 1132 1020 venit
1179 958 1297 1019 cum
1346 964 1534 1020 Noemi
1584 964 1648 1021 de
1692 966 1899 1037 regione
1944 964 2100 1021 Haa-

527 1061 719 1127 bitide,
763 1069 809 1113 et
860 1059 1060 1129 rogavit
1114 1066 1170 1111 ut
1212 1058 1383 1127 spicas
1428 1055 1688 1128 colligeret
1732 1067 2058 1112 remanentes
2082 1097 2099 1125 ,

526 1167 745 1225 sequens
785 1165 1070 1204 messorum
1097 1149 1348 1220 vestigia;
1385 1159 1433 1204 et
1465 1150 1528 1204 de
1559 1166 1712 1205 mane
1753 1166 1915 1222 usque
1961 1166 2100 1205 nunc

525 1250 630 1297 stat
668 1242 724 1295 in
766 1256 929 1312 agro,
963 1248 1011 1293 et
1041 1256 1104 1294 ne
1160 1239 1230 1293 ad
1274 1248 1589 1294 momentum
1634 1240 1841 1310 quidem
1887 1239 2102 1294 domum

527 1347 731 1388 reversa
767 1338 861 1393 est.
907 1328 1047 1396 Quid
1092 1338 1177 1385 est
1225 1329 1368 1401 quod
1409 1329 1554 1385 Booz
1604 1330 1905 1403 interrogat
1957 1332 2102 1403 prio—

526 1438 640 1479 rem
688 1435 988 1479 messorum
1029 1420 1095 1475 de
1140 1419 1325 1485 Ruth,
1380 1421 1523 1477 unde
1575 1422 1762 1478 esset?
1801 1421 1907 1477 nisi
1959 1422 2103 1492 quod

524 1513 853 1582 Redemptor
903 1520 1090 1566 noster
1125 1510 1417 1580 quemlibet
1459 1511 1526 1567 de
1578 1511 1855 1583 apostolis,
1898 1526 1996 1566 seu
2035 1510 2103 1568 de

523 1603 812 1678 praecipuis
843 1602 1155 1659 doctoribus
1194 1603 1287 1673 qui
1316 1603 1515 1659 minori
1542 1603 1733 1675 gradui
1759 1604 2102 1661 sacerdotum

522 1706 740 1768 praeest,
762 1695 918 1767 quasi
958 1694 1233 1766 ignorans,
1264 1695 1330 1750 de
1366 1695 1472 1751 ﬁde
1507 1696 1747 1767 gentium
1773 1695 2100 1763 sciscitatur,

523 1804 646 1843 cum
669 1794 931 1859 provocat
966 1801 1091 1841 eum
1138 1784 1205 1841 ad
1257 1785 1682 1841 annuntiandum
1736 1786 2102 1843 testimonium

2197 600 2300 656 hoc
2337 606 2421 656 est
2465 601 2666 657 erroris
2705 609 2868 672 atque
2909 599 3141 666 diaboli,
3190 599 3473 669 reliquerit
3518 610 3779 672 palentes

2197 708 2324 750 suos
2366 692 2675 749 idololatras
2701 701 2757 748 et
2782 697 2986 749 terram
3017 691 3317 747 nativitatis
3342 706 3492 759 sum,
3532 693 3779 749 carnalia

2197 786 2385 857 utique
2411 784 2709 852 desideria,
2760 793 2815 840 et
2862 783 3134 841 associare
3178 799 3240 840 se
3289 784 3779 856 appetivitpopulo

2198 887 2528 945 sanctorum,
2558 878 2650 948 qui
2678 876 2779 933 sibi
2804 884 2963 934 antea
2989 878 3209 948 ignotus
3234 876 3370 942 fuit,
3408 892 3541 933 cum
3580 877 3777 933 veteris

2198 967 2432 1023 hominis
2458 968 2806 1040 cupiditatem
2847 977 2901 1023 et
2939 976 3094 1023 actus
3127 969 3476 1038 sumebatur.
3529 967 3773 1033 Reddat,

2200 1058 2395 1128 inquit,
2422 1057 2518 1112 tibi
2541 1056 2799 1113 Dominus
2827 1075 2919 1129 pro
2950 1074 3101 1129 opere
3128 1067 3236 1121 tuo,
3270 1068 3321 1113 et
3338 1055 3561 1124 plenam
3588 1075 3778 1115 merce-

2199 1149 2316 1203 dem
2356 1149 2573 1219 recipias
2615 1166 2649 1203 a
2682 1149 2906 1204 Domino
2946 1146 3053 1204 Deo
3095 1148 3288 1203 Israel.
3338 1148 3485 1219 Opus
3520 1150 3778 1207 Ecclesia

2198 1246 2283 1295 est
2306 1237 2439 1295 ﬁdes
2458 1238 2689 1305 Christi;
2716 1240 2859 1295 unde
2884 1240 2999 1310 ipsa
3021 1240 3236 1295 Veritas
3258 1239 3317 1295 in
3341 1240 3630 1311 Evangelia
3656 1241 3778 1297 ait:

2201 1330 2317 1386 Hoc
2340 1340 2417 1385 est
2444 1348 2573 1402 opus
2598 1330 2716 1398 Dei,
2754 1341 2812 1386 ut
2852 1331 3078 1386 credatis
3106 1332 3163 1385 in
3190 1348 3311 1386 eum
3332 1348 3484 1403 quem
3516 1333 3661 1388 misit
3678 1332 3783 1391 ille

2202 1422 2381 1495 (Joan.
2408 1423 2507 1493 vi).
2560 1421 2684 1478 Hanc
2720 1421 2935 1492 plenam
2980 1423 3284 1479 mercedem
3325 1422 3571 1494 accipiet
3605 1439 3639 1478 a
3671 1423 3779 1481 Do-

2201 1515 2378 1581 mino,
2430 1514 2557 1586 quia
2603 1523 2726 1585 post
2774 1512 2985 1569 ﬁnitum
3030 1514 3317 1584 praesentis
3355 1514 3488 1569 vitae
3558 1514 3778 1571 aboren

2201 1614 2403 1661 aeterna
2432 1603 2530 1659 Dei
2556 1604 2764 1660 visione
2801 1602 3007 1675 perfrui
3042 1603 3345 1660 morabitur
3373 1604 3433 1658 in
3473 1602 3654 1674 gloria
3675 1617 3781 1659 cm-

2201 1695 2353 1762 lesti;
2404 1695 2547 1752 unde
2580 1693 2839 1749 Dominus
2876 1693 3134 1765 apostolis
3174 1693 3288 1748 suis
3334 1693 3411 1747 ait
3434 1708 3455 1745 :
3497 1691 3702 1759 Petito,
3733 1700 3779 1747 et

2202 1787 2488 1858 accipietis,
2511 1794 2567 1840 ut
2588 1785 2839 1857 gaudium
2862 1798 3088 1840 vestrum
3108 1786 3177 1840 sit
3199 1784 3413 1856 plenam
3434 1784 3632 1856 (Im.
3653 1785 3777 1858 ππ).

528 1878 652 1935 ﬁdei
696 1886 752 1933 et
777 1878 1030 1948 operibus
1072 1875 1326 1932 Ecclesiae
1368 1877 1629 1947 gentium.
1666 1875 1935 1933 Instanter
1973 1894 2103 1951 ergo
2130 1862 2180 1923 Β
2204 1876 2333 1932 Haec
2371 1889 2582 1931 merces
2618 1874 2872 1931 reddetur
2903 1873 3155 1930 Ecclesiae
3194 1878 3249 1929 a'
3271 1875 3386 1931 Deo
3432 1875 3611 1931 Israel
3631 1916 3648 1941 ,
3690 1878 3778 1933 sub

523 1977 648 2039 post
675 1977 963 2035 metentes,
992 1968 1097 2024 hoc
1124 1974 1207 2023 est
1235 1968 1619 2039 praedicatores
1648 1969 1907 2040 mysteria
1951 1969 2103 2026 Scri-

524 2068 805 2130 pturarum
842 2059 1157 2133 colligentes
1210 2068 1397 2116 sancta
1426 2059 1667 2118 Ecclesia
1707 2069 2020 2132 perseverat
2048 2062 2107 2119 in

530 2164 663 2221 agro
712 2149 959 2206 lectionis
1009 2150 1238 2217 divinze,
1295 2156 1565 2222 quatenus
1605 2151 1884 2224 recolligat
1926 2152 1983 2206 in
2026 2151 2105 2207 si-

527 2258 657 2296 num
698 2243 896 2298 mentis
925 2258 1035 2298 suae
1070 2244 1378 2299 testimonia
1400 2253 1563 2315 atque
1585 2245 1829 2316 exempla
1843 2245 2106 2301 virtutum

527 2350 640 2389 sum
655 2333 815 2389 saluti
838 2333 1187 2403 sufﬁcientia;
1217 2345 1271 2391 et
1291 2338 1394 2393 hoc
1423 2338 1537 2408 agit
1559 2351 1591 2391 a
1617 2352 1777 2393 mane
1794 2336 2108 2393 illucescen-

526 2428 600 2500 tis
629 2425 753 2479 ﬁdei
776 2443 945 2497 usque
976 2427 1041 2481 ad
1066 2428 1453 2497 perfectionem
1485 2430 1569 2485 sui
1600 2429 1780 2500 cperis
1813 2426 1972 2496 boni;
2007 2445 2108 2487 nec

530 2498 600 2570 ad
631 2515 851 2591 domum
882 2518 1282 2587 superstitionis
1308 2518 1559 2591 antiquae,
1592 2498 1733 2575 unde
1760 2535 1978 2593 egressa
2001 2529 2106 2590 est,

526 2624 763 2681 unquam
808 2609 1130 2679 revertitur;
1176 2611 1303 2683 quia
1344 2627 1409 2667 ea
1440 2626 1560 2684 qua:
1592 2620 1740 2669 retro
1767 2622 1894 2670 sunt
1915 2615 2110 2672 oblivi-

527 2712 711 2762 scens,
736 2695 792 2751 in
834 2698 1109 2753 anteriora
1136 2714 1196 2755 se
1220 2700 1479 2765 extendit,
1511 2700 1557 2757 si
1600 2718 1707 2774 quo
1732 2704 1893 2761 modo
1922 2718 2110 2776 perve-

525 2787 645 2847 niat
669 2787 737 2842 ad
756 2785 1006 2844 bravium
1035 2805 1281 2862 superna:
1305 2791 1630 2848 vocationis.

1112 2903 1342 2963 CAPUT
1392 2904 1504 2963 VII.

464 2964 473 2971 .
524 2988 858 3066 ,Quodpoos
874 2968 1206 3066 jubet‘Rutlt
1244 2995 1300 3051 in
1320 3011 1449 3066 agro
1488 3013 1585 3053 suo
1614 2998 1727 3054 sine
1750 2996 1989 3054 molestia
2019 3015 2110 3056 cu-

586 3060 808 3185 itltijlii‘bet
835 3060 1006 3134 spicas
1049 3063 1310 3135 colligere,
1340 3060 1557 3141 Eamque
1605 3067 1675 3122 ad
1708 3070 1988 3139 prandium
2025 3086 2109 3125 vo-

597 3239 774 3331 (lmn.)
810 3239 959 3299 Unde
995 3254 1044 3300 et
1074 3244 1222 3303 Boos
1251 3248 1323 3302 ad
1346 3246 1485 3305 Ruth
1522 3249 1599 3305 ait
1623 3260 1643 3302 :
1668 3250 1829 3331 Audi,
1856 3250 2002 3319 ﬁlia,
2136 3205 2183 3269 Ο

528 3330 689 3385 vadas
727 3332 797 3386 ad
841 3333 1188 3404 colligendum
1238 3338 1295 3390 in
1329 3338 1552 3393 alterum
1600 3330 1823 3410 agrum,
1880 3358 1972 3397 nec
2028 3359 2110 3398 re—

526 3420 683 3477 cedas
718 3423 784 3477 ab
810 3422 909 3478 hoc
930 3422 1065 3480 loco.
1092 3426 1321 3498 Iungere
1351 3427 1538 3498 puellis
1567 3431 1728 3495 meis,
1779 3439 1828 3484 et
1855 3431 1944 3485 ubi
1975 3448 2110 3487 mes-

529 3508 749 3573 suerint,
781 3525 1011 3581 sequere.
1045 3509 1301 3565 Mandavi
1337 3513 1477 3567 enim
1505 3513 1680 3587 pueris
1703 3515 1835 3571 meis
1860 3525 1918 3571 ut
1956 3534 2107 3573 nemo

525 3601 620 3655 tibi
674 3600 923 3658 molestus
973 3605 1062 3658 sit.
1124 3602 1228 3659 Sed
1280 3607 1437 3661 etiam
1489 3609 1536 3662 si
1580 3609 1807 3677 sitieris,
1863 3611 1992 3666 vade
2039 3613 2110 3668 ad

524 3691 852 3769 sarcinulas,
905 3700 953 3749 et
994 3694 1107 3751 bibe
1160 3712 1325 3769 aquas
1347 3738 1363 3765 ,
1414 3698 1479 3755 de
1512 3700 1699 3771 quibus
1746 3712 1797 3757 et
1831 3704 1983 3774 pueri
2033 3705 2112 3760 bi-

525 3782 674 3839 bunt.
726 3781 854 3842 Haec
890 3786 1086 3861 quippe
1133 3788 1299 3847 verba
1348 3790 1482 3848 nulli
1540 3792 1734 3852 melius
1784 3797 2111 3857 conveniunt

464 3874 478 3957 ξ
524 3891 687 3947 quam
733 3876 1081 3951 Redemptori
1122 3890 1330 3952 nostro,
1366 3885 1461 3957 qui
1487 3885 1631 3958 plebi
1677 3888 1745 3945 de
1799 3890 2110 3948 nationibus

525 3968 594 4024 ad
646 3983 706 4025 se
749 3971 1088 4028 convenienti
1143 3975 1376 4033 suadens
1430 3978 1705 4051 prmeipit,
1751 3995 1823 4038 ne
1875 3981 1945 4038 ad
1998 3998 2112 4040 mo-

523 4067 768 4116 mentum
817 4061 1035 4133 quidem
1086 4079 1119 4120 a
1168 4073 1318 4123 statu
1371 4076 1535 4125 rectae
1578 4067 1706 4127 ﬁdei
1765 4071 1999 4131 declinet
2022 4122 2028 4141 ,
2051 4075 2109 4131 in

526 4163 741 4205 errores
786 4152 1189 4221 haereticorum,
1244 4164 1409 4226 atque
1453 4159 1924 4218 schismaticorum
1945 4204 1963 4232 ,
2013 4164 2111 4221 sed

526 4240 701 4308 magis
725 4239 918 4311 jungat
956 4255 1016 4296 se
1058 4246 1262 4301 sanctis
1289 4246 1595 4317 animabus,
1639 4267 1776 4322 quas
1799 4252 2109 4327 signiﬁcant

528 4328 720 4403 puella:
740 4330 903 4400 Booz,
931 4341 992 4387 ut
1011 4332 1084 4388 ibi
1104 4341 1311 4391 metant
1323 4338 1414 4393 ubi
1431 4339 1534 4395 illae
1553 4345 1900 4411 messuerint,
1920 4347 2110 4418 utique

436 4428 469 4507 '_
527 4422 835 4495 Scripturas
880 4441 1066 4484 sacras
1092 4426 1403 4486 meditando
1430 4436 1486 4486 et
1513 4430 1670 4488 bonis
1714 4436 1970 4505 operibus
2012 4453 2108 4495 eas

526 4516 830 4624 implendo,
887 4520 1076 4624 sitique
1123 4519 1377 4578 haustum
1438 4524 1718 4595 sapientiae
1775 4527 1975 4587 divinae
2037 4546 2105 4593 ex

541 4604 674 4687 ibi-is
691 4609 922 4664 duorum
935 4608 1427 4682 Testamentorum,
1440 4616 1584 4672 unde
1603 4617 1758 4688 pueri
1778 4619 1863 4676 sui
1888 4619 2101 4692 bibunt,

526 4700 701 4754 sancti
723 4696 974 4757 videlicet
996 4701 1264 4771 doctores,
1281 4712 1337 4761 et
1360 4704 1480 4776 ipsa
1505 4706 1794 4765 salubriter
1824 4710 1996 4767 bibat.

598 4788 731 4856 Quae
757 4792 947 4846 cadens
974 4792 1030 4848 in
1056 4794 1245 4864 faciem
1273 4813 1447 4864 suam,
1481 4808 1531 4853 et
1557 4799 1787 4857 adorans
1817 4819 1975 4875 super
2001 4813 2106 4861 ter-

526 4895 662 4953 ram,
707 4876 842 4935 dixit
883 4880 951 4934 ad
991 4897 1147 4937 eum:
1179 4880 1326 4940 Unde
1371 4886 1468 4942 hoc
1510 4888 1676 4957 mihi,
1724 4901 1781 4945 ut
1820 4893 2106 4951 invenirem

524 4971 752 5043 gratiam
778 4980 899 5026 ante
922 4973 1099 5027 oculos
1127 4983 1263 5045 tuos,
1285 4983 1336 5033 et
1361 4993 1511 5034 nosse
1537 4994 1617 5035 me
1640 4980 1934 5053 dignareris
1958 5003 2106 5057 pere-

526 5064 732 5133 grinam
760 5060 1073 5119 mulierem?
1102 5064 1200 5122 Cui
1227 5066 1318 5125 ille
1343 5066 1658 5143 respondit:
1692 5068 1956 5130 Nuntiata
1979 5087 2102 5133 sunt

527 5153 655 5207 mihi
683 5155 879 5220 omnia,
911 5169 1027 5225 qua:
1056 5152 1238 5222 feceris
1263 5161 1435 5213 socrui
1474 5168 1582 5215 tum
1612 5167 1730 5232 post
1755 5171 1975 5218 mortem
2001 5165 2103 5221 viri

525 5244 629 5311 tui,
667 5253 715 5300 et
752 5246 889 5318 quod
921 5244 1256 5316 dereliqueris
1282 5260 1520 5319 parentes
1561 5262 1680 5309 tuos
1724 5261 1774 5309 et
1814 5263 2009 5312 terram
2044 5260 2103 5316 in

526 5352 632 5419 qua
658 5344 782 5390 nata
805 5353 882 5401 es,
908 5347 954 5392 et
977 5336 1174 5393 veneris
1198 5335 1268 5392 ad
1290 5340 1537 5410 populum
1558 5360 1712 5415 quem
1732 5353 1885 5401 antea
1908 5351 2105 5405 nescie-

529 5425 641 5479 bas.
688 5424 894 5481 Reddat
923 5428 1015 5481 tibi
1040 5427 1297 5483 Dominus
1338 5445 1432 5500 pro
1471 5450 1620 5503 opere
1646 5445 1758 5504 tuo,
1804 5446 1853 5493 et
1890 5438 2101 5509 plenam

524 5517 815 5574 mercedem
861 5519 1080 5591 recipias
1127 5538 1160 5575 a
1201 5520 1425 5576 Domino
1462 5522 1572 5579 Deo
1618 5525 1792 5584 Israel
1835 5530 1906 5584 ad
1949 5549 2104 5603 quem

527 5613 736 5679 venisti,
774 5622 821 5667 et
850 5612 943 5666 sub
980 5612 1131 5683 cujus
1164 5615 1445 5687 confugisti
1480 5614 1615 5673 alas.
1667 5620 1890 5681 Gratias
1931 5627 2104 5683 r'el'ert

528 5702 770 5758 Ecclesia
816 5704 1058 5774 gentium
1105 5703 1375 5761 Salvatori
1401 5749 1416 5773 ,
1470 5709 1615 5778 quod
1659 5725 1778 5768 eam
1827 5717 2099 5787 respicere

528 5792 914 5850 misericordiae
951 5807 1061 5850 sum
1090 5791 1286 5852 intuitu
1315 5796 1567 5871 dignatus
1589 5808 1713 5859 est:
1754 5803 1841 5862 cui
1879 5805 1969 5863 ille
2007 5807 2095 5866 in-

2207 1972 2359 2040 cujus
2395 1971 2511 2041 ipsa
2546 1967 2790 2041 confugit
2823 1967 2955 2024 alas.
3006 1966 3120 2024 Ala:
3149 1968 3348 2041 quippe
3381 1968 3482 2025 Dei
3516 1978 3652 2026 sunt
3682 1969 3781 2025 duo

2206 2059 2574 2127 Testamenta,
2605 2060 2703 2116 sub
2732 2060 2928 2130 quibus
2961 2060 3200 2131 protegit
3230 2074 3445 2126 omnes,
3476 2061 3578 2132 qui
3607 2060 3780 2118 confu-

2207 2151 2360 2223 giunt
2385 2151 2453 2207 ad
2478 2165 2540 2207 se
2562 2150 2814 2207 Christus
2838 2152 3148 2222 unigenitus
3173 2151 3273 2206 Dei
3298 2151 3497 2217 Filius,
3530 2153 3604 2208 ad
3632 2168 3778 2223 quas

2205 2242 2492 2300 Psalmista
2511 2243 2883 2301 desideranter
2902 2242 2980 2299 ait
3003 2260 3016 2299 :
3046 2243 3114 2298 In
3134 2244 3326 2299 umbra
3348 2244 3563 2300 alarum
3582 2256 3779 2301 tum

2207 2350 2377 2404 spero,
2404 2334 2568 2389 donec
2596 2342 2829 2390 transeat
2856 2335 3107 2407 iniquitas
3130 2332 3308 2408 (Psat.
3332 2336 3471 2405 xvi).

2278 2420 2412 2488 Qua:
2436 2422 2512 2477 ait
2533 2436 2553 2475 :
2583 2422 2768 2478 Inveni
2795 2424 3020 2494 gratiam
3050 2432 3171 2478 ante
3199 2423 3389 2479 oculos
3415 2434 3549 2491 tuos,
3570 2425 3779 2481 Domine

2207 2515 2304 2581 mi,
2328 2510 2418 2586 qui
2446 2514 2745 2570 consolatus
2772 2531 2828 2571 es
2852 2532 2955 2579 me,
2983 2525 3034 2571 et
3061 2514 3340 2571 locutuses
3369 2517 3445 2570 ad
3474 2534 3564 2571 cor
3583 2516 3781 2573 ancilla

2208 2615 2334 2672 tute,
2372 2623 2492 2678 qua:
2528 2622 2633 2663 non
2658 2623 2779 2663 sum
2806 2606 2996 2671 similis
3026 2606 3186 2663 unius
3223 2605 3531 2677 puellarum
3561 2616 3777 2662 tuarum.

2208 2696 2305 2753 liis
2328 2697 2508 2753 verbis
2546 2698 2825 2754 humilitas
2862 2696 3117 2753 Ecclesia
3152 2713 3222 2755 ex
3256 2700 3523 2769 gentibus
3556 2698 3782 2756 dedan-

2156 2796 2161 2803 ‘
2207 2794 2318 2854 tur,
2344 2801 2465 2857 quae
2491 2798 2552 2845 se
2578 2787 2843 2857 imparem
2874 2794 3038 2843 tanta:
3063 2788 3254 2860 gratias
3280 2798 3587 2854 asseverat,
3613 2803 3711 2844 nec
3728 2801 3785 2843 se

2208 2878 2464 2937 Ecclesia:
2502 2878 2790 2950 primitiva:
2823 2879 2891 2935 de
2922 2876 3122 2935 Judmis
3148 2878 3335 2951 aliquo
3360 2880 3528 2936 modo
3555 2879 3784 2950 mqnipa-

2209 2985 2334 3026 rare
2377 2970 2559 3027 audet.
2610 2969 2765 3027 Unde
2791 2970 2845 3025 in
2874 2968 3164 3042 Evangelia
3190 2971 3296 3026 sub
3320 2977 3457 3043 typo
3482 2970 3789 3028 Chartam

2209 3060 2455 3118 mulieris
2500 3061 2731 3119 Domino
2777 3062 2997 3118 dicent:
3046 3061 3172 3117 Non
3223 3072 3299 3119 est
3347 3064 3545 3119 bonum
3592 3077 3790 3119 sollers

2212 3169 2401 3224 panem
2419 3152 2673 3222 ﬁliorum,
2691 3161 2741 3207 et
2759 3154 2961 3210 mittere
2978 3153 3197 3210 canibus
3209 3172 3233 3221 ;
3248 3157 3557 3226 respondit,
3575 3157 3758 3213 dicens
3772 3174 3790 3211 :

2213 3242 2413 3311 Etiam,
2452 3242 2696 3311 Domine,
2740 3262 2863 3301 nam
2904 3254 2955 3301 et
2976 3246 3174 3327 -catelli
3214 3247 3378 3303 edunt
3402 3249 3474 3302 de
3501 3250 3657 3304 micis
3680 3265 3793 3321 qu

2210 3333 2406 3388 eadunt
2446 3332 2512 3389 de
2553 3348 2735 3390 mensa
2774 3336 3112 3391 dominorum
3155 3354 3363 3391 suorum
3404 3337 3631 3410 (Matth.
3677 3340 3795 3410 xv).

2209 3420 2347 3478 Hinc
2369 3430 2423 3477 et
2442 3424 2687 3480 centurio
2704 3426 3052 3494 praesentiam
3066 3424 3277 3483 Domini
3291 3426 3366 3481 ad
3380 3441 3448 3482 se
3461 3427 3551 3483 ire
3563 3427 3795 3484 volentis

2209 3516 2585 3581 reverebatur,
2635 3514 2862 3573 dicens:
2906 3516 3154 3586 Domine,
3196 3536 3303 3575 non
3343 3536 3463 3574 sum
3505 3520 3699 3591 dignus
3738 3528 3795 3574 at

2210 3606 2372 3660 intres
2411 3606 2507 3660 sub
2537 3614 2731 3661 tectum
2766 3623 2979 3664 meum:
3014 3609 3108 3664 sed
3144 3617 3356 3665 tantum
3391 3609 3481 3664 dic
3518 3610 3703 3675 verba,
3745 3616 3795 3665 et

2210 3697 2487 3752 sanabitur
2510 3713 2641 3770 puer
2664 3715 2812 3755 meus
2836 3698 3053 3770 (Matth.
3077 3700 3222 3774 vin).

2281 3786 2529 3860 Dixitque
2556 3789 2628 3845 ad
2652 3804 2768 3846 eam
2793 3788 2978 3847 Boos:
3008 3790 3237 3858 Quando
3262 3794 3398 3849 hora
3420 3795 3659 3850 vescendi
3685 3794 3793 3865 fue-

2210 3880 2298 3947 rit,
2329 3881 2445 3937 veni
2467 3881 2592 3951 lauc,
2621 3892 2673 3939 et
2699 3884 2909 3939 comede
2935 3900 3145 3955 panem,
3171 3894 3223 3939 et
3248 3884 3494 3957 intingue
3517 3884 3792 3940 lutcch

2211 3978 2361 4026 tuam
2388 3971 2445 4027 in
2470 3979 2638 4028 aceto.
2682 3970 2827 4030 Bora
2851 3974 3048 4046 quippe
3072 3976 3330 4032 vescendi
3354 3976 3557 4043 fuerat,
3582 3975 3790 4048 quando

2208 4069 2334 4136 post
2376 4065 2833 4123 resurrectionem
2876 4080 3031 4124 suam
3066 4066 3336 4124 Dominus
3368 4068 3650 4141 discipulis
3683 4068 3791 4124 suis

2208 4154 2489 4226 praecepit,
2511 4155 2733 4212 dicens:
2766 4154 2871 4224 Ite,
2894 4156 3075 4213 docete
3098 4173 3278 4214 omnes
3302 4166 3509 4230 gentes,
3533 4159 3790 4229 baptismi-

2209 4254 2285 4300 tes
2320 4261 2408 4301 eas
2444 4246 2502 4301 in
2530 4247 2740 4302 nomine
2770 4247 2974 4314 Patris,
3002 4256 3052 4303 et
3079 4244 3235 4314 Filii,
3265 4258 3316 4303 et
3346 4248 3575 4320 Spiritus
3597 4246 3791 4314 sancti,

2209 4338 2451 4393 docentes
2475 4355 2562 4394 eos
2586 4354 2792 4394 servare
2817 4340 2993 4394 omnia
3016 4353 3357 4412 quiscunque
3384 4340 3630 4394 mndavi
3655 4337 3793 4393 vobis

2210 4427 2426 4500 (Matth.
2453 4429 2669 4502 nvm).
2701 4428 2877 4486 Antea
2903 4444 3032 4500 ergo
3059 4429 3269 4485 dictum
3297 4436 3382 4485 est
3405 4429 3489 4483 eis
3513 4447 3530 4482 :
3552 4425 3625 4481 In
3653 4427 3795 4481 viast

2209 4519 2443 4590 gentium
2480 4536 2545 4574 ne
2581 4519 2837 4588 abieritis,
2878 4528 2927 4575 et
2961 4518 3020 4573 in
3055 4518 3295 4575 civitates
3329 4518 3794 4576 Samaritanorum

2212 4629 2275 4668 ne
2301 4611 2610 4668 introieritis
2642 4612 2859 4686 (Matth.
2882 4612 2963 4684 χ).
2981 4610 3251 4684 Intingue,
3269 4612 3471 4682 inquit,
3496 4609 3797 4667 bucceilam

2210 4710 2362 4759 tuam
2388 4703 2442 4759 in
2465 4711 2638 4760 aceto.
2672 4703 2812 4770 Quid
2834 4704 2967 4777 ergo
2989 4718 3088 4774 per
3108 4712 3347 4772 acetum,
3376 4704 3488 4759 nisi
3507 4703 3600 4759 lex
3622 4708 3794 4768 vetns.

2211 4794 2556 4866 exprimitur,
2593 4809 2712 4865 qua:
2741 4793 2834 4849 diu
2870 4794 2927 4849 in
2962 4793 3163 4865 populo
3196 4794 3381 4865 priore
3418 4807 3796 4867 perseverans.

2210 4885 2609 4942 Pharisaeorum
2638 4883 3021 4941 traditionibus
3044 4890 3303 4956 compta
3318 4924 3336 4949 ,
3364 4885 3616 4941 nativum
3642 4897 3801 4955 sapo-

2212 4989 2330 5032 rem
2356 4990 2578 5032 servare
2603 4988 2712 5030 non
2739 4973 2958 5044 potuit?
3002 4972 3237 5030 Jubetur
3260 4988 3395 5046 ergo
3422 4973 3716 5040 Ecclesia,
3739 4978 3804 5027 It

2209 5062 2480 5139 intinguat
2526 5064 2824 5122 buccellam
2874 5079 3028 5122 suam
3075 5065 3133 5120 in
3180 5072 3370 5132 aceto,
3423 5065 3532 5120 hoc
3570 5071 3693 5127 est,
3742 5070 3807 5117 ut

2208 5161 2527 5232 mysterium
2578 5159 2971 5217 incarnationis
3020 5158 3227 5216 Christi
3274 5160 3457 5216 discat
3503 5160 3563 5217 in
3614 5157 3811 5214 Veteri

2210 5251 2557 5309 Testamento
2585 5265 2705 5308 esse
2735 5251 3157 5324 praenuntiatum
3176 5293 3194 5319 ,
3234 5260 3291 5308 et
3330 5266 3399 5309 eo
3436 5250 3637 5307 fortium
3672 5248 3814 5305 illud

2208 5340 2314 5398 fide
2342 5350 2560 5412 teneat,
2590 5357 2699 5414 quo
2727 5351 2841 5400 tam
2872 5342 3031 5415 longe
3056 5351 3217 5401 antea
3242 5342 3677 5415 prmﬂgnratnm
3699 5354 3817 5400 non

2207 5437 2438 5508 ignorat.

2280 5525 2431 5583 Sedit
2451 5526 2630 5598 itaque
2652 5524 2723 5581 ad
2743 5541 3035 5582 messorum
3046 5526 3211 5594 latus,
3229 5537 3281 5582 et
3302 5527 3572 5599 congessit
3597 5524 3821 5599 potestte

2206 5617 2327 5685 sibi,
2359 5618 2699 5691 comedilque,
2734 5626 2784 5673 et
2815 5626 3056 5675 saturata
3081 5626 3178 5684 est,
3213 5613 3263 5674 et
3288 5618 3413 5673 tulit
3436 5616 3719 5688 reliquias
3742 5624 3824 5670 at-

2205 5731 2306 5788 que
2340 5716 2591 5783 surrexit,
2630 5722 2690 5769 ut
2727 5714 2899 5786 spicas
2932 5730 2999 5770 ea:
3029 5730 3174 5769 more
3200 5712 3487 5785 colligeret.
3528 5713 3631 5768 Ad
3676 5711 3825 5767 latus

2206 5823 2338 5878 ergo
2373 5821 2674 5869 messorum
2710 5805 2856 5867 Ruth
2894 5805 3035 5869 sedit
3057 5847 3072 5877 ,
3124 5820 3247 5864 cum
3278 5800 3571 5878 gentilitas
3606 5801 3827 5863 sanctis
