3986 6348
284 386 435 449 Μ

1408 370 1761 432 COMMENT.
1802 368 1871 427 IN
1909 369 2169 433 LIBRUM
2209 368 2420 435 RUTIL

3402 363 3543 424 1210

289 501 737 579 praedicatoribus
756 512 853 570 per
872 493 1036 553 ﬁdem
1055 506 1114 550 se
1134 487 1442 559 coniunxit;
1472 484 1746 579 congessit
1765 482 1865 579 sibi
1894 486 1947 544 Α
1971 484 2291 555 manipulos,
2334 484 2529 555 quibus
2563 480 2791 547 viveret,
2831 475 3132 551 colligebat,
3156 491 3293 549 quos
3315 479 3547 537 venien-

288 574 533 671 polenta,
563 608 690 651 cum
715 590 927 662 singula
954 586 1120 645 verba
1148 598 1268 655 quae
1292 579 1520 643 audivit,
1555 574 1734 633 subtili
1765 574 1873 629 dis-

291 689 535 747 cretione
568 683 824 750 rimavit;
881 678 1150 744 comedit,
1204 682 1259 731 et
1303 677 1545 728 saturata
1590 676 1705 731 cst,
1752 679 1875 719 cum

294 777 581 837 scientiam
607 774 804 831 divinat
828 771 963 841 legis
986 769 1180 824 devota
1206 770 1389 819 mente
1411 772 1705 830 capescens
1732 753 1875 809 salu-

293 873 468 929 briter
503 869 709 928 refecta
741 874 865 925 est:
916 863 1041 919 tulit
1086 857 1363 929 reliquias,
1414 862 1571 921 atque
1620 848 1766 915 inde,
1814 848 1875 901 ut

293 966 477 1037 spicas
514 977 583 1018 ex
622 973 776 1017 more
803 956 1112 1025 colligeret,
1152 946 1424 1012 surrexit,
1454 942 1579 1015 quia
1620 940 1676 995 in
1712 936 1877 993 corde

295 1030 538 1111 retinens
563 1048 729 1104 verba
757 1061 878 1118 qnze
919 1041 1168 1105 audivit,
1214 1046 1275 1092 ut
1301 1032 1531 1105 °maiora
1572 1030 1876 1102 perciperet

295 1147 567 1203 instanter
590 1139 900 1199 meditando
923 1120 1225 1191 laboravit.

367 1234 626 1304 Prtecepit
657 1238 832 1286 autem
858 1225 1005 1281 Boos
1028 1222 1205 1294 pueris
1231 1220 1365 1285 suis,
1395 1218 1572 1273 dicens
1598 1228 1616 1268 :
1647 1213 1876 1271 Etiamsi

274 1324 564 1381 ,cobiscum
594 1329 784 1375 metere
812 1315 1037 1372 uoluerit
1075 1330 1140 1368 ne
1176 1309 1495 1382 prohibeatis
1526 1323 1641 1361 eam
1660 1323 1681 1372 ;
1724 1315 1771 1359 et
1811 1304 1877 1359 de

278 1417 480 1473 .nestris
518 1428 724 1486 quoque
760 1406 1046 1479 manipulis
1091 1403 1330 1475 projicite
1374 1401 1438 1455 de
1484 1398 1781 1463 industria,
1828 1405 1876 1451 et

294 1523 562 1564 remanere
598 1502 912 1575 permittite,
963 1507 1011 1553 et
1058 1496 1252 1566 absque
1300 1493 1491 1547 rubore
1538 1489 1780 1561 colligat,
1826 1496 1875 1543 et

292 1598 620 1667 colligentem
649 1607 798 1647 nemo
823 1588 1094 1659 corripiat.
1124 1583 1451 1655 Agnoscitur
1477 1579 1653 1649 pietas
1678 1576 1875 1648 patris-

296 1688 554 1753 familias,
576 1684 671 1756 qui
698 1681 1077 1738 advenientem
1102 1677 1171 1733 ad
1199 1692 1260 1731 se
1285 1674 1571 1745 mysticam
1595 1669 1740 1725 Ruth
1767 1685 1873 1726 non

294 1778 469 1834 solum
510 1775 731 1831 relictas
770 1772 948 1841 spicas
988 1766 1422 1823 testimoniorum
1459 1762 1713 1833 colligere
1749 1776 1873 1831 per-

295 1865 485 1930 misit,
529 1862 661 1933 quin
690 1837 854 1917 etiam
892 1855 1195 1927 manipulos
1223 1852 1463 1910 scientiae
1494 1852 1779 1921 insperatae
1803 1863 1871 1905 ex
1898 1837 1946 1896 Β

292 1955 548 2026 largitate
583 1967 681 2009 sua
717 1951 938 2020 insuper
964 1947 1110 2002 ultro
1148 1942 1419 2014 expendit.
1471 1942 1538 1996 Et
1573 1948 1700 1995 nota
1730 1938 1873 2010 quod

295 2049 502 2116 absque
521 2044 720 2099 rubore
741 2056 861 2097 eam
882 2038 1135 2111 colligere
1160 2033 1437 2107 praecepit,
1460 2041 1516 2087 et
1541 2040 1599 2086 ut
1621 2029 1874 2100 colligen-

294 2144 407 2197 tem
440 2150 603 2193 nemo
635 2139 890 2204 spernat;
938 2130 1067 2203 quia
1110 2127 1261 2187 rudis
1302 2125 1474 2197 plebis
1502 2123 1874 2178 inﬁrmitatem

242 2286 249 2291 ,
293 2241 407 2283 non
432 2224 684 2297 despicit,
713 2237 816 2279 nec
844 2220 1091 2293 pristina:
1118 2218 1243 2271 vitae
1271 2229 1487 2272 errores
1520 2213 1569 2268 ei
1603 2214 1872 2282 imprope-

294 2329 422 2369 rare
450 2328 726 2370 conversae
749 2309 1049 2382 permittit;
1089 2304 1185 2363 sed
1214 2302 1381 2361 studii
1408 2301 1493 2361 sui
1525 2300 1875 2374 sagacitatem

293 2403 592 2467 etiicaaiam
618 2403 820 2461 habere
847 2399 1114 2459 concedit.

884 2535 1114 2594 CAPUT
1149 2534 1283 2591 VIII.

298 2633 377 2689 De
403 2650 462 2689 eo
487 2630 625 2705 quod
653 2629 796 2687 Ruth
823 2644 985 2705 usque
1013 2628 1379 2705 ad'vesperam
1406 2626 1464 2679 in
1489 2639 1619 2705 agro
1648 2638 1744 2705 suo
1767 2639 1878 2705 mo:

369 2695 516 2770 rans,
565 2711 615 2756 et
659 2716 778 2773 quis
825 2695 1102 2769 collegerat
1144 2695 1291 2767 virga
1334 2695 1634 2773 amem,
1682 2695 1877 2751 invenit

367 2784 471 2831 tres
504 2766 714 2831 modios
757 2786 890 2842 quos
928 2766 1144 2841 portans
1188 2766 1393 2827 reuersa
1436 2774 1513 2827 est
1557 2766 1627 2833 ad
1669 2780 1877 2821 socrum

368 2861 539 2900 suam.

370 2956 549 3029 ante.)
585 2954 805 3026 Collegit
835 2970 957 3027 ergo
988 2953 1049 3009 in
1079 2968 1210 3026 agro
1235 2968 1401 3025 usque
1423 2950 1493 3006 ad
1519 2965 1804 3021 vesperam,
1830 2956 1878 3002 et

296 3064 415 3118 quae
428 3045 707 3118 collegerat
727 3045 873 3115 virga
892 3045 1097 3101 eadem
1118 3052 1169 3103 et
1190 3043 1478 3110 excutiens,
1492 3040 1689 3097 invenit
1697 3038 1880 3093 hordei

294 3138 450 3210 quasi
478 3138 594 3208 ephi
622 3151 944 3202 mensuram,
979 3134 1033 3189 id
1066 3143 1165 3203 est,
1195 3142 1299 3189 tres
1326 3132 1553 3198 modios,
1587 3146 1719 3201 quos
1751 3144 1878 3200 por-

238 3292 245 3295 _
298 3195 417 3283 lans
443 3242 651 3282 reversa
675 3234 751 3280 est
782 3225 839 3279 in
864 3195 1163 3289 civitatem,
1187 3233 1235 3280 et
1274 3222 1498 3278 ostendit
1535 3195 1714 3276 socrui
1743 3195 1877 3289 sum.
1907 3195 1952 3258 C

297 3316 527 3389 Insuper
549 3316 769 3390 protulit
805 3324 854 3373 et
890 3315 1033 3372 dedit
1061 3316 1110 3370 ei
1136 3315 1201 3370 de
1230 3313 1462 3385 reliquiis
1501 3311 1601 3366 cibi
1638 3311 1738 3375 sui,
1775 3323 1879 3381 quo

298 3414 541 3461 saturata
567 3405 759 3473 fuerat.
808 3405 1027 3461 Excutit
1064 3404 1214 3463 Ruth
1255 3404 1323 3460 de
1362 3401 1652 3473 manipulis
1683 3414 1878 3472 grana.

302 3509 427 3550 cum
466 3501 653 3551 saneta
691 3492 934 3549 Ecclesia
956 3493 1110 3562 virga
1149 3493 1496 3549 discretionis
1529 3507 1749 3546 sensum
1773 3489 1884 3559 spi-

228 3644 237 3651 ,
303 3583 515 3639 ritalcm
561 3583 628 3639 de
673 3581 809 3654 legis
853 3581 1003 3638 elicit
1049 3582 1275 3648 littera;
1338 3581 1651 3650 invenitque
1694 3578 1883 3634 hordei

302 3674 455 3745 quasi
501 3674 625 3745 ephi
668 3688 1018 3741 mensuram,
1084 3688 1207 3731 cum
1253 3673 1311 3729 in
1354 3673 1471 3743 ipsa
1515 3671 1746 3729 lectione
1786 3685 1886 3742 per

302 3772 505 3821 sanctae
544 3763 828 3821 Trinitatis
870 3763 1269 3821 confessionem
1309 3763 1471 3820 iidem
1513 3761 1677 3835 discit
1698 3761 1885 3818 catho-

209 3920 223 3929 ‘
302 3852 485 3911 licam.
526 3853 672 3909 Nihil
716 3854 863 3910 aliud
900 3869 1031 3928 ergo
1068 3854 1124 3910 in
1167 3855 1293 3927 ephi
1329 3867 1601 3921 mensura,
1626 3868 1747 3925 quae
1773 3859 1884 3907 tres

303 3947 515 4005 modios
551 3946 738 4016 habet,
776 3945 1050 4019 designari
1089 3955 1243 4018 puto,
1287 3946 1394 4005 nisi
1424 3945 1483 4001 in
1514 3962 1622 4023 una
1656 3942 1761 4000 ﬁde
1788 3944 1885 4000 tri-

300 4054 435 4097 nam
474 4038 892 4105 confessionem,
913 4039 1041 4112 quia
1080 4039 1137 4095 in
1175 4054 1283 4097 una
1322 4038 1539 4099 deitatis
1579 4036 1885 4101 substantia

306 4132 471 4188 trium
503 4140 587 4209 est
612 4147 969 4204 personarum
992 4132 1319 4205 proprietas.
1359 4130 1486 4188 Haec
1508 4146 1638 4204 ergo
1660 4138 1886 4202 portans

303 4223 365 4278 in
401 4222 674 4281 civitatem
710 4224 949 4280 ostendit
983 4223 1163 4281 socrui
1198 4239 1334 4292 suas,
1359 4239 1483 4281 cum
1514 4222 1669 4297 plebs
1707 4224 1884 4297 genti-

305 4309 376 4369 lis
411 4314 785 4371 credulitatem
810 4329 965 4371 suam
996 4314 1264 4384 integram
1295 4321 1499 4371 sancta:
1523 4314 1684 4370 matri
1706 4322 1888 4370 osten-

307 4404 391 4461 dit
430 4405 708 4462 Eeclesim.
755 4405 848 4464 Vel
886 4404 1186 4462 secundum
1243 4404 1415 4459 alium
1470 4418 1730 4471 sensum,
1779 4402 1884 4459 Ec-

307 4495 474 4553 clesia
513 4497 764 4565 gratiam,
813 4511 975 4566 quam
1016 4495 1201 4565 sponsi
1239 4495 1323 4552 sui
1359 4510 1587 4552 munere
1620 4495 1881 4567 percepit,

307 4579 611 4657 Synagogte
652 4583 906 4656 genitrici
944 4591 1269 4654 praesentat,
1313 4594 1583 4653 quatenus
1610 4600 1731 4639 eam
1761 4599 1887 4656 pro-

307 4681 470 4730 vocet
512 4673 582 4730 ad
620 4672 797 4737 ﬁdem,
824 4673 968 4728 etde
991 4687 1251 4729 concesso
1273 4688 1458 4729 secum
1484 4674 1697 4731 laetetur
1723 4673 1885 4731 dono.

309 4766 475 4822 Solus
513 4781 644 4837 ergo
680 4763 930 4821 Christus
971 4773 1055 4819 est
1097 4778 1360 4834 sponsus,
1408 4764 1495 4819 cui
1536 4764 1629 4820 illa
1667 4764 1891 4820 veniens

313 4873 383 4913 ex
422 4855 671 4929 gentibus
710 4869 927 4927 sponsa,
971 4862 1100 4910 ante
1136 4854 1297 4925 inops
1338 4860 1502 4926 atque
1538 4852 1754 4926 ieiuna;
1794 4854 1890 4911 sed

307 4951 423 5022 iam
463 4951 683 5007 Christo
721 4965 901 5007 messe
944 4949 1100 5006 diviti
1142 4949 1376 5017 innuba,
1426 4965 1548 5023 qua:
1588 4951 1891 5022 manipulos

313 5041 559 5099 fecundae
605 5042 805 5112 segetis
830 5083 845 5109 ,
892 5042 1149 5112 verbique
1196 5042 1458 5114 reliquias
1508 5043 1716 5115 gremio
1759 5042 1894 5114 ligat

310 5131 515 5189 mentis
555 5133 789 5201 interno,
827 5140 891 5189 ut
926 5133 1249 5191 exhaustam
1288 5134 1439 5191 illam
1478 5135 1697 5191 viduam
1720 5142 1895 5192 morte

313 5224 415 5301 lilii
435 5264 457 5293 ,
503 5232 669 5295 atque
708 5225 924 5295 inopem
964 5224 1204 5283 defuncti
1247 5226 1430 5298 populi
1470 5236 1700 5284 matrem
1740 5227 1894 5285 novis

208 5362 221 5375 .
280 5368 283 5371 .
310 5325 503 5385 pascat
530 5315 823 5382 alimentis,
848 5331 957 5371 non
980 5316 1294 5387 relinquens
1315 5316 1629 5373 destitutam
1652 5317 1891 5385 viduam,

314 5414 374 5460 et
407 5423 575 5464 novos
604 5423 871 5479 quaerens.
916 5406 1077 5464 Solus
1109 5424 1239 5480 ergo
1263 5425 1494 5481 sponsus
1516 5417 1600 5465 est
1621 5409 1891 5479 Christus,

319 5497 414 5566 qui
457 5513 561 5554 nec
599 5514 883 5572 synagoga:
920 5500 1027 5570 ipsi
1069 5501 1374 5571 manipulos
1417 5517 1529 5558 sum
1572 5502 1767 5558 messis
1812 5503 1893 5557 in-

318 5589 525 5653 videat,
569 5588 777 5644 utinam
800 5606 860 5647 se
888 5606 995 5648 non
1020 5591 1138 5663 ipsa
1164 5591 1494 5648 excluderet.
1537 5592 1737 5647 llabnit
1759 5581 1894 5662 quo-

319 5692 427 5748 que
467 5694 565 5749 per
604 5693 664 5735 se
714 5680 1005 5751 colligere,
1065 5684 1161 5740 sed
1203 5683 1331 5755 quia
1381 5682 1608 5754 p0pulus
1654 5682 1768 5751 ejus
1811 5690 1896 5738 est

322 5777 588 5840 mortuus,
612 5768 795 5861 quasi-
959 5788 1131 5863 egena
1166 5774 1442 5863 defuncto,
1470 5790 1567 5863 per
1590 5775 1890 5863 Ecclesium

1910 4548 1967 4608 D

1974 586 2054 634 tes
2096 577 2151 632 in
2188 576 2545 633 exsultatione
2587 573 2901 646 portabunt,
2937 571 3077 626 sicut
3119 569 3377 643 scriptum
3420 568 3542 628 est:

1981 668 2252 724 Venientes
2275 678 2448 723 autem
2474 667 2676 722 venient
2702 665 2759 719 in
2778 660 3147 729 exsultatione,
3174 660 3408 717 tollentes
3431 674 3548 718 nta-

1972 758 2178 832 nipulos
2208 776 2329 813 suos
2357 755 2527 830 (Psal.
2554 757 2733 826 cnv).

2043 851 2291 921 Dixitque
2317 850 2363 904 ei
2390 864 2568 903 socrus
2594 863 2730 902 sua:
2770 843 2868 901 Ubi
2895 844 3048 899 hodie
3076 842 3348 914 collegisti,
3380 852 3428 898 et
3456 842 3546 900 ubi

1973 942 2143 1015 fecisti
2186 957 2354 1012 opus,
2401 940 2467 994 sit
2507 936 2843 1002 benedictus,
2888 934 2981 1005 qui
3025 933 3270 987 misertus
3317 940 3395 986 est
3444 933 3544 989 tui.

1972 1032 2332 1103 Indicavitque
2371 1030 2450 1098 ei,
2494 1027 2633 1099 apud
2675 1043 2826 1099 quem
2862 1025 3045 1096 {uisset
3083 1032 3317 1094 operata,
3358 1028 3411 1077 et
3448 1038 3546 1076 no-

1976 1143 2091 1181 men
2118 1123 2247 1178 dixit
2283 1122 2402 1187 viri,
2440 1119 2578 1193 quod
2617 1119 2762 1173 Boos
2800 1115 3091 1193 vocaretur.
3144 1109 3242 1168 Cui
3284 1110 3548 1181 respondit

1976 1217 2211 1273 Noemi:
2261 1212 2571 1269 Benedictus
2609 1211 2676 1266 sit
2724 1226 2757 1263 a
2809 1208 3062 1272 Domino,
3114 1208 3361 1279 quoniam
3401 1220 3547 1260 eam-

1975 1312 2091 1366 dem
2115 1309 2368 1381 gratiam,
2399 1323 2555 1378 quam
2579 1302 2869 1376 praebuerat
2894 1300 3043 1366 vivis,
3082 1299 3297 1354 servavit
3334 1306 3383 1352 et
3411 1310 3551 1351 mor-

1974 1404 2099 1457 tuis.
2174 1399 2506 1470 Rursumque
2544 1414 2563 1452 :
2624 1393 2958 1466 Propinquus
2987 1432 3003 1459 ,
3063 1391 3182 1456 ait,
3242 1397 3415 1444 noster
3473 1395 3551 1443 est

1972 1496 2147 1550 homo.
2190 1492 2259 1546 Et
2289 1490 2468 1545 Ruth:
2509 1488 2624 1543 Hoc
2661 1502 2882 1560 quoque,
2913 1483 3104 1556 inquit,
3130 1480 3373 1553 prarccpit
3397 1480 3551 1547 mihi,

1974 1597 2031 1642 ut
2084 1586 2270 1641 tandiu
2324 1583 2637 1640 messoribus
2687 1581 2801 1652 ejus
2849 1580 3122 1650 jungerer,
3167 1575 3329 1630 donec
3377 1592 3553 1630 omnes

1974 1687 2167 1750 segetes
2228 1685 2561 1732 meterentur.
2637 1671 2896 1745 Agnoscit
2956 1668 3320 1740 propinquum
3381 1672 3556 1721 mater

1973 1769 2216 1825 Ecclesia
2254 1783 2353 1839 per
2386 1765 2648 1823 beneﬁcia
2687 1761 2953 1835 gratuita,
2985 1775 3105 1831 qua:
3143 1759 3316 1830 pietas
3355 1757 3555 1813 summi

1974 1859 2380 1933 patrisfamilias
2424 1846 2652 1914 contulit
2688 1852 2887 1925 populo
2931 1850 3193 1924 gentium,
3216 1854 3288 1903 'ct
3321 1846 3557 1902 nominis

1974 1953 2060 2011 sui
2108 1953 2318 2007 ratione
2361 1948 2679 2005 recordatur
2724 1942 3113 2001 beneﬁciorum
3161 1939 3509 2008 antiquorum
3535 1976 3554 2003 ,

1973 2044 2170 2114 quibus
2208 2042 2405 2114 saepius
2444 2056 2540 2096 usa
2587 2049 2691 2095 est.
2755 2035 2909 2092 Unde
2964 2048 3088 2090 cum
3142 2028 3429 2088 Psalmista
3486 2027 3557 2084 ad

1975 2136 2263 2192 Dominum
2299 2134 2471 2189 dicit:
2520 2129 2722 2187 Memor
2762 2127 2839 2198 fui
2878 2126 3084 2180 dierum
3122 2123 3479 2209 antiquorum,
3506 2125 3557 2173 et

1974 2230 2255 2284 meditatus
2294 2244 2409 2283 sum
2441 2228 2497 2281 in
2532 2224 2771 2282 omnibus
2809 2221 3047 2293 operibus
3086 2218 3211 2285 tuis,
3240 2224 3288 2270 et
3317 2216 3371 2269 in
3400 2212 3558 2285 factis

1974 2338 2229 2376 manuum
2269 2331 2481 2375 tuarum
2522 2315 2814 2372 meditabor
2841 2311 3014 2386 (Psal.
3042 2308 3232 2380 cun).
3271 2304 3561 2379 Cognoscit

1976 2414 2141 2470 etiam
2181 2410 2487 2483 Synagoga,
2528 2407 2821 2479 praedicata
2865 2401 3109 2458 Ecclesia
3152 2399 3416 2472 gentium,
3460 2396 3561 2453 bo-

1926 2492 1929 2495 ’
1975 2505 2204 2559 nitatem
2247 2510 2303 2558 et
2342 2498 2639 2573 potentiam
2683 2494 2918 2562 Domini,
2947 2490 3335 2552 fortitudinem,
3360 2504 3426 2544 ac
3465 2485 3564 2543 be-

1977 2596 2297 2667 nignitatem
2342 2593 2425 2649 sui
2463 2590 2809 2662 protectoris,
2846 2596 2903 2643 et
2940 2585 3181 2650 tandem,
3208 2580 3441 2637 veritate
3467 2591 3562 2634 co-

1979 2665 2159 2757 gente,
2186 2697 2385 2738 nomen
2408 2676 2622 2737 Domini
2664 2674 2960 2743 benedicit,
3003 2689 3069 2729 eo
3091 2671 3236 2744 quod
3260 2665 3564 2725 servaverit

1979 2774 2213 2847 gratiam
2255 2770 2488 2827 mortuis
2510 2810 2526 2838 ,
2574 2784 2738 2841 quam
2779 2766 3086 2837 praebuerat
3125 2760 3285 2817 vivis.
3335 2757 3565 2816 Mortuis

1977 2846 2169 2934 utique
2212 2862 2535 2934 gentilibus,
2592 2859 2686 2931 qui
2730 2855 2972 2929 peccatis
3014 2861 3072 2911 et
3116 2850 3421 2907 idololatria
3464 2846 3565 2905 du-

1980 2956 2108 3011 dum
2128 2953 2323 3026 sepulti
2346 2960 2522 3019 erant,
2548 2950 2777 3023 gratiam
2803 2960 2915 3004 suae
2938 2944 3204 3017 largitatis
3224 2940 3561 3013 impendens,

1981 3061 2143 3118 quam
2182 3044 2454 3117 quondam
2497 3040 2692 3114 populo
2717 3037 3028 3095 Iudaeorum
3053 3033 3397 3097 exhibuerat,
3440 3038 3566 3086 cum

1982 3139 2261 3197 beneﬁciis
2316 3137 2487 3208 ipsius
2540 3132 2850 3206 largissime
2906 3130 3223 3193 utebantur,
3280 3122 3567 3197 proﬁtetur

1982 3245 2107 3286 eum
2132 3244 2289 3286 suum
2329 3206 2452 3284 esse
2492 3233 2806 3297 cognatum,
2830 3222 2959 3299 quia
2985 3206 3357 3277 reminiscitur
3378 3215 3445 3273 de
3468 3226 3567 3269 sua

1983 3321 2153 3392 stirpe
2187 3319 2527 3375 Salvatorem
2554 3316 2656 3373 sibi
2682 3330 2803 3371 esse
2826 3312 3176 3391 promissum.
3226 3307 3569 3379 Propinquus

1984 3425 2114 3483 ergo
2155 3409 2453 3483 Synagogze
2494 3407 2750 3464 Christus
2794 3412 2879 3461 est
2923 3401 3222 3473 secundum
3261 3397 3443 3455 carnis
3479 3410 3571 3453 eo-

1984 3502 2318 3573 guationem,
2361 3498 2699 3570 propinquus
2742 3495 3001 3550 Ecclesiae
3024 3491 3320 3549 secundum
3346 3488 3571 3560 spiritus

1983 3590 2455 3659 coniunctionem,
2500 3588 2629 3659 quia
2674 3586 2793 3657 ipse
2841 3591 3005 3653 caput
3044 3580 3323 3646 Ecclesiae,
3371 3585 3441 3641 et.
3463 3575 3572 3633 Ec-

1986 3681 2154 3737 clesia
2198 3695 2397 3750 corpus
2439 3678 2607 3750 ipsius
2650 3683 2753 3733 est.
2810 3674 2965 3744 Quod
3007 3680 3190 3729 autem
3234 3668 3381 3725 Ruth
3421 3682 3573 3724 com-

1986 3778 2252 3828 memorat
2292 3770 2395 3829 sibi
2435 3769 2576 3824 Booz
2622 3764 2947 3839 praecepisse
2974 3769 3247 3835 quatenus
3272 3772 3571 3837 cum‘mes-

1987 3863 2201 3923 scribus
2242 3860 2359 3933 ejus
2394 3859 2738 3933 iungeretur,
2764 3856 2935 3914 donec
2974 3862 3187 3927 segetes
3227 3866 3416 3908 omnes
3460 3863 3576 3906 me-

1988 3962 2254 4020 terentur,
2300 3950 2584 4010 notissima
2624 3962 2731 4003 vox
2781 3955 2867 4003 est
2908 3945 3079 4019 ipsius
3120 3942 3366 3999 veritatis
3390 3982 3407 4009 ,
3453 3954 3575 4013 qua

1986 4047 2238 4105 omnibus
2274 4045 2344 4102 ad
2382 4060 2441 4103 se
2472 4040 2814 4100 venientibus
2836 4036 3145 4110 persuadet,
3170 4043 3231 4091 ut
3252 4034 3425 4107 magis
3448 4046 3574 4089 cum

1985 4139 2103 4196 suis
2127 4138 2201 4197 ad
2232 4136 2560 4195 messionem
2584 4130 2845 4206 spiritalis
2868 4128 3064 4202 segetis
3082 4127 3382 4201 iungantur
3406 4139 3574 4199 quam

1988 4247 2113 4289 cum
2166 4231 2377 4287 alienis.
2422 4228 2521 4286 Cui
2561 4223 2902 4298 persuasioni
2942 4223 3109 4279 etiam
3148 4220 3419 4278 consentit
3462 4220 3577 4293 ipsa

1988 4338 2203 4389 seems,
2243 4321 2431 4377 dicens
2462 4336 2475 4373 :
2513 4316 2705 4372 Melius
2735 4327 2811 4371 est
2849 4314 2964 4385 ﬁlia
3001 4330 3136 4381 mea,
3163 4323 3220 4368 ut
3244 4328 3364 4368 cum
3386 4311 3576 4384 puellis

1988 4415 2103 4486 ejus
2140 4429 2229 4470 eas
2270 4412 2340 4467 ad
2380 4409 2698 4477 metendum,
2728 4424 2821 4463 nec
2859 4408 2917 4461 in
2951 4403 3121 4459 alieno
3159 4420 3285 4474 agro
3314 4403 3578 4475 quispiam

1989 4507 2196 4561 resistat
2237 4504 2349 4557 tibi.
2396 4501 2535 4569 Quia
2580 4502 2685 4556 hoc
2725 4498 2911 4561 laudat
2941 4494 3209 4561 Ecclesia,
3232 4495 3336 4551 hoc
3359 4503 3579 4567 contra-

1991 4598 2171 4652 dicere
2209 4608 2320 4649 non
2358 4597 2539 4663 potest
2582 4604 2857 4661 synagoga
2878 4628 2894 4654 ,
2944 4584 3091 4659 quod
3130 4585 3380 4643 veritatis
3420 4601 3575 4643 ama-

1990 4693 2140 4739 tores
2179 4680 2439 4753 maiorem
2481 4676 2784 4761 prol'ectum
2825 4676 3063 4733 habeant
3103 4674 3161 4731 in
3198 4673 3577 4747 conjunctione

1988 4772 2404 4846 prtedicatorum
2448 4766 2758 4843 Evangelii,
2805 4782 2967 4838 quam
3010 4766 3067 4821 in
3109 4764 3367 4822 societate
3406 4765 3577 4821 haere-

1992 4866 2222 4922 ticorum
2266 4870 2429 4934 atque
2469 4860 2959 4941 schismaticorum.
3004 4856 3150 4930 Ager
3185 4858 3331 4913 enim
3367 4858 3576 4935 alienus

1994 4965 2079 5014 est
2116 4955 2361 5014 doctrina
2396 4938 2629 5011 nefanda
2664 4938 3066 5019 haereticorum,
3098 4950 3193 5006 ubi
3220 4964 3433 5023 semper
3451 4946 3573 5020 jur-

1995 5049 2083 5125 gia
2120 5058 2175 5105 et
2212 5048 2588 5107 contentiones
2631 5053 2789 5112 sunt,
2834 5054 2895 5103 et
2924 5034 3210 5115 nunquam
3247 5055 3388 5096 vera:
3424 5042 3575 5115 pacis

1996 5140 2378 5211 tranquillitas.
2934 5180 2937 5187 .

2065 5228 2263 5284 Iuncta
2298 5236 2377 5283 est
2412 5227 2573 5299 igitur
2607 5225 2794 5299 puellis
2824 5225 3007 5299 Boos,
3043 5232 3091 5281 et
3136 5220 3321 5278 tandiu
3358 5221 3574 5278 messuit

1996 5336 2114 5377 cum
2142 5321 2240 5387 eis,
2286 5318 2447 5374 donec
2486 5315 2679 5373 hordea
2718 5327 2765 5372 et
2800 5298 3031 5370 triticum
3068 5313 3124 5369 in
3148 5312 3349 5368 horreis
3382 5312 3575 5367 conde-

1999 5419 2199 5466 rentur.
2236 5407 2375 5478 Quid
2414 5422 2512 5480 per
2556 5409 2781 5473 hordea,
2823 5423 2947 5483 qua;
2984 5405 3179 5477 pabula
3224 5414 3348 5461 sunt
3391 5403 3574 5461 bruto-

1999 5519 2121 5560 rum
2167 5501 2522 5568 animalium,
2583 5502 2687 5557 nisi
2743 5501 2923 5555 littera
2975 5498 3107 5571 legis
3156 5497 3391 5566 veteris,
3453 5510 3574 5569 qua

1995 5594 2217 5663 Judtcis,
2261 5603 2515 5665 tanquam
2556 5593 2729 5650 brutis
2768 5599 2822 5647 et
2861 5589 3148 5661 insensatis
3178 5586 3462 5661 iumentis,
3504 5587 3577 5648 ad

1996 5693 2212 5753 pastum
2236 5684 2359 5738 data
2385 5696 2489 5752 est,
2515 5684 2879 5753 exprimitur?
2926 5684 2993 5735 Et
3032 5683 3161 5752 quid
3192 5696 3289 5751 per
3313 5680 3572 5748 triticum,

1998 5776 2103 5867 nisi
2124 5775 2296 5852 gratia
2315 5774 2450 5835 Novi
2469 5774 2818 5844 Testamenti,
2843 5790 2963 5847 quae
2985 5773 3141 5850 quasi
3168 5771 3576 5841 rationabilibus
