3986 6348
437 337 571 395 Hii

1018 373 1026 380 -
1113 337 1174 394 B.
1212 333 1466 392 RABANI
1505 331 1724 389 MAUR]
1761 330 2081 389 ARCHIEP.
2122 332 2431 391 MOGUNT.
2472 333 2757 393 OPERUM
2792 334 2972 392 PARS
3007 336 3049 390 l.

3564 343 3728 401 ηιξ

438 457 807 517 animantibus
828 455 898 512 ad
922 455 1277 513 refectionem
1299 454 1495 513 collata
1521 460 1640 520 est,
1668 450 2023 521 designatur?
2048 451 2103 513 A
2129 452 2519 510 Dormitionem
2560 455 2735 511 somni
2770 470 2879 512 non
2917 454 3079 511 aliam
3116 455 3206 513 hic
3240 457 3545 530 signiﬁcari
3577 471 3727 534 pum

445 554 546 613 Ubi
587 566 695 609 non
737 550 854 621 jam
896 557 1211 614 taurorum,
1259 547 1492 605 arietum
1535 554 1699 616 atque
1742 544 2021 600 hircorum

436 661 632 705 mnes
676 645 743 702 ad
785 644 962 701 altare
999 642 1335 708 eiet-untur;
1383 640 1481 696 sed
1523 638 1647 710 agni
1689 636 2022 695 immaculati

437 752 567 796 caro
599 744 656 794 et
690 736 908 809 sanguis
950 735 1005 791 in
1042 735 1201 805 panis
1242 747 1309 789 ac
1336 732 1447 788 vini
1488 731 1672 802 specie
1712 730 1953 801 quotidie
1990 743 2021 785 a

436 832 683 891 ﬁdelibus
716 832 773 887 in
803 844 900 885 ara
932 828 1164 901 mystica
1197 825 1527 883 immolatur.
1562 823 1758 881 Iuncta
1785 830 1869 880 est
1890 836 2022 894 ergo

434 923 696 996 spiritalis
735 923 883 979 Ruth
923 920 1116 991 puellis
1151 919 1296 975 Boos
1319 959 1335 984 ,
1393 918 1624 990 mystice
1676 917 1733 973 in
1783 915 2020 975 metendi

433 1016 644 1082 cilicio,
689 1016 863 1072 donec
904 1013 1109 1070 hordea
1149 1019 1207 1068 et
1248 1010 1489 1067 triticum
1532 1010 1587 1065 in
1633 1009 1848 1065 horreis
1891 1022 2021 1065 con-

432 1108 711 1173 derentur,
745 1105 803 1162 id
830 1113 935 1172 est,
977 1104 1167 1159 tandiu
1201 1102 1432 1158 adhmsit
1465 1102 1776 1158 doctoribus
1815 1100 1870 1156 in
1908 1112 2021 1157 me-

433 1201 695 1257 ditatione
727 1213 1005 1255 sacrarum
1040 1195 1469 1266 Scripturarum,
1515 1193 1688 1249 donec
1721 1192 1935 1249 Veteris
1964 1199 2019 1246 et

431 1292 569 1347 Novi
601 1290 932 1346 Testamenti
963 1288 1214 1344 notitiam
1246 1286 1478 1357 pleniter
1508 1284 1563 1341 in
1590 1280 1809 1340 cellaria
1836 1284 2020 1340 cordis

430 1383 515 1438 sui
542 1382 877 1447 reconderet,
908 1388 1176 1451 quatenus
1196 1379 1423 1434 haberet
1449 1375 1802 1433 suilicientem
1826 1377 2020 1433 animae

430 1487 543 1529 sum
571 1480 813 1543 pastum,
844 1486 945 1527 nec
967 1483 1140 1542 egena
1167 1470 1309 1540 stipe
1332 1468 1475 1524 ultra
1501 1466 1658 1538 juxta
1681 1477 1868 1539 portas
1890 1467 2018 1523 alie-

428 1579 531 1622 nas
567 1563 879 1621 mendicare
916 1562 1228 1634 indiguerit.

1035 1670 1263 1729 CAPUT
1311 1666 1404 1726 lX.

428 1765 720 1823 Consilium
746 1763 939 1821 Noemi
963 1764 1033 1819 ad
1062 1762 1221 1827 Ruth,
1248 1762 1474 1835 qualiter
1501 1761 1599 1835 sibi
1628 1760 1903 1833 provideat
1925 1776 2017 1832 per

747 1836 1014 1908 ingenium
1048 1834 1267 1905 futuras
1284 1835 1495 1906 nuptias
1523 1834 1687 1888 Boos.

499 1928 651 2001 (Cn.
677 1927 789 2001 In.)
807 1926 1119 1999 'Postquarn
1145 1937 1323 1982 autem
1350 1942 1556 1981 reversa
1583 1934 1659 1980 est
1701 1926 1772 1982 ad
1807 1943 2015 1982 socrum

423 2034 594 2089 suam,
621 2022 820 2078 audivit
844 2022 909 2077 ab
932 2038 995 2076 ea
1017 2035 1035 2073 :
1068 2018 1215 2076 Filia
1241 2038 1377 2087 mea,
1401 2038 1641 2092 quaram
1666 2022 1761 2077 tibi
1788 2023 2015 2093 requiem

423 2123 473 2169 et
499 2114 778 2186 providebo
804 2121 862 2168 ut
896 2112 1023 2168 bene
1044 2114 1112 2168 sit
1142 2113 1254 2167 tibi.
1305 2113 1452 2168 Boos
1480 2114 1599 2179 iste,
1636 2114 1791 2185 cujus
1826 2113 2015 2185 puellis

423 2207 479 2262 in
506 2222 636 2278 agro
654 2206 849 2277 juncta
873 2222 950 2271 es,
980 2207 1306 2278 propinquus
1339 2215 1512 2262 noster
1538 2216 1636 2273 est,
1663 2216 1713 2262 et
1742 2208 1841 2262 hac
1869 2216 2016 2263 nocte

422 2310 605 2353 ursam
643 2299 828 2353 hordei
865 2297 1103 2354 ventilat.
1158 2298 1360 2353 Lavare
1398 2299 1560 2370 igitur
1606 2309 1655 2353 et
1703 2316 1918 2370 ungere,
1964 2309 2015 2355 et

419 2388 642 2445 induere
663 2386 977 2443 cultioribus
1002 2388 1340 2455 vestimentis,
1362 2406 1425 2443 ac
1450 2390 1703 2444 descende
1729 2391 1785 2443 in
1810 2406 2010 2445 aream.

429 2482 536 2536 Dat
579 2480 871 2536 consilium
920 2480 1167 2536 Ecclesia
1215 2481 1491 2552 primitiva
1538 2482 1779 2553 gentium
1829 2481 2009 2551 plebi,

420 2571 658 2642 «aliter
684 2570 970 2642 perveniat
994 2572 1062 2627 ad
1092 2573 1429 2629 consortium
1457 2574 1573 2628 veri
1602 2573 1822 2645 sponsi,
1857 2582 1913 2628 et
1944 2572 2013 2627 ad

418 2664 671 2736 copulam
703 2663 827 2720 Filii
855 2664 974 2723 Dei.
1023 2661 1226 2734 Nocte,
1268 2666 1477 2736 inquit,
1524 2666 1625 2720 hac
1656 2665 1805 2721 Boos
1833 2681 2012 2720 aream

418 2757 605 2811 hordei
628 2755 864 2813 ventilat.
918 2756 1063 2813 Area
1089 2766 1271 2814 autem
1316 2760 1433 2814 haec
1485 2758 1677 2814 hurdei
1702 2798 1717 2823 ,
1766 2772 1887 2827 quae
1929 2764 2014 2812 est

417 2844 557 2913 alia,
606 2847 713 2904 nisi
758 2862 1035 2921 synagoga
1064 2848 1407 2915 Judmorum,
1457 2849 1549 2905 ubi
1586 2849 1719 2921 legis
1748 2851 2009 2905 hordeum

419 2939 701 2996 conditum
743 2942 875 2996 est?
922 2940 1077 2999 lianc
1120 2941 1263 2999 Boos
1306 2949 1495 2997 noster
1522 2948 1652 2996 tunc
1686 2941 2009 3010 ventitavit,

416 3033 630 3102 quando
659 3034 713 3089 in
738 3033 923 3091 ludes
948 3035 1299 3109 Evangelium
1324 3037 1648 3108 praedicans,
1674 3037 2009 3109 singulorum

2125 557 2288 613 quam
2328 557 2576 615 soporem
2619 546 2833 614 mortis,
2876 560 3036 618 quem
3062 546 3313 609 Christus
3350 551 3411 607 in
3451 556 3729 624 passione

2123 650 2220 692 sua
2249 653 2350 708 pro
2378 647 2562 695 nostra
2591 639 2763 696 salute
2790 641 3044 712 suscepit,
3075 643 3219 699 unde
3245 646 3497 703 omnium
3525 664 3726 709 rerum

2121 732 2524 802 possessionem
2552 732 2653 788 sibi
2694 732 3003 803 acquisivit.
3054 733 3145 791 Ait
3178 745 3399 795 autem:
3432 737 3509 795 Et
3540 758 3642 813 ego
3676 744 3727 799 si

2120 824 2385 881 saltatus
2422 824 2572 894 fuero
2608 842 2642 880 α
2668 834 2843 894 terra,
2880 827 3059 882 omnia
3094 829 3305 889 traham
3340 832 3413 886 ad
3450 835 3725 905 nam

2122 913 2318 988 (Joan.
2362 915 2497 989 xu).
2554 915 2805 987 Praecipit
2846 932 2980 991 ergo
3025 918 3272 979 Ecclesia
3318 924 3605 995 gentium,
3662 935 3728 983 ut

2121 1016 2274 1065 notet
2300 1008 2476 1065 locum
2507 1012 2775 1082 passionis
2824 1028 2890 1069 ac
2930 1016 3125 1071 mortis
3152 1015 3388 1084 Christi,
3420 1022 3724 1093 veniatque

2121 1109 2175 1155 ct
2206 1102 2567 1173 discooperiat
2593 1105 2816 1174 pallium
2841 1121 2951 1177 quo
2973 1108 3222 1179 operitur
3248 1125 3280 1166 a
3310 1120 3462 1181 parte
3485 1115 3720 1185 pedum,

2120 1206 2176 1251 et
2203 1195 2451 1265 proﬁciat
2478 1213 2560 1264 se,
2607 1207 2662 1254 et
2700 1199 2777 1255 ibi
2810 1198 3024 1269 jaceat;
3060 1217 3125 1259 ac
3151 1204 3199 1259 si
3227 1205 3405 1261 dicas:
3441 1207 3723 1278 Agnosco

2119 1285 2395 1341 Christum
2430 1302 2529 1358 pro
2566 1295 2621 1343 te
2655 1305 2909 1360 passum,
2942 1292 3243 1363 veniaeque
3267 1306 3447 1352 mente
3470 1300 3673 1357 devota
3698 1342 3718 1368 ,

2119 1387 2175 1435 et
2196 1379 2452 1437 discutias
2472 1382 2873 1451 operimentum
2894 1384 3091 1442 litterae
3111 1387 3323 1444 Veteris
3344 1389 3719 1460 Testamenti,

2118 1470 2175 1526 in
2201 1485 2309 1540 quo
2338 1472 2439 1527 sub
2466 1472 2735 1528 velamine
2763 1476 3062 1547 ﬁgurarum
3090 1477 3293 1548 tegitur
3316 1479 3723 1539 incarnationis

2117 1564 2323 1621 Christi
2353 1577 2786 1636 sacramentum;
2823 1577 2877 1624 et
2904 1583 3035 1627 cum
3063 1572 3387 1641 cognoveris
3416 1573 3546 1629 inde
3570 1574 3722 1630 salu-

2118 1664 2229 1711 tem
2261 1657 2355 1712 tibi
2384 1673 2509 1715 esse
2545 1661 2871 1730 promissam
2896 1701 2913 1728 ,
2964 1661 3271 1717 humilitate
3318 1665 3603 1735 praecipua
3650 1666 3719 1723 ad

2118 1747 2235 1817 ejus
2262 1750 2524 1806 auxilium
2554 1751 2864 1823 confugies,
2905 1752 3093 1823 ibique
3130 1754 3280 1809 omni
3310 1762 3566 1826 tempore
3600 1757 3723 1812 sine

2118 1841 2228 1896 ulla
2254 1843 2460 1898 erroris
2489 1843 2791 1899 mutatione
2821 1858 3166 1915 permaneas.
3216 1843 3339 1916 Ipse
3366 1856 3553 1900 autem
3582 1847 3719 1902 dicet

2123 1932 2220 1986 tibi
2265 1934 2392 2003 quid
2422 1950 2574 2005 agere
2602 1932 2825 1999 debeas;
2862 1936 2991 2006 quia
3022 1952 3244 1993 necesse
3272 1946 3359 1993 at
3388 1939 3518 2005 tibi,
3555 1948 3619 1995 ut
3650 1939 3720 1995 ab

2118 2025 2239 2095 ipso
2278 2026 2599 2083 salvationis
2640 2034 2750 2085 tum
2792 2028 3043 2087 ordinem
3072 2031 3273 2087 discas.
3330 2031 3391 2087 Si
3431 2042 3621 2089 autem
3651 2035 3719 2090 ad

2117 2130 2449 2190 synagogam
2492 2120 2609 2175 haec
2638 2121 2833 2177 rverba
2881 2120 3072 2178 Νοθωί
3125 2122 3381 2179 retuleris
3407 2163 3423 2191 ,
3474 2126 3719 2196 reperies

2116 2215 2222 2271 hoc
2247 2215 2303 2270 in
2334 2215 2469 2287 legis
2505 2225 2561 2271 et
2596 2218 2989 2288 prophetarum
3024 2219 3269 2274 omnium
3294 2220 3532 2276 vocibus
3569 2234 3718 2277 ress-

2115 2324 2268 2376 nare,
2301 2309 2444 2379 quod
2469 2318 2591 2381 post
2616 2310 2820 2367 Christi
2849 2312 3162 2381 passionem
3192 2324 3425 2370 ventura
3455 2315 3525 2370 ad
3546 2315 3716 2372 Idem

2116 2402 2182 2457 de
2230 2403 2483 2472 gentibus
2533 2403 2686 2459 ﬁeret
2730 2403 2993 2460 Ecclesia.
3051 2404 3207 2461 Unde
3252 2413 3342 2463 est
3382 2406 3511 2463 Μ
3553 2407 3715 2465 lsaim

2113 2496 2429 2566 prophetat:
2478 2495 2703 2569 Pr0pter
2733 2498 2905 2554 scelus
2942 2499 3123 2571 populi
3160 2501 3266 2555 mei
3310 2502 3548 2572 percussi
3570 2518 3710 2570 eum,

2115 2597 2163 2644 et
2198 2589 2341 2644 dabit
2376 2589 2564 2661 impios
2600 2607 2695 2661 pro
2730 2589 3025 2663 sepultura,
3067 2599 3116 2646 et
3153 2591 3375 2649 divitem
3416 2609 3513 2664 pro
3552 2602 3715 2648 morte

2113 2698 2240 2746 sua,
2285 2699 2347 2737 eo
2382 2682 2523 2752 Quod
2565 2683 2893 2754 iniquitatem
2937 2699 3043 2738 non
3084 2683 3307 2752 fecerit,
3354 2700 3525 2756 neque
3562 2684 3716 2741 dolus

2115 2773 2277 2841 fuerit
2306 2774 2365 2828 in
2393 2788 2483 2828 ore
2516 2773 2651 2844 ejus.
2697 2773 2768 2827 Et
2804 2774 3058 2829 Dominus
3091 2774 3256 2829 velarit
3290 2784 3567 2831 conterere
3594 2792 3713 2831 sunt

2113 2866 2167 2920 in
2188 2866 2515 2935 inﬁmitate.
2562 2864 2625 2922 Si
2645 2867 2878 2938 posuerit
2900 2882 2998 2937 pro
3020 2876 3235 2937 peccato
3268 2869 3511 2922 annnam
3536 2885 3712 2936 mam,

2111 2957 2303 3012 videbit
2335 2973 2511 3012 semen
2540 2957 2853 3028 longaevum,
2877 2965 2925 3011 et
2949 2957 3196 3014 voluntas
3221 2957 3444 3014 Domini
3466 2962 3525 3014 in
3551 2972 3713 3015 manu

2111 3049 2227 3120 ejus
2265 3048 2541 3120 dirigetur.
2590 3048 2701 3103 Pro
2744 3064 2804 3105 eo
2844 3049 2987 3121 quod
3034 3048 3296 3105 laboravit
3333 3052 3523 3106 anima
3561 3054 3713 3124 ejus,

417 3123 646 3217 consilia
674 3132 731 3183 et
757 3126 1067 3184 voluntates
1092 3140 1221 3200 erga
1251 3143 1313 3184 se
1340 3130 1616 3185 discussit.
1659 3128 1816 3185 Unde
1843 3131 1909 3185 ἀΰ
1940 3145 2007 3186 80
2038 3194 2080 3217 η
2112 3143 2303 3197 videbit
2324 3151 2372 3197 et
2395 3142 2741 3198 saturabitur.
2793 3143 2861 3197 In
2883 3142 3105 3199 scientia
3126 3160 3228 3199 sua
3251 3142 3577 3216 jastiﬁcabit
3606 3147 3718 3217 ipse

414 3216 679 3285 scriptum
704 3217 866 3272 estin
886 3194 1181 3290 Evangelio
1207 3236 1221 3273 :
1253 3217 1415 3275 Jesus
1441 3230 1618 3276 autem
1640 3237 1746 3277 non
1766 3221 2007 3277 credebat

2267 3194 2295 3197 ..
2328 3194 2366 3197 --
2793 3194 2857 3197 _,-
3128 3194 3223 3199 ν--
3251 3194 3571 3216 ,-,---,-,η---
3608 3194 3711 3217 τ--

2114 3234 2286 3306 justus
2320 3251 2500 3290 servus
2531 3251 2677 3290 meus
2715 3235 2929 3302 multos,
2962 3244 3012 3291 et
3046 3237 3346 3309 iniquitates
3377 3254 3572 3293 eorum
3607 3240 3719 3310 ipse

415 3308 753 3376 mimum
782 3309 877 3374 eis,
923 3325 984 3364 eo
1022 3311 1162 3381 quod
1200 3312 1309 3382 ipse
1348 3325 1525 3369 nosset
1566 3328 1763 3381 omnes,
1814 3326 1863 3371 et
1904 3332 2010 3373 non

417 3410 549 3467 opus
578 3397 627 3451 ei
657 3405 793 3465 erat,
836 3406 899 3452 ut
935 3401 1055 3469 quis
1094 3402 1449 3457 testimonium
1494 3406 1785 3475 perhiberet
1813 3408 1880 3462 de
1910 3409 2008 3463 Ito-

413 3488 574 3554 mine,
604 3488 714 3559 ipse
755 3496 931 3545 autem
959 3491 1155 3547 sciebat
1191 3493 1319 3565 quid
1346 3503 1478 3550 esset
1505 3495 1561 3550 in
1589 3496 1798 3552 nomine
1822 3496 2006 3570 (Joan.

414 3581 499 3654 η).
536 3580 747 3639 Lavare
772 3583 962 3655 igitur,
991 3592 1047 3642 et
1069 3598 1308 3658 ungere,
1344 3594 1402 3644 et
1429 3589 1657 3646 induere
1681 3591 2005 3649 cultioribus

412 3681 778 3751 vestimentis,
808 3692 874 3739 ac
902 3683 1173 3742 descende
1197 3686 1255 3741 in
1285 3700 1487 3743 aream.
1524 3687 1747 3757 Lavare,
1777 3691 1877 3756 ait,
1904 3692 2010 3748 hoc

413 3776 519 3839 est,
544 3772 749 3831 munda
772 3777 1118 3849 temetipsam
1146 3794 1285 3851 aqua
1314 3779 1682 3852 baptismatis,
1713 3796 1808 3839 seu
1836 3783 2008 3855 pani-

414 3867 605 3923 tentisz
646 3864 936 3941 lacrymis,
988 3878 1044 3925 et
1091 3882 1296 3944 ungere
1339 3872 1464 3929 oleo
1510 3872 1860 3942 chrismatis,
1911 3886 2008 3932 seu

411 3957 643 4029 spiritali
666 3961 923 4019 unctione
940 3958 1185 4036 Spiritus
1203 3966 1400 4021 sancti.
1434 3964 1669 4023 Induere
1696 3966 2007 4024 cultioribus

410 4053 762 4123 vestimentis,
810 4056 915 4113 hoc
950 4064 1069 4125 est,
1117 4060 1440 4117 ornamento
1468 4062 1713 4117 omnium
1742 4062 2005 4121 virtutum

410 4148 758 4220 temetipsam
789 4162 1035 4224 praepara
1061 4171 1077 4220 ;
1128 4170 1191 4210 ac
1230 4154 1484 4212 descende
1517 4156 1573 4212 in
1603 4174 1783 4213 aream
1811 4170 1832 4211 :
1876 4156 2008 4213 illuc

410 4237 597 4307 utique
624 4253 878 4311 propera,
906 4244 998 4299 ubi
1028 4249 1312 4317 cognoscis
1338 4248 1537 4304 Filium
1567 4249 1661 4305 Dei
1688 4251 2005 4306 conversari

410 4324 471 4415 in
500 4334 669 4397 terra,
706 4338 763 4386 et
794 4329 1093 4389 humanum
1123 4348 1292 4407 genus
1322 4339 1389 4392 ad
1419 4353 1573 4393 suam
1603 4340 1765 4396 tidem
1790 4349 1846 4397 et
1877 4356 2003 4415 gra-

407 4414 545 4475 tiam
569 4433 893 4480 convocare.
936 4422 1200 4500 Sequitur
1224 4444 1238 4483 :
1274 4427 1399 4484 Non
1428 4438 1477 4485 te
1504 4430 1675 4486 videat
1699 4414 2002 4500 hamo,do-

2112 3324 2360 3398 portabit.
2410 3325 2539 3380 Ideo
2570 3326 2880 3398 dispertiunt
2917 3329 2968 3383 ei
3003 3327 3251 3401 plnnmos
3279 3337 3329 3382 ct
3364 3327 3595 3398 (artium
3626 3331 3722 3384 di—

2110 3401 2247 3471 videt
2272 3415 2463 3488 spolia,
2489 3434 2583 3489 pro
2624 3435 2685 3473 eo
2718 3417 2861 3489 quod
2896 3416 3119 3473 tradidit
3158 3420 3212 3473 in
3250 3428 3422 3474 morte
3466 3421 3716 3475 animum

2111 3523 2286 3575 suam,
2328 3516 2379 3562 et
2418 3524 2538 3563 cum
2579 3508 2846 3566 sceleratis
2887 3520 3162 3582 reputatus
3202 3521 3312 3580 est,
3354 3521 3407 3565 et
3441 3513 3559 3583 ipse
3594 3526 3714 3584 pec-

2111 3612 2288 3657 catum
2326 3602 2613 3658 multorum
2650 3603 2794 3671 tulit,
2826 3612 2877 3659 et
2911 3620 3006 3676 pro
3042 3606 3523 3678 transgressorlbus
3556 3616 3715 3679 roga-

2110 3696 2180 3750 vit
2209 3695 2362 3765 (Isai.
2386 3696 2518 3768 Liv).
2542 3690 2753 3766 Lauda,
2776 3697 2992 3767 sterilis,
3016 3712 3137 3771 qua!
3154 3715 3261 3755 non
3281 3702 3453 3771 paris,
3479 3699 3711 3755 decanto

2109 3785 2340 3855 laudent,
2383 3798 2431 3847 et
2473 3788 2620 3846 hinni
2655 3804 2774 3864 qum
2810 3808 2916 3848 non
2950 3792 3219 3866 pariebas,
3256 3793 3513 3865 quoniam
3554 3792 3712 3850 multi

2105 3882 2207 3953 filii
2246 3883 2343 3951 tui,
2389 3883 2610 3943 deserta:
2649 3887 2819 3958 magis
2858 3894 3020 3959 quam
3055 3886 3177 3957 ejus
3210 3892 3331 3960 qua:
3369 3887 3601 3945 habebat
3635 3887 3711 3943 rio

2107 3992 2242 4045 rum,
2284 3976 2412 4034 dicit
2444 3977 2703 4036 Dominus
2731 3978 2887 4053 (Isai.
2916 3978 3053 4054 Liv).

2735 4095 2964 4156 CAPUT
3000 4096 3072 4155 Χ.

2107 4185 2262 4259 Quod
2296 4182 2436 4244 Ruth
2479 4188 2721 4247 obcdiens
2763 4190 2984 4249 consilio
3019 4209 3206 4251 socrus
3244 4210 3361 4251 sure
3390 4195 3592 4252 notauit
3618 4196 3703 4251 lo-

2176 4275 2296 4341 cum
2328 4260 2415 4384 uitii
2444 4259 2589 4317 Βοοχ
2620 4261 2931 4332 dormiebat,
2962 4273 3012 4319 et
3037 4264 3245 4322 veniens
3268 4265 3435 4339 juxta
3459 4268 3620 4340 pedes
3650 4286 3705 4325 se

2176 4345 2369 4384 protect
2396 4371 2408 4384 .

2171 4345 2408 4400 prejectt.

2172 4440 2351 4516 asto.)
2393 4442 2526 4510 Quae
2571 4446 2879 4518 respondit:
2914 4442 3185 4524 Quidquid
3228 4453 3567 4525 princ-peris,
3608 4456 3701 4527 fa-

700 4524 987 4627 p‘otttmque
1006 4514 1223 4627 ﬁnierit.
1252 4518 1395 4588 Quid
1415 4526 1499 4627 est
1520 4518 1664 4627 Quod
1684 4537 1805 4627 eam
1827 4520 1999 4627 Vide-ri
2023 4566 2078 4627 Β
2103 4511 2261 4590 ciam.
2290 4511 2671 4610 Descenditque
2698 4540 2753 4595 in
2780 4511 2980 4610 aream,
3010 4511 3422 4614 et'fecit'omni'a
3450 4511 3574 4609 quis;

406 4602 883 4704 ΨοίξίῙξ-εῖνβίξθεο
910 4620 1063 4704 δείξω
1091 4619 1390 4685 ροιαωίιιιθ
1416 4613 1581 4670 homo
1608 4615 1812 4672 ίίηίθνίῑ
1835 4633 1848 4686 ;
1894 4618 1999 4675 ῐιίεί
2024 4602 2078 4627 υ
2105 4633 2451 4704 imperaverat
2480 4602 2681 4694 socrus.
2733 4602 3056 4695 Obedientia
3083 4602 3348 4699 Ecclesiae
3374 4602 3583 4700 meruit

408 4694 555 4764 quod
581 4690 837 4755 Ecclesia
874 4702 1115 4772 gentium
1149 4705 1447 4762 credulitas
1481 4720 1589 4762 non
1626 4717 1787 4764 antea
1817 4709 1996 4765 mani-

406 4780 607 4841 festata
631 4788 901 4858 apparuit,
924 4805 1088 4867 quam
1115 4794 1369 4851 Salvator
1393 4798 1717 4869 mysterium
1742 4800 1999 4858 incarna-

408 4876 573 4936 tionis
603 4892 715 4936 suae
742 4879 1008 4954 implevit,
1040 4892 1257 4959 quando
1285 4891 1430 4949 inter
1461 4892 1708 4951 homines
1734 4908 1994 4967 corpora-

406 4968 534 5027 [iter
554 4971 765 5043 vivens,
786 4972 910 5031 cibo
937 4988 1002 5032 ac
1027 4988 1155 5050 potu
1182 4998 1315 5039 usus
1342 4992 1447 5053 est,
1472 4992 1526 5043 et
1547 4988 1842 5044 novissime
1866 4998 1993 5048 ante

405 5063 718 5135 passionem
756 5080 914 5123 suam
941 5081 1069 5125 cum
1098 5073 1374 5147 discipulis
1410 5078 1524 5135 suis
1551 5092 1777 5138 coenans
1801 5123 1817 5150 ,
1865 5094 1991 5139 cor-

403 5156 555 5231 poris
580 5166 637 5215 et
661 5163 946 5237 sanguinis
970 5165 1055 5221 sui
1078 5181 1418 5229 sacramenta
1442 5174 1550 5233 illis
1570 5178 1988 5237 commendavit.

406 5242 699 5344 lfostquam
738 5254 886 5312 enim
922 5254 1206 5331 inipletum
1241 5271 1324 5317 est
1356 5268 1677 5340 mysterium
1711 5270 1991 5344 dispensa-

404 5338 570 5399 tionis
605 5341 837 5418 Christi,
878 5346 994 5420 jam
1034 5350 1278 5409 Ecclesia
1319 5356 1384 5412 de
1416 5338 1672 5432 gentibus
1711 5338 1989 5428 ad'ﬁdcm

405 5432 731 5493 catholicam
759 5436 1086 5498 ﬁducialiter
1109 5443 1363 5501 accessit.

477 5522 706 5591 Quando
744 5537 922 5587 autem
958 5533 1079 5589 ierit
1116 5534 1189 5591 ad
1224 5536 1610 5612 dormiendum,
1642 5552 1768 5602 nota
1793 5544 1986 5618 locum,

402 5613 459 5669 in
487 5626 591 5689 quo
623 5619 895 5690 dormiat;
948 5627 1218 5702 veniesque
1258 5636 1309 5685 et
1352 5626 1696 5704 discooperies
1732 5613 1986 5711 pallium,

403 5716 505 5799 quo
536 5715 789 5783 operitur,
836 5732 870 5771 a
910 5727 1062 5789 parte
1096 5720 1309 5792 pedum,
1353 5734 1401 5780 et
1443 5726 1687 5798 projicies
1724 5741 1794 5799 te,
1839 5744 1887 5790 et
1916 5735 1988 5792 ibi

395 5790 600 5871 lucebis
620 5816 643 5873 ;
688 5804 798 5881 ipse
847 5816 1026 5870 autem
1078 5790 1213 5872 dicet
1258 5790 1375 5893 tibi_
1395 5790 1551 5898 quid:
1573 5837 1732 5896 agere
1770 5790 1982 5887 debeas.

2102 4723 2291 4780 siderii
2318 4724 2401 4780 sui
2428 4724 2715 4796 effectum;
2758 4730 3033 4789 consensit
3060 4732 3231 4791 verbo
3271 4741 3330 4790 et
3367 4734 3561 4790 statim
3602 4735 3705 4792 itu—

2100 4816 2343 4891 pleverat
2367 4817 2529 4890 facto,
2552 4829 2609 4878 et
2630 4820 2750 4878 ideo
2767 4821 3104 4894 justissimus
3116 4826 3288 4900 iudex
3310 4828 3485 4900 ipsius
3506 4830 3703 4887 annuit

2099 4916 2247 4971 voto.
2301 4910 2457 4970 Unde
2500 4921 2555 4969 et
2602 4913 2717 4985 ipse
2746 4914 3031 4986 Dominus,
3070 4917 3301 4976 laudans
3328 4919 3496 4978 ﬁdem
3529 4922 3700 4994 ipsus

2098 5002 2354 5061 Ecclesiae
2382 5004 2436 5061 in
2460 5006 2820 5067 Chananitide
2841 5011 3085 5081 muliere,
3112 5029 3243 5071 mox
3268 5018 3551 5073 concessit
3575 5034 3695 5090 qua

2096 5094 2288 5169 petivit
2332 5095 2517 5155 dicens
2563 5098 2677 5159 illi:
2712 5099 2757 5156 0
2787 5100 2997 5170 mulier,
3042 5122 3238 5179 magna
3278 5115 3361 5164 est
3392 5108 3532 5179 ﬁdes
3555 5121 3693 5168 tua:

2092 5182 2191 5257 ﬁat
2220 5185 2313 5240 tibi
2341 5187 2474 5243 sicut
2502 5189 2580 5245 vis
2606 5188 2825 5261 (Matth.
2848 5192 2928 5267 γ).

2168 5274 2403 5352 Cumque
2426 5282 2732 5339 comedisset
2751 5283 2915 5351 Boos,
2947 5294 2997 5343 et
3019 5286 3253 5358 bibisset,
3277 5298 3329 5345 et
3353 5288 3526 5360 factus
3551 5298 3696 5347 esset

2094 5360 2339 5438 hilarior,
2380 5372 2657 5444 ivissetque
2696 5374 2766 5430 ad
2804 5372 3193 5448 dormiendum,
3234 5378 3401 5453 juxta
3444 5396 3695 5436 aureum

2092 5459 2488 5533 manipulorum
2516 5466 2651 5520 venit
2676 5466 3002 5537 abscondite,
3028 5478 3081 5526 et
3104 5468 3443 5544 discoOperto
3467 5487 3502 5526 a
3533 5471 3693 5541 pedi-

2090 5549 2185 5607 bus
2210 5552 2324 5620 eius
2362 5554 2525 5625 pallio
2561 5572 2616 5612 se
2650 5558 2894 5629 projecit.
2927 5558 3175 5619 Comedit
3203 5560 3473 5619 Dominus
3498 5569 3697 5617 noster

2088 5649 2146 5698 et
2168 5643 2329 5712 bibit,
2363 5661 2487 5702 cum
2516 5647 2571 5703 in
2599 5662 2757 5704 coena
2781 5651 3011 5723 mystica
3041 5654 3290 5727 corporis
3320 5661 3377 5710 et
3402 5654 3696 5725 sanguinis

2087 5735 2173 5795 sui
2201 5748 2547 5796 sacramenta
2581 5743 2841 5814 apostolis
2885 5746 3002 5805 suis
3041 5747 3295 5819 tradidit,
3346 5749 3493 5806 unde
3532 5748 3692 5822 puni

2085 5832 2223 5906 ejus,
2250 5832 2391 5894 sicut
2417 5832 2682 5907 scriptum
2709 5844 2815 5910 est,
2843 5840 3361 5903 communicaverunt
3391 5842 3613 5914 corpori
3635 5847 3690 5897 et
