3986 6348
263 286 418 344 ηιδ

1409 280 1764 342 COMMENT.
1803 281 1876 340 IN
1907 282 2174 347 LIBRUM
2211 286 2427 347 RUTH.

3414 296 3554 352 1214

269 404 538 477 sanguini,
582 410 631 458 α
674 400 790 474 ipso
829 400 1072 457 sitniliter
1098 400 1433 473 participem
1465 402 1626 457 idem.
1663 399 1864 457 Factus
1891 402 1944 464 A
1966 410 2016 458 et
2060 406 2326 477 accipietis
2365 404 2549 479 (Joan.
2578 406 2714 478 1m).
2765 405 2836 462 Et
2880 406 3050 466 item:
3098 406 3302 480 Potite,
3341 413 3560 473 dabitur

269 509 347 558 est
370 500 613 566 hilarior,
641 499 769 569 quia
793 504 977 555 certus
1005 504 1126 554 erat
1151 496 1219 553 de
1247 510 1345 553 sua
1375 494 1780 552 resurrectione
1804 505 1862 551 et

267 601 460 651 nostra
488 591 894 663 redemptione;
943 591 1153 662 iritquc
1189 590 1260 645 ad
1299 588 1677 646 dormiendum
1705 586 1861 658 juxta

266 694 528 742 acervum
564 681 969 755 manipulorum
990 724 1007 751 ,
1049 697 1174 739 cum
1217 680 1508 751 complevit
1548 680 1859 751 passionem

266 794 423 836 suam
440 776 599 849 juxta
620 778 932 837 testimonia
956 793 1234 836 sacrarum
1257 774 1683 848 Scripturarum.
1708 775 1859 834 Unde

263 870 323 927 in
353 871 548 929 eadem
586 879 749 929 nocte
778 887 885 944 qua
913 871 1250 938 tradebatur,
1298 869 1368 925 ad
1411 870 1705 940 discipulos
1739 871 1853 925 ait:

265 960 317 1015 Γ
316 961 443 1018 ilius
466 962 693 1018 hominis
717 963 878 1030 vadit,
907 966 1043 1019 sicut
1064 964 1314 1034 scriptum
1333 969 1411 1018 est
1432 960 1497 1016 de
1518 960 1612 1016 ille
1637 959 1854 1033 (Matth.

245 1031 437 1127 in“).
475 1054 545 1111 Et
571 1055 735 1113 alibi:
766 1056 1036 1127 quoniam,
1073 1031 1270 1126 inquit,
1305 1071 1509 1110 necesse
1541 1063 1619 1109 est
1649 1031 1860 1125 impleri

263 1146 443 1200 omnia
465 1162 585 1217 qua:
609 1147 805 1217 scripta
828 1153 951 1201 sunt
972 1148 1032 1200 in
1051 1144 1162 1217 lege
1189 1155 1241 1202 et
1262 1147 1545 1218 prophetis,
1570 1155 1619 1201 et
1642 1144 1858 1217 psalmis

259 1239 331 1293 de
373 1255 455 1295 me
491 1238 645 1311 (Lua.
688 1239 862 1310 xuv).
917 1238 1015 1294 Vel
1061 1248 1215 1296 certe
1259 1240 1380 1311 ejus
1423 1239 1665 1295 dormire
1701 1238 1859 1309 juxta

260 1346 522 1390 acervum
548 1334 952 1405 manipulorum
981 1341 1095 1401 est,
1136 1341 1343 1389 turmas
1376 1332 1615 1389 ﬁdelium
1650 1332 1858 1388 anima-

259 1439 385 1481 rum
416 1425 473 1480 in
504 1432 680 1480 morte
712 1440 810 1480 sua
853 1426 919 1480 de
963 1425 1216 1482 claustris
1257 1428 1469 1498 eripere
1511 1424 1852 1492 inferorum;

259 1514 390 1585 quia
416 1515 533 1586 ipse
556 1523 846 1587 postquam
872 1516 927 1571 in
950 1532 1112 1572 cruce
1134 1518 1317 1578 emisit
1339 1518 1612 1588 spiritum,
1635 1516 1859 1573 descen-

256 1606 340 1661 dit
378 1606 448 1662 ad
488 1606 730 1673 inferos,
782 1615 970 1677 portas
1017 1608 1213 1665 mortis
1263 1607 1569 1678 confregit,
1622 1608 1857 1679 indeque

256 1696 602 1768 triumphans
630 1698 932 1754 resurrexit
978 1699 1035 1754 in
1084 1698 1273 1771 gloria.
1330 1699 1413 1755 Ad
1452 1699 1617 1755 istum
1654 1699 1855 1755 lectum

1960 496 2138 561 vobis;
2175 498 2414 569 quarrite,
2441 507 2490 555 et
2515 498 2822 567 invenietis;
2854 499 3061 571 pulsate
3088 509 3138 557 et
3167 505 3435 575 aperietur
3460 523 3557 566 vo-

1963 585 2039 642 bis
2053 586 2271 659 (Matth.
2294 589 2453 663 xvu).
2478 589 2546 646 Et
2568 590 2801 647 iterum:
2829 589 2892 647 Si
2916 592 3042 664 quid
3067 594 3321 665 petieritis
3344 596 3559 653 Patrem

1959 679 2017 734 in
2041 681 2250 736 nomine
2273 698 2389 737 meo
2411 683 2555 737 dabit
2584 683 2724 739 vobis
2749 683 2932 757 (Jaan.
2959 692 3094 759 xvr).
3130 687 3402 761 Quidquid
3426 706 3560 765 ergo

1962 769 2100 826 ﬁdes
2145 771 2307 841 plena
2350 772 2589 842 postulat
2634 774 2927 832 salubriter
2951 778 3211 848 petentis,
3251 778 3560 852 benignitas

1963 866 2211 921 concedit
2238 867 2436 922 summi
2462 867 2759 939 largitoris.

2033 956 2144 1013 Scit
2190 961 2329 1014 enim
2371 960 2539 1015 omnis
2579 959 2824 1031 populus,
2871 964 2962 1034 qui
3004 963 3208 1021 habitat
3253 966 3395 1022 intra
3434 983 3558 1040 por-

1961 1056 2043 1104 tas
2099 1050 2243 1105 urbis
2306 1067 2436 1106 metu
2468 1093 2483 1121 ,
2547 1052 2819 1109 mulierem
2877 1064 2928 1109 te
2987 1072 3097 1111 esse
3147 1057 3402 1126 virtutis;
3465 1076 3560 1117 nec

1961 1142 2135 1197 abnuo
2195 1159 2278 1198 me
2325 1145 2694 1216 propinquum.
2743 1144 2847 1203 Sed
2892 1156 2971 1202 est
3024 1147 3164 1204 alius
3215 1164 3296 1206 me
3339 1152 3555 1223 propin-

1959 1233 2155 1304 quior;
2200 1235 2405 1306 quiesce
2447 1237 2548 1291 hac
2580 1248 2746 1307 nocte,
2803 1248 2853 1294 et
2908 1239 3050 1310 facto
3096 1255 3249 1297 mane
3291 1244 3340 1298 si
3376 1255 3425 1298 te
3472 1260 3562 1301 vo-

1961 1326 2119 1382 luerit
2159 1330 2562 1401 propinquitatis
2584 1332 2712 1402 jure
2744 1334 2987 1399 retinere,
3017 1334 3143 1389 bene
3184 1348 3264 1390 res
3305 1346 3421 1391 acta
3459 1344 3556 1394 est.

1962 1417 2025 1475 Si
2071 1430 2245 1475 autem
2287 1420 2376 1477 ille
2429 1422 2677 1491 noluerit,
2718 1442 2811 1497 ego
2855 1436 2904 1481 te
2956 1426 3150 1499 absque
3198 1427 3308 1483 ulla
3349 1429 3561 1489 dubita-

1960 1513 2099 1566 tione
2139 1515 2443 1585 suscipiam.
2488 1515 2664 1572 Portm
2699 1517 2850 1574 urbis
2886 1517 3087 1576 Christi
3121 1527 3248 1576 sunt
3278 1520 3559 1595 prophetae

1961 1614 2016 1659 et
2065 1607 2335 1676 apostoli,
2395 1608 2463 1666 de
2506 1609 2704 1679 quibus
2750 1611 3034 1669 Psalmista
3080 1627 3150 1670 ex
3185 1629 3419 1687 persona
3462 1612 3560 1671 Ec-

1960 1696 2139 1754 clesia:
2185 1698 2461 1755 aitzMihi
2507 1712 2684 1756 autem
2730 1703 3000 1760 adluerere
3044 1704 3158 1761 Deo
3207 1704 3399 1762 bonum
3443 1714 3554 1776 est,

256 1789 642 1860 Redemptoris
681 1790 853 1847 nostri
893 1792 1210 1864 properavit
1254 1791 1501 1849 Ecclesia
1524 1834 1539 1860 ,
1593 1802 1647 1848 et
1678 1794 1856 1850 disco.
1881 1774 1933 1837 Β
1956 1778 2150 1860 ptinere
2194 1791 2250 1844 in
2281 1789 2506 1847 Domino
2546 1792 2656 1848 Deo
2706 1810 2850 1867 spem
2900 1814 3104 1864 meam,
3144 1805 3203 1851 ut
3247 1799 3557 1854 annuntiem

254 1888 448 1952 operto
475 1897 506 1936 a
531 1882 762 1952 pedibus
788 1882 906 1954 ejus
933 1883 1121 1955 pallio,
1148 1884 1254 1940 hoc
1279 1892 1385 1951 est,
1413 1883 1654 1940 revelato
1679 1884 1746 1940 de
1773 1884 1858 1940 in-

253 1978 575 2035 carnatione
595 1978 713 2050 ejus
735 1987 1101 2046 sacramento,
1117 1976 1246 2035 illuc
1263 1994 1322 2035 se
1342 1978 1621 2035 humiliter
1640 1978 1857 2036 veniam

253 2069 599 2142 deprecando
629 2077 685 2125 et
709 2071 939 2127 salutem
967 2070 1262 2142 quaerendo
1285 2071 1601 2144 prostravit.

327 2159 398 2216 Et
427 2180 542 2218 ecce
574 2173 725 2219 nocte
760 2163 870 2233 iam
903 2164 1077 2219 media
1107 2166 1313 2237 expavit
1348 2166 1527 2232 homo,
1558 2173 1608 2220 et
1637 2174 1852 2220 contur—

254 2255 409 2312 batus
436 2266 533 2323 est,
564 2258 792 2330 viditque
820 2258 1096 2314 mulierem
1122 2260 1390 2330 jacentem
1420 2260 1489 2313 ad
1523 2259 1678 2330 pedes
1707 2275 1851 2326 suos,

251 2354 304 2402 et
329 2348 403 2402 ait
431 2345 554 2403 illi:
583 2347 716 2415 Quae
735 2365 789 2404 es
805 2349 831 2403 2
856 2349 1067 2422 Illoque
1094 2350 1405 2422 respondit:
1429 2349 1545 2423 Ego
1573 2368 1689 2406 sum
1711 2349 1852 2404 Ruth

252 2435 453 2492 ancilla
491 2446 585 2492 tua
607 2454 627 2503 ;
674 2439 915 2510 expende
954 2440 1178 2512 pallium
1219 2449 1368 2495 tuum
1405 2457 1565 2512 super
1594 2442 1855 2512 famulam

251 2536 435 2597 tuam,
471 2529 597 2601 quia
634 2531 963 2604 propinquus
999 2548 1074 2587 es.
1125 2531 1266 2600 Quid
1294 2540 1379 2588 est
1404 2533 1548 2603 quod
1582 2532 1636 2587 in
1673 2532 1856 2589 media

251 2630 415 2680 nocte
443 2624 608 2681 homo
632 2625 723 2681 hic
748 2625 937 2683 videns
962 2627 1246 2683 mulierem
1273 2627 1523 2699 expavit,
1561 2627 1667 2683 nisi
1708 2627 1853 2699 quod

251 2716 459 2772 mundo
483 2715 725 2773 tenebris
748 2730 999 2773 errorum
1028 2718 1292 2786 involuto,
1316 2718 1569 2776 Christus
1592 2719 1854 2776 Ecclesiae

247 2815 378 2879 post
404 2808 528 2865 ﬁdei
558 2809 853 2865 adventum
881 2810 1109 2867 celerem
1147 2810 1457 2868 mirandum
1487 2810 1643 2867 nobis
1668 2816 1854 2867 osten-

250 2899 333 2956 dit
359 2919 371 2955 :
408 2901 552 2958 unde
576 2901 779 2974 legitur
802 2903 916 2975 ipse
944 2902 1131 2958 mirari
1158 2903 1212 2959 in
1241 2902 1581 2959 centurionis
1608 2900 1732 2967 ﬁde,
1756 2901 1851 2972 qui

246 2992 622 3066 prmﬁguravit
666 2995 1101 3052 incredulitatem
1145 2995 1331 3068 pOpuli
1374 2994 1593 3067 gentilis
1628 2991 1847 3066 (Matth.

245 3084 408 3156 vm);
453 3103 565 3142 non
595 3088 740 3157 quod
770 3088 884 3160 ipse
912 3089 1068 3160 quasi
1114 3090 1375 3160 ignorans
1409 3088 1613 3160 aliquid
1647 3102 1846 3143 novum

1962 1893 2141 1934 omnes
2168 1879 2353 1936 laudes
2389 1891 2508 1938 tuas
2544 1884 2598 1938 in
2626 1885 2791 1955 portis
2822 1886 2948 1945 ﬁlia:
2987 1886 3121 1944 Sion
3144 1884 3319 1960 \Psal.
3359 1886 3555 1961 Lxxn).

1962 1966 2090 2026 Sive
2114 1980 2284 2042 porta:
2304 1983 2431 2029 sunt
2461 1973 2629 2045 ipsius
2656 1976 2809 2032 urbis
2831 1976 3003 2033 divini
3034 1977 3180 2046 libri,
3204 1994 3439 2051 quorum
3460 1979 3560 2036 do-

1959 2070 2215 2117 cumento
2266 2063 2335 2119 ad
2382 2064 2541 2120 ﬁdem
2586 2066 2910 2123 catholicam
2958 2068 3304 2125 lntravimus.
3364 2068 3560 2127 Sciunt

1958 2166 2090 2225 ergo
2115 2170 2324 2224 onmes,
2368 2158 2460 2229 qui
2486 2158 2645 2227 juxta
2666 2160 2766 2217 has
2804 2169 2991 2233 portas
3038 2162 3369 2231 inhabitant,
3416 2164 3583 2223 hanc.

1957 2243 2244 2302 mulierem
2271 2262 2391 2303 esse
2419 2248 2660 2316 virtutis,
2691 2251 2820 2322 quia
2858 2253 3105 2309 omnium
3144 2253 3387 2310 ﬁdelium
3426 2268 3556 2309 cor-

1960 2334 2119 2392 dibus
2170 2338 2273 2395 hoc
2320 2339 2550 2398 ﬁrmiter
2595 2357 2916 2413 persuasum
2968 2351 3072 2410 est,
3120 2346 3267 2417 quod
3309 2342 3559 2403 Ecclesia

1958 2430 2202 2500 gentium
2232 2432 2497 2488 virtutum
2526 2448 2631 2505 ope
2673 2435 2943 2492 ditissima
2970 2437 3042 2492 sit
3082 2436 3149 2491 de
3175 2452 3286 2508 qua
3328 2436 3559 2493 muliere

1957 2518 2015 2573 in
2034 2518 2355 2578 Proverbiis
2376 2523 2453 2578 ita
2480 2516 2745 2596 scriptum
2770 2536 2857 2583 est
2879 2544 2892 2581 :
2919 2526 3200 2583 Mulierem
3222 2526 3413 2598 fortem
3436 2527 3556 2598 quis

1954 2609 2221 2666 inveniet?
2244 2611 2443 2668 Procul
2471 2621 2521 2669 et
2544 2614 2610 2669 de
2640 2615 2840 2671 ultimis
2861 2617 3056 2686 ﬁnibus
3083 2617 3308 2687 pretium
3330 2619 3468 2688 ejus,
3497 2624 3557 2673 et

1956 2706 2174 2755 caetera.
2234 2701 2389 2758 Unde
2426 2710 2482 2759 et
2530 2703 2794 2760 doctrinae
2835 2703 2953 2774 ejus
3001 2704 3257 2771 claritas,
3310 2704 3556 2761 scicntia:

1956 2792 2293 2862 magnitudo,
2318 2793 2443 2850 ﬁdei
2461 2796 2686 2863 veritas,
2716 2797 2985 2853 bonorum
3006 2810 3234 2877 operum
3256 2796 3435 2867 copia,
3457 2809 3557 2866 pa-

1956 2887 2162 2944 tientiae
2216 2891 2558 2958 constantia,
2606 2898 2663 2947 et
2711 2891 2999 2948 charitatis
3041 2891 3308 2964 perfectio
3354 2891 3559 2963 ubique

1952 2981 2301 3050 praedicatur.
2331 2981 2472 3051 Quid
2506 2990 2591 3041 est
2619 2992 2826 3051 autem,
2856 2984 3001 3055 quod
3026 2983 3168 3040 Booz
3198 2974 3291 3040 hic
3308 2996 3419 3039 non
3452 2983 3553 3038 ab-

1954 3074 2096 3138 nuit,
2134 3089 2194 3130 sc
2242 3074 2388 3131 Ruth
2432 3091 2555 3132 esse
2590 3076 2978 3148 propinquum,
3011 3076 3109 3134 sed
3143 3075 3312 3132 alium
3354 3073 3556 3132 asserit

353 3140 367 3156 ,
394 3140 407 3152 .
454 3140 565 3142 η-
604 3140 739 3157 ιη-
770 3140 881 3160 τη-
919 3140 1068 3160 τίω

246 3177 680 3248 obstupesceret,
709 3180 804 3237 sed
835 3188 897 3236 ut
922 3182 1104 3238 omnia
1134 3182 1315 3237 sciens
1344 3181 1502 3237 nobis
1534 3180 1846 3239 mirandum

1954 3161 2059 3219 sibi
2098 3177 2220 3220 esse
2258 3140 2741 3237 prepinquioi'eni?
2782 3140 3064 3236 Quomodo
3103 3182 3237 3241 ergo
3279 3165 3421 3227 alius
3466 3173 3553 3225 est

246 3271 564 3327 ostenderet
593 3272 649 3328 in
677 3271 784 3329 ﬁde
812 3274 1082 3345 gentium,
1121 3276 1266 3347 quod
1300 3276 1441 3346 apud
1475 3291 1601 3331 eum
1632 3291 1847 3347 semper

242 3357 416 3415 ﬂebat
432 3367 662 3414 certum.
692 3359 835 3415 Vidit
860 3364 1133 3419 mulierem
1148 3376 1410 3435 Jacentem
1433 3366 1504 3421 ad
1524 3366 1679 3439 pedes
1699 3383 1841 3432 suos,

243 3449 379 3520 quia
402 3447 706 3505 Ecclesiam
735 3451 1130 3509 incarnationis
1157 3469 1269 3511 suae
1296 3465 1701 3513 sacramentum
1730 3458 1838 3513 hu-

243 3542 455 3599 militer
491 3543 744 3600 venerari
784 3546 1085 3616 conspexit.
1138 3546 1269 3615 Quae
1316 3555 1501 3615 esset,
1554 3548 1841 3619 quaesivit;

179 3680 189 3684 -
245 3633 378 3704 quia
402 3632 522 3705 ejus
548 3632 945 3706 professionem
973 3638 1255 3708 expetivit.
1285 3637 1357 3693 At
1384 3638 1472 3695 illa
1498 3639 1725 3713 pallium
1754 3656 1846 3696 su-

243 3740 349 3797 per
374 3742 435 3783 se
459 3725 692 3799 expandi
732 3727 1029 3799 postulavit
1046 3772 1060 3796 ,
1104 3729 1228 3802 quia
1265 3729 1385 3800 ejus
1410 3730 1537 3789 ﬁdei
1565 3746 1630 3789 ac
1657 3739 1840 3809 prote-

243 3816 450 3873 ctionis
474 3818 705 3890 gratiam
733 3827 856 3875 ante
881 3819 1064 3877 omnia
1089 3820 1442 3878 desideravit.

320 3907 388 3963 Et
417 3906 508 3964 ille
529 3924 549 3962 :
578 3908 893 3977 Benedicta,
936 3910 1141 3983 inquit,
1182 3930 1236 3970 es
1272 3913 1420 3984 ﬁlia,
1461 3914 1588 3988 quia
1615 3914 1845 3988 priorem

240 4002 663 4058 misericordiam
686 4006 972 4076 posteriore
995 4007 1280 4077 superasti,
1306 4008 1433 4080 quia
1457 4024 1563 4062 non
1586 4024 1639 4063 es
1667 4017 1845 4065 secuta

240 4091 458 4162 iuvenes
488 4110 742 4166 pauperes
770 4095 879 4150 sive
906 4095 1109 4152 divites.
1149 4096 1278 4153 Noli
1307 4116 1430 4173 ergo
1461 4108 1721 4167 metuere;
1751 4098 1845 4156 sed

242 4181 503 4254 quidquid
525 4183 722 4240 dixeris
745 4183 894 4252 mihi,
919 4186 1111 4257 faciam
1132 4186 1246 4244 tibi.
1277 4188 1408 4258 Qum
1429 4190 1658 4261 pallium
1681 4208 1846 4264 super

244 4284 308 4328 se
335 4273 567 4345 expandi
598 4276 931 4346 postulavit,
982 4279 1414 4337 benedictionem
1447 4282 1696 4356 accipere
1723 4300 1841 4343 me—

244 4363 397 4419 ruit:
439 4365 568 4437 quia
605 4367 855 4440 quisquis
892 4369 1123 4442 gratiam
1154 4372 1281 4430 ﬁdei
1309 4373 1546 4447 pleniter
1574 4378 1839 4451 percipit,

242 4454 681 4512 benedictionem
714 4460 979 4517 virtutum
1009 4465 1334 4535 spiritalium
1364 4469 1571 4540 pariter
1597 4470 1845 4543 posside-

243 4547 347 4605 bit.
401 4544 677 4616 Priorem,
721 4550 931 4622 inquit,
975 4556 1394 4613 misericordiam
1426 4563 1716 4630 posteriore
1744 4579 1836 4618 su—

241 4638 477 4709 perasti,
527 4640 655 4711 quia
704 4656 811 4697 non
857 4660 910 4698 es
953 4654 1131 4700 secuta
1173 4646 1395 4718 juvenes
1436 4667 1691 4721 pauperes
1735 4652 1841 4711 sive

245 4729 452 4785 divites.
504 4728 667 4788 Prior
706 4732 1083 4792 misericordia
1123 4746 1279 4807 erat,
1328 4740 1473 4811 quod
1513 4740 1839 4817 sibimetipsi

246 4820 538 4879 consulens
591 4837 809 4883 errores
860 4827 1184 4886 idololatriae
1241 4832 1500 4889 deseruit.
1559 4832 1840 4894 Posterior

246 4911 620 4969 misericordia
648 4919 902 4988 estquod
928 4931 1216 4992 postquam
1249 4923 1316 4979 ad
1345 4920 1623 4982 Christum
1654 4925 1835 4996 venit,

248 5010 567 5060 constanter
592 5005 649 5061 in
676 5006 796 5077 ejus
823 5008 928 5067 ﬁde
952 5013 1345 5082 perseveravit.
1382 5012 1507 5070 Non
1532 5034 1606 5086 es,
1642 5016 1842 5090 inquit,

247 5102 426 5149 secuta
444 5094 665 5166 juvenes
690 5115 943 5171 pauperes
972 5102 1076 5157 sive
1104 5103 1311 5161 divites.
1348 5103 1584 5165 Iuvenes
1608 5109 1848 5181 appellat

249 5185 535 5243 hzcreticos
577 5188 691 5245 sive
730 5190 1131 5261 schismaticos,
1178 5197 1272 5267 qui
1316 5213 1426 5255 non
1472 5201 1844 5259 maturitatem

246 5278 366 5333 veri
408 5278 619 5337 consilii
665 5282 905 5351 habent,
952 5285 1048 5341 sed
1079 5301 1296 5359 semper
1322 5289 1626 5360 instabiles,
1662 5294 1844 5352 varios

248 5385 464 5429 errores
489 5386 808 5445 sequuntur.
839 5375 953 5435 Hos
978 5394 1107 5451 ergo
1132 5380 1373 5439 Ecclesia
1402 5384 1550 5442 nullo
1575 5386 1737 5444 modo
1763 5396 1847 5445 est

250 5472 468 5529 secuta,
516 5466 645 5537 quia
671 5484 887 5525 omnem
930 5470 1216 5542 perﬁdiam
1257 5473 1639 5533 haereticorum
1681 5488 1846 5553 atque

250 5551 530 5610 lasciviam
558 5560 906 5626 peccantium
935 5568 1022 5617 est
1049 5562 1379 5620 abominata.
1424 5564 1717 5640 Quidquid,
1748 5551 1845 5638 ait,

249 5643 450 5702 dixeris
483 5649 614 5703 mihi
630 5692 647 5718 ,
693 5650 889 5721 faciam
928 5654 1043 5710 tibi.
1098 5653 1303 5712 Taliter
1350 5664 1406 5714 et
1453 5658 1507 5715 in
1556 5659 1846 5733 Evangelio

254 5735 518 5799 Dominus
546 5739 829 5817 discipulis
856 5744 972 5805 suis
997 5747 1213 5807 locutus
1238 5755 1351 5820 est,
1391 5749 1615 5811 dicens:
1650 5750 1841 5827 Petito,

1948 3256 2307 3329 propinquior
2324 3258 2598 3326 Ecclesiae,
2624 3276 2790 3332 quam
2810 3262 3062 3319 Christus
3083 3263 3177 3335 qui
3194 3264 3359 3336 caput
3375 3260 3551 3337 ipsius

1949 3349 2069 3405 est?
2096 3346 2204 3405 Sed
2230 3350 2348 3406 inec
2370 3352 2750 3423 propinquitas
2772 3354 3071 3410 secundum
3096 3353 3421 3427 mysterium
3441 3364 3554 3410 non

1949 3444 2019 3499 ad
2059 3444 2439 3527 cognationem
2490 3448 2728 3516 generis,
2765 3448 2863 3502 sed
2908 3447 2978 3503 ad
3017 3463 3229 3503 moram
3269 3445 3552 3518 temporis.

1947 3534 2057 3591 lste
2086 3537 2237 3592 enim
2282 3538 2621 3609 propinquus
2648 3538 2971 3613 intelligitur
3013 3554 3135 3597 esse
3173 3538 3412 3596 Joannes
3446 3537 3554 3597 Ba-

1946 3630 2131 3700 ptista,
2160 3630 2254 3705 qui
2276 3630 2571 3704 putabatur
2593 3646 2624 3686 a
2642 3630 2845 3691 Judzcis
2862 3645 2984 3689 esse
3005 3630 3255 3693 Christus
3277 3630 3337 3705 (1
3338 3648 3463 3691 oan'.
3479 3630 3547 3708 ι),

1948 3721 2044 3778 sed
2082 3718 2173 3777 ille
2215 3720 2319 3778 sibi
2359 3737 2559 3780 nomen
2610 3722 2796 3796 sponsi
2845 3721 2994 3785 nullo
3037 3722 3198 3780 modo
3232 3722 3548 3795 usurpavit;

1947 3815 2080 3888 quin
2105 3816 2288 3888 potius
2316 3816 2448 3877 illud
2484 3832 2616 3875 vero
2647 3834 2846 3891 sponso
2869 3816 3261 3878 venerabiliter
3297 3832 3548 3879 reserva-

1944 3907 2045 3976 vit,
2061 3907 2246 3966 dieens
2267 3926 2278 3940 ο
2298 3908 2403 3977 Qui
2423 3908 2576 3969 habet
2596 3926 2865 3983 sponsam,
2882 3926 3106 3982 sponsus
3126 3918 3224 3979 est,
3240 3910 3441 3971 amicus
3458 3925 3552 3969 au-

1948 4008 2052 4057 tem
2082 4001 2291 4073 sponsi,
2324 3994 2414 4073 qui
2442 4006 2546 4055 stat
2584 4008 2634 4056 et
2676 4000 2827 4056 audit
2869 4017 3044 4058 vocem
3070 4014 3185 4070 ejus
3212 3998 3398 4075 (lacu.
3434 3999 3545 4073 ιιι).

1945 4090 2309 4165 Propinquior
2337 4092 2484 4149 enim
2516 4098 2634 4147 erat
2658 4088 2913 4163 Joannes,
2937 4091 3064 4163 quia
3090 4091 3147 4149 in
3176 4088 3380 4155 mundo
3396 4090 3550 4165 prior

1945 4192 2110 4252 natu;
2142 4185 2257 4253 sed,
2282 4185 2400 4257 ipso
2427 4192 2694 4242 renuente
2719 4185 3059 4244 consortium
3083 4182 3345 4260 coniugii,
3378 4200 3547 4259 Spon-

1947 4292 2066 4333 sam
2111 4292 2265 4332 suam
2301 4292 2465 4334 verus
2512 4277 2729 4351 accepit
2763 4293 3016 4350 sponsus.
3072 4276 3212 4337 Sunt
3255 4278 3352 4351 qui
3396 4278 3549 4339 hunc

1946 4370 2314 4443 propinquum
2348 4372 2527 4443 ipsum
2552 4371 2881 4443 Decalogum
2910 4370 3046 4443 legis
3077 4368 3306 4443 intelligi
3331 4370 3546 4445 volunt,

1948 4462 2039 4519 hic
2095 4463 2150 4517 in
2203 4472 2270 4519 eo
2324 4461 2613 4523 videbatur
2662 4460 3023 4535 propinquior
3074 4476 3196 4519 esse
3241 4460 3545 4537 Syuagogm

1948 4568 2111 4624 quam
2142 4551 2515 4625 Evangelium,
2546 4551 2690 4624 quod
2717 4551 3027 4629 specialiter
3053 4551 3134 4611 illi
3157 4553 3365 4627 populo
3382 4554 3546 4621 datus

1950 4652 2036 4701 est
2064 4657 2161 4716 per
2184 4642 2425 4717 Moysen,
2460 4652 2518 4705 et
2539 4644 2691 4716 prior
2716 4653 2837 4701 erat
2882 4652 3130 4717 tempore
3158 4662 3322 4720 quam
3343 4649 3541 4723 gratia.

1948 4734 2207 4793 Dormivit
2232 4736 2408 4809 itaque
2430 4736 2502 4795 ad
2534 4736 2689 4809 pedes
2720 4736 2834 4808 ejus
2848 4752 3015 4810 usque
3045 4737 3116 4793 ad
3142 4739 3313 4799 noctis
3344 4739 3546 4799 absces-

1947 4845 2097 4896 sum;
2130 4830 2461 4904 surrexitque
2489 4841 2770 4904 antequam
2818 4831 3055 4890 homines
3089 4849 3147 4889 se
3170 4843 3542 4909 cognoscerent

1945 4930 2151 4991 mutuo.
2208 4920 2477 4978 Dormivit
2524 4920 2670 4979 Ruth
2706 4922 2967 4994 spiritalis
3007 4926 3075 4985 ad
3103 4926 3269 5001 pedes
3306 4925 3540 5002 Christi,

1947 5030 2073 5074 cum
2103 5013 2157 5070 in
2189 5031 2285 5089 spe
2315 5014 2708 5079 incarnationis
2738 5015 2873 5087 ejus,
2905 5019 3049 5079 unde
3076 5018 3180 5081 sibi
3209 5026 3423 5079 certam
3447 5034 3540 5081 sas-

1946 5098 2114 5164 lutem
2157 5109 2415 5166 credebat
2455 5125 2577 5166 esse
2623 5118 2932 5179 venturam,
2970 5112 3124 5184 quasi
3163 5112 3538 5187 requiescens,

1946 5201 2216 5273 patienter
2254 5216 2377 5258 eum
2418 5202 2768 5274 exspectabat
2793 5210 2889 5263 :et
2928 5203 3033 5259 hoc
3057 5219 3223 5277 usque
3259 5202 3329 5259 ad
3367 5202 3538 5267 noctis

1946 5292 2261 5359 abscessum,
2295 5291 2506 5348 scilicet
2526 5307 2698 5365 usque
2718 5293 2787 5349 ad
2814 5292 3163 5373 tenebrarum
3201 5290 3537 5353 inﬁdelitatis

1945 5390 2237 5442 remotum.
2263 5383 2508 5441 Surrexit
2530 5396 2809 5459 antequam
2834 5384 3072 5443 homines
3094 5401 3150 5441 se
3174 5394 3355 5445 mutuo
3378 5400 3536 5457 agno-

1945 5486 2148 5534 scerent
2167 5495 2187 5546 ;
2210 5476 2339 5549 quia
2372 5486 2663 5549 antequam
2704 5475 2951 5535 carnales
2986 5474 3183 5544 ιωιωί,
3208 5490 3308 5549 per
3333 5474 3535 5532 doctri-

1945 5585 2074 5626 nam
2100 5570 2232 5642 legis
2274 5570 2489 5638 imbuti,
2524 5579 2734 5626 naturae
2761 5584 2872 5627 suae
2901 5568 3029 5642 jura
3065 5569 3207 5627 bene
3240 5580 3537 5641 cognosce-

1945 5672 2089 5730 rent,
2138 5662 2379 5723 Ecclesia
2417 5663 2484 5721 de
2535 5661 2787 5735 gentibus
2832 5668 3157 5729 convocata,
3202 5661 3270 5723 de
3317 5659 3535 5723 inertia

1948 5772 2141 5816 somno
2190 5773 2251 5817 se
2295 5756 2596 5828 excutiens,
2634 5755 2872 5816 diluculo
2918 5754 3199 5817 nascentis
3240 5753 3370 5815 ﬁdei
3406 5768 3531 5817 sur-
