3996 6338
455 261 594 316 ﬁlii
1090 254 1152 311 B.
1195 251 1446 310 RABANI
1487 249 1707 310 MAURI
1744 245 2070 305 ARCHIEP.
2109 241 2423 303 MOGUNT.
2463 237 2749 300 OPERUM
2781 233 2962 294 PARS
2997 234 3041 292 1.
3581 237 3747 294 me

457 376 620 441 rexit,
658 381 819 444 atque
851 371 919 428 ad
962 369 1166 427 Christi
1207 369 1437 438 gratiam
1477 365 1664 422 venire
1698 360 2028 434 properavit.
2058 357 2114 422 Α
2135 370 2232 411 sua
2259 355 2526 426 promissa
2561 352 2789 444 implere
2825 355 3024 414 cesset,
3061 346 3250 444 dicens
3285 344 3426 444 illud
3449 347 3750 419 evangeli-

460 470 526 524 Et
575 438 706 522 dixit
731 438 880 520 Deos
901 478 918 516 :
941 461 1098 528 Cave,
1126 478 1187 516 ne
1215 461 1332 532 quis
1373 458 1598 522 noverit,
1627 456 1765 528 quod
1813 454 1914 508 huc
1951 469 2034 508 ve-
2136 444 2671 504 cumsznitentiam
2700 443 2858 514 agite,
2884 438 3748 532 appropinquavit

457 559 616 618 neris.
651 556 929 624 Quomodo
951 569 1080 626 ergo
1097 528 1276 608 latere
1297 549 1472 620 potuit
1499 545 1782 602 conversio
1797 544 2036 614 gentium
2139 538 2386 594 caelorum
2415 537 2630 609 (Matth.
2661 535 2756 606 ιν).
2796 533 2864 588 Et
2901 532 3032 587 item
3058 549 3075 626 ξ
3101 528 3208 595 Qui
3235 528 3616 626 crediderimet
3643 529 3752 626 ba-

455 647 529 708 ad
565 622 730 704 ﬁdem
754 644 994 710 Christi,
1019 622 1153 698 eum
1196 641 1252 696 in
1298 647 1412 694 toto
1453 639 1588 692 orbe
1627 644 1898 690 terrarum
1933 633 2050 688 hoc
2137 633 2366 704 ptizatus
2391 630 2568 700 fuerit,
2607 628 2781 684 salvus
2808 628 2950 690 erit;
2975 623 3070 696 qui
3106 639 3226 678 vero
3271 638 3377 678 non
3417 622 3748 691 cratim-it,

453 738 804 814 pralicatur,
847 737 950 792 hoc
979 735 1250 798 laudatur,
1296 733 1400 788 hoc
1423 727 1766 785 celebratur?
1801 724 1912 782 Sed
1949 739 2039 778 ca-
2141 720 2570 814 condemnabitur
2607 719 2805 814 (Marc.
2866 717 3000 787 xvr).
3046 715 3120 814 _Et
3595 712 3750 770 eisin

458 803 588 892 vere
612 848 736 892 eam
759 803 1034 903 praecepit,
1068 843 1136 883 ne
1172 824 1296 896 quis
1319 823 1549 889 noverit,
1579 823 1682 876 hoc
1713 827 1816 886 est,
1857 825 1919 873 ut
1941 832 2044 873 ca-
2140 812 2286 868 Deus
2325 811 2508 866 dilexit
2553 810 2828 876 mundum,
2861 807 3294 879 utunigenitum
3339 803 3556 860 Filium

458 933 610 992 vent,
638 939 708 981 ne
744 899 812 978 de
864 917 1274 976 conversatione
1319 929 1420 970 sua
1463 913 1678 969 laudem
1725 913 2038 973 humanam,
2143 909 2314 976 daret,
2351 908 2600 964 att-mnis
2637 905 2728 976 qui
2763 903 2926 958 credit
2966 903 3022 956 in
3043 917 3121 992 eo
3151 917 3257 957 non
3281 908 3486 972 pereat,
3509 899 3608 956 sed
3643 900 3753 956 hn-

458 1019 560 1078 sed
593 990 824 1088 gloriam
864 1013 1101 1068 divinam
1140 1015 1367 1080 quierat.
1416 1005 1509 1062 Sic
1549 1016 1605 1061 et
1644 1006 1700 1060 in
1751 1002 2043 1074 Evangelio
2147 998 2260 1052 beat
2285 999 2445 1053 vitam
2480 1006 2729 1052 (sternam
2756 993 2940 1065 (Joan.
2975 990 3084 1063 ιιι).

459 1107 583 1183 ipse
609 1108 868 1163 Dominus
895 1105 961 1160 de
995 1103 1470 1173 eleemosynarum
1498 1098 1808 1163 donatione,
1841 1104 1897 1151 et
1916 1110 2044 1150 ora—
2738 1105 2965 1165 CAPUT
3011 1104 3126 1161 χιι,

461 1201 628 1256 tionis
663 1196 994 1254 exhibitione
1031 1194 1314 1266 praecepit,
1342 1193 1528 1266 dicens
1554 1209 1566 1246 :
1591 1189 1723 1244 Cum
1749 1189 1880 1260 facis
1914 1188 2047 1243 elec-

2181 1204 2226 1258 δε
2247 1220 2468 1259 ascensu
2491 1202 2639 1258 Boos
2655 1200 2734 1256 ad
2757 1209 2963 1271 portam
2987 1198 3218 1271 civitatis
3234 1203 3297 1271 _.et_
3324 1194 3762 1271 collocanda)”

461 1305 754 1362 mosynam,
790 1288 899 1342 noli
947 1265 1072 1341 tuba
1107 1301 1294 1340 canere
1334 1293 1454 1338 ante
1481 1294 1548 1348 te,
1592 1281 1727 1336 sicut
1764 1281 2046 1352 hypocrita:
2219 1274 2288 1328 ad
2335 1265 2777 1362 consanguineum
2826 1285 2982 1362 suum
3487 1265 3635 1318 Ruth
3686 1271 3758 1317 ut

464 1338 663 1453 faciiint
687 1381 744 1436 in
785 1379 1063 1451 synagogis
1091 1388 1139 1432 et
1182 1379 1239 1432 in
1267 1377 1414 1442 tricis,
1454 1385 1511 1429 ut
1549 1373 1962 1442 honoriﬁcentur
1981 1370 2048 1424 ab
2225 1355 2434 1402 ευδείιεῑ
2467 1359 2640 1400 Semen
2665 1356 3034 1453 consangumc—t
3070 1355 3154 1392 sui
3210 1338 3469 1453 defuncti.

464 1442 781 1529 hominibus.
1035 1470 1154 1524 dico
1202 1469 1364 1534 vobis,
1412 1475 1714 1537 receperunt
1759 1462 2050 1517 mercedem
2224 1456 2374 1528 (Car.
2405 1454 2506 1526 ιν.)
2543 1452 2794 1508 Ascendit
2835 1466 2958 1520 ergo
2987 1448 3134 1504 Boos
3167 1447 3237 1504 ad
3273 1454 3491 1517 portam
3531 1452 3582 1498 et
3611 1442 3758 1497 sedi

463 1577 636 1616 suam.
671 1560 742 1616 Te
767 1569 943 1614 autem
989 1561 1210 1630 faciente
1255 1539 1662 1626 eleemosynam,
1701 1554 1895 1608 nesciat
1923 1553 2051 1606 sini-
2154 1555 2247 1608 ibi.
2279 1551 2418 1620 Quid
2460 1557 2544 1606 est
2582 1550 2724 1604 Booz
2769 1556 3020 1602 nostrum
3057 1543 3358 1618 ascendere
3395 1542 3466 1598 ad
3508 1548 3756 1612 portam,

465 1663 575 1707 stra
600 1661 690 1706 tua
725 1652 850 1722 quid
881 1651 1042 1721 faciat
1073 1652 1257 1704 dextra
1286 1659 1401 1715 tua,
1431 1659 1485 1702 ut
1511 1648 1574 1702 sit
1605 1647 1930 1716 eleemosyna
1959 1653 2051 1698 tua
2079 1720 2110 1722 ψ
2157 1645 2261 1700 nisi
2308 1642 2585 1699 Christum
2629 1639 2700 1694 ad
2741 1638 2996 1694 eﬂ'ectum
3034 1634 3335 1705 perducere
3380 1631 3762 1702 prophetiam,

467 1744 524 1798 in
552 1720 824 1810 absconso,
851 1720 898 1798 ct
927 1742 1090 1816 Pater
1111 1753 1254 1810 tuus,
1280 1742 1371 1813 qui
1401 1740 1532 1796 videt
1557 1741 1611 1793 in
1635 1738 1906 1803 absconso,
1933 1736 2050 1792 red-
2078 1720 2126 1780 Β
2155 1750 2272 1807 quae
2299 1735 2367 1789 de
2403 1735 2520 1804 ejus
2565 1730 2938 1787 incarnatione
2963 1727 3286 1816 conscripta
3319 1725 3445 1816 est?
3477 1722 3564 1778 lbi
3601 1722 3762 1778 sede-

467 1834 552 1888 det
589 1835 678 1888 tibi
715 1835 771 1887 in
799 1814 1097 1906 propatulo.
1132 1833 1200 1887 Et
1229 1849 1349 1888 cum
1385 1831 1550 1886 oratis
1594 1847 1697 1884 non
1725 1830 1892 1895 eritis,
1920 1829 2055 1884 sicut
2156 1829 2272 1891 hat,
2299 1825 2428 1895 quia
2457 1824 2513 1878 in
2537 1819 2768 1892 virginis
2794 1820 2937 1885 alvo,
2967 1818 3112 1876 unde
3147 1814 3462 1872 hominibus

469 1927 775 1996 hypoct‘ilw,
802 1905 897 1997 qui
925 1934 1103 1978 autaut
1129 1925 1186 1978 in
1223 1924 1502 1996 synagogis
1533 1931 1581 1977 et
1620 1920 1830 1992 angulis
1857 1919 2060 1991 platea—
2158 1925 2362 1988 posset,
2397 1929 2620 1970 carnem
2641 1913 2925 1978 sumebat;
2956 1912 3023 1966 de
3069 1910 3175 1966 hac
3197 1907 3397 1978 quippe
3424 1913 3592 1976 porta
3629 1905 3764 1959 Esca

473 2034 588 2071 rum
610 2027 807 2074 stantes
838 2034 1010 2083 orare,
1043 2028 1100 2071 ut
1139 2017 1416 2073 videantur
1444 2016 1509 2070 ab
1543 2013 1863 2070 hominibus.
1893 2014 2063 2070 Amen
2160 2009 2300 2064 chiel
2340 2008 2540 2064 dudum
2585 2006 2898 2075 scripserat,
2938 2004 3013 2058 ita
3042 2003 3270 2058 dicens:
3297 2000 3367 2054 Et
3408 1997 3648 2052 ωηενιὶ
3681 2011 3764 2050 ne

469 2107 586 2164 dico
609 2109 772 2177 vobis,
797 2119 1099 2181 receperunt
1127 2109 1414 2176 mercedem
1438 2124 1610 2163 suam.
1643 2106 1722 2160 Tu
1741 2115 1917 2162 autem
1939 2120 2060 2160 cum
2161 2104 2230 2158 ad
2258 2104 2395 2157 viam
2433 2111 2598 2172 porta:
2621 2099 2914 2154 sanctuarii
2955 2097 3250 2164 exterioris,
3293 2110 3412 2165 qua
3450 2089 3763 2161 respiciet!

471 2202 722 2268 oraveris,
748 2204 888 2257 intra
917 2203 972 2257 in
999 2201 1298 2256 cubiculum
1329 2211 1500 2267 tuum,
1527 2209 1574 2264 et
1599 2199 1780 2254 clauso
1817 2198 1950 2252 ostio
1971 2205 2062 2254 tuo

471 2310 567 2348 ora
598 2293 809 2348 Patrem
838 2305 984 2350 tuum
1015 2295 1072 2348 in
1097 2294 1383 2358 absconso;
1419 2301 1468 2346 et
1503 2289 1668 2348 Pater
1695 2298 1840 2351 tuus,
1869 2286 1958 2357 qui
1987 2285 2063 2338 vi-

473 2385 559 2438 det
586 2385 641 2438 in
681 2384 956 2450 absconso,
986 2383 1165 2440 reddet
1193 2383 1287 2436 tibi
1311 2384 1365 2434 in
1396 2378 1674 2453 propatulo
1707 2377 1925 2451 (Matth.
1959 2377 2057 2448 γι).

1088 2494 1316 2551 CAPUT
1357 2493 1451 2549 XI.

475 2585 719 2642 Reversio
765 2585 911 2640 Ruth
955 2587 1026 2640 ad
1075 2602 1280 2641 socrum
1319 2601 1440 2656 qua:
1477 2585 1700 2656 portavit
1735 2597 1828 2656 sea:
1860 2581 2062 2656 modios

544 2657 750 2725 hordei,
799 2674 1024 2714 narrans
1065 2656 1241 2712 socrui
1279 2651 1391 2712 suae
1431 2651 1607 2712 omnia
1634 2672 1753 2728 qua:
1780 2654 1922 2725 [acta
1951 2651 2064 2722 fuco

515 2763 522 2769 -
547 2736 686 2782 rant.

546 2836 725 2911 (1311).)
771 2836 840 2894 Et
884 2855 1096 2895 rursum
1135 2852 1155 2892 :
1182 2838 1441 2912 Expende
1467 2879 1483 2908 ,
1535 2841 1739 2914 inquit,
1787 2843 2066 2914 palliolum

476 2938 644 2998 tuum,
689 2948 791 3001 quo
829 2933 1070 3002 operiris,
1113 2942 1160 2988 et
1189 2941 1303 2988 tene
1350 2943 1572 3004 utraque
1608 2951 1790 2990 manu.
1828 2936 1947 3002 Qua
1975 2953 2066 2992 ea»

477 3023 716 3080 tendente
744 3033 792 3079 et
831 3032 1056 3092 tenente,
1092 3042 1302 3081 mensus
1328 3036 1402 3082 est
1429 3044 1522 3082 sea:
1549 3027 1753 3084 modios
1779 3029 1986 3098 hordei,
2011 3037 2064 3084 et

2163 2197 2232 2252 ad
2261 2198 2547 2259 orientem;
2573 2204 2622 2248 et
2645 2204 2757 2250 erat
2780 2193 2962 2248 clausa
2987 2210 3006 2260 ;
3031 2203 3082 2247 et
3101 2192 3238 2246 dixit
3265 2190 3526 2244 Dominus
3551 2189 3626 2241 ad
3644 2201 3762 2241 me:

2165 2288 2333 2342 Porta
2351 2287 2464 2342 hate
2486 2285 2669 2340 clausa
2689 2285 2805 2351 erit,
2827 2301 2935 2339 non
2954 2283 3241 2355 aperietur,
3265 2293 3314 2336 et
3337 2283 3412 2335 vir
3425 2297 3528 2334 non
3553 2278 3764 2332 transi-

2165 2381 2236 2436 bit
2277 2397 2370 2452 per
2405 2397 2542 2446 eam,
2571 2379 2696 2452 quia
2717 2377 2979 2433 Dominus
3009 2376 3150 2431 Deus
3177 2374 3351 2430 Israel
3389 2375 3657 2444 ingressus
3681 2377 3762 2425 est

2163 2488 2256 2543 per
2281 2487 2422 2536 eam,
2447 2471 2648 2542 eritque
2675 2467 2879 2522 clausa.
2909 2467 3161 2538 Princeps
3187 2467 3297 2535 ipse
3339 2463 3552 2518 sedebat
3575 2463 3633 2516 in
3673 2477 3760 2529 ea,

2165 2573 2222 2618 ut
2262 2563 2498 2618 comedat
2543 2575 2731 2632 panem
2777 2545 2957 2613 coram
2999 2558 3248 2612 Domino.
3286 2557 3397 2610 Per
3434 2556 3579 2609 uiam
3620 2557 3765 2610 mis-

2167 2651 2277 2707 buli
2321 2661 2486 2722 porta:
2525 2649 2866 2722 ingredietur,
2905 2658 2954 2704 et
2998 2665 3094 2720 per
3130 2650 3270 2703 viam
3309 2647 3428 2717 ejus
3465 2646 3766 2717 egredietur

2167 2743 2386 2816 (Eaeck.
2415 2741 2584 2814 xuv).

2239 2835 2475 2908 Cumque
2523 2835 2736 2890 vidisset
2783 2833 3134 2906 propinquum
3183 2833 3490 2904 pra'terire,
3549 2832 3618 2884 de
3659 2847 3760 2903 quo

2167 2931 2316 3002 prius
2355 2945 2528 2984 sermo
2560 2929 2775 2983 habitus
2797 2937 2894 2993 est,
2934 2927 3070 2980 dixit
3095 2925 3166 2979 ad
3193 2942 3314 2980 eunt
3337 2941 3355 2979 :
3379 2925 3607 2979 Declina
3631 2941 3766 2995 pau-

2169 3021 2344 3094 lisper,
2387 3031 2435 3077 et
2459 3021 2581 3077 sede
2623 3021 2730 3088 hic,
2765 3037 2952 3077 vocans
2977 3037 3098 3074 eum
3137 3021 3344 3074 nomine
3380 3035 3500 3074 suo.
3543 3019 3656 3086 Qui
3685 3019 3768 3072 di-

476 3117 649 3186 posuit
703 3135 861 3189 super
913 3080 1056 3174 eam:
1101 3080 2066 3194 Exprimere—iubet.—
2092 3080 2138 3143 α
2170 3080 2412 3172 vei-tiret
2455 3115 2609 3170 sedit.
2659 3080 2808 3170 Vidit
2856 3111 3001 3170 Boos
3041 3114 3400 3184 propinquum
3453 3080 3766 3183 praeterire,

477 3219 592 3276 est,
655 3210 885 3268 dilatare
939 3211 1102 3268 ﬁdem
1129 3253 1144 3280 ,
1200 3222 1257 3269 et
1286 3201 1504 3271 tenere
1570 3224 1807 3287 utraque
1863 3232 2063 3281 manu,
2167 3207 2296 3264 dum
2323 3206 2573 3263 Christus
2598 3204 2771 3261 voluit
2789 3205 2964 3276 legem
2991 3203 3356 3275 temporaliter
3371 3204 3518 3273 plebi
3540 3201 3770 3258 Iudaeo-

478 3315 644 3370 opere
708 3301 918 3358 scilicet
979 3305 1284 3359 exercendo
1308 3344 1323 3370 ,
1389 3307 1534 3373 quod
1593 3308 1757 3362 corde
1821 3309 2067 3378 percepit

2181 3316 2289 3355 rum
2315 3299 2668 3356 constitutam
2695 3298 2860 3370 fesso;
2893 3312 3056 3368 quam
3094 3298 3162 3351 ad
3188 3309 3244 3350 se
3275 3293 3556 3349 declinare
3575 3291 3762 3362 iussit,

478 3390 722 3446 credulo.
783 3391 1002 3449 Mensas
1056 3400 1142 3449 est
1199 3409 1297 3449 sex
1359 3396 1567 3452 modios
1618 3397 1809 3453 hordei
1861 3406 1918 3454 ei
1970 3415 2069 3472 po.
2169 3391 2296 3462 quia
2325 3390 2394 3444 ad
2422 3406 2534 3445 suae
2559 3388 2981 3460 dispensationis
3009 3386 3328 3460 mysterium
3354 3383 3766 3440 testiﬁcandum

478 3482 591 3538 suit
663 3497 827 3553 super
872 3499 995 3538 eam
1023 3523 1039 3550 ,
1107 3499 1230 3540 cum
1278 3485 1436 3556 juxta
1488 3488 1794 3546 intellectus
1855 3493 2070 3563 capaci.
2169 3498 2290 3540 eam
2317 3482 2620 3538 inclinavit.
2649 3481 2826 3537 Aliter
2851 3499 2862 3534 :
2887 3481 3035 3537 Vidit
3061 3480 3424 3552 propinquum
3459 3480 3762 3549 praeterire,

479 3580 648 3628 tatem
703 3573 754 3628 ei
805 3574 995 3630 tribuit
1036 3574 1288 3645 perfectae
1323 3577 1658 3648 operationis
1703 3581 1922 3637 modum
1947 3623 1962 3650 ,
2011 3590 2073 3638 ut
2171 3589 2296 3630 cum
2322 3573 2681 3645 Ρΐεεειιΐδοτίε
2703 3573 2787 3628 sui
2806 3573 3120 3639 θάνθηιιιῐης
3146 3583 3308 3642 quem
3333 3585 3488 3626 more
3515 3571 3645 3626 τίω
3665 3571 3766 3625 hu‘

479 3660 627 3716 intus
657 3660 898 3732 forisque
946 3663 1073 3718 ﬁdei
1113 3672 1278 3736 atque
1329 3666 1595 3722 virtutum
1642 3669 1912 3727 ditaretur
1950 3688 2072 3728 mu-
2171 3679 2347 3723 mana:
2393 3680 2688 3738 properare
2733 3665 3040 3736 conSpexit,
3090 3664 3159 3720 ad
3211 3663 3450 3720 oﬂicium
3501 3663 3768 3734 praecisis

479 3766 637 3820 nere,
667 3759 722 3810 et
747 3753 982 3826 gloriosa
1002 3755 1205 3826 ubique
1231 3768 1519 3828 appareret
1547 3759 1729 3815 divina
1757 3761 2067 3834 largitione.
2173 3759 2605 3816 misericorditer
2637 3759 2930 3824 convertit,
2962 3773 3167 3814 vocans
3211 3773 3334 3814 eum
3383 3757 3612 3812 nomine
3649 3770 3764 3822 suo,

482 3842 594 3900 Nec
634 3860 740 3900 non
767 3855 824 3902 et
847 3847 977 3902 illud
1004 3850 1254 3906 senarius
1296 3867 1557 3908 numerus
1583 3852 1689 3909 hoc
1712 3853 1832 3912 loco
1866 3857 2074 3928 signiﬁ-
2173 3853 2393 3922 quando
2413 3850 2492 3906 illi
2509 3849 2763 3908 videlicet
2784 3866 2884 3922 per
2908 3849 3183 3907 Gabrielis
3207 3848 3530 3920 archangeli
3560 3847 3766 3903 relatio-

483 3951 610 3992 carc
636 3945 836 4008 potest,
857 3938 1003 4009 quod
1025 3948 1178 3996 sexta
1205 3950 1367 3998 aetate
1389 3944 1652 4000 Dominus
1671 3945 1788 4016 ipse
1808 3947 2074 4004 hordeum
2173 3957 2300 3998 nem
2317 3983 2334 4010 ,
2373 3957 2602 4016 nomen,
2658 3943 2801 4014 quod
2839 3939 3077 3999 Joannes
3121 3953 3409 3998 vocaretur
3435 3981 3450 4006 ,
3505 3937 3764 4011 praeordi-

481 4027 620 4100 legis
653 4028 911 4086 Ecclesia:
940 4032 1182 4101 gentium
1218 4033 1286 4089 ad
1330 4035 1584 4104 pabulum
1625 4052 1725 4107 per
1752 4040 2074 4110 mysterium
2175 4031 2348 4087 naVit-

485 4121 776 4186 concessit,
798 4130 1069 4190 quatenus
1094 4139 1264 4193 egena
1284 4125 1549 4182 hactenus
1577 4127 1700 4183 cibo
1729 4129 1957 4200 spiritali
1978 4145 2076 4202 per

485 4212 716 4282 gratiam
745 4212 914 4280 ipsius
935 4214 1191 4283 deinceps
1223 4217 1509 4272 ditaretur.

2251 4119 2462 4176 Tollens
2487 4129 2663 4175 autem
2695 4117 2843 4173 Boos
2863 4119 3040 4174 decem
3061 4117 3204 4173 viros
3227 4117 3296 4172 de
3321 4116 3622 4171 senioribus
3639 4111 3766 4168 civi-

2177 4217 2322 4282 tatis,
2353 4215 2488 4270 dixit
2527 4214 2596 4268 ad
2635 4231 2720 4268 eos
2745 4228 2762 4265 :
2790 4213 2975 4269 Sedete
3025 4214 3130 4267 hic.
3173 4211 3377 4278 Quibus
3423 4209 3770 4266 residentibus

561 4301 694 4368 Qum
723 4311 941 4374 portans
984 4304 1222 4373 ingressa
1256 4315 1332 4360 est
1366 4309 1650 4376 civitatem,
1677 4320 1725 4365 et
1750 4313 1884 4368 venit
1905 4314 1976 4367 ad
1998 4331 2080 4368 so-
2178 4307 2380 4362 loculus
2409 4317 2486 4362 εει
2523 4307 2592 4360 ad
2621 4305 2980 4378 propinquum
3003 4320 3022 4358 -°
3051 4303 3270 4360 Partem
3314 4304 3430 4376 σθ’-ἔ
3459 4302 3653 4374 [πανὺ
3680 4319 3770 4356 ηο-

487 4412 636 4450 crum
667 4412 849 4462 suam,
897 4397 1244 4470 narrabitque
1275 4416 1321 4453 et
1362 4402 1539 4456 omnia
1581 4419 1698 4472 quae
1745 4405 1845 4460 sibi
1871 4405 2075 4474 fecisset
2101 4437 2155 4498 Β
2177 4400 2277 4453 stri
2309 4396 2598 4453 Elimelech
2642 4397 2815 4453 uendit
2847 4395 3060 4464 Noemi,
3096 4415 3216 4468 qua:
3248 4413 3448 4453 rerersa
3473 4404 3552 4450 est
3583 4396 3654 4451 de
3693 4411 3771 4452 re-

487 4485 659 4552 homo,
687 4496 741 4542 et
771 4497 989 4543 caetera.
1019 4487 1200 4544 Ditata
1226 4487 1470 4548 Ecclesia
1499 4494 1741 4564 gentium
1785 4495 2077 4555 donatione

488 4575 716 4642 Christi,
753 4586 914 4648 atque
942 4587 1164 4635 onerata
1197 4579 1463 4638 fructibus
1493 4584 1788 4652 virtutum,
1828 4587 1970 4643 redit
2009 4589 2076 4646 ad

490 4684 727 4737 socrum,
757 4671 861 4728 hoc
887 4681 990 4738 est,
1030 4675 1102 4730 ad
1140 4673 1477 4745 primitivum
1514 4675 1836 4744 Ecclesium,
1867 4679 1980 4734 sive
2008 4678 2078 4736 ad

491 4778 822 4836 synagogam
861 4764 1192 4834 Judaeorum‘,
1223 4784 1454 4824 narrans
1501 4770 1552 4824 ei
1595 4771 1777 4825 omnia
1804 4771 2075 4842 magnalia

490 4869 610 4924 qua:
639 4854 742 4910 sibi
777 4853 995 4912 fecisset
1025 4857 1306 4926 Dominus,
1346 4869 1613 4928 quatenus
1648 4859 1946 4916 Ecelesiam
1977 4875 2076 4916 an-

490 4949 699 5018 tiquam
734 4949 989 5005 incitaret
1031 4951 1099 5005 ad
1135 4951 1683 5024 congratulationem,
1719 4952 1806 5007 vel
1843 4967 2076 5025 synago-

493 5055 618 5112 gam
662 5049 986 5110 provocaret
1036 5041 1103 5096 ad
1145 5045 1558 5101 conversionem
1586 5064 1599 5099 :
1624 5045 1752 5115 quia
1806 5045 1911 5101 hoc
1956 5059 2077 5116 pro-

492 5131 672 5202 prium
707 5140 792 5188 est
819 5133 1056 5202 pietatis,
1087 5141 1274 5188 utnon
1302 5151 1466 5206 parca
1492 5151 1594 5192 nec
1617 5136 1798 5193 invida
1828 5136 1884 5192 in
1911 5136 2073 5204 datis,

495 5225 591 5280 sed
617 5224 770 5296 larga
791 5240 857 5281 ac
879 5225 1141 5282 benevola
1162 5225 1232 5281 sit
1258 5226 1314 5280 in
1339 5228 1495 5284 bonis
1515 5229 1800 5299 possessis.

565 5315 819 5386 Dixitque
869 5315 1060 5371 Noemi
1094 5330 1114 5369 :
1140 5315 1394 5387 Expecta,
1441 5318 1574 5388 ﬁlia,
1605 5321 1769 5376 donec
1807 5321 2076 5377 videamus

495 5425 647 5477 quem
676 5425 758 5463 res
785 5410 986 5464 exitum
1015 5410 1238 5476 habeat;
1273 5426 1434 5482 neque
1463 5413 1600 5467 enim
1637 5415 1859 5470 cessabit
1896 5417 2072 5483 homo,

499 5499 600 5552 nisi
657 5499 1016 5570 compleverit,
1083 5503 1221 5573 quod
1269 5501 1476 5557 locutus
1527 5511 1621 5558 est.
1684 5505 1797 5562 Hoc
1846 5506 2078 5563 ﬁdeliter

499 5589 758 5657 praidicat
791 5590 1033 5645 Ecclesia
1081 5593 1332 5648 omnibus
1363 5591 1636 5664 gentibus,
1667 5594 1771 5648 hoc
1806 5594 2074 5650 ﬁduciali-

499 5686 608 5748 ter,
648 5681 794 5753 quod
823 5681 1034 5739 Veritas
1059 5698 1157 5738 sua
1182 5684 1347 5741 verba
1371 5683 1608 5756 impleat,
1637 5698 1738 5739 nec
1771 5685 1880 5742 ullo
1916 5687 2078 5745 modo

2179 4491 2332 4561 gione
2353 4488 2641 4543 Moabitide
2666 4506 2684 4554 ;
2710 4489 2852 4560 quod
2891 4489 3076 4544 audire
3111 4497 3160 4544 te
3191 4489 3350 4553 volui,
3376 4497 3428 4542 et
3464 4487 3562 4542 tibi
3602 4489 3770 4544 dicere

2179 4599 2358 4637 coram
2386 4583 2587 4636 cunctis
2607 4581 2903 4636 sedentibus
2929 4590 2977 4635 et
3004 4581 3296 4652 majoribus
3326 4589 3457 4634 natu
3486 4581 3556 4633 de
3581 4579 3766 4651 populo

2178 4689 2312 4726 meo.
2347 4670 2409 4727 Si
2436 4672 2512 4726 vis
2540 4671 2805 4742 possidere
2825 4672 2953 4742 jure
2981 4672 3411 4743 propinquitatis,
3444 4687 3560 4725 eme
3585 4679 3638 4724 et
3655 4685 3768 4739 pos-

2177 4765 2309 4818 side.
2353 4763 2455 4818 Sin
2495 4772 2673 4818 autent
2711 4763 2803 4817 tibi
2847 4763 3109 4834 displicet,
3153 4772 3203 4818 et
3239 4765 3336 4817 hoc
3373 4763 3554 4833 ipsum
3597 4763 3768 4816 iudica

2183 4855 2331 4921 mihi,
2369 4864 2424 4909 ut
2448 4856 2611 4912 sciam
2652 4857 2776 4927 quid
2811 4856 2985 4926 facere
3020 4857 3255 4911 debeam.
3289 4855 3490 4911 Nullus
3532 4870 3616 4910 est
3642 4856 3768 4909 enim

2178 4948 2522 5018 propinquus,
2551 4957 2761 5018 excepto
2785 4958 2854 5015 te,
2877 4951 2966 5020 qui
2985 4949 3133 5019 prior
3153 4965 3228 5015 es,
3266 4959 3316 5002 et
3339 4965 3444 5014 me,
3473 4949 3574 5018 qui
3595 4963 3770 5003 seruu-

2176 5039 2278 5093 dus
2298 5055 2436 5093 sum.
2472 5038 2672 5095 Decem
2699 5041 2802 5095 viri
2835 5041 2926 5096 isti
2965 5041 3208 5097 seniores
3239 5039 3436 5096 Patres
3461 5041 3770 5112 signiﬁcant

2178 5129 2392 5186 Veteris
2405 5130 2761 5200 Testamenti,
2775 5135 2868 5204 qui
2891 5134 3214 5206 Decalogum
3237 5134 3372 5206 legis
3393 5135 3632 5205 pleniter
3657 5148 3770 5188 ser-

2190 5235 2463 5292 vaverunt,
2492 5226 2802 5298 Christique
2826 5228 3258 5284 incarnationem
3282 5230 3487 5284 ibidem
3511 5228 3770 5300 praeﬁgu-

2185 5325 2360 5372 ratam
2387 5333 2508 5374 esse
2527 5328 2913 5390 cognoverunt.
2942 5320 3053 5377 Hos
3081 5323 3148 5376 ad
3179 5337 3238 5378 se
3265 5321 3408 5377 Booz
3435 5332 3636 5378 noster
3651 5334 3772 5394 pro-

2186 5410 2420 5477 vocavit,
2443 5426 2568 5466 cum
2589 5412 2690 5467 sibi
2719 5421 2885 5468 testes
2909 5413 3171 5469 adventus
3191 5414 3273 5469 sui
3295 5413 3564 5470 adhibere
3583 5412 3770 5479 voluit,

2186 5503 2621 5574 conveniensque
2663 5503 3003 5575 legisperitos
3047 5515 3261 5575 partem
3301 5505 3420 5576 agri
3461 5502 3661 5559 Noemi
3707 5501 3774 5560 ad

2185 5594 2469 5648 emendum
2494 5594 2705 5658 obtulit,
2734 5611 2858 5650 cum
2886 5596 3059 5666 plebis
3083 5601 3316 5667 partem,
3355 5611 3480 5668 quae
3511 5595 3776 5668 ωηιωή-

2183 5686 2286 5744 bus
2313 5687 2624 5758 apparentis
2651 5686 2767 5758 jam
2811 5687 2999 5760 gratia:
3027 5689 3311 5761 remansit,
3355 5687 3429 5744 ad
3469 5690 3774 5754 suum
