3986 6348
199 327 322 388 ιιι-ι

1311 307 1662 370 COMMENT.
1697 305 1768 363 IN
1804 301 2062 363 LIBRUM
2098 297 2308 360 RUTH.

3289 301 3430 360 1218

199 442 466 518 magistris
518 449 804 512 synagogas
854 432 1116 499 ostendit,
1162 436 1428 501 quatenus
1471 435 1760 495 cognosce-
1784 423 1837 484 Α
1858 418 2053 490 pletum
2080 424 2174 470 est.
2207 413 2370 468 Illum
2393 417 2591 483 oportet
2615 424 2863 478 crescere,
2905 425 2990 465 me
3036 419 3214 466 autem
3233 413 3427 468 minui.

200 513 318 598 rent
349 549 500 592 suam
539 532 931 595 inﬁrmitatem,
976 533 1032 582 et
1072 521 1214 593 quod
1248 523 1351 592 ipsi
1380 531 1541 589 agere
1581 513 1765 582 nequi~

198 636 336 702 rent,
367 625 436 680 ad
481 621 871 695 perliciendum
913 630 1044 671 vero
1090 611 1300 668 medico
1343 607 1759 664 committerent.

201 699 350 777 unde
375 724 432 771 et
459 715 515 770 in
536 711 825 783 Evangelia
849 709 1067 780 legitur,
1102 702 1246 774 quod
1276 702 1390 772 ipse
1409 697 1670 754 Dominus
1688 695 1764 749 le-

195 822 380 881 prosos
417 821 451 860 a
493 819 550 860 se
578 801 913 858 mundandos
961 799 1029 853 ad
1067 792 1378 851 sacerdotes
1403 788 1639 860 primum
1683 784 1765 839 ire

195 876 528 971 praeceperit,
557 903 612 952 et
639 893 833 951 oﬁ‘erre
860 904 1056 948 munus
1094 885 1238 957 quod
1273 881 1528 971 praecepit
1555 876 1766 947 Moyses

193 970 250 1048 in
279 988 647 1046 testimonium
684 984 829 1052 illis;
863 981 958 1054 qui
982 993 1106 1037 cum
1135 975 1366 1043 abirent,
1389 970 1574 1030 statim
1603 981 1763 1025 mun—

194 1089 304 1147 dati
315 1095 454 1162 sunt
477 1085 627 1159 (Luc.
653 1082 813 1156 xvu).

768 1190 997 1251 CAPUT
1040 1185 1182 1246 XIII.

195 1292 346 1360 Quod
375 1292 486 1362 ipse
525 1288 703 1343 nolens
742 1301 934 1362 coram_
963 1279 1175 1362 testibus
1206 1277 1332 1362 suis
1352 1272 1574 1362 solueb'qt
1610 1270 1763 1324 homo

284 1341 694 1417 Etiamnum
721 1369 873 1410 suum
900 1353 965 1407 de
988 1350 1138 1422 pede,
1171 1356 1219 1404 et
1249 1344 1466 1401 tradidit
1499 1341 1662 1396 Booz.

263 1450 441 1524 (Ιιιιο.)
479 1451 548 1505 At
588 1447 678 1502 ille
723 1441 1165 1515 respondit:Ego
1210 1454 1395 1510 agrum
1425 1449 1613 1492 emam.
1664 1427 1765 1486 Cui

187 1521 322 1598 dixit
354 1521 542 1597 Booz:
571 1536 793 1604 Quando
824 1533 1008 1589 emeris
1031 1545 1214 1602 agrum
1235 1529 1300 1582 de
1319 1543 1480 1582 manu
1505 1521 1759 1586 mulieris,

189 1632 334 1687 Ruth
358 1645 561 1702 quoque
588 1624 946 1690 Moabitidem,
972 1637 1088 1694 qua:
1115 1633 1250 1674 uxor
1269 1616 1502 1686 defuncti
1531 1614 1652 1696 fuit,
1675 1611 1767 1665 de-

184 1722 274 1777 bes
299 1721 557 1791 accipere,
594 1727 648 1771 ut
675 1709 894 1771 suscites
923 1727 1112 1778 nomen
1153 1708 1428 1780 propinqui
1461 1705 1538 1759 tui
1563 1705 1621 1757 in
1657 1703 1765 1757 haz-

186 1812 413 1868 reditate
438 1826 556 1863 sua.
581 1807 687 1872 Qui
713 1801 1019 1876 respondit:
1041 1798 1180 1855 Cedo
1199 1797 1322 1868 jure
1342 1792 1762 1867 prapinquitatis,

185 1917 352 1973 neque
385 1900 528 1954 enim
558 1895 912 1968 posteritatem
947 1887 1164 1962 familia:
1209 1901 1340 1941 meae
1381 1883 1550 1939 delere
1572 1881 1762 1947 debeo;

183 1971 391 2045 tumea
418 1997 561 2041 utere
593 1982 884 2055 privilegio,
915 1996 1018 2051 quo
1053 1994 1138 2033 me
1161 1977 1378 2031 libenter
1401 1990 1577 2029 carere
1606 1971 1767 2050 pgoﬁ-

181 2089 318 2134 tear.
352 2075 580 2144 Quando
606 2087 705 2144 per
728 2071 846 2140 agri
873 2069 1219 2141 emptionem,
1270 2064 1456 2120 uxoris
1495 2063 1654 2119 simul
1682 2075 1769 2117 co-

181 2167 524 2241 pulationem
545 2163 779 2236 emptori
821 2162 1088 2234 praedixit,
1133 2157 1458 2232 signiﬁcavit
1480 2155 1625 2225 quod
1657 2168 1766 2208 non

181 2261 293 2318 alia
325 2267 413 2317 est
439 2258 708 2330 possessio
735 2255 929 2327 plebis,
958 2269 1122 2325 quam
1149 2251 1418 2322 copulatio
1440 2248 1696 2304 Ecclesiae
1711 2247 1769 2302 in

181 2350 437 2422 spiritale
485 2349 794 2420 coniugium
848 2346 1070 2413 Christi,
1101 2345 1195 2415 qui
1243 2357 1441 2399 nomen
1487 2341 1769 2410 antiquum

180 2443 284 2514 ﬁlii
312 2442 436 2508 Dei,
461 2441 606 2512 quod
633 2441 942 2496 habuerunt
971 2437 1146 2494 sancti
1183 2437 1251 2490 ab
1277 2435 1453 2500 initio,
1480 2435 1621 2490 sicut
1643 2434 1770 2502 legi-

183 2541 276 2590 tur
306 2533 367 2588 in
395 2531 617 2596 Genesi,
645 2529 790 2600 quod
831 2527 1096 2584 vidissent
1142 2526 1240 2582 ﬁlii
1279 2525 1375 2580 Dei
1417 2525 1556 2580 ﬁlias
1593 2523 1770 2579 homi-

180 2639 340 2691 num,
373 2638 443 2678 eo
479 2619 624 2691 quod
663 2627 848 2676 essent
872 2618 1114 2689 pulchra:
1138 2616 1291 2688 (Gen.
1333 2615 1450 2686 Vl);
1488 2623 1545 2670 et
1574 2613 1765 2681 Adam,

180 2715 412 2786 scripsit
431 2713 630 2779 Lucas,
661 2711 828 2769 fuisse
854 2710 1026 2766 lilium
1049 2709 1145 2764 Dei
1168 2707 1318 2781 (Luc.
1339 2708 1439 2779 vt).
1473 2706 1588 2762 Hoc
1614 2706 1772 2762 Chri-

179 2817 302 2866 stus
333 2809 392 2863 in
426 2805 668 2862 Ecclesia
700 2791 942 2878 gentium
966 2818 1066 2874 per
1095 2803 1322 2874 gratiam
1353 2815 1506 2856 suam
1545 2799 1770 2855 suscita-

177 2902 282 2959 vit.
320 2899 482 2972 Unde
524 2898 722 2970 legitur
755 2899 811 2954 in
849 2896 1144 2968 Evangelia
1175 2893 1423 2959 Joannis,
1460 2892 1588 2962 quia
1614 2899 1766 2962 quot-

177 3004 312 3070 quot
361 3004 666 3066 receperunt
687 3010 829 3060 eum,
865 2993 1010 3047 dedit
1042 2992 1116 3047 eis
1162 2996 1467 3060 potestatem
1490 2985 1629 3055 ﬁlios
1669 2983 1771 3037 Dei

178 3087 330 3160 ﬁeri,
359 3087 445 3141 his
470 3086 562 3156 qui
588 3083 803 3138 credunt
829 3083 888 3137 in
913 3082 1121 3138 nomine
1153 3081 1289 3152 ejus,
1310 3080 1398 3150 qui
1422 3094 1525 3133 non
1547 3093 1612 3131 ex
1647 3091 1774 3130 san-
1797 3123 1844 3188 Ο

261 3178 273 3188 .
324 3177 359 3188 ιι
857 3172 868 3188 ι
951 3180 962 3188 ι
1008 3180 1019 3188 Α
1160 3187 1179 3188 ,,
1211 3172 1222 3188 ρ
1297 3187 1301 3188 ,
1342 3186 1349 3188 _
1380 3186 1451 3188 α.-
1502 3185 1553 3188 Α--
1589 3165 1739 3188 ...Ι...Δ

178 3177 461 3250 guinibus,
502 3191 665 3245 neque
698 3189 761 3229 ex
788 3172 1050 3228 uoluntate
1074 3172 1248 3227 carnis
1289 3186 1454 3240 neque
1490 3185 1554 3223 ex
1587 3165 1769 3221 volun-

180 3277 297 3326 tate
319 3266 446 3330 uiri,
470 3264 559 3319 sed
588 3280 650 3318 ea.
676 3257 782 3318 Deo
813 3263 922 3339 nati
943 3271 1062 3317 sunt
1086 3261 1266 3333 (Joan.
1298 3262 1362 3331 1).
1389 3259 1503 3314 Hoc
1523 3271 1651 3329 ergo
1679 3274 1775 3313 no-

179 3373 320 3416 men
352 3357 412 3410 in
438 3355 746 3409 nationibus
772 3353 1068 3424 Decalogus
1094 3353 1246 3425 legis,
1271 3352 1397 3408 licet
1432 3351 1630 3406 multos
1650 3365 1775 3421 pro-

178 3447 404 3517 selytos
431 3443 530 3498 sub
557 3455 617 3496 se
645 3441 890 3505 haberet,
918 3443 1027 3496 ullo
1055 3445 1216 3498 modo
1242 3443 1509 3498 suscitare
1537 3455 1643 3496 non
1679 3457 1775 3510 po-

178 3539 316 3596 tuit.
345 3535 458 3592 Sed
483 3539 770 3603 postquam
795 3531 942 3587 venit
971 3531 1246 3602 plenitudo
1271 3534 1531 3601 temporis
1555 3547 1662 3600 quo
1682 3533 1776 3586 de-

179 3627 368 3700 fungi,
402 3627 508 3681 hoc
541 3632 645 3691 est,
691 3623 834 3678 [iriiri
862 3623 1034 3694 legem
1082 3623 1349 3678 ordinatio
1390 3622 1774 3692 omnipotentis

181 3721 288 3776 Dei
325 3719 667 3781 decreverat,
701 3724 764 3770 ut
789 3715 902 3784 ipse
929 3715 1138 3771 veniret
1157 3714 1587 3771 benedictionem
1617 3715 1772 3780 dans,
1797 3737 1802 3740 ·

180 3812 283 3886 qui
328 3816 465 3866 ante
491 3808 665 3879 legem
709 3807 876 3874 dedit,
903 3807 1170 3864 veraciter
1186 3807 1468 3874 ell‘ecitut,
1507 3807 1594 3861 ubi
1621 3816 1777 3861 antea

180 3905 404 3960 dictum
424 3908 523 3967 est,
552 3915 657 3953 non
675 3897 815 3969 plebs
842 3914 961 3953 mea
983 3913 1092 3964 uos,
1126 3899 1198 3952 ibi
1227 3906 1536 3953 vocarentur
1553 3896 1656 3966 ﬁlii
1678 3896 1778 3951 Dei

180 3995 292 4051 vivi
315 3990 476 4064 (Ose.
508 3990 569 4061 ι).
596 3990 656 4045 Si
685 3998 868 4054 autem
897 3990 1012 4046 haec
1056 3991 1220 4046 verba
1265 3990 1335 4044 ad
1357 3989 1619 4046 Joannem
1644 4004 1780 4059 prte-

179 4096 488 4141 cursorem
524 4080 737 4135 Domini
769 4081 1040 4146 retuleris,
1084 4081 1326 4137 invenies
1350 4097 1470 4135 eum
1499 4081 1778 4137 cedentem

180 4174 424 4232 Christo
445 4169 569 4238 jure
603 4171 1045 4241 propinquitatis,
1091 4172 1217 4241 quia
1247 4171 1333 4227 bis
1359 4171 1540 4227 verbis
1581 4171 1779 4226 similia

179 4269 242 4324 in
288 4263 594 4334 Evangelio
623 4264 822 4322 dixisse
867 4264 1078 4333 probat.
1124 4263 1260 4318 Nam
1302 4264 1406 4318 iste
1449 4264 1781 4333 propinquus

179 4356 502 4416 historicus
543 4355 678 4409 dixit
703 4355 772 4410 ad
816 4354 959 4409 Booz
989 4371 1001 4408 :
1035 4352 1172 4408 Cedo
1190 4353 1314 4422 jure
1335 4355 1779 4425 propinquitatis;

1865 509 1968 574 Qui
2011 508 2078 560 de
2120 521 2329 560 sursum
2367 505 2521 569 venit,
2573 519 2727 573 super
2757 518 2933 556 omnes
2965 510 3062 556 est.
3105 503 3209 568 Qui
3253 511 3329 558 est
3369 505 3433 560 de

1865 607 2028 663 terra,
2068 597 2131 651 de
2173 606 2313 649 terra
2346 605 2441 660 est,
2491 603 2542 648 et
2588 594 2652 647 de
2680 602 2820 647 terra
2849 592 3080 663 loquitur
3103 592 3287 664 (Joan.
3319 595 3427 666 ιιι).

1863 688 2100 744 Cedebat
2124 703 2252 758 ergo
2281 687 2517 742 Joannes
2566 684 2800 750 Christo,
2831 685 2959 754 quia
3005 684 3121 755 ejus
3155 686 3433 756 dignitatis

1861 778 2204 851 privilegium
2239 775 2386 832 nullo
2413 775 2574 830 modo
2603 775 2702 830 sibi
2739 775 3039 843 usurpavit.
3077 774 3232 830 Cedit
3255 783 3311 830 et
3348 776 3434 831 lex

1861 879 2019 926 vetus
2056 868 2366 937 Evangelia,
2395 867 2522 935 quia
2553 879 2896 935 nequaquam
2924 864 3155 919 salutem
3188 865 3428 935 gentium

1862 975 1962 1018 sua
2000 957 2263 1014 industria
2288 955 2499 1012 edicere
2539 955 2750 1024 potuit:
2776 954 2885 1008 Lex
2915 955 3083 1022 enim,
3124 963 3186 1009 ut
3229 955 3434 1013 Paulus

1863 1058 2116 1118 testatur,
2172 1048 2512 1114 subintravit,
2557 1057 2614 1101 ut
2666 1046 2956 1101 abundaret
3017 1045 3298 1114 delictum;
3347 1049 3435 1102 ubi

1862 1153 2039 1200 autem
2095 1141 2380 1197 abundauit
2433 1138 2679 1194 delictum
2701 1176 2719 1204 ,
2777 1137 3217 1208 superabundavit
3263 1141 3438 1210 gratia

1864 1235 2042 1309 (Rom.
2071 1232 2145 1306 v).
2181 1231 2507 1302 Reprobatio
2533 1231 2752 1300 quidem
2792 1227 2855 1282 ﬁt
2886 1216 3242 1300 przecedentis
3278 1245 3436 1286 man-

1865 1326 1974 1382 dati
1995 1330 2216 1396 propter
2235 1321 2604 1388 inﬁrmitatem
2632 1317 2770 1387 ejus,
2801 1326 2856 1372 et
2887 1317 3234 1373 inutilitatem
3255 1335 3267 1373 :
3286 1317 3436 1372 Nihil

1863 1416 2001 1472 enim
2029 1415 2098 1469 ad
2122 1413 2407 1485 perfectum
2425 1411 2648 1466 adduxit
2673 1409 2756 1464 lea;
2779 1407 2934 1481 (Heb.
2958 1407 3079 1479 vn).
3108 1407 3439 1466 [ntroductio

1863 1521 1994 1565 vero
2019 1504 2262 1562 melioris
2286 1504 2423 1574 spei,
2444 1517 2542 1573 per
2567 1515 2731 1572 quam
2756 1499 3124 1570 proximamus
3153 1499 3222 1554 ad
3245 1498 3436 1567 Deum,

1865 1599 2061 1657 collata
2114 1604 2201 1654 est
2247 1595 2406 1652 nobis
2449 1608 2547 1665 per
2572 1592 2806 1665 gratiam
2840 1590 3056 1648 Domini
3096 1589 3271 1647 nostri
3309 1588 3440 1646 Jesu

1866 1691 2088 1764 Christi.

1789 1773 1839 1835 Β
1938 1803 2044 1859 Hic
2071 1802 2209 1856 enim
2241 1807 2351 1856 erat
2377 1814 2492 1854 mos
2533 1797 2823 1870 antiquitus
2859 1795 2919 1850 in
2945 1793 3120 1851 Israel
3155 1795 3294 1852 inter
3319 1811 3442 1866 pro-

1866 1894 2110 1967 pinquos,
2151 1893 2198 1947 si
2228 1891 2434 1962 quando
2473 1889 2609 1944 alter
2633 1887 2786 1943 alter:
2816 1902 2912 1942 suo
2944 1885 3069 1956 jure
3107 1886 3344 1953 cedebat,
3383 1893 3440 1940 ut

1871 1994 2004 2041 esset
2053 1985 2211 2053 ﬁrma
2263 1982 2542 2046 concessio,
2572 1977 2797 2034 solvebat
2837 1976 2991 2031 homo
3035 1975 3443 2040 calceamentum

1868 2090 2040 2140 suum,
2084 2082 2132 2128 et
2162 2072 2323 2126 dabat
2356 2071 2593 2142 proximo
2628 2083 2724 2123 suo
2751 2081 2770 2120 :
2791 2067 2888 2122 hoc
2936 2073 3050 2122 erat
3087 2066 3441 2120 testimonium

1869 2163 2114 2219 cessionis
2134 2163 2192 2217 in
2215 2161 2406 2217 Israel.
2435 2161 2578 2215 Dixit
2604 2175 2725 2231 ergo
2748 2157 3068 2230 propinquus
3092 2155 3238 2211 Boos
3260 2168 3279 2209 :
3298 2154 3442 2210 Tolle

1870 2258 2276 2313 calceamentum
2300 2268 2316 2308 :
2340 2254 2477 2326 quod
2521 2253 2699 2307 statim
2746 2250 2897 2307 solvit
2941 2249 3007 2304 de
3049 2248 3175 2320 pede
3217 2264 3335 2303 suo.
3375 2245 3447 2303 Et

1871 2351 2000 2420 quid
2025 2350 2113 2404 hic
2139 2361 2237 2418 per
2266 2347 2691 2402 caleeamentum
2736 2342 2845 2398 nisi
2868 2341 3115 2397 velamen
3155 2338 3442 2411 mysterio—

1870 2455 1992 2495 rum
2037 2437 2336 2510 intelligere
2377 2434 2700 2507 possumus?
2740 2433 2854 2488 Lex
2889 2445 3020 2502 ergo
3051 2431 3119 2486 de
3157 2429 3296 2500 pede
3339 2443 3440 2485 suo

1870 2531 2296 2586 calceamentum
2317 2527 2478 2582 solvit
2501 2533 2558 2582 et
2575 2524 2794 2582 Christo
2817 2521 2998 2590 dedit;
3021 2521 3150 2591 quia
3172 2519 3446 2575 velamen-

1872 2627 1988 2676 tum
2013 2624 2481 2674 saeramentorum
2511 2616 2569 2670 in
2599 2628 2894 2685 progressu
2924 2612 3124 2667 litteras
3153 2625 3252 2680 per
3278 2610 3450 2680 magi-

1871 2722 2014 2769 stros
2047 2725 2176 2767 suos
2203 2711 2270 2766 ad
2299 2708 2630 2764 intellectum
2671 2703 2871 2776 populo
2907 2701 3302 2757 manifestando
3324 2715 3449 2770 per-

1871 2806 2070 2860 ducere
2127 2816 2234 2857 non
2278 2799 2490 2870 potuit;
2541 2797 2636 2853 sed
2675 2792 3024 2864 Redemptori
3076 2797 3263 2847 nostro
3302 2791 3447 2845 hunc

1871 2897 2134 2951 honorem
2162 2890 2362 2957 attulit,
2403 2888 2528 2959 quia
2565 2885 2635 2942 ab
2667 2886 2807 2956 ipso,
2838 2891 2892 2938 et
2922 2897 3028 2938 non
3059 2882 3128 2936 ab
3163 2879 3287 2947 alio,
3329 2879 3448 2935 huic

1872 2986 2046 3058 gratia
2099 2982 2365 3054 speranda
2416 2987 2475 3035 et
2515 2976 2863 3049 adipiscenda
2907 2974 3161 3030 omnibus
3197 2971 3447 3043 gentibus

1872 3077 1995 3132 fuit.
2020 3074 2258 3130 Joannes
2287 3085 2416 3142 ergo
2451 3083 2562 3125 non
2599 3068 2723 3134 sibi,
2747 3067 2843 3122 sed
2869 3064 3088 3121 Christo
3117 3061 3451 3118 caleeamcn~

1876 3181 1991 3227 tum
2013 3167 2339 3232 vindicavit;
2365 3164 2494 3235 quia
2530 3177 2639 3218 non
2664 3160 2787 3226 sibi,
2821 3159 2915 3215 sed
2936 3158 3041 3229 ipsi
3077 3170 3327 3226 sponsam
3353 3167 3452 3208 no-

1875 3263 2195 3319 bilissimam
2231 3265 2545 3328 competere
2587 3251 2870 3310 intellexit.
2906 3250 3061 3307 Unde
3101 3257 3158 3304 et
3202 3260 3263 3302 se
3309 3245 3452 3301 indi-

1874 3369 2042 3426 gnum
2065 3352 2275 3408 solvere
2298 3348 2414 3420 ejus
2437 3346 2861 3402 calceamentum
2887 3338 3182 3411 perhibuit.
3207 3335 3454 3404 Denique

1875 3436 2004 3514 quia
2044 3441 2308 3497 Joannem
2352 3437 2601 3493 homines
2631 3434 2902 3490 Christum
2944 3444 3069 3486 esse
3103 3434 3451 3499 putaverunt,

1876 3535 2020 3606 quod
2047 3535 2190 3588 idem
2213 3531 2451 3585 Joannes
2473 3535 2652 3597 negat,
2677 3531 2828 3580 recte
2855 3538 2915 3577 se
2941 3522 3219 3591 indignum
3241 3533 3362 3574 esse
3383 3517 3452 3573 ad

1876 3626 2188 3684 solvendam
2214 3621 2504 3692 corrigiam
2531 3619 2648 3688 ejus
2668 3613 3018 3671 calceamenti
3052 3610 3362 3676 denuntiat;
3388 3623 3453 3664 ac

1876 3719 1924 3774 si
1951 3725 2137 3788 aperte
2163 3715 2340 3771 dicat:
2368 3712 2479 3782 Ego
2514 3706 2894 3778 Redemptoris
2919 3703 3150 3775 vestigia
3178 3701 3451 3757 denudare

1878 3827 1986 3869 non
2020 3809 2195 3875 valeo,
2225 3809 2351 3878 quia
2378 3805 2558 3876 sponsi
2590 3815 2787 3858 nomen
2826 3799 2960 3855 mihi
3009 3797 3316 3852 immeritus
3344 3809 3450 3849 non

1879 3910 2106 3966 usurpo.
2153 3893 2308 3961 Quod
2335 3900 2516 3946 tamen
2561 3886 2784 3957 intelligi
2816 3894 2871 3940 et
2909 3883 3071 3938 aliter
3091 3887 3288 3952 potest.
3321 3879 3457 3946 Quis

1869 3991 2025 4046 enim
2050 3987 2276 4051 neseiat,
2308 3984 2452 4054 quod
2481 3983 2843 4038 caleeamenta
2880 3993 2944 4033 ex
2977 3976 3207 4031 mortuis
3248 3974 3455 4028 anima-

1879 4082 2022 4137 libus
2064 4079 2232 4134 llant?
2258 4078 2316 4132 ln
2359 4090 2522 4132 carne
2559 4087 2689 4128 vero
2732 4070 2992 4125 Dominus
3021 4067 3264 4130 veniens,
3300 4063 3459 4134 quasi

1879 4176 2149 4232 calceatus
2179 4171 2449 4242 apparuit,
2477 4167 2570 4237 qui
2616 4166 2669 4219 in
2700 4163 2984 4218 divinitate
3022 4174 3120 4215 sua
3162 4156 3454 4212 morticina

1879 4280 2084 4327 nostrae
2115 4263 2480 4335 corruptionis
2508 4258 2820 4328 assumpsit.
2849 4255 3003 4312 Unde
3022 4253 3184 4309 etiam
3210 4266 3307 4323 per
3329 4249 3460 4307 Pro-

1880 4364 2101 4434 pltetam
2132 4358 2264 4413 dicit
2295 4355 2400 4409 :In
2432 4353 2727 4406 Idumream
2752 4347 3027 4402 extendam
3054 4345 3458 4397 calceamentum

177 4464 364 4520 neque
404 4445 544 4499 enim
588 4445 942 4514 posteritatem
989 4443 1207 4514 familia:
1244 4460 1372 4498 mea:
1401 4443 1572 4498 delere
1597 4445 1774 4511 debeo,

1881 4432 2052 4511 meum
2081 4449 2254 4525 (Psal.
2293 4446 2466 4516 thx).
2496 4445 2603 4498 Per
2629 4442 2917 4496 ldumaeam
2941 4436 3140 4505 quippe
3164 4432 3458 4505 gentilitas,

177 4554 244 4600 tu
275 4553 406 4595 meo
431 4544 578 4590 utere
599 4534 888 4605 privilegio,
926 4550 1028 4604 quo
1064 4551 1146 4588 me
1169 4534 1387 4588 libenter
1417 4552 1594 4590 carere
1621 4537 1775 4606 proﬁ-

1882 4561 1982 4616 pcr
2026 4522 2450 4598 caleeamentum
2495 4547 2625 4588 vero
2660 4536 2936 4599 assumpta
2971 4523 3273 4581 mortalitas
3317 4522 3462 4578 desi-

178 4645 350 4698 teor;
402 4633 462 4682 et
492 4623 729 4681 Joannes
772 4622 1175 4680 sciscitantibus
1200 4637 1232 4677 a
1257 4638 1319 4678 se
1358 4626 1533 4681 turbis
1556 4629 1622 4681 de
1664 4627 1783 4695 ejus

177 4724 537 4797 baptismate
572 4715 871 4787 respondit,
903 4715 1088 4771 dicens
1117 4711 1271 4783 :Ego
1298 4713 1502 4786 baptizo
1530 4717 1584 4769 in
1611 4734 1781 4787 aqua;

178 4819 410 4877 medius
435 4822 610 4870 autem
638 4819 864 4867 vestrum
889 4811 1050 4876 stetit,
1069 4827 1220 4881 quem
1251 4827 1338 4865 vos
1363 4827 1467 4864 non
1487 4811 1630 4864 scitis
1644 4823 1663 4861 :
1677 4812 1785 4880 ipse

178 4923 262 4970 est
291 4909 396 4981 qui
433 4913 548 4977 post
589 4919 670 4957 me
708 4910 950 4957 venturus
985 4910 1078 4964 est,
1112 4901 1200 4970 qui
1229 4909 1346 4955 ante
1376 4916 1456 4954 me
1487 4901 1656 4968 factus
1682 4910 1780 4966 est,

181 5006 354 5078 cujus
414 5013 518 5050 non
555 5011 670 5048 sum
713 4994 900 5064 dignus
926 5002 984 5046 ut
1021 4992 1220 5046 solvam
1268 4991 1546 5061 corrigiam
1583 4990 1785 5045 calcea-

181 5098 363 5159 menti
393 5091 580 5166 (Joan.
611 5091 672 5160 1).
704 5089 773 5144 Et
809 5087 957 5154 alibi,
1003 5085 1390 5142 altercantibus
1417 5084 1584 5154 ipsius
1617 5083 1785 5140 Joan-

182 5199 282 5254 nis
312 5178 609 5258 disciptilis
633 5200 754 5240 cum
775 5182 974 5240 ludatis
997 5183 1064 5238 de
1083 5181 1460 5252 puriﬁcatione
1480 5179 1642 5233 dixit:
1663 5178 1786 5231 Non

183 5292 370 5362 potest
401 5282 558 5336 homo
597 5277 827 5344 accipere
853 5272 1174 5344 quidquam,
1216 5270 1318 5324 nisi
1341 5269 1496 5338 fuerit
1528 5268 1575 5320 ei
1604 5267 1787 5320 datum

182 5357 258 5437 de
308 5370 474 5430 cwlo.
501 5369 614 5440 Ipsi
645 5384 734 5421 vos
776 5364 904 5420 mihi
933 5363 1281 5419 testimonium
1329 5360 1622 5430 perhibetis,
1652 5357 1788 5428 quod

185 5469 444 5530 dixerim
467 5477 485 5516 :
512 5464 624 5533 Ego
653 5478 752 5518 non
780 5475 896 5515 sum
931 5457 1190 5522 Christus,
1212 5455 1300 5508 sed
1324 5453 1444 5524 quia
1465 5453 1652 5506 missus
1673 5466 1791 5503 sum

188 5573 327 5621 ante
373 5555 552 5612 illum.
593 5554 695 5618 Qui
725 5553 873 5607 habet
903 5565 1146 5622 sponsam
1185 5562 1400 5617 sponsus
1441 5553 1547 5606 est;
1593 5542 1791 5593 anticus

191 5663 393 5713 autem
427 5646 627 5716 sponsi,
671 5646 758 5713 qui
803 5653 904 5697 stat
934 5652 980 5696 et
1024 5640 1171 5696 audit
1215 5657 1351 5702 eum,
1385 5635 1576 5706 gaudio
1603 5634 1791 5704 gaudet

193 5756 432 5816 praeter
473 5756 645 5798 vocem
668 5737 876 5805 sponsi;
906 5738 1000 5793 hoc
1042 5753 1162 5808 ergo
1209 5731 1458 5806 gaudium
1495 5718 1821 5807 meum‘iin-l

1884 4642 2097 4709 gnatur.
2148 4630 2208 4686 in
2242 4630 2531 4685 Idumaeam
2569 4639 2698 4694 ergo
2732 4620 2994 4677 Dominus
3036 4616 3460 4672 calceamentum

1887 4704 1945 4781 se
1963 4723 2253 4780 extendere
2277 4717 2473 4773 asserit
2500 4715 2626 4784 quia
2662 4715 2788 4767 dum
2818 4723 2917 4781 per
2957 4721 3178 4763 carnem
3210 4704 3462 4777 gentibus

1887 4815 2139 4880 innotuit,
2169 4811 2322 4880 quasi
2346 4809 2583 4864 calceata
2610 4805 2678 4859 ad
2714 4817 2816 4858 nos
2858 4799 3116 4856 divinitas
3140 4797 3308 4852 venit.
3352 4795 3460 4850 Sed

1890 4908 2049 4976 hujus
2088 4901 2480 4959 incarnationis
2513 4895 2830 4968 mysterium
2858 4894 3126 4948 humanus
3155 4888 3342 4946 oculus
3364 4899 3461 4957 pe-

1892 5010 2110 5058 netrare
2155 5013 2262 5054 non
2314 4995 2539 5058 sufficit;
2582 4990 2909 5059 investigare
2959 4987 3104 5041 enim
3156 4982 3463 5037 nullatenus

1889 5102 2069 5165 potest
2099 5087 2367 5160 quomodo
2411 5090 2730 5152 corporatur
2747 5078 2991 5142 verbum,
3023 5075 3290 5144 quomodo
3316 5087 3462 5126 sum-

1893 5163 2014 5237 inus
2068 5189 2124 5236 et
2173 5177 2480 5232 viviﬁcator
2534 5171 2768 5240 Spiritus
2829 5169 2970 5222 intra
3009 5174 3226 5218 uterum
3270 5163 3462 5218 matris

1895 5274 2187 5334 animatur,
2219 5265 2488 5338 quomodo
2511 5263 2677 5316 etiam
2706 5263 2754 5315 is
2783 5259 2875 5329 qui
2898 5255 3110 5310 initium
3138 5267 3244 5306 non
3275 5252 3460 5318 habet,

1895 5361 2078 5418 existit
2104 5366 2159 5414 et
2201 5355 2532 5424 concipitur;
2575 5351 2804 5420 corrigia
2829 5361 2960 5414 ergo
2998 5343 3350 5399 caleeamenti
3378 5350 3463 5397 est

1893 5453 2122 5523 ligatura
2159 5445 2422 5518 mysterii.
2458 5442 2694 5499 Joannes
2723 5439 2906 5506 itaque
2935 5434 3143 5489 solvere
3169 5433 3461 5502 corrigiam

1894 5540 2245 5598 calceamenti
2286 5537 2402 5604 ejus
2435 5552 2537 5590 non
2569 5533 2729 5594 valet,
2761 5529 2887 5598 quia
2929 5525 3320 5581 incarnationis
3345 5523 3462 5592 ejus

1894 5631 2210 5703 mysterium
2236 5643 2336 5682 nec
2359 5629 2472 5697 ipse
2493 5624 2815 5689 investigare
2847 5615 3060 5680 suilicit,
3087 5616 3178 5683 qui
3202 5613 3342 5666 hanc
3363 5626 3462 5682 per

1893 5724 2189 5797 prophetia:
2233 5722 2481 5794 spiritum
2516 5715 2746 5788 agnovit.
2778 5711 2916 5778 Quid
2952 5716 3037 5764 est
3069 5721 3200 5778 ergo
3238 5704 3459 5762 dicere:
