4408 6440
498 446 505 451 θ
522 446 557 451 .-
596 445 665 451 ..Ε
702 445 811 479 —
822 446 944 477 f7
957 445 1127 476 '——'—'
1034 444 1087 448 ψ.
1100 444 1107 445 7
1116 442 1127 445 Δ
1136 442 1253 475 -——_
1279 440 1327 471 —'
1352 442 1373 471 -
1422 441 1430 444 4
1576 464 1583 469 ¹
3079 455 3345 466 Ἦ

536 477 676 486 Ψ
784 472 816 477 —
1400 465 1463 470 7“
1478 464 1507 469 -

1025 727 1667 858 NOTITIA
1755 729 1912 849 IN
1991 725 2766 850 ΤΗΕΟΡΗΑΓ

1347 727 1667 852 ΙΤΙΑ
1755 729 1912 849 ΙΝ
1991 725 2814 850 THEOPHAN
2831 729 3043 848 ΕΜ
3061 820 3088 848 .

638 1014 759 1072 (Jac.
793 1011 944 1068 Cosa,
967 1010 1070 1056 0rd.
1097 1007 1320 1056 Fratrum
1341 1005 1540 1053 Praedlc.
1564 1002 1612 1050 in
1638 1009 1737 1050 not.
1772 1001 1827 1048 ad
1860 1001 2166 1060 Theophanis
2212 1001 2659 1062 Chronorjmphiam,
2699 1017 2744 1063 p.
2774 1005 2860 1052 διδ
2894 1006 3193 1066 θά.ι.υρενθ
3227 1021 3299 1053 .ui.
3331 1008 3487 1060 ιθςες.)

533 1297 646 1350 Non
677 1313 814 1351 unus
842 1297 1190 1363 Theophanes
1241 1297 1474 1349 historia:
1493 1295 1746 1348 Romanae
1808 1297 1885 1347 vel
1945 1294 2249 1362 Byzantina:
2282 1293 2529 1356 scriptor.
2579 1302 2670 1344 aut
2713 1293 2870 1344 etiam
2917 1295 3193 1358 pmsentis
3231 1299 3407 1361 operis
3441 1308 3638 1352 auctor

463 1398 697 1446 coaevus,
756 1383 833 1436 vel
868 1398 1087 1450 suppar.
1143 1383 1565 1448 Antiquissimus
1615 1390 1697 1433 est
1729 1378 2054 1448 Mitylenzeus
2082 1375 2313 1442 Pompeii
2361 1391 2535 1444 magni
2569 1377 2618 1428 in
2677 1376 2875 1428 bellicis
2908 1378 3332 1442 expeditionibus
3377 1383 3550 1447 miles,
3581 1394 3634 1436 et

466 1477 736 1532 gestorum
777 1468 928 1520 testis
957 1481 1018 1520 ac
1047 1481 1244 1535 praco,
1277 1481 1306 1516 a
1339 1464 1527 1518 Vossio
1572 1463 1648 1515 De
1678 1463 1935 1515 historicis
1977 1460 2188 1520 Gracia,
2231 1462 2321 1513 lib.
2351 1477 2386 1523 I,
2441 1477 2556 1529 cap.
2618 1461 2686 1513 2'5
2721 1473 3073 1515 memoratus.
3126 1463 3405 1518 Secundus
3460 1478 3640 1534 poeta,

465 1551 618 1616 cujus
665 1566 860 1619 paucos
898 1539 1084 1605 versus
1131 1551 1443 1619 Anthologia
1495 1549 1730 1611 exhibet,
1757 1548 1848 1600 lib.
1879 1563 1962 1612 Ill,
1994 1555 2126 1600 sect.
2155 1548 2208 1599 5.
2244 1548 2387 1598 Alter
2418 1546 2706 1613 Byzantius
2754 1542 3106 1613 Theophanes
3156 1546 3348 1601 Justini
3415 1553 3636 1605 secundi

405 1624 432 1651 ”
465 1636 659 1688 bellum
718 1636 1011 1695 Persicum,
1044 1635 1420 1702 Kcmanasque
1458 1649 1566 1696 res,
1591 1650 1712 1696 suo,
1775 1633 1827 1687 id
1875 1643 1976 1696 est,
2023 1631 2218 1687 Justini
2275 1643 2530 1701 tempore,
2560 1634 2684 1685 olim
2720 1635 2881 1694 visas,
2921 1634 3070 1687 libris
3101 1636 3302 1694 decem.
3331 1652 3466 1703 quos
3495 1638 3636 1690 Pho-

415 1718 571 1794 '_tios
600 1720 860 1787 perlectos
887 1730 1167 1782 memorat,
1190 1720 1407 1789 scriptis
1431 1719 1784 1788 consignatit.
1836 1718 2070 1783 Quartus
2103 1716 2191 1782 hic
2229 1727 2417 1772 auctor
2450 1729 2651 1780 noster,
2681 1721 2841 1771 etiam
2869 1720 3175 1788 Byzantios,
3198 1721 3500 1788 Byzantina:
3537 1723 3632 1775 lli--

465 1805 647 1857 storias
684 1820 712 1857 a
751 1805 1084 1859 Diocletiano
1134 1806 1199 1858 ad
1254 1804 1567 1859 Michaelem
1606 1802 1885 1872 Nicephori
1923 1819 2177 1872 generum
2211 1806 2476 1871 scriptor,
2516 1803 2777 1872 Georgius
2839 1807 3073 1865 nomine.
3115 1810 3432 1873 cnguomine
3466 1807 3640 1877 Theo-

467 1888 692 1958 phanes,
730 1891 874 1958 quod
905 1889 1116 1959 Georgii
1161 1887 1391 1960 Sy’ncelli
1425 1888 1716 1942 familiaris
1733 1888 2015 1950 exstiterit,
2037 1899 2090 1942 et
2116 1890 2234 1956 ejus
2258 1889 2693 1957 chronographiae
2739 1891 3099 1949 continuator,
3121 1906 3398 1958 perperam
3434 1891 3641 1955 Vossio,

469 1975 700 2043 aliisque
749 1990 854 2029 non
901 1977 1128 2031 indoctis
1163 1978 1311 2037 viris,
1337 1975 1427 2027 lib.
1462 1989 1522 2037 Il,
1568 1989 1688 2042 cap.
1720 1973 1788 2027 ει
1834 1985 2195 2042 nuncupatus.
2246 1977 2392 2026 Alitis
2441 1973 2634 2025 iterum
2685 1974 2783 2025 hoc
2848 1985 3032 2028 nostro
3079 1975 3431 2042 Theophanes
3459 1977 3643 2041 jnnior

465 2057 712 2113 Ncaznus
739 2062 1045 2129 cpiscopus,
1094 2058 1360 2114 Theodori
1404 2058 1668 2119 frater,.et
1721 2071 1839 2108 cum
1873 2070 1936 2108 eo
1987 2066 2292 2110 sanctorum
2329 2057 2616 2126 imaginum
2664 2058 2837 2110 cultus
2882 2057 3081 2111 defensi
3132 2061 3197 2112 ab
3254 2062 3418 2126 impio
3467 2060 3641 2114 Theo-

464 2143 608 2212 philo
637 2161 761 2200 reus
790 2147 1178 2217 pronuntiatus
1202 2185 1216 2210 ,
1266 2143 1504 2214 κιντητῷ
1534 2143 1723 2216 patavi
1763 2141 2043 2206 litteratus,
2077 2143 2272 2212 ingenii
2315 2143 2545 2212 fideique
2599 2155 2939 2198 monumenta
2979 2147 3192 2213 reliquit
3255 2147 3644 2210 laudatissima,

463 2243 494 2281 a
524 2227 813 2285 Possevino
841 2233 1119 2286 recensita.
1167 2231 1481 2284 Coetaneus
1517 2231 1650 2282 alter
1674 2226 2047 2296 Theophanes,
2084 2237 2136 2282 et
2176 2228 2561 2283 monachorum
2605 2234 2623 2298 (
2655 2230 2794 2283 haud
2846 2233 3237 2284 nominatorum
3271 2239 3286 2298 )
3320 2237 3637 2303 praepositus

462 2319 562 2370 sub
593 2315 846 2372 Iichaele
874 2316 1154 2387 TheOphili
1186 2319 1315 2382 lilio,
1336 2318 1494 2386 cujus
1525 2331 1659 2386 opus
1691 2317 1746 2368 tu
1771 2312 2055 2382 Nicephori
2082 2315 2395 2382 patriarcha:
2431 2315 2675 2368 exsilium
2698 2358 2710 2377 ,
2746 2325 2797 2368 et
2820 2317 3162 2382 reliquiarum
3194 2318 3311 2386 ejus
3338 2321 3646 2373 translatio-

465 2416 585 2455 nem
623 2402 786 2457 refert
817 2404 1220 2471 Metaphrastes,
1251 2414 1303 2458 et
1327 2419 1390 2456 ex
1414 2418 1478 2458 eo
1505 2402 1697 2456 Surius
1743 2401 1914 2452 Martii
1955 2401 2038 2453 die
2090 2400 2299 2453 decimo
2330 2400 2506 2452 tertio.
2546 2400 2816 2468 Septimus
2867 2399 3223 2470 Theophanes
3246 2405 3485 2471 ejusdem
3523 2421 3645 2460 cum

467 2486 986 2551 Bssiliojlaccdone
1017 2491 1293 2545 Michaelis
1359 2503 1673 2548 successore
1721 2485 1997 2551 temporis,
2031 2483 2321 2540 Cerameus
2382 2495 2484 2550 est,
2523 2487 2610 2540 illc
2663 2488 3141 2542 'I‘aoromenitanns
3190 2493 3381 2559 praesul
3413 2511 3422 2543 :
3449 2494 3512 2546 dc
3541 2510 3648 2562 quo

467 2573 834 2645 accura't'e,qui
871 2593 1036 2647 opera
1062 2577 1182 2647 ejus
1206 2578 1263 2631 in
1297 2578 1567 2644 publicum
1600 2573 1887 2643 evolgavit,
1938 2569 2255 2626 Franciscus
2301 2571 2547 2626 Scorsus.
2598 2574 2772 2627 Alium
2821 2591 3008 2628 rursus
3035 2579 3239 2629 amicus
3270 2591 3319 2630 et
3349 2581 3644 2632 litterarum

465 2672 655 2714 amans
679 2660 788 2715 Leo
840 2663 1075 2717 Allatius
1121 2664 1358 2732 suggerit
1393 2661 1645 2715 familiari
1702 2659 1929 2727 epistola
1962 2673 2028 2711 ex
2079 2655 2299 2710 Joannis
2346 2657 2620 2723 cujusdam
2673 2673 2877 2727 magna:
2919 2659 3004 2713 Dei
3034 2661 3283 2716 Ecclesia:
3335 2665 3545 2716 diaconi
3592 2677 3645 2717 et

465 2744 697 2800 rhetoris
752 2749 994 2816 scripto:
1027 2752 1130 2812 εις
1178 2749 1283 2801 τὸν
1302 2748 1445 2811 ,βίον
1487 2746 1695 2812 Ἰωσὴφ
1732 2745 1837 2797 τοῦ
1873 2741 2206 2810 ops-omnisse

1904 2741 2270 2810 ψνοςράρου.
2301 2742 2428 2810 Ejus
2454 2747 2612 2797 verba
2664 2745 2810 2797 hac:
2849 2746 3105 2811 Θεοφάνει
3142 2749 3239 2814 μὲν
3285 2748 3375 2799 οὖν
3422 2766 3525 2801 τινι
3554 2751 3645 2802 τοῦ

468 2832 613 2898 tepet":
648 2833 1036 2902 πρεσϐυτερίου
1076 2834 1378 2901 ὴξιωμινῳ,
1419 2834 1512 2886 καὶ
1545 2831 1622 2900 τῷ
1671 2831 1949 2898 καταλόγῳ
1993 2827 2349 2896 ἠριθμημένῳ
2395 2829 2502 2879 τῶν
2554 2828 2845 2898 μοναχῶνό
2893 2830 3003 2897 βίος
3042 2833 3191 2883 τοῦδε
3240 2833 3331 2885 τοῦ
3371 2837 3640 2902 μακαρίου

466 2918 781 2985 πεπόνηται.
811 2919 886 2970 Οὐ
915 2921 1020 2987 μὴν
1056 2919 1189 2971 ἀλλὰ
1221 2917 1532 2987 παρέδραμι
1587 2915 1768 2970 τοῦτον
1825 2915 1989 2966 πολλὰ
2012 2952 2027 2976 ,
2058 2913 2138 2965 ὅτι
2194 2914 2332 2965 κατὰ
2378 2915 2609 2982 σπουδὴν
2637 2916 2827 2978 ἐκείνῳ
2869 2916 3234 2984 συνεξυφὰνοη
3283 2920 3342 2970 τὸ
3383 2922 3600 2989 πόνημα
3625 2939 3637 2951 ο

465 3003 650 3070 ἀμέλει
679 3006 773 3055 καὶ
813 2998 891 3065 οἷς
921 3006 1124 3066 ἐκεῖνος
1170 3003 1261 3056 τοῦ
1302 3003 1542 3074 μάκαρος
1587 3001 1735 3054 τοῦδε
1760 3000 1848 3052 τὸν
1877 2999 1990 3069 βίον
2017 2998 2360 3070 ἑσμὶκρυνεν,
2394 3001 2450 3052 ἐν
2498 2999 2705 3061 τούτοις
2737 3003 2879 3069 ἡμᾶς
2930 3002 3022 3054 ἐπὶ
3051 3004 3112 3055 τὸ
3157 3000 3310 3073 εὖρκ
3335 3006 3434 3073 τῆς
3462 3005 3646 3076 διηγῇ·

470 3101 605 3149 eam;
639 3089 1004 3158 ,προεϐίϐασιν
1028 3106 1042 3122 ο
1076 3089 1374 3158 Theophani
1408 3104 1533 3143 sane
1560 3089 1770 3141 cuidam
1792 3101 1945 3139 sacra
1991 3087 2273 3155 presbyteri
2301 3084 2552 3157 dignitate
2585 3102 2838 3153 provecto,
2895 3099 2940 3140 et
2976 3091 3338 3141 monachorum
3369 3094 3507 3160 gregi
3547 3095 3646 3146 ad-

467 3172 601 3226 lecta
632 3177 764 3228 beati
793 3178 946 3243 hujus
1001 3179 1106 3230 vita
1135 3178 1404 3231 elaborata
1450 3185 1547 3230 est.
1591 3171 1776 3228 Verum
1801 3189 1956 3242 quam
1993 3176 2158 3224 multa
2187 3172 2271 3224 ille
2299 3172 2585 3238 prateriit:
2621 3173 2755 3240 quod
2786 3188 2910 3238 opus
2963 3175 3121 3227 nimia
3168 3179 3393 3243 quadam
3432 3178 3649 3244 festina.

471 3261 626 3324 tione,
675 3278 765 3315 nec
811 3279 1010 3317 morose
1041 3267 1168 3318 satis
1197 3265 1539 3317 contezuerit.
1583 3259 1650 3314 In
1674 3261 1859 3330 quibus
1890 3269 2062 3311 tamen
2099 3257 2233 3310 beati
2263 3257 2417 3326 hujus
2441 3259 2603 3311 sitam
2643 3260 2929 3323 contraxit,
2962 3273 3014 3312 ut
3043 3264 3271 3328 spatium
3310 3278 3400 3330 per
3425 3264 3649 3334 amplius

469 3351 821 3402 narrationem
860 3353 1300 3418 protenderemus,
1326 3353 1382 3403 in
1405 3352 1588 3406 iisdem
1618 3349 1704 3403 ille
1732 3363 1822 3401 nos
1847 3344 2118 3417 promovit.

538 3432 655 3486 Jan)
715 3438 858 3503 quod
893 3455 956 3489 es
993 3438 1112 3491 istis
1141 3453 1248 3491 non
1288 3453 1428 3490 unus
1460 3435 1808 3506 Byzantinam
1845 3431 2093 3487 tractavit
2123 3431 2425 3496 historiam,
2462 3435 2667 3500 primus
2699 3434 2964 3489 videlicet.
2999 3437 3210 3497 tertius,
3243 3449 3488 3505 quartus,
3521 3452 3646 3492 ses-

453 3524 583 3579 tus,
631 3529 685 3572 et
731 3522 994 3588 ultimus;
1027 3538 1124 3577 nec
1179 3523 1370 3576 unicus
1423 3537 1606 3577 sacras
1634 3519 1875 3590 laudavit
1923 3516 2214 3586 imagines,
2245 3526 2491 3586 quartus,
2545 3519 2788 3586 inquam,
2842 3531 2895 3572 et
2926 3521 3116 3588 reliqui
3163 3522 3287 3584 ;vt-l
3339 3538 3432 3589 ι)ιο
3464 3539 3649 3578 earum

472 3607 816 3660 veneratione
839 3609 1035 3660 tuenda
1070 3618 1342 3674 certamen
1374 3607 1577 3667 Inierit,
1609 3606 1754 3660 velut
1797 3613 2044 3672 quartus,
2077 3618 2141 3657 ac
2177 3604 2397 3671 quintus
2429 3619 2444 3668 ;
2475 3595 2777 3656 ut‘alterius
2809 3606 2922 3657 vice
2958 3621 3098 3658 unus
3128 3621 3514 3675 nonnunquam
3551 3611 3647 3662 ad-

468 3688 752 3743 duceretur
801 3693 1156 3753 inmedium,
1221 3699 1276 3744 et
1325 3705 1445 3757 qua:
1472 3690 1565 3741 uni
1610 3696 1766 3756 ‘gesta
1799 3688 1879 3740 vel
1907 3688 2125 3752 scripta,
2181 3687 2544 3739 tribuerentur
2590 3688 2765 3748 alteri,
2810 3703 2913 3740 non
2964 3688 3177 3743 difﬁcile
3207 3693 3447 3760 contigit.
3509 3693 3646 3757 Quid

471 3776 615 3826 enim
678 3776 994 3843 Theophani
1066 3777 1236 3843 magis
1291 3774 1466 3828 simile
1512 3789 1673 3843 quam
1712 3770 2068 3837 Theophanes
2103 3769 2477 3838 3Mitylcuaeus
2513 3770 2601 3823 ille
2655 3772 2972 3833 Romanam,
3005 3773 3311 3840 Byzantius,
3357 3779 3448 3844 qui
3506 3779 3646 3833 inter

471 3859 703 3911 nominis
735 3859 894 3926 hujus
935 3860 1224 3927 scriptores
1256 3860 1466 3924 tertius,
1517 3857 1815 3913 Romanam
1863 3856 2082 3924 pariter,
2115 3856 2312 3908 diversi
2344 3855 2465 3908 licet
2504 3857 2778 3923 temporis,
2804 3859 3039 3912 contexit
3093 3859 3396 3915 historiam.
3439 3861 3647 3933 Byzan-

474 3945 581 3996 tius
613 3945 752 3998 idem
785 3946 995 4009 tertius,
1036 3961 1158 4000 cum
1201 3955 1388 4001 nostro
1417 3947 1620 4015 pariter
1671 3943 1949 4015 Byzantio,
1975 3939 2296 4010 Byzantinas
2338 3955 2422 3995 res
2465 3950 2678 3996 tractat.
2717 3940 2915 3996 Sextus
2952 3951 3006 3996 et
3057 3953 3280 3999 octavus
3315 3949 3644 4014 privatorum

445 4029 618 4084 .vitas
673 4032 940 4098 scribunt,
989 4047 1220 4102 quarum
1273 4033 1430 4087 lectio
1483 4032 1550 4088 ad
1603 4024 2020 4103 Byzantinorum
2072 4027 2315 4080 notitiam
2358 4027 2584 4081 accedit.
2634 4025 2882 4083 Nictenus
2925 4032 3119 4098 pra-sul
3169 4031 3524 4102 Theophanes
3577 4039 3643 4089 ad

473 4114 648 4169 instar
681 4116 944 4187 Byzantii,
971 4119 1064 4188 qui
1098 4121 1306 4183 tertius,
1353 4133 1546 4174 sacras
1571 4125 1872 4188 propugnat
1908 4113 2189 4184 imagines.
2225 4112 2378 4196 .Hinc
2428 4115 2632 4169 incerta
2684 4117 3096 4185 perturbataque
3135 4118 3297 4187 hujus
3328 4135 3373 4173 et
3423 4121 3644 4176 alterius

470 4201 726 4272 cognitio,
759 4203 869 4257 imo
904 4219 1115 4258 sulnzua
1141 4205 1281 4258 inter
1310 4219 1405 4260 eos
1430 4203 1700 4268 confusio,
1727 4213 1783 4257 et
1811 4203 1896 4257 vis
1925 4201 2357 4259 constituendum
2375 4201 2664 4256 discrimen
2689 4221 2702 4258 :
2731 4203 2864 4257 adeo
2907 4213 2962 4256 ut
2993 4205 3083 4273 qui
3115 4220 3311 4274 paucos
3357 4211 3644 4274 recensuit,

471 4292 525 4336 et
553 4283 875 4353 distinguere
904 4290 1128 4342 tentavit
1157 4287 1396 4352 Vossius,
1435 4273 1763 4358 'Byzantium
1791 4297 2036 4341 nostrum
2091 4289 2247 4342 annis
2279 4285 2348 4342 30
2384 4289 2745 4359 superiorem,
2775 4299 2828 4344 et
2859 4291 2971 4360 jam
3030 4273 3298 4346 mortuum
3322 4309 3445 4348 cum
3469 4273 3645 4350 Theo?

473 4367 649 4435 phanc
675 4371 988 4440 presbytero
1014 4383 1064 4425 et
1093 4375 1400 4442 praeposito,
1428 4371 1714 4443 Nicephori
1766 4387 2009 4440 pmcone
2062 4389 2122 4428 se
2169 4373 2479 4428 confudisse
2528 4390 2633 4428 non
2690 4377 3145 4433 animadverterit.
3190 4378 3444 4433 Eumdem
3507 4397 3648 4436 nunc

474 4456 719 4500 nostrum
757 4465 820 4504 ex
852 4454 1081 4521 paritate
1126 4469 1250 4508 cum
1308 4455 1529 4523 reliquis
1560 4453 1884 4508 conferam?
1922 4469 2139 4522 nomen,
2165 4459 2364 4524 studia,
2429 4460 2640 4529 religio,
2697 4463 2890 4530 pietas,
2949 4466 3068 4517 vita:
3103 4464 3384 4534 professio,
3411 4466 3646 4530 labores.

474 4548 594 4600 qua:
638 4535 690 4586 in
753 4538 872 4591 aliis
916 4551 1063 4593 certa
1120 4542 1394 4595 varietatis
1423 4541 1672 4606 indicia,
1705 4541 1756 4593 in
1793 4541 1914 4594 istis
1976 4541 2383 4598 Similitudinem
2439 4545 2704 4610 ohtiuent,
2730 4557 2782 4600 et
2817 4549 3106 4602 discrimen
3153 4549 3420 4604 auferunt.
3463 4552 3644 4608 Dicam

475 4617 856 4687 Theophanem
894 4623 1037 4679 hunc
1070 4637 1312 4680 nostrum
1341 4641 1404 4679 es
1447 4625 1674 4680 diversis
1706 4627 1868 4695 gestis
1899 4627 1951 4679 in
1983 4627 2117 4681 duos
2146 4628 2376 4682 Baronio
2390 4627 2621 4684 divisum
2648 4633 2713 4686 ad
2742 4647 2942 4687 annum
2977 4633 3174 4690 Christi
3207 4637 3330 4696 816.
3350 4651 3498 4690 num.
3523 4655 3562 4700 t.
3591 4651 3647 4695 et

472 4700 700 4754 Andreae
729 4700 927 4755 Scorso
955 4707 1200 4772 prommii
1228 4707 1609 4764 secundi-sect.
1640 4723 1655 4762 I
1688 4708 1744 4762 in
1775 4707 2156 4776 Theophanem
2190 4713 2554 4770 Cerameum?
2602 4719 2728 4786 Ipsi,
2757 4722 2901 4788 quod
2932 4721 3256 4788 mirandum,
3300 4723 3643 4791 eloquuntur,

473 4793 528 4838 et
569 4799 832 4852 errorem,
875 4803 998 4844 cum
1043 4807 1108 4847 ex
1141 4792 1486 4863 Theophanis
1538 4795 1778 4863 ejusdem
1815 4793 1986 4848 nostri
2027 4797 2154 4863 vita,
2211 4807 2322 4853 tum
2382 4817 2445 4856 ex
2495 4819 2619 4858 mox
2661 4805 2904 4862 dicendis
2950 4809 3394 4872 convincendum,
3424 4808 3647 4865 demon-

473 4880 664 4963 strant,
696 4872 1232 4963 Sane‘Theophauis
1263 4883 1434 4952 ipsius
1484 4882 1608 4944 vita,
1665 4891 1919 4949 gestaque
1943 4881 2106 4936 variis
2136 4897 2202 4937 ex
2255 4889 2569 4943 auctoribus
2630 4891 2870 4956 collecta,
2915 4880 3016 4947 suli
3050 4900 3395 4963 conspectum
3428 4895 3601 4961 posita
3628 4940 3642 4958 ,

473 4956 619 5045 quod
646 4959 822 5026 ipsum
857 4959 996 5048 inter
1042 4965 1389 5048 reliquosque
1420 4968 1712 5031 intercidit,
1743 4967 2074 5023 discriminis
2113 4968 2307 5025 indicia
2334 4975 2629 5041 proferunt.
2665 4977 2896 5033 Tantum
2924 5019 2939 5042 ,
2979 4995 3097 5048 qua:
3123 4956 3312 5033 in'illis
3341 4956 3480 5033 haud
3509 4956 3646 5033 levi?

474 5053 556 5098 tcr
569 5045 972 5133 _prctcreunda
993 5084 1008 5109 ,
1043 5047 1234 5106 Lector
1252 5068 1390 5127 ~non
1444 5053 1694 5108 incautus
1741 5067 1949 5106 mecum
1979 5053 2092 5109 hac
2117 5056 2441 5113 observabit.
2475 5062 2523 5114 l.
2565 5062 2692 5117 Vita:
2717 5045 3058 5133 TheOphanis
3087 5080 3115 5117 a
3147 5064 3498 5130 Metaphraste
3519 5105 3532 5126 ,
3563 5067 3646 5119 vel

473 5146 539 5184 ex
568 5129 784 5185 Baronii
809 5132 1014 5217 judicio
1037 5149 1068 5189 a
1093 5133 1378 5194 Theodoro
1404 5139 1613 5196 Stodita
1655 5139 1970 5209 conscripta
2010 5140 2257 5195 versione
2288 5139 2500 5210 Latina,
2539 5149 2786 5203 eumdem
2823 5129 3087 5203 [saucium
3150 5129 3363 5217 quoque
3417 5147 3646 5214 dictum,

472 5218 754 5302 ealingue
801 5216 999 5274 Greca
1035 5219 1268 5290 inscitia,
1295 5226 1547 5282 sﬂlrmari
1595 5227 1736 5296 apud
1767 5225 2054 5282 Baronium
2101 5226 2166 5282 Α.
2201 5227 2262 5284 C.
2301 5229 2420 5296 777,
2453 5249 2601 5289 nnm.
2627 5234 2683 5299 δ’,
2734 5247 2785 5288 et
2836 5236 2958 5296 8t6.
2989 5249 3136 5289 num.
3169 5216 3203 5286 i.
3253 5233 3414 5288 Lecto
3451 5237 3647 5303 quippe

473 5307 596 5359 vita
623 5313 1037 5375 programmate,
1069 5306 1391 5380 Θεοφάνους,
1418 5313 1507 5367 τοῦ
1547 5312 1814 5366 Ἰσαακιου
1845 5311 1978 5382 βίος,
2011 5313 2214 5368 reddidi

1903 5329 1978 5376 υς.
2011 5313 2242 5368 reddidit
2279 5315 2544 5388 interpres
2577 5342 2589 5375 :
2634 5319 2980 5386 Theophanis,
3008 5322 3096 5387 qui
3129 5329 3176 5372 et
3209 5317 3447 5374 lsaacins
3476 5323 3644 5376 dictus

392 5448 396 5454 .
471 5407 568 5460 est,
598 5398 746 5459 vita;
785 5411 906 5451 cum
947 5407 1150 5455 vertere
1180 5402 1475 5469 debuisset,
1541 5401 1862 5479 Theophanis
1936 5399 2188 5454 lsaciiF.
2243 5406 2370 5460 vita.
2422 5404 2490 5461 Ut
2521 5409 2660 5462 enim
2699 5425 2726 5462 a
2758 5409 2867 5461 tilio
2923 5407 3088 5474 patris
3141 5407 3356 5461 nomine
3405 5409 3646 5464 vocando

473 5485 685 5555 penitus
714 5485 1006 5540 abhorrent
1033 5484 1224 5553 Graeci,
1258 5491 1331 5544 ita
1363 5505 1393 5545 a
1428 5491 1606 5546 verbis
1639 5491 1810 5553 hisce,
1835 5484 1988 5551 citro;
2015 5490 2214 5559 πατρὸς

1904 5505 1988 5551 τος
2015 5490 2216 5559 πατρὸς
2249 5492 2347 5560 μὲν
2394 5493 2494 5563 ἔφυ
2529 5497 2728 5555 Ἰσαάκ,
2771 5495 2888 5562 ejus
2915 5503 3076 5546 Vitam
3118 5492 3470 5565 Menologium
3503 5498 3645 5548 ordi-

474 5579 584 5638 tur,
638 5577 694 5626 et
746 5568 1006 5625 Isaaciutn
1069 5574 1268 5640 pariter
1296 5577 1415 5646 ejus
1453 5585 1658 5648 patrem
1689 5576 1906 5633 laudata
1962 5573 2139 5631 versio
2171 5589 2456 5633 memorat.
2481 5581 2534 5636 Ξ.
2588 5580 2967 5650 Theophanem
3007 5580 3148 5635 circa
3179 5579 3379 5636 Christi
3424 5595 3621 5635 annum

449 5687 498 5710 κ
710 5665 980 5726 ΡΑτιιοι.
1016 5665 1131 5726 Gn.
1165 5666 1375 5727 CVIII.
3197 5671 3220 5730 1
