4408 6440
434 415 503 482 13
1402 454 1407 457 ι
1889 413 2224 480 ΝΟΤΙἸἿΑ.
3647 420 3707 482 ll

501 527 794 585 Nonnullis
868 526 935 583 de
1008 534 1231 582 auctore
1272 524 1454 594 operis
1506 523 1735 591 hujusce
1813 524 2099 594 hucusque
2164 521 2503 593 praemissis,
2543 522 2657 586 jam
2726 538 2847 592 qum.
2914 524 3055 578 circa
3110 540 3245 593 Opus
3282 528 3480 595 ipsum,
3520 532 3704 595 lector,

434 617 687 673 edoctum
744 624 796 671 te
865 623 1199 683 cautumque
1265 613 1409 678 volo,
1462 611 1651 683 paucis
1705 611 1896 666 evolvo
1942 612 2083 666 :tibi
2137 612 2304 667 semel
2379 617 2583 668 monito
2657 615 2835 682 operis
2905 613 3070 668 totius
3137 616 3408 678 decursu,
3465 619 3711 687 pluribus

431 704 697 774 exemplis
738 714 790 758 et
865 704 1001 758 locis
1068 703 1257 757 cadent
1326 700 1792 756 lucc‘recolenda
1839 715 1946 753 non
2009 704 2285 759 excidant.
2348 706 2399 759 l.
2469 705 2621 760 Brevi
2669 706 2827 769 facile
2878 708 3201 777 composito,
3253 718 3309 763 at
3357 725 3463 764 non
3515 712 3719 768 adnuo--

433 795 561 848 dum
594 796 853 864 expolito,
889 795 1139 864 quinimo
1194 793 1407 864 plebeio
1466 808 1602 864 pene
1634 808 1697 847 ac
1745 792 1956 864 vulgari
2000 793 2141 863 stylo
2200 793 2485 847 historiam
2542 796 2679 850 hanc
2713 811 2743 849 a
2787 793 3119 865 TheOphane
3162 797 3453 866 digestam.
3481 800 3537 854 2.
3574 800 3710 855 llinc

436 882 531 936 tibi
585 884 733 947 trita,
768 898 869 937 nec
924 884 1144 952 palatio,
1184 881 1415 935 Amboui
1445 895 1627 945 sacro,
1658 881 1744 935 vel
1775 880 1895 935 foro
1944 882 2159 951 cognita
2197 882 2459 937 vocabula
2490 901 2504 949 ;
2537 884 2635 938 sed
2667 898 2732 937 ex
2783 883 3036 952 compitis
3072 893 3123 939 et
3156 887 3373 941 incultae
3408 888 3582 958 plebis
3615 905 3710 943 ore
3748 918 3753 923 ο

435 973 658 1029 collecta
708 989 1000 1027 occurrere
1048 973 1233 1026 mirari
1271 974 1529 1026 desines:
1567 988 1629 1026 ea
1658 986 1787 1026 vero
1829 970 2280 1041 ehronographiae
2316 980 2469 1039 parte
2522 971 2798 1041 usurpari,
2831 970 2986 1038 cujus
3025 980 3266 1041 tempore
3296 972 3349 1026 in
3400 990 3557 1028 usum
3593 975 3710 1031 fue-

438 1076 565 1122 runt
598 1068 840 1133 inducta,
872 1077 1020 1122 certa
1064 1068 1381 1137 conjectura
1418 1083 1525 1121 non
1560 1067 1795 1121 habetur
1846 1063 1989 1134 apud
2024 1077 2108 1114 me
2154 1059 2418 1113 alienum.
2456 1061 2508 1114 5.
2543 1059 2957 1113 Inemendatum
3016 1062 3080 1113 ad
3119 1062 3489 1138 grammaticae
3540 1065 3703 1135 leges,

438 1156 547 1209 imo
591 1156 814 1210 solcecis
866 1155 1229 1225 barbarisque
1274 1155 1611 1211 dictionibus
1658 1165 1867 1209 textum
1916 1166 2022 1205 non
2062 1163 2186 1203 raro
2232 1148 2640 1219 interpunctum
2687 1150 2899 1201 auctori
2949 1148 3109 1201 velim
3162 1148 3587 1206 ascribeudum:
3632 1154 3710 1207 sic

437 1244 581 1296 enim
617 1253 877 1308 mentem,
911 1245 1201 1298 verborum
1253 1245 1482 1314 ambage
1514 1245 1773 1314 seposita,
1806 1236 2207 1313 significantius
2243 1236 2652 1305 exprimendam
2684 1236 2906 1289 sibimet
2935 1236 3149 1290 suasit:
3183 1236 3325 1305 quod
3353 1248 3529 1291 tamen
3561 1249 3705 1293 recta

436 1331 710 1385 scribendi
749 1332 907 1397 ratio,
953 1347 1117 1401 quam
1171 1332 1365 1385 dicunt
1394 1331 1867 1400 orthographiam,
1905 1324 2236 1397 quandoque
2269 1323 2651 1396 reprehendat,
2684 1325 3104 1379 amanuenslum
3142 1325 3618 1381 hallucinatienem
3654 1339 3706 1382 et

435 1433 676 1472 errorem
723 1434 832 1473 non
883 1418 1156 1483 difliteor;
1195 1434 1306 1488 quo
1344 1420 1554 1483 relicto,
1585 1428 1638 1472 et
1683 1417 2055 1479 inemendato,
2088 1431 2153 1469 ex
2200 1414 2305 1469 fide
2354 1417 2418 1470 ad
2465 1430 2570 1470 ms.
2600 1414 2880 1483 exemplar
2913 1417 3446 1471 commendationem
3500 1420 3703 1486 potius,

436 1521 600 1577 quam
642 1522 708 1561 ex
741 1507 1088 1561 correctione
1149 1505 1216 1560 ad
1269 1522 1461 1577 gramn
1487 1507 1658 1560 alices
1687 1514 1977 1575 praecepta,
2007 1503 2222 1558 laudem
2264 1504 2397 1557 mihi
2447 1502 2708 1573 proposui
2739 1502 3082 1557 sectandam.
3115 1502 3272 1568 Quod
3318 1505 3493 1558 nihilo
3522 1506 3705 1560 secius

431 1592 588 1676 jubet
643 1594 733 1647 illa
787 1594 1155 1663 reparandum
1186 1594 1472 1648 declarant
1500 1594 1909 1658 annotationes,
1940 1592 2022 1646 vel
2054 1593 2347 1646 emendant
2381 1592 2472 1645 alii
2504 1590 2724 1646 codices
2753 1591 2807 1644 in
2850 1590 3017 1645 variis
3051 1590 3377 1646 lectionibus
3421 1594 3667 1661 producti
3695 1618 3704 1646 :

439 1682 691 1736 nonnihil
736 1698 837 1753 ego
885 1698 984 1750 pro
1027 1683 1338 1738 scholiasta:
1383 1684 1601 1737 licentia
1631 1683 1922 1752 interpolo,
1947 1698 2010 1736 ex
2047 1681 2245 1752 quibus
2284 1681 2491 1749 reliqua
2538 1678 2753 1735 facilius
2801 1690 2983 1736 mente
3021 1681 3373 1735 restituenda.
3406 1681 3459 1734 4.
3495 1681 3705 1751 Verbo-

437 1784 558 1822 rum
597 1771 827 1830 lacunze,
858 1778 913 1824 et
941 1787 1063 1839 qme
1092 1772 1498 1833 desiderantur,
1530 1772 1926 1825 sententiarum
1968 1778 2153 1839 patent
2179 1771 2383 1832 hiatus,
2418 1771 2513 1823 sed
2550 1784 2655 1821 non
2691 1768 3044 1832 intolerandi,
3075 1784 3171 1821 ceu
3202 1769 3293 1838 qui
3329 1785 3462 1823 mss.
3502 1770 3555 1825 in
3584 1788 3707 1825 om-

433 1859 594 1911 nibus
644 1868 895 1918 exstent,
946 1859 1031 1913 vel
1080 1861 1275 1914 mentis
1321 1859 1566 1929 judicio,
1617 1860 1732 1914 sive
1786 1859 1976 1914 labore
2033 1867 2235 1928 queant
2283 1856 2544 1924 reparari.
2577 1857 2628 1910 5.
2663 1855 3053 1925 llcpetitiones,
3107 1855 3299 1922 fateor,
3334 1857 3576 1926 ejusdem
3628 1860 3737 1915 rei.

433 1947 650 2014 penitus
700 1946 941 2009 inutiles,
990 1954 1046 2002 et
1089 1964 1209 2017 qua:
1259 1949 1431 2003 semel
1486 1948 1628 2003 dicta
1689 1948 2022 2012 sulllcereut,
2054 1946 2305 1999 eumdem
2345 1946 2398 1999 in
2438 1946 2618 1999 locum
2671 1945 2753 1998 bis
2807 1944 3016 2014 iugeSta
3082 1944 3403 2009 illubentius
3469 1948 3701 2017 perfero.

434 2034 488 2087 6.
517 2032 716 2088 Rerum
749 2046 1023 2105 gestarum
1062 2038 1393 2091 metatheses
1430 2053 1537 2091 non
1583 2035 2013 2107 prtetereundas,
2046 2033 2451 2102 infrequentius
2486 2033 2631 2095 licet,
2666 2033 3075 2087 animadverto:
3110 2043 3162 2087 et
3192 2049 3257 2087 ex
3292 2033 3553 2103 historice
3581 2045 3701 2090 tan~

440 2130 554 2175 tum
594 2122 719 2184 fide,
766 2137 875 2176 non
922 2138 989 2176 ex
1034 2123 1299 2193 temporis
1351 2133 1607 2179 accurata
1658 2123 1977 2177 recensione
2018 2124 2173 2192 plura
2220 2122 2472 2175 narrari:
2513 2121 2657 2191 quod
2693 2132 2795 2185 est,
2854 2121 3174 2175 historicum
3222 2123 3443 2193 ubique,
3486 2133 3542 2178 at
3593 2141 3698 2179 non

440 2208 923 2279 chronographum
962 2225 1179 2278 semper
1222 2226 1281 2265 se
1312 2210 1553 2279 gessisse
1586 2209 1998 2279 Theophanem.
2032 2210 2084 2263 7.
2118 2208 2406 2279 Temporis
2453 2210 2788 2272 Canouium,
2825 2220 2878 2263 et
2907 2223 3205 2279 expressas
3239 2212 3294 2265 in
3330 2228 3396 2266 eo
3437 2229 3703 2284 personas

434 2320 555 2360 cum
593 2306 823 2360 historia
853 2306 916 2360 ad
937 2305 1243 2361 Canonium
1280 2306 1418 2361 idem
1453 2307 1725 2375 subjecta,
1761 2322 1869 2361 non
1926 2307 2235 2361 consentire
2266 2306 2579 2374 frequenter
2620 2304 2915 2361 manifesto
2941 2307 2994 2360 in
3029 2308 3302 2362 annotatis
3340 2312 3414 2377 (a)
3451 2326 3463 2362 :
3501 2318 3555 2361 ut
3578 2325 3700 2364 cum

435 2394 503 2446 ad
552 2393 768 2446 Damasi
821 2408 1027 2447 annum
1077 2394 1327 2462 quintum
1383 2393 1509 2447 Julii
1564 2394 1836 2463 pontificis
1876 2393 2110 2456 obitum,
2151 2403 2202 2448 ct
2256 2392 2457 2448 Liberii
2522 2395 2919 2473 promotionem
2974 2408 3081 2447 una
3134 2394 3366 2465 legimus
3421 2401 3695 2453 connecti.

436 2481 492 2536 8.
519 2481 661 2535 Anni
716 2483 879 2537 unius
915 2491 1064 2549 gesta
1111 2483 1164 2536 in
1218 2482 1385 2535 alium
1436 2484 1767 2552 quandoque
1797 2496 2081 2551 reponere,
2106 2497 2233 2536 cum
2266 2482 2539 2537 accuratis
2577 2483 2738 2536 etiam
2790 2482 3069 2537 historicis
3120 2481 3473 2553 TheOphanis
3518 2487 3704 2557 lapsus

439 2568 752 2623 communis
781 2576 881 2623 est.
914 2569 967 2623 9.
993 2568 1128 2622 Cum
1178 2568 1301 2621 aliis
1353 2569 1560 2638 pariter
1608 2584 1923 2633 commune,
1957 2578 2017 2624 ut
2045 2585 2155 2625 uno
2187 2587 2358 2637 more,
2394 2587 2612 2641 unoque
2653 2588 2793 2627 sono
2846 2574 3088 2627 virorum
3142 2580 3195 2628 et
3228 2574 3475 2629 locorum
3521 2576 3701 2645 ιιι-οιὶξκ

438 2656 604 2710 renda
648 2655 890 2723 nomina,
922 2657 1037 2726 ipse
1081 2656 1329 2710 nonnihil
1379 2657 1669 2720 immutata
1714 2659 2047 2727 pronuntiet,
2079 2665 2139 2711 ut
2170 2659 2425 2723 Artaxer,
2465 2662 2793 2714 Artaxerxes
2826 2660 2962 2723 vice,
2994 2670 3126 2726 etc.,
3160 2661 3305 2715 hunc
3343 2662 3503 2715 modo
3557 2663 3703 2717 Con-

439 2744 725 2808 stantium,
780 2743 1159 2808 Maximinum,
1209 2744 1372 2799 modo
1417 2744 1867 2812 Constantinum,
1904 2744 2334 2813 Maximianum;
2368 2747 2519 2801 illiilli
2576 2747 2667 2803 hic
2720 2747 3106 2817 Euphemium,
3175 2749 3246 2802 ibi
3310 2747 3695 2820 Euthymium;

439 2835 691 2888 eumdem
743 2832 940 2887 Judam
996 2842 1051 2888 et
1098 2832 1341 2889 Eaudam
1377 2844 1553 2898 vocet,
1604 2837 1671 2889 de
1724 2850 1835 2905 quo
1892 2834 2157 2890 lectiones
2208 2836 2391 2902 variae,
2425 2847 2480 2890 et
2527 2838 2909 2891 annotationes
2958 2852 3376 2908 nonnunquam.
3436 2842 3517 2898 l0,
3564 2839 3701 2893 llim-

436 2937 564 2975 cum
608 2933 753 2975 textu
790 2920 980 2977 Grmc-o
1008 2938 1118 2976 non
1150 2924 1421 2978 consentit
1449 2924 1501 2978 in
1534 2925 1852 2978 nominibus
1878 2922 2155 2995 plerisque
2184 2924 2385 2988 versio,
2412 2933 2465 2978 et
2498 2924 2612 2978 hare
2637 2925 2783 2978 illum
2816 2925 3092 2994 corrigere
3125 2941 3232 2979 non
3259 2937 3495 2980 veretur.
3522 2928 3605 2982 ll.
3640 2922 3731 2981 ΕΓ

439 3010 530 3063 ubi
564 3010 771 3063 nullum
823 3011 905 3064 vel
946 3010 1324 3078 perturbatum
1353 3018 1535 3067 textus
1566 3012 1790 3067 exhibet
1821 3027 2064 3074 sensum,
2095 3012 2273 3065 vcrsio
2304 3013 2572 3077 restituat,
2602 3022 2654 3067 et
2701 3013 2919 3080 planum
2955 3013 3180 3068 reddere
3210 3023 3461 3070 conetur.
3501 3017 3586 3071 1‘2.
3621 3017 3698 3071 Ex

437 3097 671 3150 diversis
711 3106 762 3150 et
788 3098 1034 3152 adversis
1067 3098 1387 3154 auctoribus
1417 3098 1484 3154 de
1524 3098 1739 3163 eodem,
1778 3114 1903 3153 raro
1933 3100 2077 3164 licet,
2105 3101 2258 3170 ponit
2282 3102 2595 3168 contraria;
2629 3109 2687 3155 ut
2718 3101 2785 3155 de
2816 3100 2931 3155 Elia
2963 3101 3324 3175 llierosolym.
3357 3112 3410 3158 et
3435 3102 3539 3159 CP.
3585 3104 3699 3158 Ma-

508 3247 583 3311 (a)
622 3244 907 3322 Annorum
964 3245 1273 3322 natationes
1320 3245 1372 3299 in
1431 3244 1666 3299 editione
1719 3230 2385 3322 ParisicnsiAhabcnius
2442 3267 2503 3305 cx
2556 3252 2845 3307 collatione
2896 3253 3139 3322 quinque
3208 3255 3456 3308 codicum
3536 3273 3693 3321 n:ss.,

436 3315 501 3367 ad
566 3314 817 3367 codicum
867 3317 1144 3383 exemplar
1180 3315 1250 3367 ita
1282 3324 1610 3384 comparata:
1646 3326 1810 3375 sunt,
1861 3325 1920 3369 ut
1964 3317 2016 3369 in

436 3385 629 3452 quavis
681 3385 805 3437 novi
861 3386 1006 3453 regis
1056 3384 1139 3438 vel
1188 3386 1427 3454 episcopi
1480 3386 1792 3440 accessione
1823 3394 2021 3455 praeter

436 3470 641 3506 annum
689 3455 875 3507 mundi
923 3465 973 3508 et
1006 3455 1203 3509 divinae
1240 3456 1632 3508 incarnationis
1679 3456 1841 3509 etiam
1894 3456 2018 3509 reli-

436 3539 671 3591 quorum
705 3539 887 3589 regum
908 3538 961 3578 et
982 3526 1364 3593 episcoporum
1398 3525 1526 3578 anui
1561 3525 1761 3581 diserte
1794 3527 2016 3580 indicati

436 3598 569 3658 sint,
606 3594 697 3646 tali
737 3595 848 3647 fere
883 3596 1160 3649 schemate
1200 3612 1211 3647 :

1882 3708 1957 3758 Ἀ)
1970 3726 2018 3758 ε·

522 3706 741 3795 ἓ⁸ἷῬξὼ
790 3710 916 3780 "Ep-
982 3707 1131 3795 j‘Pcb-
1192 3714 1348 3795 ,Κων-
1408 3708 1583 3795 εἾςρρ-
1626 3711 1833 3795 ,Ἀγησ-

565 3769 763 3825 “inin
790 3769 889 3817 σ’ῶή
982 3769 1092 3825 lum
1193 3769 1575 3821 'ctavn-looiu-
1626 3769 1780 3825 ’,γεῐας
1849 3769 1971 3825 Ιξαν-

527 3752 763 3829 ἕ⁸εμαίων
790 3752 889 3817 om;
982 3755 1092 3833 hanc
1192 3752 1575 3830 ictavn-iooiﬁ-
1626 3752 1780 3833 Ιχεῐας

1846 3904 1855 4060 l

986 3946 994 4073 l

1410 4022 1420 4202 ὶ

1842 4250 1851 4395 l

1203 4330 1214 4574 ι

446 3832 511 3905 :oﬂl
534 3834 935 3905 ξιβᾳσι-ξβᾳσι-
983 3832 1383 3905 ᾖέτιισκὸ-εγουπόιι
1409 3850 1528 3905 ιμων
1582 3895 1595 3905 _
1631 3832 2018 3905 ζὲπισκὸοδᾷρείας

433 3893 725 3962 ,ξιξξέως
774 3895 923 3962 genus.
985 3893 1094 3962 ξῖῑου
1157 3897 1332 3962 -ἱὶιως
1410 3893 1745 3962 ίέπισκὸἀπρυ
1847 3893 1969 3962 ,ἐπιῇ

448 3953 480 4017 ξ
593 3958 598 4027 ι
622 3953 957 4027 “va-{156$-
986 3953 1517 4027 ιΣυειμπὶσῖἑπισκόᾹπου
1548 3960 1560 3969 ’
1631 3959 1810 4027 TVM"-
1847 3953 1987 4027 im“;-

446 4006 566 4083 Ξ..ιὲ
594 4006 732 4083 ξσῖα-
775 4006 875 4083 [gica
947 4077 957 4083 _
988 4006 1117 4083 lzou‘
1197 4006 1305 4082 Ιπου
1348 4006 1379 4008 η
1410 4022 1611 4083 ιΣαὶουο
1631 4010 1814 4083 ίόιανοῦ
1846 4006 1959 4083 inoo

439 4068 480 4125 3
593 4068 717 4150 ίςίου
776 4078 895 4163 εετος
911 4068 1107 4163 while-ro;
1126 4068 1203 4143 βαῖ
1219 4085 1381 4158 ξιακε-
1411 4068 1563 4163 ἱστίου
1587 4146 1599 4163 1
1631 4079 1753 4135 Tiro:
1774 4074 2016 4163 6'.j’lwdv-

448 4135 711 4221 ἓ1ξ“ἐίτρς
936 4135 939 4136 7
990 4135 998 4221 ι
1126 4135 1136 4143 ’
1200 4138 1380 4221 ﬂavis-ua.
1413 4135 1533 4221 lito;
1556 4146 1637 4221 aC:
1842 4135 1941 4221 ἷξον

449 4177 496 4187 ,η
593 4177 711 4195 ,-.-,
1413 4177 1637 4202 μην...
1869 4177 1941 4190 ,η

447 4177 690 4261 Ξῖἓιιακ
991 4177 998 4261 l
1200 4177 1323 4261 lim:
1346 4209 1420 4261 ζ’-ἓ
1631 4209 1637 4261 l
1842 4177 1965 4261 lito:

525 4328 599 4408 3|
780 4328 788 4408 i
993 4328 1000 4408 Ξ
1203 4330 1233 4408 Ι·

534 4348 1002 4576 ἔξιὶὶ
1203 4348 1850 4577 illi

534 4498 599 4568 ³1
783 4498 793 4568 ι
995 4498 1002 4568 l
1206 4498 1214 4568 l
1416 4498 1425 4568 Ι
1628 4505 1636 4568 i

501 4244 513 4578 Ι

1415 4326 1425 4578 ι

2127 3318 2275 3389 llegii
2334 3322 2561 3384 scilicet,
2602 3318 2926 3386 Peireziani,
2972 3318 3285 3389 Barbcrini,
3352 3323 3593 3381 Vaticani
3644 3318 3692 3381 ct

2121 3385 2371 3455 Palatini,
2388 3392 2599 3446 duabus
2617 3403 2830 3447 constat
2851 3385 3114 3466 partibus,
3134 3385 3363 3462 quarum
3383 3412 3504 3464 quae
3518 3399 3696 3466 potior

2118 3466 2225 3535 est,
2249 3468 2310 3535 et
2334 3475 2461 3515 vere
2487 3479 2672 3535 aurea,
2713 3465 2974 3532 omnique
3008 3466 3320 3531 acceptiooe
3348 3465 3691 3535 dignis-Sinin.

2121 3527 2403 3602 historiam
2459 3534 2679 3587 exhibet
2732 3550 2826 3602 per
2868 3527 3041 3587 annos
3079 3527 3376 3601 digestam;
3407 3527 3573 3591 altera
3606 3540 3687 3592 vix

2120 3598 2373 3673 plumbea
2407 3604 2511 3656 dici
2546 3598 2803 3666 meretur,
2836 3598 3192 3673 consistitque
3219 3606 3267 3656 in
3306 3606 3499 3660 tabulis
3534 3609 3691 3662 chro-

2121 3669 2388 3744 Iiologicis
2416 3673 2681 3742 (Canonia
2742 3685 2897 3728 vorat
2940 3669 3330 3744 Goar)—quil:us
3366 3693 3458 3743 per
3482 3678 3689 3732 loculo.

2118 3737 2310 3795 divisis
2346 3737 2580 3810 primum
2614 3760 2791 3797 annus
2843 3746 3049 3807 mundi,
3088 3737 3212 3796 'lu'ur
3250 3737 3448 3799 tibi-isti
3512 3750 3687 3800 incar-

2121 3812 2252 3874 nati,
2281 3812 2402 3866 dein
2450 3815 2792 3887 imperatoris
2838 3814 3091 3879 Romani,
3120 3813 3362 3883 proxiuie
3393 3819 3533 3887 regis
3564 3818 3687 3871 Per-

2120 3897 2327 3953 sarum,
2380 3895 2473 3938 aut
2524 3876 2678 3938 ducis
2725 3886 2986 3949 Arabum,
3020 3876 3198 3938 rerum
3256 3898 3374 3953 post
3405 3876 3598 3940 l’Ersas
3636 3890 3688 3942 iu

2120 3948 2407 4025 Paltesiiua
2448 3956 2770 4024 potentium,
2811 3948 3046 4024 denique
3091 3971 3153 4011 ex
3192 3948 3402 4019 ordine,
3451 3960 3691 4025 quinque

2118 4022 2496 4094 episcoporum
2532 4030 2924 4094 praecipuorum
2955 4022 3048 4080 seu
3082 4022 3515 4094 patriarcharum
3537 4068 3551 4088 ,
3584 4022 3691 4082 llo-

2118 4095 2283 4166 umm',
2316 4092 2909 4164 Constantinopolilnni,
2934 4092 3400 4166 llierosolymitani
3422 4140 3435 4162 ,
3460 4099 3689 4152 Alexarc-

2117 4163 2262 4216 drini
2305 4177 2353 4218 et
2394 4163 2704 4221 Antiocheni
2738 4169 2869 4220 ordo
2900 4178 2952 4221 et
2987 4170 3114 4220 anui
3173 4163 3545 4221 continentur.
3584 4170 3688 4222 Ta-

2118 4234 2273 4288 liulas
2288 4246 2467 4290 autem
2495 4240 2621 4291 istas
2644 4254 2836 4307 magna
2862 4254 2982 4293 eum
3012 4239 3326 4292 diversitate
3347 4256 3453 4292 non
3484 4250 3689 4293 tantmn

2118 4308 2366 4371 prtulian
2408 4308 2566 4360 annis
2611 4325 2715 4361 non
2755 4308 2892 4373 suis,
2926 4309 3019 4363 sed
3071 4310 3234 4362 etiam
3274 4310 3693 4364 mendosissinu:

2117 4380 2458 4446 conscriptas
2488 4393 2632 4441 esse,
2665 4389 2717 4432 ct
2751 4380 3002 4447 plurimis
3035 4380 3187 4433 hiare
3222 4380 3435 4443 loculis,
3470 4395 3533 4433 ac
3568 4396 3691 4448 por-
3732 4414 3735 4415 ν

2120 4451 2347 4519 tentosis
2383 4464 2610 4516 prorsus
2656 4465 2922 4503 annorum
2949 4490 2963 4513 ,
3003 4450 3303 4519 praesertim
3352 4450 3691 4518 patriarcha-

2118 4514 2251 4569 lium
2310 4514 2792 4587 supputationibus
2848 4514 3077 4583 scatere,
3110 4536 3232 4573 cum
3278 4514 3507 4588 ipsemet
3548 4520 3692 4575 Guar

510 4597 606 4653 His
640 4576 849 4651 tabellis
882 4598 1283 4667 clit'onolngicis
1335 4600 1386 4652 in
1418 4601 1659 4654 editione
1697 4609 1882 4654 nostra
1916 4600 2015 4653 ad-
2040 4597 2091 4651 B
2122 4602 2251 4667 εικειε

1951 4600 2015 4652 ιι.
2040 4597 2091 4651 Β
2122 4576 2391 4667 agnoscat
2412 4576 2763 4667 fateatur-que
2790 4608 2817 4667 :_
2837 4590 3034 4644 mirum
3065 4576 3176 4667 est,
3202 4576 3321 4667 aut"
3342 4591 3686 4667 ipsumnam,

441 4676 644 4723 haerere
670 4667 1163 4738 constitueramns;
1199 4668 1291 4722 sed
1323 4685 1445 4723 cum
1482 4672 1682 4738 ubique
1711 4671 2016 4725 memlosis—

441 4740 592 4792 sima:
632 4739 761 4799 sint,
805 4745 859 4790 ct
894 4737 1155 4809 subjecto
1188 4740 1355 4809 textui
1412 4737 1735 4809 plerumque
1783 4756 1890 4793 non
1936 4755 2017 4793 re-

440 4810 766 4877 spondeant,
802 4817 859 4859 ut
893 4807 1009 4875 ipse
1062 4825 1092 4858 n
1116 4819 1245 4862 onet
1287 4807 1424 4864 Jac.‘
1451 4809 1616 4870 Goar,
1646 4807 1807 4863 aliam
1842 4825 2017 4863 anno-

440 4894 558 4930 rum
601 4879 964 4931 nolandorum
1016 4880 1279 4931 rationem
1308 4879 1696 4933 instituendam
1737 4880 2015 4934 duximus.

439 4946 594 5013 Quod
653 4949 772 5001 sine
818 4946 927 5000 ullo
987 4949 1389 5014 perspicuitatis
1440 4950 1770 5003 detrimento
1813 4950 2013 5004 factum

438 5033 558 5072 esse
594 5018 826 5081 videtur,
852 5018 1025 5091 inquit
1047 5015 1233 5091 Editur
1264 5018 1592 5091 Bonnensis,
1628 5035 1788 5089 quem
1829 5021 2016 5091 sequi-

438 5103 581 5151 mur,
602 5104 725 5140 nam
754 5088 968 5140 tabellis
990 5091 1105 5142 istis
1129 5089 1375 5157 abjeclis,
1394 5088 1868 5145 mundietChristi
1888 5088 2015 5144 anni

440 5157 641 5227 ubique
661 5159 892 5227 appositi
910 5168 965 5211 et
987 5164 1195 5225 primus
1217 5174 1369 5213 nova:
1390 5160 1656 5229 cujusque
1686 5162 2016 5217 accessionis

440 5243 617 5281 anuus
664 5229 933 5281 indicatus
967 5230 1294 5297 cursivoque
1342 5230 1657 5285 charactere
1700 5232 2014 5295 distinctus,

442 5307 646 5370 attento
682 5299 869 5351 lectori
899 5299 1148 5370 idoneam
1180 5299 1414 5370 copiam
1454 5301 2014 5370 faciuntreliquorum

441 5369 857 5441 magistratuum
887 5382 1060 5441 annos
1087 5368 1344 5441 facillimo
1390 5383 1643 5441 computo
1686 5368 2011 5425 inveniendi.

509 5438 613 5492 bed
645 5439 1089 5507 apponerejuvat
1118 5438 1361 5493 Godfridi
1398 5438 1723 5495 Ηειιὲειιοιιίἰ
1748 5443 2013 5507 judicium

441 5528 502 5567 ex
528 5513 650 5582 ejus
678 5512 892 5579 exegesi
923 5510 1272 5579 prteliininari
1307 5513 1382 5579 (α)
1429 5513 1707 5582 praemissa
1735 5523 1882 5566 tomo
1911 5518 2016 5561 ler-

441 5585 516 5636 tio
533 5581 789 5637 Actorum
822 5582 1147 5635 Sanctorum
1172 5584 1376 5635 mensis
1408 5581 1582 5637 Martii
1610 5585 1758 5636 edito
1774 5584 1838 5637 A.
1857 5582 2014 5640 1684.

442 5646 495 5699 in
527 5662 634 5716 qua
666 5647 879 5725 tabulas
909 5646 1199 5725 chronicas
1231 5644 1806 5726 TbeOpli_anis,_saltem
1832 5654 2013 5726 quoad

413 5732 615 5785 ,anuos
660 5719 970 5789 seriemque
1024 5717 1403 5789 episcoporum
1448 5717 1501 5770 in
1530 5722 1769 5789 quinque
1793 5717 2013 5776 sedibus

439 5787 891 5856 patriarchalihus
945 5786 1089 5857 nulla
1141 5787 1261 5840 fide.
1301 5787 1495 5857 dignas
1536 5786 1660 5843 esse
1684 5786 1956 5846 'observat
1997 5811 2009 5846 :

444 5855 467 5909 δ
503 5856 953 5927 Chronographia
986 5855 1582 5929 TheOphanis,inquit,
1613 5863 1829 5929 qualem
1864 5878 2010 5918 nunc

532 5954 604 6015 (ο)
633 5956 880 6017 Integram
903 5955 1074 6005 damus
1096 5955 1154 6004 ad
1180 5957 1365 6004 calcem
1393 5957 1533 6016 hujus
1563 5950 1844 6002 voluminis.
1927 6003 1930 6007 ,

2119 4661 2209 4723 qui
2246 4660 2484 4712 defuncti
2524 4659 2719 4713 Goaris
2753 4660 2987 4713 laborem
3016 4661 3206 4714 eduxit
3234 4662 3284 4712 in
3310 4660 3507 4722 lucem,
3532 4662 3691 4715 Coin-

2117 4727 2364 4799 belisium
2395 4731 2637 4799 potuisse
2673 4730 2774 4784 sibi
2811 4733 3160 4799 persuadere,
3180 4731 3247 4783 ab
3268 4740 3487 4784 auctore
3518 4732 3691 4785 'l‘heo-

2118 4798 2298 4866 phane
2332 4798 2451 4853 esSe
2483 4819 2495 4854 :
2522 4801 2616 4869 qui
2655 4798 2931 4853 variorum
2980 4811 3267 4854 auctowm
3312 4804 3613 4855 sententias
3639 4814 3689 4853 et

2120 4884 2381 4924 numeros
2421 4881 2645 4925 secutus
2679 4871 2748 4923 sit
2779 4873 2979 4934 varios,
3005 4886 3253 4940 Opusque
3290 4872 3565 4938 pr0prium
3600 4889 3690 4924 ur-

2118 4950 2277 5011 gente
2335 4941 2729 5011 persecutionis
2785 4946 3107 4995 necessitate
3162 4956 3267 4993 non
3335 4953 3688 5011 recensiierit,

2120 5010 2455 5080 proindeque
2504 5009 2720 5080 exigere
2762 5026 2792 5064 a
2830 5012 3031 5064 lectore
3079 5026 3175 5066 suo
3225 5009 3413 5079 possit,
3463 5021 3549 5080 ut,
3596 5029 3687 5079 qm

2118 5081 2498 5134 dormitantem
2539 5081 2829 5135 llomerum
2876 5084 3100 5149 patitur,
3138 5080 3523 5148 Theophanem
3554 5098 3688 5150 quu-

2118 5166 2227 5218 que
2288 5153 2499 5219 lapsum
2551 5154 2724 5220 erigat
2777 5153 3119 5223 corrigatque
3172 5168 3184 5204 :
3248 5166 3370 5223 cuin
3428 5153 3685 5205 nimirum

2118 5224 2473 5276 succedentes
2507 5233 2560 5275 et
2589 5228 2655 5274 ad
2694 5221 2924 5275 invicem
2958 5223 3291 5277 cohaerentes
3320 5221 3592 5274 "numeros
3633 5223 3686 5274 in

2117 5294 2401 5360 aequiores
2447 5291 2753 5360 transponit
2796 5307 3001 5357 annos,
3030 5307 3126 5344 seu
3169 5292 3332 5344 etiam
3365 5293 3688 5361 conjunctos

2117 5359 2289 5416 annos
2316 5363 2368 5415 in
2402 5359 2851 5417 dissita’canonia
2893 5362 3191 5416 desultorie
3223 5359 3481 5415 transfert
3531 5378 3544 5414 :
3594 5374 3688 5415 aut

2116 5433 2288 5487 eidem
2314 5434 2431 5485 viro
2458 5449 2602 5487 nunc
2620 5434 2922 5502 pauciores,
2945 5446 3065 5485 mox
3085 5432 3271 5501 plures
3283 5432 3512 5502 diversis
3524 5446 3686 5485 cauo.

2117 5503 2226 5558 niis
2245 5504 2487 5572 assignat
2527 5500 2698 5556 annos
2723 5520 2735 5555 :
2757 5502 2836 5555 vel
2860 5516 2982 5555 cum
3004 5500 3247 5569 ejusdem
3274 5500 3373 5554 viri
3406 5507 3687 5570 pauciorm

2116 5573 2268 5635 anni,
2302 5577 2454 5642 plura
2504 5581 2797 5627 occurrant
2846 5577 3077 5627 canonia
3110 5590 3125 5626 :
3158 5582 3252 5626 aut
3300 5587 3423 5624 cum
3471 5587 3687 5626 summa

2115 5648 2379 5714 qmepiam
2405 5647 2580 5698 anatis
2604 5644 2839 5712 aequales
2864 5644 3070 5714 loculos
3086 5644 3200 5710 sive
3215 5643 3445 5696 cauonia
3459 5644 3690 5712 quibus-

2115 5713 2238 5771 dam
2271 5718 2493 5769 omissis
2518 5733 2622 5769 non
2655 5715 2864 5784 aicepit
2889 5734 2903 5769 :
2928 5714 3010 5784 vel
3037 5713 3271 5782 denique
3304 5726 3427 5765 cum
3461 5728 3687 5765 numero

2113 5786 2356 5858 ejusdem
2415 5788 2541 5839 anni
2581 5783 2829 5855 repetito,
2868 5783 3119 5839 confusio
3168 5784 3399 5839 infertur
3423 5796 3535 5836 non
3576 5796 3699 5854 me;

2113 5859 2340 5913 diocris.
2379 5876 2395 5909 ι
