4408 6440
727 404 791 465 15
1772 400 1893 462 Fll.
1929 398 2364 459 COMBEFISII
2424 398 2838 458 PREFATIO.
3898 394 3962 457 lii

719 517 947 576 cedonio
983 511 1329 585 pr.esulibus,
1354 522 1473 578 qutr
1501 508 1621 565 loco
1646 512 1871 580 preprio
1900 524 2225 568 revocantur
2265 514 2317 566 in
2343 512 2693 566 concordiam
2730 531 2744 566 :
2778 525 2967 564 verum
2996 509 3088 580 qui
3114 507 3498 564 dormitantem
3530 509 3733 579 patitur
3764 508 3964 566 Ποιημ-

720 621 862 668 rum,
900 601 1282 671 TheOphanem
1316 596 1522 666 lapsum
1572 610 1681 651 non
1715 600 1906 668 eriget,
1938 610 2030 654 aut
2060 600 2179 669 ejus
2216 614 2459 655 errorem
2508 601 2563 654 in
2598 601 2719 654 aliis
2748 614 2853 654 non
2894 597 3361 668 corriget
3397 598 3841 653 Emendationem
3875 616 3971 653 su-

718 701 869 764 perat
900 705 1113 744 omnem
1137 688 1503 740 Romanorum
1532 687 1914 755 episcoporum
1943 704 2139 743 nomen
2166 688 2509 758 frequentius
2554 688 2842 749 omissum,
2874 698 2926 739 et
2965 697 3096 739 setas
3140 700 3170 738 a
3222 700 3345 755 pag.
3371 684 3477 739 208
3504 686 3712 739 auctori
3755 687 3974 755 penitus

664 808 671 818 ι
720 783 924 851 ignota.
963 776 1043 830 l9.
1087 773 1431 851 Alexandria:
1478 773 1724 843 quamvis
1792 783 1847 828 et
1899 776 2199 832 Antiochia:
2247 776 2565 846 pontificum
2616 790 2836 835 nomen.
2889 784 3212 842 aetatemque
3284 774 3337 825 in
3409 773 3675 828 haereseos
3724 774 3976 828 admissa:

719 871 902 923 odium
954 876 1008 920 et
1052 866 1356 927 horrorem,
1392 871 1514 932 post
1541 862 1785 916 historia:
1832 863 2150 917 umbilicum
2201 863 2270 917 ab
2318 878 2384 919 eo
2433 864 2705 933 prieterita
2757 858 3086 916 existimem.
3119 860 3211 916 20.
3275 859 3534 914 Errorum
3596 875 3728 915 sane
3780 862 3972 930 hujus-

721 956 885 1017 modi,
939 954 985 1010 si
1036 967 1258 1009 causam
1290 952 1515 1014 diceret,
1539 965 1647 1005 non
1700 952 1881 1013 aliam,
1913 966 1997 1004 mc
2024 952 2355 1021 conjectore,
2392 965 2553 1019 quam
2598 952 2869 1003 variorum
2898 957 3182 1003 auctorum
3217 948 3564 1012 sententiam,
3612 963 3977 1019 numerosque

720 1043 899 1097 \‘Rl‘lOS
958 1049 1226 1103 secutum,
1261 1052 1507 1107 opusque
1568 1038 1869 1107 proprium,
1919 1048 2149 1106 urgente
2194 1037 2587 1108 persecutionis
2618 1038 2969 1099 necessitate,
3002 1052 3107 1090 non
3147 1037 3513 1097 recensuisse,
3548 1035 3834 1106 proferret.

794 1127 1082 1185 Beatitatis
1107 1141 1374 1196 possessa:
1407 1125 1650 1189 titulum,
1683 1126 1972 1193 sanctique
2007 1119 2205 1180 nomen
2266 1125 2450 1194 operis
2490 1126 2721 1195 hujusce
2752 1124 2942 1179 titulus
2973 1139 3002 1177 a
3048 1139 3154 1188 me,
3194 1124 3387 1187 fateor,
3418 1124 3582 1179 verbo
3631 1124 3749 1178 solo
3777 1125 3974 1178 immu-

724 1231 871 1274 tatus
910 1217 1123 1271 auctori
1161 1214 1480 1284 Theophani
1512 1213 1761 1268 ascribit.
1794 1212 1899 1266 Sed
1942 1228 2042 1268 nec
2074 1214 2393 1268 mutationis
2429 1213 2664 1268 inducta:
2693 1214 2958 1282 paenitet:
2992 1228 3155 1281 quem
3215 1212 3415 1265 ctenim
3464 1212 3732 1279 virtutum
3772 1210 3981 1266 facino-

722 1307 876 1361 ribus
908 1301 1557 1375 praeclaris,dillicilique
1586 1310 1638 1354 et
1667 1300 1866 1369 insigni
1901 1301 2021 1355 ﬁdei
2075 1298 2399 1355 testimonio’
2437 1300 2808 1370 perfunctum,
2847 1311 2901 1355 et
2941 1314 3163 1356 sanctos
3231 1301 3373 1354 inter
3410 1301 3678 1355 adlectum
3735 1302 3979 1357 caelitum

722 1373 1045 1454 honoribus,
1084 1373 1231 1444 anno
1276 1404 1493 1459 quoque
1538 1388 1818 1451 redeunte,
1867 1390 2153 1444 orientalis
2204 1389 2449 1444 Ecclesia
2493 1389 2735 1443 celebrat
2773 1429 2789 1455 ,
2826 1389 2972 1442 hunc
3027 1403 3145 1458 ego,
3183 1388 3401 1457 juratns
3447 1391 3801 1458 quantumvis
3846 1404 3979 1443 mss.

722 1482 843 1551 ejus
865 1479 1259 1548 exetnplarium
1307 1486 1510 1545 septem
1544 1484 1780 1530 sectator
1826 1475 2068 1551 futurus,
2103 1487 2155 1531 et
2191 1486 2446 1547 exceptor

2239 1486 2446 1547 tceptor
2483 1476 2691 1541 fidelis;
2723 1466 2934 1545 altjecia
2962 1476 3267 1544 θεοφάνους
3316 1476 3668 1545 ἁμαηοτωλοῦ,
3704 1486 3863 1547 prout
3892 1478 3980 1530 illa

730 1547 882 1621 nullo
931 1547 1055 1620 cum
1116 1565 1436 1618 discrimine
1475 1561 1783 1630 proferunt,
1822 1547 2203 1633 appellatione,
2239 1556 2639 1631 indigitaridutn
2692 1564 2824 1616 mihi
2859 1578 3205 1632 nequaquam
3240 1563 3387 1631 potui
3447 1563 3798 1632 persuadere.
3828 1563 4001 1640 Quod"
4050 1571 4059 1575 ‘

726 1656 829 1709 sibi
874 1666 1069 1708 mutuo
1093 1652 1345 1707 monachi
1410 1651 1729 1716 orientales,
1765 1651 2088 1722 Theophani
2137 1653 2404 1707 monacho
2447 1668 2467 1721 ι

2242 1653 2404 1707 nacho
2447 1652 2712 1732 ρι’τλιξειίιί.Γ
2740 1652 2817 1704 Illi
2869 1642 3230 1721 ἁραρτωλοὺς
3265 1652 3537 1719 privatim,
3589 1667 3652 1706 ac
3683 1653 3881 1721 passim
3924 1666 3983 1706 sc

727 1744 930 1813 quique
963 1741 1209 1811 professi,
1242 1738 1428 1807 ἁγίους
1454 1739 1685 1794 invicem
1715 1754 1773 1793 se
1797 1741 2033 1793 salutant
2061 1758 2075 1794 :
2103 1741 2179 1794 ita
2204 1752 2284 1795 est
2307 1750 2361 1794 ct
2386 1740 2514 1792 mihi
2545 1757 2558 1805 ;
2596 1756 2718 1809 qua:
2772 1739 3079 1808 Θεοφάνους
3108 1755 3247 1809 opus
3280 1742 3382 1793 hoc
3408 1748 3679 1793 testantur
3709 1739 3985 1809 exempla-

730 1833 832 1891 ria,
862 1828 1187 1899 ἁμαρτω).οὖ
1220 1827 1426 1897 pariter
1464 1840 1737 1881 asserunt.
1780 1826 1922 1892 Quid
1954 1837 2065 1881 tum
2097 1828 2121 1881 ?
2166 1843 2329 1900 quem
2358 1826 2603 1883 Ecclesia
2635 1834 2885 1883 sanctum
2913 1822 3066 1893 colit,
3115 1830 3275 1896 cujus
3311 1829 3451 1883 cmlo
3488 1840 3542 1883 et
3574 1830 3986 1883 immortalitate

726 1919 922 1988 dignas
950 1917 1196 1972 actiones
1231 1917 1371 1985 lego,
1427 1915 1612 1978 laudo,
1646 1914 1825 1969 refero
1866 1916 1932 1971 ad
1963 1917 2083 1986 ejus
2121 1919 2306 1987 operis
2338 1918 2526 1984 limen,
2578 1917 2831 1971 eumdem
2869 1932 2970 1987 ego
3002 1932 3131 1986 erga
3192 1918 3493 1971 litterulam
3520 1918 3831 1988 religiosus,
3860 1932 4013 1986 erga~

728 2006 942 2061 caelites
970 2004 1294 2075 iniuriosus,
1334 2004 1477 2057 inter
1501 2002 1758 2058 Ecclesiae
1800 2003 1989 2059 Patres
2021 2004 2175 2072 ἆγιον
2203 2008 2249 2061 si
2287 2007 2515 2060 minime
2549 2006 2952 2060 recensuissem
2975 2058 2990 2084 ,
3025 2020 3092 2060 ne
3127 2006 3427 2074 impietatis
3474 2020 3803 2071 arcesseres,
3831 2006 3990 2059 Chri-
4032 2026 4055 2040 α

728 2096 904 2150 stiane
927 2095 1116 2159 lector,
1157 2093 1404 2148 verebar.
1443 2090 1743 2147 Verborum
1778 2093 1944 2162 igitur
1980 2093 2247 2162 ipsorum,
2277 2096 2469 2165 Θεοφὰε

2277 2096 2585 2165 Θεοφάνους
2616 2093 2946 2165 ἁμαρτωλοῦ
2984 2095 3125 2159 vice,
3160 2093 3257 2145 τοῦ
3289 2095 3347 2145 ὲν
3384 2094 3563 2162 ἁγίοις
3589 2095 3795 2164 [ἰατρὸς
3831 2096 3862 2146 ἢ
3876 2093 3989 2162 μῶν

728 2183 1171 2240 substituendum
1207 2192 1359 2238 ratus
1391 2200 1532 2238 sum.
1567 2182 1667 2237 Ms.
1695 2182 1866 2237 codex
1886 2198 1950 2238 ex
1976 2200 2084 2254 quo
2114 2184 2347 2254 reliqua,
2368 2186 2517 2239 nulla
2551 2185 2854 2238 mutatione
2882 2183 3123 2247 inducta,
3153 2183 3455 2251 desumpsi,
3479 2184 3661 2253 regius
3690 2193 3792 2246 est,
3824 2197 3987 2235 malm

732 2272 873 2326 ﬁdeli
923 2272 1149 2341 antiqua
1198 2280 1253 2327 et
1293 2272 1516 2342 probata
1549 2281 1830 2335 esaratus,
1871 2281 1925 2326 et
1947 2274 2024 2327 ‘ad
2056 2272 2257 2329 Leonis
2285 2272 2665 2339 Grammatici,
2702 2273 2793 2339 qui
2818 2270 3205 2340 Theophanem
3234 2272 3504 2340 sequitur,
3540 2282 3597 2325 ut
3628 2270 3993 2339 Theophanes

732 2358 1022 2433 Georgium
1067 2360 1380 2433 Syncellum
1426 2362 1649 2432 excipit,
1677 2363 2142 2432 comparationem
2174 2364 2458 2434 inspectus
2481 2376 2547 2416 ex
2575 2360 2932 2414 amanuensis
2963 2359 3305 2421 testimonio,
3339 2370 3464 2413 ante
3493 2374 3667 2413 annos
3706 2365 3994 2412 sexcentos

734 2456 788 2502 et
824 2451 1059 2531 amplius
1092 2452 1397 2520 descriptus
1425 2451 1756 2522 agnoscitur.
1788 2451 1996 2509 Asserti
2040 2451 2205 2522 hujus
2233 2458 2558 2523 argumenta
2590 2448 2918 2519 protulimus
2949 2447 3015 2500 ad
3046 2444 3265 2516 Georgii
3306 2446 3541 2518 Syncelli
3590 2446 3989 2519 praefationem-

781 2607 3278 2631 W

1667 2751 2306 2845 C-ANDIDO
2413 2751 3056 2847 LECTORI

1875 2934 1937 2992 F.
1980 2931 2451 2993 FRANCISCUS
2489 2930 2868 2991 COMBEFIS

1298 3056 1301 3057 ν
1374 3090 1624 3134 onnms
1688 3089 1779 3132 Π.
1831 3086 2325 3131 rnnnxcs'ronuat
2380 3084 2913 3147 coucnpcntoms
2952 3086 3003 3131 s.

1622 3113 1624 3127 .
1688 3089 1779 3132 FF.
1831 3086 2325 3131 PREDICATORUM
2380 3084 2913 3147 CONGREGATIONIS
2952 3086 3003 3131 S.
3051 3087 3363 3132 ιυυονιςι.

822 3362 900 3415 lin
936 3362 1027 3413 tibi
1054 3362 1146 3411 diu
1179 3369 1533 3424 exspectatum
1569 3362 1667 3413 riri
1699 3362 2053 3426 sanctissimi,
2084 3378 2174 3415 nec
2206 3363 2437 3431 ἀσκήσει
2472 3361 2646 3413 minus
2689 3374 2749 3411 ac
2778 3358 3131 3426 confessione,
3166 3372 3321 3425 quam
3355 3358 3619 3410 scribendi
3646 3360 3911 3414 industria
3944 3380 4005 3416 ac

749 3453 927 3504 labore
971 3448 1244 3539 illustris,I
1269 3446 1599 3516 Thraphanis
1641 3448 2148 3518 chronographicum
2197 3466 2351 3519 opus,
2382 3462 2445 3501 ac
2486 3447 2813 3510 historiam;
2850 3454 2906 3497 ut
2948 3444 3099 3512 cujus
3136 3447 3441 3497 summai-iis
3491 3442 3690 3501 (ira-cis
3719 3449 3918 3515 pariter
3945 3468 4007 3502 ac

752 3538 961 3591 Latinis
991 3534 1245 3589 hactenus
1275 3534 1559 3605 fruebaris,
1613 3536 1727 3602 ipso
1757 3552 1896 3588 nunc
1927 3536 2104 3605 pleno,
2141 3554 2203 3590 ac
2232 3538 2387 3606 quale
2422 3541 2497 3593 vel
2534 3538 2642 3606 ipse
2680 3537 2868 3599 edidit,
2901 3536 2977 3589 rel
3015 3536 3081 3587 ad
3114 3552 3207 3588 nos
3243 3536 3485 3587 codicum
3523 3552 3623 3589 non
3663 3546 3827 3603 parra
3866 3557 4007 3610 seges

752 3626 1073 3689 transmisit,
1105 3623 1465 3678 abundantius
1484 3622 1780 3680 delecteris.
1804 3624 1870 3677 Et
1894 3641 1956 3678 ea
1991 3623 2320 3694 TheOphanis
2352 3644 2452 3680 non
2486 3626 2706 3679 minima
2737 3625 3041 3694 laus,quod.
3062 3625 3175 3693 ejus
3210 3628 3362 3678 toties
3388 3626 3650 3693 descripta
3680 3626 4025 3702 lucubratio,‘

750 3716 868 3782 ipsa
907 3713 1164 3766 brevitate
1204 3727 1323 3764 cum
1365 3711 1485 3778 pari
1515 3710 1887 3780 perspicuitate
1926 3712 2171 3767 lectorem
2215 3713 2914 3780 recreans,immensumque
2951 3712 3296 3784 historiarum
3329 3727 3507 3780 teqnor
3534 3713 3675 3763 haud
3709 3714 3784 3765 ita
3826 3714 4007 3767 multis

751 3800 991 3853 rcrsibus
1038 3807 1419 3865 reprazsentans
1453 3812 1472 3850 :
1504 3787 1658 3866 'quod
1693 3798 1815 3850 item
1845 3800 1890 3851 si
1942 3801 2031 3869 qui
2068 3800 2176 3869 fere
2205 3798 2371 3853 (ἕνωεὶ
2410 3801 2691 3872 Latinique
2737 3811 2851 3870 post
2884 3817 3001 3854 eum
3042 3816 3100 3853 eo
3134 3801 3271 3854 relut
3307 3801 3607 3853 charactere
3642 3803 3912 3870 scripsere,
3948 3820 4010 3855 ac
4049 3845 4059 3859 ς

752 3888 1097 3940 hi.~.toriarum
1153 3886 1414 3940 breviaria
1466 3886 1689 3955 posteris
1719 3885 1995 3955 reliquere,
2042 3888 2215 3957 quoad
2246 3887 2342 3943 illa
2373 3892 2685 3960 porrigitur,
2719 3906 2821 3943 non
2854 3901 2963 3943 tam
3002 3905 3154 3942 suum
3198 3889 3401 3958 aliquid
3439 3890 3809 3957 produxerim,
3851 3908 4009 3960 quam

754 3975 1048 4029 subiectum
1082 3974 1463 4043 Theophanem,
1495 3976 1651 4044 inque
1683 3973 1910 4043 majores
1942 3986 2183 4029 coactum
2214 3978 2516 4046 angustias,
2538 3976 2834 4046 suppressis
2868 3992 2971 4030 non
3004 3977 3406 4045 paucis,-iisque
3440 3977 3653 4031 minime
3684 3979 4009 4045 spernendis,

756 4063 864 4116 alio
892 4062 968 4116 rel
997 4062 1269 4127 idiomate,
1302 4062 1379 4116 vel
1402 4062 1541 4132 stylo
1569 4062 1805 4115 nonnihil
1836 4062 2042 4131 puriari
2080 4064 2424 4119 reddiderint.

827 4151 904 4207 De
966 4147 1297 4220 Theophane,
1347 4150 1561 4219 ejusque
1632 4148 1925 4214 natalibus,
1993 4165 2056 4203 ac
2118 4150 2238 4205 vita
2298 4160 2408 4206 tota
2463 4154 2826 4218 institutione,
2884 4168 3083 4205 necnon
3144 4152 3206 4205 de
3256 4154 3399 4208 illius
3454 4170 3603 4223 apere
3664 4155 3779 4217 hoc,
3853 4171 3914 4207 ac
3964 4155 4010 4206 ei

760 4238 947 4293 coamis
983 4238 1107 4291 aliis
1140 4237 1376 4306 ejusdem
1396 4237 1649 4301 nominis,
1681 4253 1743 4292 ac
1773 4238 2005 4291 instituti
2036 4254 2055 4302 ;
2097 4247 2288 4302 preter
2319 4249 2657 4294 monumenta
2688 4239 2785 4310 ipsi
2813 4238 2935 4294 libri
2969 4240 3135 4308 fronti
3164 4241 3407 4309 pra'ﬁxa,
3451 4242 3633 4293 multis
3665 4242 3795 4295 satis
3840 4240 3904 4295 Β.
3943 4238 4009 4293 Ρ.

760 4324 995 4380 Iacobus
1027 4323 1169 4378 Goar
1203 4327 1232 4377 6
1287 4325 1621 4395 μακαρίτης,
1654 4326 1767 4394 ipso
1797 4326 1977 4379 statim
2017 4324 2197 4379 limine
2222 4342 2405 4379 earum
2435 4326 2723 4392 Notarum,
2758 4343 2889 4396 quas
2926 4326 3072 4379 illius
3096 4327 3404 4394 posthumas
3432 4329 3682 4396 produxi.
3716 4326 3841 4379 Jam
3873 4327 4011 4379 enim

765 4414 1096 4485 TheOphanis
1134 4424 1243 4469 toto
1270 4417 1382 4483 ipso
1413 4425 1580 4481 textu,
1614 4417 1843 4484 adeoque
1872 4427 1919 4469 et
1946 4414 2133 4471 Leonis
2161 4414 2531 4478 Crammatici,
2573 4414 2799 4483 exceptis
2828 4414 3053 4483 fortasse
3092 4416 3333 4481 pauculis
3366 4415 3529 4482 foliis,
3566 4416 3699 4483 typis
3738 4414 4009 4477 mandato,

758 4504 1001 4573 uotisque
1025 4505 1093 4555 ad
1130 4502 1495 4569 Theophanem
1524 4504 1786 4559 duntaxat
1820 4504 2055 4573 digestis,
2092 4504 2219 4556 dum
2264 4501 2668 4566 absolutionem,
2708 4501 3013 4571 majoraque
3043 4502 3153 4571 alia
3194 4505 3272 4555 rir
3297 4504 3503 4569 pietati,
3546 4503 3760 4564 litteris,
3795 4501 4011 4556 Gra'cia:

762 4599 921 4644 natus
956 4595 1155 4660 cogitat
1188 4607 1205 4654 ;
1238 4604 1357 4643 mox
1387 4590 1495 4658 fere
1536 4588 2300 4644 sanctissimiPrtedicatorum
2326 4591 2581 4643 antistitis
2614 4590 2881 4642 Dominici
2910 4590 2977 4641 ad
3004 4588 3185 4642 Nonas
3211 4592 3435 4659 Augusti
3459 4591 3584 4643 anni
3620 4590 3760 4645 1653
3795 4591 4010 4659 explrtis

764 4677 938 4747 feriis,
974 4678 1148 4749 gravis
1184 4694 1405 4731 accensa
1428 4676 1529 4731 bile
1570 4677 1781 4730 morbus
1811 4678 2011 4731 invadit
2044 4720 2058 4741 ,
2098 4696 2158 4732 ac
2190 4680 2259 4731 ad
2299 4679 2651 4750 Septembrem
2672 4679 2789 4749 jam
2817 4692 3104 4749 uergentem
3150 4682 3291 4733 varie
3330 4682 3678 4745 discruciatus,
3710 4682 3771 4735 a'c
3794 4699 4011 4750 σοι-ραδ-

765 4767 941 4820 culum
977 4766 1235 4829 deterens,
1262 4766 1325 4819 de
1356 4767 1533 4835 patria
1590 4777 1747 4835 atque
1773 4768 1924 4824 exitu
1941 4767 2230 4822 sollicitum
2259 4768 2388 4836 facit
2412 4787 2430 4833 ;
2451 4769 2661 4839 quando
2687 4778 2735 4821 et
2770 4768 2850 4836 pie
2882 4769 3018 4823 inter
3045 4760 3273 4836 fratrum
3301 4786 3488 4821 manus
3513 4771 3663 4839 (quin
3689 4771 4051 4839 etﬁliorum,»

763 4853 1008 4908 sodalitii
1068 4854 1230 4907 totius
1271 4856 1380 4907 vice
1425 4856 1670 4924 magistri
1725 4855 1948 4919 ordinis,
1991 4866 2046 4907 ut
2094 4866 2302 4922 vocant,
2343 4874 2537 4926 presses
2573 4858 2852 4924 exsistens)
2900 4858 3039 4910 diem
3093 4858 3220 4911 obit.
3280 4857 3473 4911 Statim
3530 4861 3703 4928 itaque
3748 4870 4017 4928 appetente

765 4942 1144 5007 invaletudine,
1178 4950 1234 4994 ut
1268 4943 1401 4995 nihil
1433 4960 1495 4997 ea
1532 4946 1647 5013 ipso
1673 4944 1889 4997 exordio
1920 4945 2097 4997 mitior
2122 4944 2245 5011 fuit,
2270 4958 2327 4997 ut
2358 4947 2496 5015 quod
2523 4954 2809 5014 superesset
2838 4942 3138 5011 Theophani
3165 4956 3470 5013 prestarem
3502 4963 3595 5015 pro
3638 4949 3852 5016 antiquo
3882 4949 4018 5001 anti-

766 5032 912 5085 citia:
931 5033 1076 5100 jure,
1111 5046 1173 5083 ac
1205 5032 1564 5086 communibus
1599 5035 1791 5087 studiis
1831 5034 1989 5087 etiam
2020 5035 2281 5103 etiamque
2320 5032 2543 5101 rogavit.
2573 5032 2787 5096 Annui;
2840 5047 2930 5084 nec
2954 5032 3092 5084 enint
3124 5033 3199 5084 rel
3230 5033 3397 5085 antica
3425 5032 3649 5101 aliquid,
3683 5042 3772 5085 aut
3807 5050 3911 5085 rem
3940 5035 4017 5087 sic

764 5120 994 5187 justam,
1024 5136 1151 5188 eque
1178 5136 1230 5172 re
1252 5123 1515 5174 comntuni
1553 5138 1741 5191 negare
1762 5122 1929 5189 potui.
1976 5120 2150 5174 Notas
2180 5123 2355 5190 itaque
2382 5120 2563 5188 quales
2594 5120 2793 5173 relicta:
2835 5129 3009 5184 erant,
3036 5119 3178 5187 prelo
3208 5120 3408 5188 subjeci
3429 5160 3443 5185 ,
3479 5136 3541 5173 ac
3579 5137 3737 5189 quam
3764 5124 3931 5189 potui,
3959 5132 4013 5173 ut

775 5208 1051 5261 emendate
1083 5206 1360 5274 prodeant,
1398 5210 1598 5262 curavi.
1646 5209 1884 5262 Iudicem
1924 5209 2343 5279 copiosissimum
2364 5249 2379 5275 ,
2410 5210 2547 5277 quod
2576 5210 2651 5262 ita
2697 5209 3031 5262 commodum
3064 5209 3327 5262 videretur
3360 5209 3820 5279 chronographicte
3852 5218 4014 5263 tanta:

765 5296 1052 5359 molitioni,
1081 5294 1273 5362 adjeci,
1307 5305 1576 5365 totumque
1603 5298 1734 5349 adeo
1760 5297 2082 5365 Theophanis
2109 5299 2280 5359 ipsum
2319 5307 2536 5361 textum,
2576 5313 2639 5349 ac
2663 5296 2847 5350 Leonis
2879 5296 3229 5351 Grammatici
3250 5337 3266 5361 ,
3312 5298 3693 5366 versionemque
3726 5314 4011 5361 recensens,

765 5395 1116 5437 occurrerunt
1165 5384 1353 5451 multa,
1397 5400 1513 5453 qua:
1556 5385 1812 5439 secundas
1863 5402 2017 5438 curas
2066 5388 2141 5438 sic
2194 5386 2360 5454 spisso
2394 5378 2557 5451 'opere
2587 5385 2885 5438 viderentur
2912 5383 3230 5437 desiderare.
3268 5382 3331 5438 In
3375 5402 3490 5439 eam
3538 5402 3644 5438 rem
3674 5386 3836 5454 igitur
3863 5396 4016 5438 notas

765 5472 1107 5539 posteriores,
1146 5488 1209 5524 ac
1246 5473 1638 5527 emendatioues
1684 5475 1928 5537 strictim,
1966 5490 2191 5543 peneque
2213 5473 2540 5543 defunctorie
2577 5471 2926 5526 instituendas
2952 5474 3154 5541 putavi,
3187 5482 3243 5525 ut
3271 5473 3325 5527 id
3369 5473 3476 5542 fere
3505 5483 3813 5541 prttstarem
3862 5470 4015 5525 Patri

769 5556 914 5611 Goar
938 5559 991 5611 in
1033 5557 1366 5628 Theophane,
1391 5561 1537 5630 quod
1572 5562 1658 5614 ille
1684 5560 1730 5615 Χ
1740 5562 1961 5631 ylandro
1985 5564 2039 5614 in
2068 5562 2244 5631 Regia:
2269 5562 2515 5615 editionis
2547 5561 2799 5614 Cedreno.
2846 5559 2956 5613 Nec
2985 5563 3123 5614 enim
3152 5562 3290 5630 quod
3319 5547 3559 5615 Cretsero
3592 5564 3647 5614 in
3682 5560 3904 5623 Codino,
3932 5562 4016 5615 ubi

764 5662 869 5699 non
923 5646 1303 5714 defunctorius,
1338 5650 1436 5713 sed
1473 5650 1629 5717 plane
1677 5651 1936 5719 exquisito
1970 5665 2137 5717 opere,
2171 5648 2234 5701 de
2269 5650 2455 5702 Graeca
2482 5649 2736 5717 sequioris
2766 5650 3057 5716 prwsertim
3098 5650 3354 5719 mediique
3398 5650 3490 5704 teri
3526 5651 3849 5712 litteratura,
3880 5650 4014 5702 idem

767 5734 980 5786 laudem
1010 5734 1193 5806 habet,
1219 5734 1439 5788 Interim
1481 5738 1700 5807 angebat
1733 5739 1988 5799 animum,
2036 5738 2171 5807 quod
2213 5737 2453 5791 Crtvcum
2482 5736 2749 5802 exemplar
2773 5735 3125 5790 Laudationis
3185 5738 3511 5808 Theophanis
3548 5756 3799 5808 nusquam
3832 5755 4012 5791 occur-

762 5831 899 5874 reret
941 5836 959 5874 :
998 5820 1320 5901 Lipomanus
1353 5824 1638 5891 duntaxat,
1668 5841 1831 5896 exque
1861 5842 1917 5879 co
1948 5826 2137 5880 Surius
2162 5827 2231 5879 ad
2264 5824 2448 5879 Martii
2478 5825 2561 5889 1‘2,
2597 5823 2845 5896 Lﬂatinam
2872 5838 3289 5893 repra'sentaret.
3327 5825 3506 5896 Ipsum
3548 5830 3684 5898 quod
3718 5830 3791 5879 ita
3830 5825 4015 5878 Latine

1757 5934 1767 5945 ι

1762 5949 1787 5959 ν·-
