4408 6440
426 417 491 483 2i
1692 424 2109 488 THEOPHAN
2124 424 2188 486 lS
2234 426 2422 486 VITA.
3632 429 3703 493 22

426 530 675 601 χομένων
702 531 800 607 τὴν
852 530 1307 587 δισποτεύουσαν.
1364 533 1499 606 Περὶ
1531 528 1599 606 ἧς
1634 534 1804 590 πολλὰ
1836 533 2016 603 λέγειν
2047 537 2091 593 Α
2118 549 2167 590 et

1969 551 2016 590 ιν
2047 537 2091 593 Α
2118 544 2201 590 est
2229 551 2242 590 :
2274 534 2342 590 de
2366 548 2473 605 qua
2505 534 2672 589 multa
2700 548 2785 589 me
2810 532 2993 591 dicere
3018 534 3288 593 volentem
3319 536 3560 609 impedit,
3586 549 3699 594 tum

427 622 632 679 ἐθέλων
677 626 758 699 τῷ
793 642 853 680 τε
894 626 1075 681 πάντα
1110 624 1202 681 τδν
1235 625 1370 699 περὶ
1408 626 1578 699 αὐτῆς
1617 625 1775 697 λόγον
1817 627 2016 700 μακρῷ

427 715 507 787 τῷ
537 718 691 788 μέσῳ
719 718 1093 790 παρατρέχειν
1130 720 1231 789 τὴν
1281 718 1571 791 αἴσθησιν.
1626 721 1722 774 καὶ
1752 719 1831 792 τῷ
1878 719 2017 791 δῆλα

431 808 566 862 πᾶσι
600 807 936 863 καθεστάναι
965 808 1034 863 τά
1076 809 1207 879 περὶ
1230 808 1437 880 ταύτης
1465 809 1737 880 λεγόμενα
1768 811 1879 873 τοῖς
1912 808 2017 864 ἀνά

431 901 612 954 πᾶσαν
644 899 885 954 οἰκοῦσιν
934 900 1067 972 ὅσην
1114 900 1288 973 ἐφορᾷ
1332 900 1512 973 ἥλιος,
1557 902 2013 972 ἀνακάμπτομαι.

438 995 768 1065 Γεννήτορες
797 993 853 1048 δὲ
894 994 944 1048 oi
988 994 1295 1069 τηλικαύτῃ
1328 997 1458 1066 γονῇ
1493 995 1588 1050 καὶ
1630 996 1851 1068 πατρίδι
1886 1012 2018 1049 κατ-

430 1086 586 1152 αξίαν
611 1085 1064 1158 ιπιγραφόμενοι,
1103 1086 1322 1157 πλούτῳ
1363 1086 1646 1157 κομῶντες
1666 1126 1681 1152 ,
1708 1087 2017 1159 στρατηγία

431 1177 806 1246 λαμπόμενοι,
856 1178 1081 1247 ἀρεταῖς
1115 1178 1360 1240 ἁπάσαις
1408 1177 1871 1251 δορυφορούμενοι
1893 1222 1908 1247 ,
1938 1179 2018 1252 τῷ

432 1269 641 1340 φίλτρῳ
694 1269 915 1324 πάντων
976 1270 1212 1341 μάλιστα
1260 1272 1649 1340 κατεστίφοντο
1695 1274 1737 1338 ⁸,
1794 1273 1857 1327 ού
1908 1274 2018 1328 τῶν

434 1362 701 1429 θεοφιλῶν
736 1363 918 1433 μόνον,
954 1364 1049 1417 καὶ
1079 1360 1162 1428 οἷς
1193 1364 1225 1435 ή
1266 1363 1647 1436 καλοκαγαθία
1692 1366 1792 1438 τὴν
1836 1368 2018 1433 φιλίαν

432 1453 739 1525 προύξένει,
773 1453 893 1507 οὐδὲ
923 1453 1033 1508 τῶν
1066 1453 1204 1519 ἴσοις
1234 1455 1677 1527 φαιδρυνομένων
1705 1459 1820 1521 τοῖς
1850 1456 2016 1525 ἀξιῶ·

436 1561 620 1614 μασιν,
649 1546 698 1597 εί
720 1546 816 1597 καὶ
839 1545 1092 1616 χειρίστη
1116 1545 1432 1600 συνδεθεϊσα
1452 1546 1597 1618 ψυχὴ
1624 1548 1667 1611 ⁷,
1692 1542 1774 1613 οἷς
1798 1550 1832 1620 ὴ
1857 1551 2018 1619 χρεία

433 1636 509 1706 τῷ
547 1638 759 1708 φίλτρῳ
793 1638 1111 1707 παρείχετο,
1143 1639 1279 1719 ἀλλὰ
1311 1638 1596 1711 τυράννων
1626 1642 1721 1694 καὶ
1748 1640 2018 1712 βασιλέων

432 1730 633 1792 αὐτῶν,
665 1731 715 1783 οἳ
749 1730 809 1783 τὸ
835 1730 1173 1801 ὑπερϐάλλον
1206 1732 1307 1801 τῆς
1345 1731 1548 1802 ἀρετῆς
1578 1732 1804 1788 ἐκείνων
1834 1734 2015 1789 αίδού-

436 1840 609 1890 μενοι,
644 1824 1010 1893 διαφερόντως
1035 1824 1136 1894 τὴν
1164 1823 1347 1892 φιλίαν
1373 1825 1703 1894 ἠσπάζοντο.
1748 1827 2016 1893 Ἰσαάκιος

433 1915 527 1966 καὶ
557 1914 786 1985 Θεοδότη
820 1914 1031 1979 τούτοις
1060 1915 1305 1986 ὀνόματα
1327 1958 1343 1983 ,
1398 1916 1455 1970 εί
1498 1933 1561 1986 γε
1611 1918 1707 1972 καὶ
1754 1918 2018 1990 ὀνόματος

434 2005 563 2074 ύμῖν
591 2006 764 2075 μέλει.
799 2007 1012 2061 Γίνεται
1031 2007 1246 2072 τούτοις
1270 2008 1365 2063 τοῦ
1402 2009 1604 2066 πολλοῦ
1630 2011 1725 2065 καὶ
1758 2013 2018 2083 μεγίστου

435 2099 637 2169 κλήρου
668 2101 912 2171 διάδοχος
936 2102 965 2155 ὁ
986 2104 1082 2155 νῦν
1119 2103 1253 2173 ἡμῖν
1293 2104 1375 2167 είς
1407 2104 1686 2175 εύφημίαν
1720 2108 2019 2179 προκείμε-

433 2205 547 2254 νος,
598 2190 690 2245 καὶ
753 2192 853 2261 τῆς
905 2192 1167 2263 μητρῴας
1207 2193 1400 2264 νηδύος
1447 2195 1769 2250 ὲκὸἀλλεται
1828 2199 2021 2271 ἀστέρι

434 2282 691 2352 ὀπωρινῷ
735 2283 1065 2351 ἐναλίγκιος,
1098 2284 1201 2355 τὴν
1242 2284 1341 2354 τῆς
1371 2285 1551 2355 ψυχῆς
1597 2288 1911 2358 ὡραιότητα
1954 2294 2017 2362 τῇ

435 2374 741 2446 εὐπρεπείᾳ
794 2377 1218 2444 καθυποφαίνων
1277 2377 1372 2431 τοῦ
1436 2376 1716 2449 σώματος.
1780 2381 1855 2433 Ού
1908 2382 2018 2453 γὰρ

433 2468 600 2538 ἐῴκει
650 2469 844 2539 ἀνδρὸς
879 2468 1143 2539 γεννητοῦ
1189 2472 1322 2533 παῖς
1357 2468 1615 2541 ἔμμεναι,
1670 2471 1807 2526 ἀλλά
1842 2474 2017 2539 Θεοῖο,

434 2561 499 2612 ἐκ
538 2562 755 2631 μήτρας
799 2560 1161 2632 ἡγιασμένος,
1211 2561 1356 2616 κατά
1402 2563 1495 2616 τὸν
1525 2567 1816 2636 προφήτην
1854 2565 2012 2637 Ἰερε-

441 2652 570 2720 μίαν
594 2696 607 2717 ,
645 2654 743 2707 καὶ
778 2656 914 2708 πᾶσι
962 2654 1152 2719 καλοῖς
1190 2655 1428 2727 ἀρχῆθεν
1457 2656 1622 2729 μέχρι
1651 2656 1768 2729 βίου
1799 2658 2023 2731 δυσμῶν

436 2745 871 2817 ἐλλαμπόμενος.

521 2838 664 2891 ’Δλλ’
702 2842 731 2892 ὁ
763 2839 865 2909 μὲν
900 2839 1091 2893 τούτου
1122 2840 1349 2912 γενέτης
1373 2841 1453 2912 τῷ
1478 2844 1664 2915 χωρίῳ
1696 2846 1806 2900 τῶν
1836 2846 2019 2900 κακῶν

441 2930 613 3001 βραχὺ
662 2932 1005 3001 προυδιοὺς,
1088 2934 1282 2997 αὐταῖς
1351 2936 1599 3005 φροντίσι
1662 2938 1755 2990 καὶ
1827 2955 2021 3007 στρατ-

437 3018 571 3090 ηγίᾳ
616 3019 777 3074 τοῦτο
829 3019 1027 3086 λιπὼν,
1085 3023 1187 3092 τὴν
1235 3023 1549 3095 ὡρισμένην
1601 3026 1807 3096 ὑπῆλθε
1852 3029 2019 3081 πᾶσιν

436 3111 767 3181 ἀποδημίαν,
820 3112 1070 3185 τριετοῦς
1099 3115 1219 3186 ,ἤδη
1272 3113 1371 3169 τοῦ
1414 3116 1605 3181 παιδὸς
1634 3118 2013 3189 τυγχάνοντος.

448 3204 513 3256 Ἦ
534 3204 773 3261 δὲ.....⁶.

507 3295 710 3350 Τοῦτον
730 3296 948 3367 ἐκείνην
982 3297 1310 3364 ἐξεικόνιζον
1339 3301 1609 3371 ἁρμονίαν
1629 3343 1642 3363 ,
1673 3303 1731 3355 ὲν
1827 3306 2020 3369 παῖδες

436 3392 485 3443 οἱ
527 3394 678 3461 τρεῖς
731 3390 870 3460 μετά
923 3393 1021 3460 τῆς
1044 3393 1315 3462 ἁρμονίας
1365 3394 1461 3447 τοῦ
1495 3398 1822 3464 τυραννικοῦ
1855 3416 2021 3469 προσ-

436 3486 718 3553 τάγματος
748 3484 1221 3549 καταπτύσαντες,
1269 3487 1329 3541 ὲν
1380 3489 1531 3559 μέσῳ
1557 3490 1791 3559 καμίνου
1824 3492 2020 3561 φλογὸς

437 3577 529 3627 ’τὸν
580 3578 926 3646 παγκὸσμιον
985 3578 1134 3632 αἶνον
1190 3580 1266 3651 τῷ
1325 3584 1588 3636 σεσωκότι
1647 3586 2016 3655 προσήγαγον.

440 3667 646 3732 Πάντες
692 3670 750 3723 δὲ
792 3671 928 3737 πρὸς
965 3671 1027 3724 τὸ
1058 3671 1304 3742 θυμῆρες
1350 3675 1442 3727 καὶ
1472 3676 1693 3745 φαιδρὸν
1720 3679 2016 3747 ἀνειμένοι,

437 3758 535 3829 τὴν
568 3760 943 3832 ἐπιθαλάμιον
980 3761 1198 3834 ἐκείνην
1254 3765 1662 3837 ὲπανηγύριζον
1694 3768 1931 3840 εὐωχίαν
1972 3771 2015 3837 ⁸,

436 3850 552 3903 ἀλλ’
591 3852 691 3905 οὐκ
721 3853 962 3924 ἧμδλυνε
1012 3854 1189 3909 ταῦτα
1241 3855 1365 3911 νοῦν
1410 3860 1525 3923 τοῖς
1576 3858 1739 3923 θείοις
1778 3861 2017 3933 ἐμμελε-

436 3944 617 3999 τῶντα
666 3949 762 3999 καὶ
807 3948 910 4018 τὴν
950 3948 1265 4021 προσοῦσαν
1308 3949 1569 4021 πρόθεσιν
1601 3952 1861 4017 ὲξανῦσαι
1899 3955 2017 4009 δια-

440 4038 831 4103 σπουδάζοντα.
866 4041 1080 4105 Νυκτὸς
1111 4043 1178 4113 δὴ
1201 4042 1281 4113 τῷ
1307 4044 1528 4099 κοιτῶνι
1560 4048 1626 4117 τῇ
1656 4045 1875 4119 συμσίῳ
1900 4048 2018 4121 ἅμα

439 4130 868 4200 προσορμισθεὶς
926 4131 1019 4185 ini.
1071 4132 1173 4203 τῆς
1230 4133 1419 4205 κλίνης
1466 4135 2015 4207 παρακαθισάμενος,

346 4282 349 4283 ν
434 4218 558 4280 ὅλος
592 4234 651 4270 τε
696 4218 805 4271 τῶν
853 4220 1012 4273 θείων
1045 4221 1360 4291 γενόμενος,
1394 4225 1687 4294 στεναγμῷ
1721 4226 1784 4278 τὸ
1810 4227 2017 4297 προσὸν

435 4313 502 4381 τῇ
531 4310 679 4381 ψυχῇ
719 4312 888 4377 πάθος
922 4313 1337 4384 ὑποσημαίνων,
1373 4316 1595 4370 τοιῶνδε
1624 4316 1802 4385 λόγων
1832 4319 2014 4390 ἀπάρ-

435 4419 611 4471 χεταιθ
654 4402 717 4456 Ὃ
751 4405 850 4474 μὲν
904 4403 1097 4475 παρὼν
1161 4404 1304 4474 βίος,
1336 4400 1380 4460 ὦ
1420 4407 1604 4475 γύναι,
1665 4408 1894 4480 βραχὺς,
1943 4409 2020 4473 ὡς

438 4494 606 4546 πᾶσιν
651 4494 892 4565 εὔδηλον,
948 4497 1043 4549 καὶ
1090 4496 1287 4569 ἀδηλίᾳ
1330 4498 1427 4552 τοῦ
1489 4500 1776 4569 μέλλοντος
1834 4502 2019 4556 τέλεον

2120 627 2264 699 quod
2304 626 2447 682 nulla
2481 626 2753 684 sermonis
2791 625 2843 682 vi
2878 628 3135 699 explicari
3184 639 3434 702 possunt,
3479 646 3601 703 qua
3634 631 3702 689 de

2120 716 2209 773 illa
2237 732 2432 774 sensus
2463 718 2776 786 renuntiat;
2813 727 2926 775 tum
2952 719 3099 790 quod
3131 721 3406 787 omnibus,
3426 738 3702 793 quascun-

2119 824 2226 879 que
2260 809 2341 865 sol
2371 810 2584 880 aspicit,
2618 818 2775 867 terra:
2803 820 2987 883 partes
3031 812 3399 869 habitantibus
3427 824 3555 871 sunt
3605 830 3697 871 co-

2118 902 2304 973 gnitae.
2358 900 2687 960 Parentibus
2738 913 2891 961 ortus
2922 912 3005 959 est
3048 903 3138 959 tali
3186 904 3392 967 sobole,
3422 907 3702 978 patriaque

2118 992 2319 1063 dignis,
2355 992 2447 1063 qui
2493 992 2697 1049 divitiis
2742 993 3043 1061 aﬂluentes,
3077 995 3298 1050 militari
3341 997 3511 1067 gloria
3541 998 3699 1060 clari,

2119 1084 2269 1139 omni
2293 1085 2551 1141 virtutum
2584 1086 2752 1141 choro
2778 1086 2980 1150 ornati,
3014 1087 3259 1142 omnium
3288 1090 3340 1143 in
3370 1104 3428 1146 se
3454 1106 3697 1147 amorem

2121 1177 2551 1247 propensissimo
2604 1177 2799 1234 aﬂ'eetu
2854 1190 3239 1235 converterant
3288 1200 3299 1236 :
3350 1198 3455 1237 non
3508 1198 3697 1238 eorum

2119 1269 2384 1323 duntaxat
2426 1270 2520 1340 qui
2558 1267 2829 1340 religiosis
2858 1270 3107 1325 moribus
3133 1271 3437 1338 eniterent,
3474 1289 3540 1328 ac
3572 1275 3699 1344 qni-

2120 1359 2222 1414 bus
2247 1359 2621 1430 probitasipsa
2638 1361 2933 1417 amicitiam
2967 1360 3206 1427 faceret;
3240 1364 3449 1435 autqui
3476 1366 3698 1434 paribus

2120 1462 2277 1506 erant
2319 1451 2677 1521 dignitatibus
2720 1452 3003 1524 insignes,
3054 1453 3180 1509 licet
3232 1456 3469 1525 pessimo
3515 1467 3700 1513 essent

2120 1546 2305 1600 animo
2338 1545 2568 1615 praediti,
2600 1557 2761 1618 atque
2792 1548 3086 1603 amicitiam
3119 1550 3354 1618 proni-iis
3392 1553 3699 1607 commodis

2122 1638 2484 1694 metirentur:
2526 1654 2711 1693 verum
2734 1641 2896 1695 etiam
2927 1651 3305 1711 tyrannorum,
3343 1643 3700 1713 ipsorumque

2122 1728 2535 1798 imperatorum,
2570 1729 2662 1799 qui
2698 1730 2802 1799 ipsi
2834 1729 3053 1784 virtutis
3092 1746 3282 1785 eorum
3327 1733 3697 1810 prmstaittiatn

2123 1819 2360 1883 rereriti,
2412 1819 2569 1889 longe
2614 1821 2973 1875 charissimos
3018 1822 3312 1877 habebant.
3364 1822 3602 1879 Isuat'itts
3646 1838 3699 1878 et

2122 1911 2419 1979 Theodota,
2452 1913 2495 1966 si
2528 1913 2655 1982 quid
2690 1914 2843 1968 vobis
2871 1915 3031 1968 etiam
3066 1930 3263 1969 nomen
3290 1926 3372 1969 est
3399 1934 3564 1976 enim.
3600 1934 3698 1970 νυ-

2122 2004 2406 2058 cabantur.
2461 2003 2559 2058 His
2608 2003 2961 2074 amplissimae
3008 2005 3341 2061 lia-redimus
3401 2018 3561 2063 natus
3617 2020 3700 2062 est

2123 2098 2295 2153 hmres
2318 2097 2425 2160 ille,
2462 2097 2551 2168 qui
2594 2097 2753 2151 nobis
2799 2097 2850 2151 in
2887 2099 3169 2165 prmsentia
3219 2099 3523 2155 laudandus
3565 2117 3642 2155 es:
3706 2122 3709 2125 ·

2122 2200 2475 2258 maternaque
2494 2189 2704 2246 ell'usus
2734 2190 2856 2244 alio
2876 2192 3176 2244 autumnali
3205 2208 3351 2246 sici.
3390 2194 3699 2262 persimilis.

2120 2282 2319 2335 eximia
2359 2283 2608 2351 corporis
2648 2282 3071 2351 pulchritudine,
3114 2298 3296 2345 nat-eu»
3330 2285 3495 2338 au'im
3531 2303 3667 2339 seuu

2121 2383 2314 2428 statem
2356 2375 2458 2429 sub
2489 2374 2738 2429 obscuris
2769 2375 2983 2429 irdicris
3015 2376 3275 2442 prodebat
3342 2377 3522 2445 Nmpe
3556 2395 3698 2432 eui...

2123 2465 2368 2519 mortalis
2409 2466 2666 2527 hominis,
2714 2465 2805 2520 sed
2839 2464 2929 2519 Dei
2964 2466 3106 2520 [ilius
3138 2482 3257 2521 esse
3299 2467 3597 2523 \idebatur.
3639 2490 3693 2521 πη

2123 2559 2312 2612 matris
2332 2566 2485 2612 utero
2516 2558 2569 2611 in
2592 2556 2841 2612 Jcrernim
2860 2559 3134 2628 prophetae.
3158 2575 3263 2613 111οι
3280 2577 3361 2614 cui
3390 2563 3664 2616 sanctiﬁc.

2124 2658 2229 2713 lus,
2258 2659 2311 2703 ct
2337 2649 2447 2718 jam
2488 2649 2611 2703 inde
2649 2651 2716 2702 ah
2747 2649 2866 2719 ipso
2897 2661 3017 2705 ortu
3054 2653 3119 2705 al
3170 2664 3473 2706 extremum
3527 2670 3678 2723 usque

2123 2742 2245 2797 vita:
2270 2742 2430 2795 tinem
2464 2742 2758 2797 virtutibus
2794 2742 3052 2797 omnibus
3087 2743 3317 2798 illust~is
3353 2761 3416 2799 ac
3446 2757 3645 2802 elatus.

2189 2836 2259 2890 At
2295 2844 2449 2904 pater
2490 2836 2682 2903 ipsius,
2724 2850 2847 2889 cum
2876 2836 3074 2907 exiguo
3119 2846 3379 2900 temporis
3426 2849 3606 2908 spatio
3650 2859 3698 2893 ιιι

2121 2930 2387 2984 malorum
2430 2928 2531 2983 hac
2583 2929 2801 2997 regione
2836 2929 3000 2983 vitam
3043 2930 3413 2999 pI‘Otill\i.s'SC|.
3467 2948 3525 2986 ea
3571 2949 3695 2987 cum

2120 3021 2269 3077 curis
2310 3030 2472 3090 atque
2520 3020 2838 3089 praefectura
2887 3021 3071 3075 relicta
3103 3062 3117 3083 ,
3166 3022 3441 3089 praeﬁnita:
3487 3027 3699 3079 cunctis

2122 3114 2572 3186 peregrinationis
2612 3118 2904 3168 terminum
2950 3114 3202 3178 absolvit,
3243 3132 3366 3171 cum
3410 3119 3522 3186 jam
3564 3132 3699 3187 puer

2047 3220 2092 3279 (ς
2128 3208 2378 3263 trimnlus
2409 3216 2574 3262 esset.
2610 3207 2785 3261 Mater
2810 3217 3107 3263 autem.....

2194 3300 2325 3354 Illud
2358 3299 2630 3354 canticum
2656 3312 3063 3368 expresserunt,
3092 3314 3202 3367 quo
3232 3310 3342 3355 tres
3372 3301 3545 3369 pueri,
3566 3317 3696 3357 con-

2123 3402 2325 3463 tempto
2379 3391 2592 3462 tyranni
2631 3390 2810 3459 jussu,
2860 3390 2914 3444 in
2966 3390 3146 3445 medio
3197 3392 3393 3445 camini
3451 3391 3699 3447 ardentis

2120 3494 2452 3538 servatorem
2491 3481 2893 3535 collaudat-unt.
2932 3480 3036 3535 Sed
3070 3497 3193 3535 cum
3227 3498 3423 3537 omnes
3448 3485 3513 3536 ad
3552 3484 3693 3536 hila-

2120 3575 2335 3630 ritatem
2386 3574 2737 3643 laetitiamque
2777 3573 3007 3643 profusi,
3043 3573 3353 3642 nuptiarum
3382 3575 3693 3629 convivium

2120 3666 2478 3731 celebrarent,
2510 3681 2663 3719 mens
2690 3675 2868 3719 tamen
2894 3665 3039 3719 illius
3073 3665 3207 3719 nihil
3240 3667 3325 3721 his
3366 3668 3560 3720 obtusa
3589 3677 3693 3731 est,

2120 3776 2243 3832 qua:
2273 3760 2450 3815 divina
2482 3759 2863 3824 meditaretur,
2904 3758 3188 3829 animique
3223 3760 3564 3829 propositum
3600 3776 3695 3813 ex-

2119 3853 2269 3924 plere
2299 3860 2541 3922 cuperet.
2568 3849 2704 3906 Cum
2730 3851 2843 3921 jam
2868 3851 3049 3921 itaque
3068 3861 3355 3921 appetente
3388 3860 3544 3906 nocte
3573 3867 3694 3905 cum

2121 3960 2322 4017 sponsa
2345 3943 2585 4001 cubiculi
2615 3953 2829 3999 secreta
2856 3943 3122 4013 petiisset,
3147 3958 3211 3997 ac
3243 3943 3381 3997 lecto
3410 3943 3697 4009 assideret,

2122 4047 2345 4108 totoque
2366 4036 2551 4091 animo
2574 4051 2668 4091 res
2684 4034 2896 4091 divinas
2917 4034 3166 4106 agitaret,
3190 4034 3428 4105 suspirio
3449 4035 3699 4090 indicans

2119 4131 2449 4188 desiderium
2488 4145 2671 4193 suum,
2708 4128 2790 4185 sie
2832 4144 2952 4183 eam
2993 4128 3195 4198 alloqui
3248 4143 3537 4198 aggressus
3570 4138 3653 4184 est

2122 4224 2256 4279 Vitae
2277 4220 2869 4290 curriculum,conjux,
2895 4228 2953 4274 ut
2971 4220 3230 4275 erunibus
3256 4230 3419 4288 patet.
3446 4223 3698 4290 exiguum

2120 4326 2224 4382 est,
2266 4328 2602 4385 prorsusquc
2653 4311 2945 4366 incertum.
2990 4309 3161 4366 Nemo
3195 4312 3341 4366 enim
3389 4314 3700 4367 mortalium

2121 4408 2293 4472 novit,
2342 4405 2555 4473 quando
2595 4420 2743 4458 mors
2770 4418 3058 4457 accessura
3107 4404 3195 4467 sit,
3228 4419 3438 4473 nosque
3482 4405 3609 4459 hinc
3635 4408 3700 4459 ad

2123 4497 2365 4552 futurum
2394 4494 2522 4548 illud
2545 4534 2560 4558 ,
2595 4494 2742 4562 quod
2770 4492 3028 4545 omnibus
3047 4502 3131 4547 est
3161 4506 3472 4553 commune,
3509 4508 3700 4545 amau-

435 4587 881 4655 κεκρατημένος⁹
932 4589 993 4641 οὐ
1041 4589 1152 4660 γὰρ
1183 4566 1451 4658 -ὲμφανές
1490 4566 1605 4645 ’τινι
1655 4593 1764 4645 τῶν
1796 4592 2015 4646 πάντων
2051 4566 2094 4621 D
2121 4590 2176 4643 δε

1957 4611 2015 4646 ον
2051 4566 2094 4621 D
2121 4590 2314 4643 datura
2356 4586 2648 4657 judicium,
2682 4587 2735 4638 in
2764 4600 2874 4653 quo
2918 4600 3099 4638 rerum
3133 4593 3407 4653 gestarum
3442 4585 3580 4638 ratio
3611 4599 3698 4639 sc-

437 4674 765 4745 καθέστηκε,
802 4677 932 4730 πότε
970 4678 1201 4742 θάνατος
1230 4678 1496 4745 ἐπελθὼν,
1539 4681 1634 4733 καὶ
1682 4680 1872 4734 τούτου
1906 4698 2016 4751 χω-

440 4768 598 4831 ρίσας
633 4769 769 4840 πρὸς
795 4770 857 4822 τὸ
887 4770 1082 4840 μέλλον
1121 4771 1480 4842 παραπέμψει
1528 4775 1623 4826 καὶ
1654 4774 1833 4827 κοινὸν
1867 4773 2019 4827 δικα-

438 4862 682 4931 στήριον,
720 4864 982 4933 ἰτασμοῖς
1014 4863 1269 4934 ἀκριϐέσι
1301 4864 1412 4917 τῶν
1450 4864 1860 4935 πεπραγμένων
1887 4866 2019 4918 ὑπο-

438 4952 864 5023 ιληθησόμενον.
941 4955 1225 5008 Ἐντεῦθεν
1284 4955 1569 5025 ἀνέτοιμον
1616 4957 1788 5009 ἐνίοτε
1836 4956 2019 5010 λαῦὼν

438 5044 532 5095 καὶ
560 5043 837 5108 πλείστοις
882 5046 1126 5118 φορτίοις
1181 5047 1594 5117 ἁμαρτημάτων
1622 5048 2014 5119 βαρυνόμενον,

435 5138 536 5202 τῆς
580 5135 675 5189 τοῦ
721 5138 957 5191 Κτίστου
1006 5140 1299 5194 καλοποιοῦ
1333 5142 1377 5172 ¹⁰
1404 5141 1737 5211 ὼραιὸτητος
1765 5143 1845 5205 εἰς
1871 5141 2018 5195 ἅπαν

436 5225 829 5297 ἀλλοτριώσας,
857 5230 1033 5299 οἴμοιί
1054 5231 1258 5301 αἰωνίῳ
1290 5233 1644 5304 καταδικάζει
1667 5230 1819 5303 πυρί·
1844 5234 2018 5302 μικρὰ

437 5316 498 5368 δὲ
527 5320 619 5371 καὶ
646 5319 866 5391 δοκήσει
912 5323 1047 5392 μόνῃ
1078 5324 1148 5375 τὰ
1195 5323 1337 5377 καλά
1367 5326 1729 5394 κεκτημένος,
1766 5325 2019 5396 ἀπείροις

442 5410 689 5482 ἀνιαροῖς
754 5415 1180 5485 περιτειχίζεται
1240 5416 1557 5470 ίδιοποιοῦσι
1603 5416 1704 5488 τὴν
1729 5417 2012 5489 τελευτήν.

2120 4677 2264 4733 reris
2308 4674 2702 4743 quaestionibus
2731 4673 3001 4728 reddenda
3043 4674 3165 4728 crit.
3211 4673 3349 4728 lliuc
3371 4675 3703 4744 quandoque

2121 4773 2443 4841 imparatos,
2478 4767 2799 4837 magnisque
2839 4775 3188 4835 peccatorum
3240 4768 3471 4823 cumulis
3504 4783 3702 4821 out-ra-

2123 4874 2226 4928 tos,
2263 4879 2293 4917 a
2326 4861 2598 4917 Creatoris
2627 4860 3054 4930 pulchritudine,
3096 4875 3162 4915 ex
3196 4875 3303 4929 qua
3342 4869 3527 4913 manat
3552 4861 3700 4927 quod

2120 4959 2406 5029 pulchrum
2437 4966 2541 5022 est,
2570 4957 2789 5026 penitus
2819 4964 3085 5015 extorres,
3117 4954 3336 5008 aeternis
3367 4954 3467 5008 heu
3496 4955 3509 5006 ί
3542 4952 3701 5007 llam-

2122 5054 2227 5107 mis
2258 5051 2501 5106 addicit:
2559 5060 2722 5119 atque
2753 5049 2835 5114 is,
2872 5048 2962 5117 qui
2996 5048 3190 5118 exigua
3226 5047 3388 5110 bona,
3432 5047 3476 5100 si
3519 5056 3696 5099 tamen

2120 5143 2347 5198 dicenda
2379 5152 2505 5195 sunt
2540 5142 2710 5205 bona;
2738 5154 2860 5209 quae
2894 5138 3075 5207 specie
3110 5146 3320 5190 tantum
3353 5147 3406 5190 et
3444 5135 3699 5205 opinione

2121 5246 2250 5293 sunt
2295 5234 2561 5304 ejusmodi
2593 5277 2606 5298 ,
2659 5230 2999 5302 possederit,
3038 5229 3339 5283 innumeris
3392 5227 3698 5297 implicatur

2122 5326 2411 5389 molestiis,
2431 5325 2629 5393 quibus
2651 5325 2774 5377 vita:
2795 5322 2919 5376 linis
2945 5337 3086 5392 aegre
3115 5320 3376 5374 immunis
3401 5320 3492 5374 sit.
3526 5318 3695 5384 Quid-

2124 5434 2248 5474 nam
2271 5431 2399 5471 vero
2422 5417 2573 5470 exiis
2590 5431 2709 5486 qua:
2731 5414 2858 5469 huic
2880 5422 3175 5484 suppetunt
3192 5412 3370 5474 hortis,
3397 5411 3613 5465 firmum
3633 5426 3694 5463 at:

1738 5573 1974 5632 γΑιιιΑε
2014 5575 2419 5633 LECTIONES.

510 5713 533 5743 ⁶
561 5710 691 5791 fort.
729 5716 1146 5791 xar_e_azé-povro.
1181 5718 1241 5791 “7
1271 5717 1398 5776 fort.
1429 5720 1677 5790 χειρίστη
1702 5718 2189 5789 συνδεθεῐσιψυχῇ.
2266 5718 2287 5748 ⁸
2323 5716 2522 5791 Desunt
2564 5716 2752 5791 multa.
2793 5725 2847 5791 ut
2877 5715 3031 5791 ct_t'_n‘
3059 5711 3338 5791 Lipot'lgtli
3388 5709 3503 5791 (‘in-
3544 5726 3688 5791 qf‘f'“

440 5786 615 5861 ipsum
634 5786 781 5861 [tunc
826 5781 1072 5841 Venarum
1109 5787 1359 5854 arbitror,
1426 5781 1576 5857 Hujus
1633 5781 1993 5861 ti'pograplmm
2037 5781 2371 5859 'rep'i‘a'scntu
2399 5786 2543 5859 (Not.
2580 5788 2666 5843 ed.
2704 5787 2857 5839 Patal
2935 5788 2953 5815 ν
2984 5783 3212 5853 ἐνωχίαν
3238 5781 3360 5835 Par.
3428 5782 3469 5813 ιθ
3506 5781 3690 5833 καλλο-

446 5853 601 5907 ποιοῦ
633 5855 752 5911 Par.
