4408 6440
733 404 803 466 23
1358 373 1367 383 ’
2002 398 2493 459 THEOPHANIS
2534 400 2727 463 VITA.
3258 456 3264 464 .
3726 384 3731 389 “
3946 406 4018 474 αι

732 512 961 574 stabile?
982 527 1113 567 num
1142 508 1382 565 divitiaz?
1404 505 1474 563 At
1515 514 1663 563 certe
1682 504 1809 573 illae,
1831 522 1954 577 qua:
1986 508 2102 562 vitii
2132 507 2326 578 utagis,
2356 509 2405 567 Α
2436 510 2473 563 Il

2281 524 2326 572 s,
2356 509 2405 567 A
2436 510 2593 563 Ποῖον
2624 508 2694 564 δέ.
2724 508 2834 563 τῶν
2874 508 3067 564 τούτου
3096 507 3278 565 καλῶν
3319 511 3547 584 μόνιμον
3578 514 3781 587 ἔστηκε
3806 533 3820 582 ;
3852 516 4018 572 πλοῦ-

732 622 898 678 quam
944 603 1164 660 virtutis
1207 602 1474 657 ministra:
1513 610 1680 666 sunt,
1723 615 1830 655 non
1882 608 2029 656 recte
2087 600 2323 655 admini-

733 698 945 764 stratae,
967 712 1031 752 ac
1054 711 1177 752 cum
1207 694 1505 750 multorum
1529 692 1745 749 insidiis
1761 693 2015 748 obnoxiae
2031 692 2319 759 exsistant,

712 791 975 847 .noudum
993 805 1058 844 ex
1082 798 1207 843 voto
1222 796 1391 857 partae
1408 787 1605 857 saepius
1623 786 1959 841 dilabuntur.
1979 788 2060 840 An
2084 785 2323 855 pulchri-

732 884 866 938 tndo
911 882 1178 952 corporis,
1226 895 1346 952 quae
1378 895 1444 934 ex
1478 879 1717 949 quadam
1770 878 1974 934 coloris
2030 878 2319 943 suavitate,

732 987 901 1047 atque
943 984 1067 1046 apta
1127 975 1296 1044 ﬁgura
1350 973 1721 1027 membrorum
1770 972 2017 1028 consistit
2055 971 2079 1025 ?
2118 969 2318 1025 Verum

734 1070 827 1127 illa
850 1079 944 1124 aut
968 1062 1209 1137 tempore
1236 1066 1632 1135 exstinguitur.
1659 1074 1753 1119 aut
1778 1063 1969 1118 morbo
1985 1061 2318 1118 deﬂorescit.

731 1161 997 1216 Humana:
1027 1160 1210 1230 gloria:
1240 1157 1574 1213 ostentatio?
1597 1155 1737 1221 Quid
1772 1171 1902 1211 vero
1919 1156 2008 1210 illa
2029 1154 2318 1223 abjectius,

731 1270 765 1309 0
794 1254 992 1323 conjux
1028 1252 1374 1313 charissima,
1416 1248 1714 1319 praesertim
1749 1248 1793 1303 si
1828 1264 1951 1303 cum
1984 1248 2317 1311 aaternailla,

730 1362 892 1416 quam
924 1362 1014 1399 nec
1045 1344 1227 1397 oculus
1255 1343 1405 1407 vidit,
1441 1358 1531 1395 nec
1554 1342 1700 1395 auris
1726 1342 1928 1394 audivit
1954 1353 2001 1406 ι,
2033 1355 2319 1411 compare-

730 1440 863 1495 tur?
913 1454 1033 1508 qure
1082 1436 1228 1492 enim
1278 1434 1547 1501 ejusmodi
1591 1444 1696 1498 est,
1740 1443 1799 1488 ut
1830 1449 1951 1488 cum
1988 1448 2107 1487 eam
2162 1447 2321 1488 tuane
2361 1467 2369 1475 -

730 1536 958 1602 adeptus
992 1531 1090 1595 sis,
1126 1528 1435 1602 nesci’aspn
1479 1542 1655 1597 usque
1688 1526 1755 1580 ad
1791 1540 2070 1595 vesperam
2101 1524 2171 1579 sit
2201 1540 2320 1592 per-

732 1638 1011 1687 mansura,
1065 1620 1197 1691 quid
1250 1629 1333 1674 est
1370 1596 1466 1674 cur
1512 1619 1564 1673 in
1602 1618 1761 1673 bouis
1793 1616 2157 1673 numeretur?
2190 1615 2318 1671 Haec

729 1730 853 1770 cum
888 1714 961 1768 ita
995 1714 1107 1768 sint
1134 1756 1147 1777 ,
1184 1712 1227 1767 si
1258 1712 1471 1765 videtur
1496 1750 1511 1776 ,
1538 1710 1805 1779 tantisper
1836 1718 2046 1764 naturae
2071 1710 2317 1764 obsecuti

2430 617 2522 663 τος
2540 618 2555 668 ;
2574 601 2633 654 '0
2659 601 2860 668 κακίας
2897 600 3101 673 μᾶλλον
3124 603 3157 673 ἢ
3191 603 3395 675 ἀρετῆς
3422 606 3704 679 ὑπηρέτης
3737 609 3812 680 μὴ
3838 611 4021 680 καλῷς

2431 692 2875 764 κυϐερνώμενος,
2928 693 3070 749 ἀλλὰ
3110 696 3342 769 μυρίους
3388 699 3515 763 τοὺς
3570 700 4020 770 ἐπιϐουλεύοντας

2431 785 2594 856 ἔχων,
2640 788 2772 857 πρὶν
2823 788 2968 843 κατὰ
3024 788 3255 861 γνώμην
3301 790 3574 860 κτηθῆναι
3634 794 4017 861 natumut-

2429 877 2623 932 ώλολε.
2654 878 2865 944 Κάλλος
2892 879 3144 951 σώματος
3174 882 3399 954 εὐχροίᾳ
3419 884 3458 914 ¹¹
3491 900 3549 936 τε
3578 884 3671 938 καὶ
3705 887 4020 960 συμμετρίᾳ
4082 932 4085 933 ν

2432 971 2611 1041 μελῶν
2640 975 3070 1043 προσγινόμενον
3088 992 3102 1038 ;
3122 975 3260 1028 Ἀλλ’
3290 976 3321 1046 ἢ
3349 977 3527 1048 χρόνῳ
3552 978 3778 1033 σϐεσθὲν
3809 982 3841 1052 ἠ
3877 982 4019 1055 νόσῳ

2430 1062 2707 1135 μαρανθὲν
2737 1061 2993 1135 διαρρυὲν
3040 1063 3231 1135 ᾤχετο.
3266 1067 3435 1138 Δόξης
3476 1068 3825 1141 ἀνθρωπίνης
3854 1087 4014 1143 περι-

2428 1156 2655 1220 πέτεια;
2689 1154 2801 1208 Καὶ
2841 1155 2892 1208 τί
2938 1144 3143 1224 ταύτης
3201 1152 3604 1230 εὐτελέστερον,
3661 1154 3706 1213 ὦ
3761 1163 4013 1237 φιλτάτη.

2430 1247 2666 1318 μάλιστα
2720 1248 2858 1317 πρὸς
2913 1249 3012 1320 τὴν
3060 1248 3229 1302 ἀΐδιον
3279 1250 3538 1322 ἐκείνην,
3583 1253 3650 1323 ἣν
3702 1254 4015 1325 ὀφθαλμὸς

2427 1342 2538 1394 οὐκ
2590 1335 2711 1405 εἶβε
2745 1342 2788 1371 ¹²
2830 1341 2927 1394 καὶ
2970 1338 3079 1407 οὖς
3124 1344 3236 1397 οὐκ
3270 1343 3541 1413 ἤκουσε,
3588 1349 4015 1421 παραϐαλλομέ-

2427 1448 2555 1501 νης;
2596 1433 2700 1485 Ἠν
2739 1434 2848 1503 γὰρ
2895 1435 2923 1486 ὁ
2964 1433 3111 1504 πρωῒ
3151 1436 3499 1505 κτησάμενος
3550 1439 3653 1493 οὐκ
3697 1435 3842 1495 οἶδεν
3893 1442 3943 1495 εί
3968 1443 4014 1476 ¹³

2429 1526 2592 1596 μέχρι
2620 1524 2800 1591 δείλης
2846 1526 3005 1594 ὀψίας
3066 1530 3393 1597 παραμενεῖ,
3437 1530 3555 1594 πῶς
3606 1530 3676 1585 ἂν
3720 1532 3926 1602 ταύτην
3955 1536 4013 1587 ἐν
4092 1591 4098 1595 ,

2427 1618 2615 1682 καλοῖς
2658 1617 2943 1686 λογίσαιτο
3003 1620 3081 1685 “;
3138 1621 3354 1691 Μικρὸν
3414 1621 3544 1686 οὐν,
3594 1625 3644 1677 εί
3681 1624 3849 1688 δοκεῖ,
3900 1628 4013 1689 τοῖς

2424 1712 2523 1782 τῆς
2570 1711 2787 1780 φύσεως
2832 1713 3323 1784 λειτουργήσαντες
3376 1714 3598 1786 νόμοις,
3641 1716 3801 1787 ἡμῶν
3832 1719 4012 1772 αὐτῶν

730 1808 964 1879 legibus,
1005 1806 1163 1861 nobis
1203 1805 1305 1875 ipsi
1330 1804 1695 1874 supernisque
1723 1802 2063 1869 Studeamus,
2099 1804 2164 1857 iis
2199 1804 2351 1857 om-'
2426 1822 2471 1857 κε

2272 1804 2351 1857 ι·’
2426 1804 2522 1857 καὶ
2559 1804 2667 1857 τῶν
2721 1805 2834 1859 ἅνω
2875 1804 3183 1874 γενώμεθα,
3223 1807 3333 1859 πᾶν
3384 1806 3412 1859 ὃ
3463 1807 3539 1879 μὴ
3584 1809 3899 1880 παραμένει
3934 1809 4013 1880 τῷ

730 1903 892 1957 nibus
921 1914 1228 1973 Opportune
1274 1900 1492 1971 rejectis
1517 1942 1532 1963 ,
1564 1915 1685 1970 quae
1716 1898 1903 1954 futuro
1936 1914 2049 1955 aevo
2090 1899 2317 1955 minime
2350 1882 2391 1936 Β
2423 1916 2471 1967 tt:

1781 1908 1903 1954 turo
1936 1914 2049 1955 aevo
2090 1899 2317 1955 minime
2350 1882 2391 1936 Β
2423 1896 2672 1967 μέλλοντι
2702 1897 3000 1969 προσφυῶς
3040 1898 3522 1970 ἀποτιναξάμενοι.

734 2005 1112 2066 perseverant.

800 2085 926 2140 llaec
969 2094 1133 2154 atque
1184 2084 1291 2140 alia
1336 2084 1505 2137 muita
1547 2083 1635 2138 ille
1666 2099 1894 2154 cerpore
1935 2085 2173 2153 juvenis,
2222 2085 2314 2139 sed

728 2180 1013 2250 prudentia
1054 2194 1217 2233 senex
1249 2176 1574 2245 loquebatur
1608 2196 1622 2240 ;
1667 2192 1790 2230 cum
1832 2192 1965 2246 pura
2033 2186 2196 2245 atque
2233 2176 2318 2230 iu-

732 2285 878 2342 Iegra
909 2270 1114 2325 Christi
1144 2268 1423 2333 columba,
1455 2277 1511 2322 et
1543 2276 1724 2323 turtur
1768 2268 2104 2334 solitudinis,
2137 2276 2191 2323 et
2227 2284 2313 2321 ca-

728 2364 932 2419 stitatis
970 2362 1220 2432 cupidior
1270 2376 1431 2430 quam
1475 2361 1809 2429 nuptiarum,
1843 2368 2007 2429 atque
2062 2360 2315 2414 Mardarii

727 2455 984 2527 martyris
1006 2454 1194 2508 uxoris
1209 2467 1495 2508 accensum
1516 2451 1570 2506 itt
1588 2452 1868 2508 Christum
1894 2467 2135 2507 amorem
2158 2453 2318 2522 longe

728 2566 1017 2621 superans,
1058 2564 1165 2619 quo
1200 2550 1427 2604 meliora
1485 2548 1779 2605 consulens
1809 2548 1861 2601 iu
1907 2547 2164 2601 omnibus
2209 2548 2318 2603 illis

730 2646 846 2719 viro
878 2642 1026 2698 socia
1056 2642 1283 2704 exstitit,
1304 2641 1482 2694 verbis
1507 2639 1840 2719 ejuscemodi
1860 2639 2060 2693 marito
2092 2655 2318 2706 respou-

729 2717 809 2791 dit
839 2755 851 2790 :
888 2734 1056 2789 Multo
1086 2733 1298 2801 mquius
1330 2730 1515 2795 fuerit,
1551 2747 1749 2801 sponse
1786 2731 2318 2801 charissime,virgi-

730 2825 917 2879 uitatis
964 2823 1427 2893 pulchritudinem
1476 2836 1691 2891 semper
1742 2822 2005 2890 integram
2061 2838 2314 2893 servare,

733 2932 896 2985 quant
929 2914 1165 2967 maxima
1194 2928 1258 2967 ex
1290 2920 1443 2982 parte
1473 2927 1591 2966 eam
1624 2913 1912 2982 inquinare
1941 2931 1954 2967 :
1987 2913 2110 2983 quis
2133 2924 2315 2968 autem

730 3008 849 3062 fore
873 3007 1161 3077 spondeat,
1197 3014 1255 3060 ut
1292 3007 1383 3075 qui
1412 3005 1540 3061 huic
1567 3008 1767 3061 saeculo
1789 3007 2055 3073 serviunt,
2080 3007 2319 3076 dantque

731 3100 888 3155 libris
913 3114 1159 3169 operam,
1193 3099 1301 3153 voti
1339 3109 1618 3169 compotes
1648 3101 1984 3170 quandoque
2020 3102 2171 3165 iiant,
2209 3117 2315 3157 non

732 3194 1028 3246 maturiore
1050 3193 1295 3261 praerepti
1335 3192 1441 3245 fato
1469 3192 1615 3246 inani
1641 3207 1734 3261 spe
1762 3192 2029 3264 emigrent
2054 3194 2075 3247 ?
2111 3204 2317 3264 quanto

730 3284 956 3347 clarius,
989 3292 1048 3337 ut
1084 3283 1199 3337 leve
1233 3282 1435 3338 Christi
1475 3284 1667 3353 jugnm
1704 3286 1770 3339 ab
1803 3287 2167 3342 adolescentia
2209 3289 2309 3342 tol-

734 3378 926 3439 lentes,
970 3375 1307 3429 bcatitudine
1327 3416 1340 3439 ,
1381 3391 1501 3445 quae
1540 3377 1664 3431 inde
1694 3378 1962 3447 sequitur,
1992 3394 2091 3433 nos
2120 3380 2312 3450 dignos

733 3480 1258 3541 prastemus,quam
1292 3478 1351 3523 ut
1381 3470 1445 3523 ad
1479 3468 1642 3525 breve
1695 3481 1907 3539 tempus
1940 3473 2312 3545 caducisjstis

732 3578 797 3614 ac
826 3562 1083 3617 inanibus
1129 3576 1348 3632 operam
1379 3553 1663 3632 ponentes,
1702 3563 1938 3619 haerente
1969 3566 2075 3621 illis
2105 3567 2307 3633 animo,

732 3654 985 3722 pessimis
1031 3655 1194 3711 rebus
1227 3656 1431 3727 jugiter
1472 3652 1833 3715 insistamus?
1874 3659 1999 3715 Hzec
2047 3662 2135 3716 illa
2186 3678 2309 3718 eum

733 3745 983 3811 dixisset,
1014 3747 1293 3817 obstupuit
1320 3749 1642 3805 adolescens
1670 3769 1685 3817 ;
1715 3752 1913 3821 quippe
1953 3755 2044 3820 qui
2075 3770 2186 3808 rem
2214 3772 2313 3811 no-

733 3850 879 3900 vam,
916 3837 1178 3906 omnique
1207 3838 1471 3905 majorem
1511 3842 1914 3909 exspectatione
1940 3843 2199 3898 audisset.
2238 3846 2315 3899 Ac

735 3929 971 4005 primurn
1004 3930 1223 3998 quidem
1258 3930 1414 3994 humi
1432 3941 1757 4001 prostratus,
1782 3935 1983 4003 gratias
2010 3935 2119 4005 egit
2143 3935 2313 3990 Crea-

737 4021 838 4075 tori
872 4036 886 4085 ;
924 3992 1120 4076 deinde
1167 4021 1362 4076 laetiori
1397 4026 1548 4078 vultu
1598 4026 1889 4097 conjugem
1950 4029 2200 4093 intuitus,
2250 4038 2316 4084 ac

738 4111 1051 4180 pollicitus,
1095 4127 1155 4166 se
1189 4112 1335 4165 illam
1382 4112 1625 4168 honestis
1674 4116 1932 4171 omnibus
1978 4114 2030 4169 in
2084 4108 2313 4182 studiis,

736 4204 981 4272 adeoque
1016 4205 1068 4257 iu
1106 4202 1296 4258 futuro
1341 4207 1542 4260 saeculo
1581 4207 1788 4261 sociam
1828 4208 2165 4273 habiturum,
2207 4224 2315 4263 una

738 4298 1061 4364 praeclarum
1087 4312 1224 4367 opus
1254 4299 1587 4365 auspicatur.
1624 4299 1928 4370 Statimque
1950 4302 2315 4357 monasticqu

741 4389 1050 4444 institutum
1085 4390 1138 4443 in
1161 4391 1407 4444 sarculari
1450 4392 1555 4445 vita
1592 4401 1993 4459 consectantes,
2034 4394 2180 4448 omni
2202 4394 2315 4449 vir-

739 4491 915 4536 tutum
943 4497 1141 4551 genere
1166 4482 1331 4536 vitam
1366 4484 1623 4539 excolunt
1653 4500 1667 4549 ;
1716 4498 1963 4541 souctum
1992 4500 2186 4556 nempe
2219 4501 2334 4555 par—

2491 2076 2729 2129 Τοιαῦτα
2781 2077 2879 2145 μὲν
2933 2078 2962 2129 ὁ
3009 2077 3130 2140 νέος
3166 2077 3244 2147 τῷ
3282 2077 3500 2147 σώματι
3540 2080 3642 2133 καὶ
3670 2078 3900 2141 παλαιδς
3934 2079 4012 2149 τῷ

2420 2168 2753 2237 φρονήματι,
2801 2167 2897 2220 καὶ
2947 2168 3081 2221 πολύ
3129 2167 3338 2222 τούτων
3379 2169 3533 2237 ἔλεγε
3594 2169 3838 2224 πλείονα·
3893 2170 4011 2241 ἡδὲ
4073 2227 4079 2232 ,
4130 2208 4137 2209 κ

2419 2256 2511 2309 τοῦ
2554 2256 2794 2327 Χριστοῦ
2839 2258 3103 2325 ἀμίαντος
3160 2259 3252 2310 καὶ
3304 2259 3542 2329 ἁκεραία
3595 2260 3922 2331 περιστερὰ,
3976 2261 4009 2330 ἡ

2419 2347 2637 2420 τρυγὼν
2669 2352 2701 2419 ἡ
2743 2350 3047 2421 φιλέρημος
3096 2350 3299 2418 μᾶλλον
3334 2354 3430 2406 καὶ
3460 2352 3742 2421 φίλαγνος,
3788 2353 3819 2423 ἢ
3855 2352 4007 2422 φιλό-

2419 2461 2619 2513 γαμος,
2685 2446 2718 2514 ἡ
2782 2446 2844 2497 τὸ
2908 2444 3003 2497 τοῦ
3066 2447 3345 2515 μάρτυρος
3407 2446 3726 2519 Μαρδαρίου
3789 2445 4011 2513 γύναιον

2422 2538 2603 2608 πολλῷ
2655 2538 2734 2622 τῳ
2778 2537 2930 2607 μέσῳ
2970 2538 3031 2626 τὴ
3077 2540 3155 2601 εἰς
3198 2538 3435 2607 Χριστὸν
3475 2539 3696 2610 φίλτρον
3724 2540 4010 2611 παραδρα-

2425 2631 2623 2701 μοῦσα,
2658 2633 2779 2684 ὅσον
2823 2632 2893 2684 τὰ
2958 2631 3173 2701 χρηστὰ
3235 2632 3713 2703 συμϐουλεύσασα,
3753 2634 4015 2704 κοινωνὸς
4057 2676 4083 2701 ι.

2420 2725 2625 2777 τούτων
2669 2724 2914 2793 ὑπῆρξεν
2964 2726 3020 2777 ἐν
3070 2725 3265 2790 ᾶπααι,
3309 2725 3569 2789 τοιούτοις
3609 2725 3897 2796 ἀμείϐεται
3923 2725 4012 2778 λό-

2421 2834 2537 2883 γοις
2564 2818 2655 2869 τὸν
2698 2816 2972 2869 σύνευνον·
3016 2817 3126 2870 Καὶ
3160 2818 3310 2888 πόσῳ
3343 2818 3543 2887 μᾶλλον
3574 2819 3931 2889 δικαιότερον,
3960 2810 4005 2871 ὦ

2422 2907 2667 2975 φίλτατε,
2696 2905 2762 2958 δι’
2795 2906 2917 2959 ὅλου
2964 2907 3026 2959 τὸ
3060 2907 3156 2976 τῆς
3190 2907 3492 2977 παρθενίας
3536 2909 3773 2978 τηρῆσαι
3818 2908 4004 2978 καλὸν),

2420 3000 2453 3069 ἢ
2485 3000 2561 3069 τῷ
2586 2999 2823 3069 πλείστῳ
2849 3000 3005 3070 μέρει
3038 2984 3477 3070 καταρρυπῶσαι
3502 3002 3566 3052 “‘l
3607 3001 3692 3063 τίς
3722 3000 3778 3053 δὲ
3805 3002 4012 3055 τούτων

2422 3090 2720 3162 ἐγγυητὴς,
2752 3091 2835 3144 ὅτι
2879 3090 2957 3158 τῷ
2993 3090 3095 3161 βίῳ
3123 3092 3503 3161 λειτουργοῠσι
3531 3093 3626 3144 καὶ
3656 3093 3789 3163 πρὸς
3827 3092 4012 3145 παιδο-
4038 3128 4077 3151 η

2350 3220 2384 3253 τ,
2424 3182 2609 3234 ποιίαν
2665 3172 3038 3253 ὑπαγομένοις
3077 3183 3138 3234 τὸ
3200 3182 3394 3253 ἄδηλον
3450 3183 3727 3247 ἐκδέξεται
3777 3184 4005 3247 τούτων,

2369 3273 2383 3310 ἶ
2418 3274 2556 3327 ἀλλὰ
2596 3275 2672 3344 μὴ
2713 3273 2822 3327 τῶν
2861 3273 3119 3344 χρηστῶν
3155 3274 3388 3328 ἐλπίδων
3431 3276 3871 3345 προαναρπάααν
3906 3294 4009 3345 μα-
4068 3326 4071 3327 ,

2412 3365 2572 3429 ταίας
2607 3366 2809 3436 ταύτης
2845 3367 2886 3396 ¹⁶
2926 3366 3283 3436 ἐναποδείξῃς
3337 3367 3487 3438 πόσῳ
3525 3368 3581 3420 δὲ
3628 3367 4011 3438 εὐκλεέστερον

2412 3458 2502 3512 τὸν
2531 3459 2765 3531 ἐλαφρὸν
2788 3459 2882 3513 τοῦ
2909 3460 3145 3529 Χριστοῦ
3179 3458 3343 3527 ζυγὸν
3376 3463 3439 3513 ἐκ
3465 3462 3716 3531 νεότητος
3747 3463 4006 3532 ἄραντας,

2412 3551 2507 3606 τοῦ
2534 3554 2797 3622 ἑπομένου
2820 3554 2992 3625 τούτῳ
3019 3554 3419 3624 καταξιωθῆναι
3441 3556 3854 3626 μακαρισμοῦ,ῆ
3877 3556 4009 3627 πρὸς
4062 3565 4069 3573 ”

2417 3644 2588 3717 βραχύ
2605 3645 2765 3712 δῆθεν
2787 3648 2897 3709 τοῖς
2922 3647 3171 3716 ματαίοις
3201 3634 3665 3715 ἐνασχοληθέντας
3690 3685 3705 3709 ,
3740 3646 3902 3713 πῆξιν
3953 3648 4009 3703 ἐν

2416 3738 2626 3801 τούτοις
2642 3737 2735 3790 τοῦ
2768 3738 3030 3808 λογισμοῦ
3050 3738 3305 3800 λαϐόντος
3332 3737 3433 3803 ¹⁶*,
3452 3739 3561 3800 τοῖς
3597 3724 3889 3806 χειρίστοις
3924 3737 4010 3787 ἐν·

2417 3825 2713 3899 απομεῖναί
2741 3828 2753 3881 !
2803 3829 3106 3899 Ἐκπληξις
3139 3825 3249 3899 εἶχε
3280 3829 3387 3883 τῶν
3416 3831 3722 3902 λεγομένων
3765 3834 3853 3886 τὸν
3886 3851 4010 3885 νεα-

2417 3920 2556 3974 νίαν’
2580 3919 2651 3972 τὰ
2687 3919 2879 3989 πρῶτα
2898 3920 3005 3990 γὰρ
3024 3921 3175 3990 παρὰ
3211 3922 3391 3975 πᾶσαν
3420 3923 3749 3993 προσδοκίαν
3778 3923 4014 3993 παραδό-

2419 4011 2526 4079 ξως
2561 4013 2818 4083 ἀκήκοεν·
2845 4012 2941 4065 καὶ
2972 4014 3165 4084 πρῶτα
3200 4014 3301 4083 μὲν
3334 4016 3430 4068 σὺν
3454 4014 3686 4086 δάκρυσι
3716 4015 3928 4085 πρηνὴς
3945 4018 4007 4085 τῇ

2419 4095 2957 4176 γῇιπρόσκυλισθεὶς
2991 4107 3057 4169 ίτ,
3109 4107 3206 4175 τὴν
3240 4107 3380 4177 ὑπὲρ
3422 4107 3626 4161 τούτων
3658 4109 4007 4179 εὐχαριστίαν

2418 4198 2655 4254 ἀνετίθει
2696 4200 2775 4269 τῷ
2820 4200 3081 4253 κτίσαντι
3121 4201 3184 4231 “'-
3218 4201 3407 4253 ἔπειτα
3453 4202 3531 4271 τῷ
3580 4203 3787 4271 γυναίῳ
3837 4219 4007 4272 προσ-

2418 4292 2621 4362 ϐλέψας
2652 4291 3001 4364 ἱλαρώτερον,
3033 4292 3127 4345 καὶ
3154 4293 3424 4363 συνθήκας
3453 4294 3594 4363 πρὸς
3623 4294 3833 4375 ταύτην
3853 4311 4009 4362 ποιη-

2420 4386 2654 4456 σάμενος
2682 4386 2759 4449 ὡς
2794 4385 3051 4440 κοινωνὸν
3079 4388 3137 4438 ἐν
3178 4387 3313 4438 πᾶσι
3350 4386 3533 4449 καλοῖς
3567 4386 3676 4452 ἕξει
3706 4387 3771 4449 ¹⁹,
3804 4392 3898 4439 καὶ
3930 4388 4007 4448 εἰς

2420 4478 2594 4533 αἰῶνα
2642 4478 2735 4532 τὸν
2787 4478 3055 4549 μέλλοντα
3098 4478 3195 4530 σὺν
3226 4477 3501 4546 αὐτῷ·τῆς
3545 4478 3715 4548 καλῆς
3743 4478 4007 4548 ἐργασίας

738 4573 938 4639 eﬂ'ecti,
968 4574 1061 4643 qui
1089 4574 1360 4643 spiritales
1389 4575 1571 4632 sulcos
1594 4577 1923 4642 scinderent,
1958 4576 2122 4647 inque
2151 4578 2319 4633 cmle-
2350 4559 2395 4615 θ
2424 4570 2479 4623 ἀ1

2265 4592 2319 4633 3..
2350 4559 2395 4615 Ι)
2424 4570 2733 4640 ἀπάρχεται
2767 4584 2783 4599 ⁸
2832 4568 2928 4622 καὶ
2992 4568 3329 4638 παραυτίκας
3381 4568 3710 4637 μονάζοντες
3755 4562 3893 4638 ἦσαν
3949 4569 4006 4619 ἐν

740 4665 916 4721 stibus
943 4666 1155 4723 horreis
1188 4667 1431 4738 spiritale
1461 4668 1646 4723 itidem
1674 4670 1912 4724 triticum
1943 4669 2315 4725 reconderent.

740 4760 941 4814 Christi
985 4760 1159 4816 bonus
1202 4762 1337 4816 odor
1374 4762 1549 4817 effecti
1584 4763 1761 4833 ipsum
1800 4763 2185 4827 oblectabant;
2223 4764 2320 4817 hoc

743 4868 986 4925 numque
1025 4854 1147 4925 ejus
1192 4867 1595 4926 unguentorum
1642 4858 1865 4912 odorem
1926 4857 2318 4927 percipieutes,

746 4948 895 5003 illius
926 4950 1211 5019 praesentia
1244 4949 1586 5004 fruebantur:

774 5218 957 5291 ‘Cum
1016 5219 1183 5289 igitur
1230 5234 1333 5289 pro
1382 5234 1711 5290 sponsorum
1762 5234 1913 5275 more
1972 5220 2052 5275 sic
2105 5226 2319 5274 noctem

747 5310 1165 5381 trausegisseut,
1202 5321 1314 5367 tota
1358 5312 1556 5368 domus
1600 5311 1729 5367 boni
1775 5311 1961 5367 odoris
2025 5310 2323 5380 fragrantia

748 5403 952 5473 repleta
997 5412 1099 5469 est,
1150 5419 1270 5473 qua:
1305 5405 1466 5477 longo
1516 5404 1802 5460 intervallo
1859 5403 2047 5459 odoris
2096 5418 2314 5459 omnem

820 5553 842 5580 ⁸
886 5542 905 5595 ἰ
935 5542 1061 5599 Cor.
1086 5560 1146 5609 tt,
1171 5544 1223 5599 9.

2424 4662 2674 4733 κοσμικῷ
2721 4660 3076 4730 πολιτεύματι
3124 4660 3217 4712 τὸν
3266 4660 3488 4713 ἐκείνων
3523 4660 3635 4728 βίον
3667 4658 4008 4728 διακριὼῦν-

2420 4772 2532 4819 τες,
2591 4743 2820 4825 ξυνωρὶς
2883 4753 3169 4821 παναγία,
3218 4752 3315 4816 τὰς
3368 4754 3567 4821 νοητὰς
3615 4754 4008 4822 ἀνατέμνοντες

2422 4845 2664 4908 αὔλακας
2707 4847 2801 4899 καὶ
2836 4848 2957 4909 ταῖς
2986 4845 3265 4914 οὐρανίαις
3293 4847 3479 4913 σηκοῖς
3517 4844 3607 4897 τον
3642 4843 3831 4913 νοητὸν
3863 4846 4006 4895 σῖτον

2423 4938 2889 5007 ἐναποτιθέμενοι.
2952 4938 3224 5007 Ἐτερπον
3276 4936 3511 5007 Χριστὸν
3559 4937 3757 4989 εὐωδία
3811 4935 4002 4989 τούτου

2422 5029 2704 5098 γενόμενοι
2732 5030 2799 5060 ’θ’
2824 5028 3028 5098 καὶτῆς
3059 5028 3268 5081 ἐκείνου
3292 5026 3398 5079 τῶν
3432 5026 3618 5097 μύρων
3644 5027 3819 5096 ὀσμῆς
3854 5027 4003 5078 ἅντι-

2421 5123 2843 5190 λαμϐανὸμενοι,
2871 5120 2974 5189 τὴν
3016 5120 3227 5173 ἐκείνου
3257 5118 3657 5171 κατεπλούτουν
3684 5118 4001 5186 ἐπιδημίαν.

2492 5214 2605 5283 Τῆς
2636 5214 2899 5282 συνήθους
2933 5211 3063 5281 γοῦν
3110 5213 3238 5281 παρ’
3267 5212 3448 5274 αὐτοῖς
3497 5209 3816 5281 νυκτερινῆς
3849 5209 4006 5261 ἐκτε-

2422 5308 2690 5377 λουμὲνης
2728 5305 2994 5371 συνάξεως
3022 5344 3037 5366 ,
3082 5304 3309 5365 εὐώίας
3351 5306 3379 5357 ὁ
3429 5297 3575 5365 οἶκος
3610 5305 3716 5365 πᾶς
3760 5301 4002 5369 ἀναπίμ-

2426 5400 2649 5462 πλαται,
2675 5400 2871 5476 ,πᾶσαν
2920 5394 3125 5463 συνήθη
3162 5392 3355 5464 μακρῷ
3406 5393 3485 5463 τῷ
3541 5395 3693 5464 μέσῳ
3723 5407 3998 5461 παρατρε-

2046 5630 2278 5687 vanm:
2320 5612 2726 5687 LECTIONES.

824 5744 1116 5833 *Ιξεύχροια
1146 5748 1387 5833 Panm’:
1408 5748 1480 5803 ἴδε
1504 5747 1625 5833 [ὐπ’.
1904 5748 2025 5803 Par.
2062 5749 2145 5833 ﬂ“
2171 5748 2298 5804 fort.
2321 5748 2622 5833 ).ργίααιο.“
2666 5750 2707 5781 ’⁸
2729 5748 3310 5833 κατερρυπῶσαιῇΡειν.
3379 5747 3432 5833 .¹·⁶
3454 5747 3624 5833 ταύτῃ
3653 5760 3836 5833 marg?
3866 5744 3994 5833 Par.

754 5814 930 5871 Malim
958 5814 1162 5883 ταύτας

1268 5819 1339 5852 ’⁵⁸
1366 5820 1670 5892 Legebatttr
1724 5819 1985 5893 λαϐόντας

753 5889 1062 5958 γενομένου.

2062 5821 2099 5851 ¹⁷
2135 5818 2520 5891 προσκαλιθεὶς
2584 5818 2705 5875 Par.

2801 5819 2843 5851 ³⁸
2869 5817 3136 5887 κτήσαντι
3162 5818 3283 5873 Par.
3379 5818 3418 5849 ’³
3454 5818 3545 5886 ἓξτ,
3585 5817 3703 5870 l’ar.
3783 5817 3825 5849 ²⁰
3865 5817 3970 5871 [οη
