4408 6440
711 398 778 463 9'1
1994 384 2405 447 TllEUl'llAN
2418 387 2487 447 IS
2525 388 2719 449 Vl'l‘A.
3914 384 3985 450 ⁸28

711 514 857 572 illum
887 503 1154 562 miraculo
1176 495 1473 556 decoravit.
1515 491 1615 563 Qui
1648 491 1793 547 enim
1836 492 2050 565 ingrato
2080 493 2277 565 populo
2311 493 2354 552 A
2383 509 2452 546 νει

2248 508 2277 546 o
2311 493 2354 552 A
2383 493 2602 547 νεανίαν
2648 492 2809 563 ὀρῶν,
2857 488 3210 562 μεγαλοτίμῳ
3252 493 3732 564 τιρατουργήματι
3777 495 3830 566 (ό
3876 498 3982 568 γὰρ

704 616 771 654 ex
807 596 1105 653 durissima
1137 604 1288 663 petra
1320 588 1509 645 latices
1532 582 1744 649 effudit,
1777 599 1877 641 cur
1911 583 2291 655 probojuveui

709 688 1024 747 necessaria
1065 701 1174 742 non
1200 679 1695 741 subministraret?
1722 676 1899 733 Probe
1931 677 2094 750 igitur
2125 678 2213 732 ubi
2247 676 2292 733 is

712 793 885 839 strato
915 788 1093 849 tapete
1122 775 1361 846 jacebat,
1405 773 1589 829 divino
1615 772 1776 841 jussu
1804 768 1927 826 fons
1947 769 2167 840 quidam
2201 770 2296 824 ad-

713 874 962 930 miranda
994 868 1327 937 scaturigine
1352 864 1611 937 proﬂuxit
1635 882 1647 918 :
1675 874 1931 933 tactuque
1956 876 2056 917 suo
2074 877 2294 917 servum

718 967 810 1021 Dei
837 964 1101 1028 excitans,
1130 976 1250 1017 sese
1278 959 1352 1014 illi
1384 956 1639 1025 patefecit
1668 972 1684 1012 :
1712 957 1802 1028 qui
1835 957 1998 1012 sociis
2020 971 2291 1011 convoca-

714 1068 810 1123 tts,
839 1055 959 1111 sitis
990 1052 1285 1107 remedium
1314 1066 1343 1105 a
1378 1050 1486 1103 Deo
1509 1049 1691 1104 datum
1717 1048 1975 1102 ostendit.
2002 1047 2167 1104 Caris
2202 1049 2302 1118 igi-

718 1150 806 1202 t'ur
839 1145 1089 1199 manibus
1117 1157 1311 1212 aquam
1342 1140 1676 1203 haurientes,
1712 1154 1906 1193 suaves
1930 1140 2051 1194 illos
2085 1140 2300 1193 divino-

718 1256 825 1305 qne
876 1253 1096 1292 munere
1145 1251 1437 1291 concessus
1494 1235 1702 1299 latices,
1748 1235 1959 1289 debitas
2024 1236 2301 1290 honorum

721 1332 966 1385 omnium
1001 1327 1244 1397 largitori
1279 1325 1387 1381 Deo
1417 1336 1712 1395 gratiarum
1767 1327 2013 1381 actiones
2071 1328 2303 1381 redden-

725 1432 829 1485 tes,
856 1434 953 1489 pio
985 1436 1049 1473 eo
1077 1434 1142 1473 ac
1170 1416 1329 1472 ollicii
1358 1418 1499 1471 ratio
1546 1419 1785 1485 petebat,
1818 1428 2199 1486 perceperunt.
2237 1420 2303 1473 At

726 1526 794 1567 ne
820 1512 947 1581 quis
974 1520 1161 1581 posset
1186 1510 1481 1580 suspicari,
1513 1508 1718 1564 fontem
1753 1510 1905 1563 illum
1939 1526 2059 1565 cum
2093 1512 2307 1566 occulte

728 1603 939 1667 lateret,
981 1612 1200 1671 repente
1245 1603 1297 1655 in
1351 1613 1600 1669 apertum
1659 1602 1983 1671 productum
2034 1604 2306 1669 erupisse,

730 1703 888 1747 nocte
916 1694 995 1746 sic
1023 1691 1266 1751 evanuit,
1301 1701 1361 1745 ttt
1393 1708 1459 1744 ne
1483 1691 1774 1760 vestigium
1824 1693 2043 1760 quidem
2079 1692 2199 1761 ejus
2227 1694 2308 1745 nl-

732 1785 842 1837 lum
877 1799 1035 1838 mane
1072 1784 1493 1853 relinqueretur.
1530 1784 1644 1839 lloc
1670 1785 1899 1846 amoris,
1930 1801 2042 1853 quo
2085 1796 2307 1841 sanctus

2398 588 2674 657 ἀγνώμονι
2702 586 2816 658 λαῷ
2844 589 2901 655 ἑξ
2941 585 3251 659 ἁκροτόμου
3301 587 3503 660 βλύσας
3528 589 3595 645 τὰ
3628 589 3844 663 νάματα
3868 592 3984 655 πῶς

2396 681 2497 735 οὐκ
2527 679 2754 752 ἔμελλεν
2782 680 2827 712 ’⁷
2856 680 3163 752 εὐγνώμονι
3192 681 3381 754 νεανίᾳ
3412 682 3481 736 τὰ
3504 682 3601 754 τῆς
3627 684 3817 756 χρείας
3845 702 3985 756 παρ-

2402 772 2619 838 έξεσθαι
2650 775 2689 837 ;)
2714 788 2726 802 '
2766 772 2991 843 πλησίον
3044 771 3171 842 γοῦν
3201 766 3373 845 οὗπερ
3419 774 3669 829 ἐπέκειτο
3712 777 3984 847 τάπητος,

2400 866 2553 933 πηγή
2591 880 2675 926 τις
2712 863 2841 933 θείῳ
2881 864 3268 934 προστάγματι
3312 865 3632 935 παραδόξως
3699 867 3984 931 ἀνέΰλυσε.

2402 958 2499 1012 καὶ
2546 956 2682 1023 θίξει
2736 956 2813 1026 τῷ
2853 958 3145 1027 θεράποντι
3194 956 3293 1029 τὴν
3324 958 3576 1027 αἴσθησιν
3616 960 3989 1030 ἐμποιήσασα,

2405 1050 2542 1119 πρὸς
2578 1050 2875 1115 ἐπίγνωσιν
2922 1049 3091 1119 αὐτῆς
3132 1049 3427 1120 διήγειρεν·
3458 1049 3550 1103 καὶ
3579 1051 3706 1113 τοὺς
3734 1050 3990 1114 συνόντας

2407 1143 2923 1213 προσκαλεσάμενος
2956 1142 3017 1195 τδ
3049 1142 3380 1213 θεοδὼρητον
3427 1143 3737 1197 ἐπεδείκνυε
3778 1146 3871 1198 τοῦ
3910 1143 3990 1196 δί-

2404 1235 2539 1305 ψους
2574 1236 2728 1306 ἴαμα·
2765 1238 2858 1289 καὶ
2886 1236 3089 1301 κοίλαις
3117 1236 3303 1307 χερσὶν
3335 1236 3668 1308 ἀρυσάμενοι
3702 1236 3795 1291 τοῦ
3823 1254 3985 1307 προσ-

2408 1329 2570 1398 ηνοῦς
2599 1329 2808 1382 ἐκείνου
2852 1329 2949 1382 καὶ
3001 1328 3283 1382 θεοσδότου
3320 1330 3710 1398 καταπήλαυον
3733 1332 3777 1362 ’⁸
3817 1330 3992 1399 νάμα·

2409 1438 2521 1484 τος,
2558 1420 2657 1490 τὴν
2694 1421 3084 1490 προσήκουσαν
3118 1421 3472 1491 εὐχαριστίαν
3517 1420 3595 1493 τῷ
3630 1422 3817 1492 δοτῆρι
3864 1423 3994 1476 πάνυ

2410 1532 2518 1566 των
2549 1513 2749 1580 καλῶν,
2776 1513 2849 1576 ὼς
2880 1512 2940 1566 τὸ
2976 1513 3143 1581 εἰκός,
3168 1515 3607 1585 ἀναπέμποντες.
3631 1514 3739 1568 Τοῦ
3776 1516 3849 1586 μή
3891 1534 3992 1569 τινι

2412 1606 2467 1658 δὲ
2498 1605 2719 1674 δόκησιν
2775 1605 3105 1675 ἐμποιῆσαι,
3148 1606 3223 1670 ὡς
3267 1607 3465 1675 ἀφανεῖ
3515 1608 3562 1640 ¹⁹
3607 1607 3994 1677 καλυπτομένη

2413 1695 2549 1765 τύχῃ
2578 1697 2713 1764 πρὸς
2743 1697 3053 1766 τούμφανὲς
3097 1698 3225 1766 ἥκει
3275 1696 3472 1768 ἀθρόον
3507 1698 3862 1766 ἀναφανεῖσα,
3910 1697 3998 1750 διὰ

2417 1788 2607 1850 νυκτὸς
2643 1788 2915 1858 ἁπῲχετο,
2968 1788 3043 1850 ὡς
3076 1789 3208 1858 μηδὲ
3260 1791 3405 1859 ίχνος
3440 1790 3496 1852 ἐς
3531 1790 3590 1841 τὸ
3622 1788 3765 1859 πρωῒ
3794 1788 3996 1856 ταύτης

732 1877 821 1930 hic
847 1878 959 1945 jam
1011 1876 1136 1930 inde
1162 1892 1191 1930 a
1222 1892 1358 1946 puro
1390 1879 1554 1931 Deum
1592 1878 2046 1946 prosequebatur,
2095 1878 2309 1947 signum
2344 1857 2387 1914 Β
2421 1882 2473 1950 ἐι.

2247 1896 2309 1933 Ltn
2344 1857 2387 1914 Β
2421 1880 2844 1950 ἐμφανισθῆναι.
2879 1879 3050 1933 Τοῦτο
3086 1880 3183 1951 τῆς
3206 1882 3299 1934 τοῦ
3326 1880 3471 1934 θείου
3509 1881 3839 1950 θεράποντος
3873 1898 3988 1933 παι-

735 1969 834 2023 fuit
864 1986 876 2023 :
919 1980 1066 2023 tanto
1101 1969 1281 2038 majus
1315 1969 1429 2030 illo,
1455 1969 1607 2038 quod
1639 1968 1853 2040 Moyses
1904 1970 1999 2024 Dei
2035 1971 2313 2040 inSpeetor

734 2063 922 2123 edidit,
957 2063 1102 2132 quod
1140 2062 1254 2132 ipse
1284 2064 1540 2131 precibus
1567 2078 1679 2116 rem
1707 2063 2049 2132 illlpCll'ilVll;
2086 2066 2174 2121 hic
2214 2082 2314 2119 au—

738 2166 846 2210 tem
882 2172 947 2211 ne
972 2157 1022 2210 id
1065 2156 1347 2224 postulans
1378 2156 1621 2223 quidem.
1653 2155 1923 2211 Praeterea
1957 2159 2045 2211 ille
2071 2174 2314 2213 murmu-

740 2248 980 2300 rantium
1028 2264 1252 2301 sum-um
1304 2248 1629 2301 necessitate
1692 2248 1980 2306 :tdduttus.
2026 2249 2313 2305 Dominum

738 2340 806 2392 :td
868 2340 1209 2411 largiendum
1270 2340 1525 2408 impulit:
1566 2341 1655 2395 hic
1718 2352 1895 2395 autem
1951 2343 2226 2410 patientia,
2265 2356 2318 2398 et

737 2434 1031 2497 gratiarum
1069 2432 1281 2485 actione
1306 2439 1467 2485 utens
1499 2448 1622 2485 cum
1665 2433 1829 2487 soriis
1860 2435 1995 2497 suis,
2036 2437 2314 2504 proprium

743 2526 1031 2579 Dominum
1065 2526 1270 2592 movit;
1311 2526 1377 2579 ad
1409 2526 1525 2580 haac
1551 2524 1725 2579 Judaei
1755 2528 1854 2595 (ne
1877 2530 2054 2583 dicam
2088 2530 2317 2603 Mosem)

742 2617 1117 2673 incredulitate
1149 2632 1349 2671 munus
1399 2616 1789 2687 inquinarunt;
1853 2622 1905 2675 hi
1968 2634 2149 2677 autem
2185 2641 2319 2678 con-

739 2726 957 2765 cessum
1018 2712 1222 2764 donum
1296 2710 1604 2767 honestatis
1671 2716 1995 2769 accessione
2059 2719 2320 2773 honesm-

742 2813 890 2857 runt.

810 2894 1061 2952 Nondum
1098 2901 1224 2953 anni
1259 2910 1369 2957 tres
1395 2903 1790 2973 praeterieram,
1828 2920 1951 2958 cum
1990 2920 2149 2959 socer
2180 2906 2323 2975 ejus,

743 3000 797 3042 et
836 2990 1131 3060 imperator
1165 3011 1193 3048 a
1228 2999 1419 3053 mundi
1452 3000 1624 3070 gloria
1660 2998 1852 3065 excisi,
1888 2999 1952 3053 ad
1985 3000 2324 3055 domicilium

745 3084 895 3149 quod
922 3099 1018 3141 eos
1058 3086 1295 3153 deceret,
1329 3092 1577 3145 translati
1611 3103 1761 3146 sunt.
1794 3090 1946 3146 lrene
1981 3101 2164 3145 autem
2204 3108 2326 3146 tnu-

2413 1970 2565 2023 δόθεν
2587 1970 2724 2043 πρὸς
2759 1969 2892 2023 Θεὸν
2933 1971 3157 2042 ἀγάπης
3190 1972 3328 2041 πρὸς
3357 1972 3667 2043 ὑπόδειγμα
3705 1972 3773 2035 ³⁸,
3804 1971 3997 2025 τοσοῦ-

2414 2080 2505 2115 τον
2535 2062 2635 2131 τὴν
2677 2061 2769 2113 τοῦ
2816 2062 3045 2114 Θεόπτου
3102 2063 3383 2125 Μωῡσέως
3422 2062 3769 2134 παρατρέχον
3798 2062 3837 2093 ³⁸
3871 2064 3999 2115 θαυ-

2422 2153 2777 2222 ματουργίαν,
2808 2152 2929 2205 ὅσον
2952 2155 2979 2205 ὁ
3008 2153 3106 2221 μὲν
3136 2154 3387 2223 αἰτήσας,
3421 2154 3448 2205 ὁ
3472 2153 3527 2206 δὲ.
3560 2154 3634 2223 μὴ
3667 2152 3825 2205 τοῦτο
3853 2153 3998 2221 πρά-

2420 2246 2515 2312 ξας
2550 2246 2729 2298 ἕλα6ε”
2763 2248 2855 2299 καὶ
2882 2247 2908 2297 ὁ
2942 2247 3040 2315 μὲν
3065 2247 3279 2318 ἀνάγκῃ
3308 2246 3416 2299 τῶν
3462 2248 3788 2315 γογγυσμῶν
3813 2248 3854 2278 ³¹
3894 2247 4000 2298 τῶν

2419 2342 2637 2393 οἰκείων
2665 2341 2976 2405 ἐξιδιαζετο
3006 2340 3191 2395 δοῦναι
3240 2342 3545 2410 Δεσπότην’
3591 2342 3619 2394 ὁ
3642 2342 3697 2394 δὲ
3734 2342 3999 2413 καρτερίκ

2419 2433 2515 2488 καὶ
2541 2438 2607 2505 τῇ
2628 2435 2732 2487 τῶν
2760 2434 3025 2487 συνόντων
3050 2434 3371 2504 εὐχαριστίᾳ
3403 2434 3495 2487 τὸν
3516 2435 3646 2487 ἴδιον
3669 2431 4002 2501 ὲφείλκετο³³

2422 2525 2602 2579 δοῦναι
2629 2527 2924 2596 Δεσπότην·
2953 2528 3045 2597 καὶ
3070 2527 3119 2579 οἱ
3152 2526 3250 2596 μὲν
3266 2528 3325 2579 τὸ
3348 2526 3589 2597 δωρηθέν
3622 2526 3733 2595 (ἵνα
3767 2526 3840 2596 μὴ
3860 2526 4002 2593 λέγω

2426 2620 2690 2690 Μωῦσέα)
2726 2592 3165 2692 κατενρῤύτέωσαν
3193 2592 3516 2692 ἀμφιϐολίᾳ)
3549 2622 3599 2674 οἰ
3627 2592 3684 2674 δὲ.
3730 2592 3791 2673 τδ
3827 2592 3889 2651 il"
3918 2592 4001 2673 δυο

2425 2712 2514 2764 θεν
2542 2714 2610 2783 τῇ
2640 2710 2735 2764 τοῦ
2779 2711 2947 2765 κα.λοῦ
2984 2714 3239 2783 προκοπῇ
3277 2711 3724 2782 κατεκόσμησαν.

2498 2916 2664 2969 Οὔπω
2694 2916 2802 2988 γὰρ
2828 2916 2994 2987 τριῶν
3018 2915 3521 2986 παριππευσάντων
3548 2915 3706 2979 ἐτῶν,
3730 2914 3999 2983 κηδευτὴς

2427 3013 2456 3066 ὁ
2483 3009 2672 3063 τούτου
2713 3010 2829 3080 ἅμα
2858 3008 2937 3080 τῷ
2959 3009 3299 3079 βασιλεύοντι
3318 3009 3419 3078 τῆς
3454 3007 3738 3079 παρούσης
3789 3008 4001 3076 ἐκτμη-

2431 3104 2613 3167 Θέντες
2646 3103 2921 3167 εὐκλείας,
2980 3102 3115 3172 πρὸς
3151 3103 3250 3173 τὴν
3304 3101 3661 3172 ὀφειλομένην
3718 3101 4010 3171 παρεπέμ-

748 3176 850 3229 lier
888 3178 979 3230 illa
1010 3177 1171 3235 fortis
1204 3182 1396 3249 animi,
1438 3199 1502 3239 ac
1522 3183 1710 3239 divino
1737 3200 1898 3239 sensu
1923 3184 2170 3253 praedita,
2202 3199 2327 3239 cum
2356 3194 2399 3251 α
2434 3191 2489 3261 φ(

2277 3200 2327 3237 ηι
2356 3194 2399 3251 C
2434 3191 2648 3263 φθησαν
2698 3192 2958 3245 ὲνοικίαν.
2986 3193 3196 3262 Εἰρήνη
3240 3192 3296 3245 δὲ
3328 3191 3388 3244 τὸ
3428 3190 3801 3261 κραταιόφρον
3835 3192 4011 3242 ἐκεῖνο

749 3270 862 3323 tilio
901 3271 1115 3342 imperii
1149 3274 1521 3345 gubernacula
1547 3278 1793 3346 suscepit
1816 3277 1884 3347 (si
1915 3288 2097 3331 tamen
2135 3275 2329 3331 mulier

747 3363 981 3418 dicenda
1024 3375 1128 3430 est,
1167 3383 1309 3436 quae
1343 3369 1634 3425 adversum
1684 3369 1872 3425 hostes
1937 3386 2002 3426 ac
2042 3371 2330 3440 perturba-

751 3456 926 3512 tiones
962 3459 1177 3513 virilem
1210 3462 1455 3515 animutn
1487 3463 1700 3532 gessit).
1747 3461 1996 3532 Tumque
2029 3464 2330 3517 humanum

752 3564 945 3618 genus,
978 3551 1124 3621 quod
1152 3552 1418 3608 diuturno
1438 3553 1579 3608 bello
1603 3554 1965 3621 laboraverat,
1987 3570 2111 3610 cum
2144 3569 2329 3609 secum

754 3642 957 3709 ipsum,
990 3653 1102 3697 tum
1131 3660 1254 3699 cum
1287 3644 1396 3700 Deo
1441 3646 1765 3700 conciliatur
1805 3664 1819 3701 :
1866 3661 2204 3716 prorsusque
2235 3647 2333 3701 de-

758 3736 930 3805 pulsis
960 3738 1221 3805 tenebris,
1257 3739 1517 3795 laetiorem
1559 3740 1745 3796 omnia
1784 3739 1977 3797 faciem
2011 3740 2330 3797 induebant.

756 3827 913 3884 Tune
935 3845 1153 3900 quoque
1184 3830 1287 3897 sol,
1320 3831 1412 3900 qui
1448 3840 1642 3887 cuncta
1674 3832 1889 3898 lustrat,
1915 3831 2057 3886 diem
2089 3846 2155 3885 ex
2184 3831 2333 3885 onmi

756 3929 911 3989 parte
936 3921 1131 3975 librum
1165 3922 1383 3986 extulit,
1415 3931 1470 3978 et
1502 3937 1796 3978 maerorem
1844 3932 2007 3993 atque
2031 3922 2333 3987 tristitiam,

757 4026 880 4079 quae
930 4012 1022 4066 diu
1078 4011 1258 4082 ipsum
1311 4022 1715 4084 occupaverat,
1783 4030 2033 4080 exuens,
2109 4014 2337 4070 nitidius

758 4104 946 4158 eluxit.
991 4104 1149 4159 Tunc
1185 4104 1350 4176 igitur
1400 4120 1430 4159 a
1474 4105 1580 4161 Deo
1619 4118 1914 4171 ornatum,
1953 4121 2019 4161 ac
2065 4106 2337 4163 castitatis

761 4211 951 4249 amans
978 4212 1077 4265 par
1099 4197 1252 4258 illud,
1277 4198 1397 4266 ejus
1431 4198 1576 4267 quod
1604 4198 1787 4252 animo
1811 4198 2173 4252 constitutmn
2198 4209 2335 4264 erat,

763 4294 982 4341 nactum
1024 4296 1371 4357 potestatem,
1421 4289 1615 4344 uberes
1663 4288 1827 4342 domo
1858 4276 2101 4344 "divitias
2153 4288 2339 4357 profe-

762 4387 972 4443 rentes,
997 4378 1050 4432 in
1081 4395 1275 4436 omnes
1306 4382 1453 4451 large
1483 4396 1685 4450 egenos
1711 4382 2034 4451 erogabant.
2071 4381 2337 4451 Adeoque

764 4486 872 4524 una
897 4470 986 4525 Dei
1010 4473 1309 4527 amantium
1337 4473 1557 4540 domus,
1587 4473 1794 4538 multis,
1847 4489 1970 4544 qua:
1995 4473 2161 4528 victui
2186 4483 2342 4527 erant

2433 3282 2528 3337 καὶ
2567 3280 2897 3351 θεοφόρητον
2922 3280 3143 3349 γύναιον
3164 3283 3263 3351 τῆς
3299 3279 3579 3349 βασιλείας
3612 3282 3709 3334 σὺν
3738 3280 3838 3349 υἱῷ
3880 3282 4009 3343 τοὺς

2433 3374 2627 3437 οἴακας
2652 3374 3051 3445 ἐγχειρίζεταιο
3083 3372 3243 3445 εἴπερ
3272 3372 3379 3443 χρὴ
3435 3373 3661 3443 γύναιον
3692 3372 3879 3426 καλεῖν
3912 3373 4011 3444 τὴν

2434 3467 2555 3521 κατ’
2606 3466 2819 3538 ἐχθρῶν
2869 3467 2964 3519 καί
2996 3465 3186 3519 παθῶν
3215 3466 3523 3537 ἀρρενωπῷ
3551 3464 4006 3536 καθωπλισμένην

2435 3559 2777 3629 φρονήματι·
2810 3557 2906 3610 καὶ
2933 3558 3221 3611 σπένδεται
3254 3555 3413 3627 φύσις
3439 3555 3647 3627 βροτῶν
3672 3555 3922 3625 ἀλλήλοις
3949 3573 4007 3609 τε

2435 3652 2529 3704 καὶ
2578 3650 2716 3720 Θεῷ,
2751 3650 3103 3719 πολυχρόνιον
3141 3649 3458 3718 κεκτημένη
3496 3648 3586 3700 τὸν
3619 3646 3855 3717 πόλεμον
3877 3663 3889 3675 ·
3921 3646 4009 3699 κει.ἴ

2436 3746 2514 3807 εἰς
2548 3741 2695 3797 ἅπαν
2748 3742 3239 3812 ὲκκαθαρισθείσης
3267 3740 3334 3804 ³³,
3376 3741 3552 3794 πάντα
3613 3739 3750 3809 πρὸς
3786 3738 3845 3792 τὸ
3884 3756 4014 3808 φαι-

2435 3832 2562 3903 δρδν
2606 3832 2992 3902 μετεϐάλλετο.
3048 3831 3183 3885 Τότε
3212 3830 3306 3884 καὶ
3348 3830 3498 3900 ἣλιος
3523 3832 3551 3883 ό
3603 3829 3764 3884 πάντ’
3803 3829 4017 3901 ἐφορῶν

2438 3924 2653 3996 ἡμέραν
2683 3923 2866 3978 ἐπίδεν
2894 3924 2956 3955 ³⁸⁸
2977 3923 3286 3995 ὁλοσχερῶς
3317 3922 3647 3992 ἐλευθέριον,
3681 3920 3774 3975 καί
3804 3920 3864 3974 τὸ
3894 3936 4017 3973 στυη

2439 4018 2567 4088 γνδν
2603 4015 2703 4087 τῆς
2733 4015 3041 4087 κατηφείας
3064 4016 3092 4069 ὃ
3130 4015 3345 4077 πολλοῖς
3382 4012 3773 4083 περιεὸέὸλητο
3804 4012 4018 4083 χρόνοις

2440 4110 2851 4180 ἀποδυσάμενος
2904 4108 3307 4178 σταθεριίηερον
3343 4106 3638 4176 ὶξέλαμπε.
3663 4106 3797 4159 Τότε
3838 4105 4018 4159 τοίνυν

2441 4203 2552 4255 τῶν
2583 4202 2799 4255 οίκείων
2838 4197 3221 4269 βουλευμάτων
3244 4198 3278 4265 ἡ
3303 4194 3670 4265 θεοκόσμητος
3700 4193 3793 4246 καί
3827 4192 4019 4261 φίλαγ-

2440 4310 2531 4357 νος
2562 4291 2790 4363 ξυνωρὶς
2817 4291 2874 4343 ὲν
2902 4288 3118 4357 ἐξουσία
3141 4285 3431 4356 γενομένη,
3468 4286 3559 4339 τὸν
3584 4284 3857 4355 προσόντα
3898 4298 4016 4334 ποι-

2442 4384 2592 4437 κίλον
2624 4381 2854 4435 πλοῦτον
2881 4380 2982 4449 τῆς
3009 4379 3187 4441 οἰκίας
3212 4377 3256 4407 ⁸⁸
3293 4374 3678 4446 ἐκφοροῦντες,
3715 4374 3849 4425 πᾶσι
3908 4374 4020 4433 τοῖς

2445 4476 2503 4526 ἐν
2542 4472 2701 4544 χρείᾳ
2752 4471 3114 4541 καθεστηκόσι
3158 4469 3443 4537 διένεμονο
3491 4465 3586 4519 καὶ
3624 4466 3721 4535 μία
3761 4462 4021 4533 φιλοθέων

765 4562 1075 4617 necessaria
1105 4564 1556 4630 subministrans,
1590 4574 1647 4620 et
1687 4580 1873 4620 eorum
1897 4566 1989 4636 qui
2016 4581 2077 4622 se
2108 4564 2216 4621 Deo
2246 4565 2341 4620 de-
2376 4544 2417 4598 θ
2444 4567 2506 4619 oi:

2284 4581 2341 4620 e-
2376 4544 2417 4598 θ
2444 4565 2591 4619 οἰκία
2622 4564 2835 4626 πολλοῖς
2867 4561 3334 4633 ὑπηρετησαμένη
3361 4559 3431 4613 τὰ
3461 4561 3767 4630 πρόσφορα,
3803 4559 3895 4610 καὶ
3915 4556 4021 4607 τῶν

764 4652 1045 4719 diderant,
1094 4657 1412 4725 pauperiem
1472 4658 1706 4728 vitaeque
1759 4657 2104 4713 incommoda
2143 4658 2345 4715 eximie

766 4742 1095 4807 sublevans,
1145 4742 1312 4799 Deum
1374 4748 1589 4816 ipsum,
1646 4749 1759 4819 qui
1795 4749 1909 4804 haec
1962 4763 2062 4804 sua
2118 4747 2339 4816 fecerat,

768 4833 1123 4889 vehementer
1150 4837 1481 4893 oblectabat.

843 4933 980 4987 Cum
1029 4932 1194 5001 igitur
1244 4930 1360 4984 haec
1399 4940 1454 4984 et
1488 4930 1594 4986 alia
1624 4933 1793 4987 multa
1834 4933 2216 5003 perfecissent,
2254 4936 2345 4990 illa

770 5022 991 5090 quidem
1053 5022 1107 5076 in
1150 5022 1482 5078 monasterio
1545 5025 1691 5093 quod
1760 5026 1812 5079 in
1868 5027 2045 5083 insula
2092 5027 2346 5099 Principe

773 5113 940 5167 situm
970 5122 1072 5179 eat,
1107 5114 1323 5170 collatis
1371 5129 1438 5169 eo
1489 5114 1845 5173 facultatibus
1892 5120 2009 5174 suis
2045 5121 2297 5175 consedit
2330 5138 2343 5173 :

776 5204 867 5259 hic
898 5213 1078 5260 autem
1118 5207 1183 5262 ad
1220 5222 1474 5276 magnum
1515 5208 1845 5281 Strategium
1876 5214 2172 5269 revertitur
2205 5215 2347 5284 apud

777 5293 1090 5362 Sigrianam
1135 5296 1419 5367 degentem
1475 5298 1531 5351 in
1587 5302 1958 5364 monasterio,
2010 5303 2098 5356 cui
2151 5319 2349 5359 nomen

779 5384 1210 5458 l'ulychronius;
1232 5390 1376 5461 quod
1409 5390 1456 5445 is
1484 5392 1553 5445 ab
1577 5394 1695 5461 ipso
1722 5394 1818 5448 otii
1850 5395 2160 5465 quietisque
2181 5397 2351 5461 gratia

780 5478 1041 5535 donatum
1078 5491 1363 5554 acceperat
1397 5501 1410 5538 :
1456 5484 1674 5555 illicque
1700 5488 1953 5543 manibus
1981 5489 2127 5543 illius
2159 5490 2353 5544 deton-

2440 4658 2519 4727 τῷ
2541 4657 2661 4727 Θεῷ
2692 4655 3133 4727 προσανεχόντων
3167 4653 3236 4707 τὰ
3264 4652 3445 4721 φαῦλα
3470 4651 3837 4721 διαφερόντως
3862 4649 4022 4719 θερα-

2444 4752 2714 4810 πεύσασα,
2763 4748 2855 4800 τὸν
2891 4747 2959 4799 τὰ
3008 4747 3234 4800 ἐκείνων
3288 4743 3718 4813 ἰδιοποιούμενοι)
3774 4740 4023 4811 μεγάλως

2443 4840 2771 4911 κατέτερπε.

2514 4932 2702 4989 Ταῦτα
2729 4930 2820 4985 οὖν
2849 4931 2944 4984 καὶ
2967 4930 3035 4983 τὰ
3058 4929 3192 4984 ἄλλα
3236 4930 3338 4983 ὅσα
3364 4929 3614 4999 προσῆκε
3643 4926 4025 4996 διαπραξάμε-

2441 5046 2543 5094 νοι,
2572 5029 2607 5098 ἢ
2643 5026 2742 5097 μὲν
2773 5024 2851 5095 τῷ
2888 5023 3031 5077 κατὰ
3066 5022 3372 5093 Πρίγκιπον
3398 5020 3634 5091 σεμνείῳ
3667 5020 3850 5081 αὐτοῖς
3892 5019 3998 5088 κτή

2446 5135 2580 5189 μασι
2635 5114 3098 5185 ὲγκατοικίζεται,
3126 5112 3154 5163 ό
3208 5112 3265 5164 δὲ
3316 5110 3453 5180 πρὸς
3484 5110 3573 5161 τὸν
3608 5109 3783 5178 μέγαν
3819 5109 4023 5159 ἐπανα-

2445 5210 2629 5282 τρέχει
2658 5209 3016 5280 Στρατήγιον,
3049 5207 3106 5259 ὲν
3136 5205 3213 5275 τῷ
3236 5203 3379 5258 κατὰ
3399 5204 3500 5275 τὴν
3532 5203 3828 5273 Σιγριανὴν
3862 5199 4025 5254 Πολυ-

2447 5304 2646 5375 χρονίῳ
2673 5299 3077 5372 τυγχάνοντα,ὃ
3100 5299 3267 5352 πάλαι
3302 5299 3479 5368 τούτῳ
3501 5297 3631 5367 παρ’
3664 5294 3829 5349 αὑτοῦ
3863 5292 4020 5346 δεδώ-

2453 5414 2585 5468 ρητο
2615 5398 2898 5467 ῥᾳστώνης
2926 5394 3087 5464 χάριν
3116 5393 3211 5447 καὶ
3242 5390 3626 5454 ἀναπαύσεως,
3665 5389 3887 5442 κάκεῖσε
3910 5387 4027 5448 ταῖς

2460 5489 2669 5541 ἐκείνου
2695 5487 2879 5557 χερσὶν
2913 5485 3266 5557 ἀποκείρεται
3286 5500 3300 5514 ⁸
3335 5482 3535 5554 μᾶλλον
3561 5480 3660 5552 μὲν
3688 5476 3783 5534 οὖν
3819 5481 4021 5549 ἱερουρ-

2037 5628 2268 5684 VARI/El
2317 5626 2718 5683 LECTIONES.

876 5740 919 5769 "
952 5740 1142 5806 ἔμελεν
1176 5738 1297 5793 Par.

1385 5740 1431 5771 ’⁸
1457 5743 1834 5811 κατεπήλαυον
1862 5743 1984 5798 l’ar.

788 5808 832 5839 “
867 5810 1184 5877 γογγυστῶν
1217 5810 1338 5865 Par.

1420 5812 1463 5844 ³³
1486 5813 1776 5878 ἀφείλκετο
1801 5815 1921 5868 l‘ar.

2077 5746 2121 5775 ”
2149 5743 2383 5807 ἀφανείᾳ
2404 5740 2529 5795 Par.

2644 5742 2688 5773 '°
2718 5741 2843 5795 fort.
2872 5739 3389 5809 προσυπόδειγμαη
3421 5737 3461 5768 ⁸⁸
3496 5733 3864 5809 παρατρέχων.
3905 5728 4022 5809 I_‘;tr.

2013 5816 2075 5846 ³³’
2111 5794 2301 5885 τδίιέῴ
2334 5794 2495 5885 Ιῖέιτιί
2534 5813 2579 5843 ³³
2616 5794 2811 5885 ἀκλίῦος
2842 5794 2925 5885 Vt‘l
2954 5810 3183 5885 ὁμίχλης
3216 5794 3489 5865 ξ’λυὶόὶδερ
3521 5794 3778 5861 videtur."
3831 5803 3891 5834 "‘
3923 5799 4023 5854 Li.-

786 5884 1026 5949 gebatur
1052 5883 1273 5951 ἑπῇθεν.
1312 5884 1433 5937 l’ar.
1466 5884 1674 5948 ἐπίθεν,
1710 5886 1837 5941 etin
1866 5886 2109 5956 margine
2136 5904 2148 5939 :
2184 5883 2323 5940 forte
2348 5883 2625 5953 ἐποίησεν.

2705 5882 2746 5915 ⁸⁸
2773 5882 2972 5945 οἰκείας
3006 5878 3128 5934 l'ar.
