4408 6440
402 432 472 493 3-;
1708 409 2119 476 THEOPHAN
2132 410 2199 469 lS
2237 410 2433 470 VlTA.
3251 482 3295 493 ν
3579 410 3647 476 34

3251 482 3295 495 ’ν

405 540 506 608 τὴν
530 534 815 603 ὠφέλειαν,
842 529 1107 599 εὐθυμίας
1138 528 1353 595 ἀπάσης
1379 525 1806 597 ἀνεπίμπλαντο.
1849 523 1906 575 '0
1936 522 1980 575 δ’
2011 533 2056 588 Α
2087 520 2146 574 all

1936 522 1980 575 δ’
2011 533 2056 588 Α
2087 520 2480 581 abundaverat,
2515 515 2608 571 vili
2648 530 2795 571 nunc
2840 514 3024 571 habitu
3064 499 3405 588 gloriantem,
3446 523 3655 593 majore

410 626 663 694 ῖκθύμως
732 619 1069 681 συνασπίσας
1101 620 1167 687 τῇ
1223 616 1451 688 ἀληθείᾳ
1493 616 1587 668 καὶ
1623 614 1723 685 τὴν
1770 611 1981 680 πλάνην

409 714 948 784 καταστρεψάμενος,
972 714 1039 781 τῇ
1063 709 1406 780 γενικωτάτῃ
1428 708 1473 739 ⁸⁸
1495 707 1603 760 τῶν
1619 703 1829 775 ἀρετῶν
1852 702 1982 755 καλ-

409 810 719 877 λυνόμενος,
745 802 970 874 ἐπανῄει
999 802 1046 834 ⁸⁸

483 984 683 1036 Τούτου
727 983 840 1042 τοῖς
872 980 1057 1040 καλοῖς
1113 978 1162 1030 οἱ
1194 977 1293 1043 τῆς
1324 977 1368 1008 ⁸⁵
1399 976 1600 1039 κακίας
1656 975 1985 1045 γεννήτορες

419 1077 786 1145 βασκήναντες
801 1073 1075 1141 δαίμονες,
1097 1071 1289 1141 μικρὸν
1320 1070 1417 1139 τῆς
1448 1069 1642 1132 νυκτὸς
1670 1065 1982 1136 ἀφυπνοῦν-

413 1186 466 1220 τι
500 1168 696 1235 ἀνέδην
736 1164 1172 1232 ἐπικωμάζουσι,
1225 1164 1318 1215 καὶ
1354 1162 1452 1231 τῆς
1508 1162 1635 1229 ὅλης
1683 1160 1867 1230 χειρὸς
1896 1158 1986 1211 τὸν

413 1259 695 1329 ἀντίχειρα
732 1258 859 1318 συὸς
890 1257 1046 1326 δίκην
1076 1255 1270 1325 ἀγρίου
1301 1257 1415 1316 τοῖς
1453 1252 1634 1306 ὀδοῦσι
1669 1251 1981 1320 λαϐόμενοι,

412 1350 664 1419 δριμεῖαν
709 1350 807 1416 τὴν
837 1347 1105 1417 ἀλγηδόνα
1151 1347 1245 1400 καὶ
1293 1335 1877 1413 ἐκτοπονένεποίησαν
1916 1343 1983 1405 ⁵⁸,

412 1444 538 1505 τοὺς
574 1443 682 1495 τῶν
710 1441 936 1493 ὀδόντων
967 1438 1171 1502 τύπους
1218 1438 1521 1513 ἐπαφέντες
1552 1436 1631 1507 τῷ
1684 1435 1838 1506 μέρει
1891 1432 1986 1487 τοῦ

416 1532 689 1603 σώματος.
739 1532 795 1586 '0
831 1533 887 1584 δὲ
923 1531 1001 1601 τῷ
1025 1532 1160 1602 πρὸς
1197 1530 1330 1584 Θεὸν
1356 1530 1520 1601 ἔρωτι
1558 1527 1983 1598 καθηλούμενος,

414 1625 509 1676 καὶ
546 1624 645 1692 τῆς
670 1624 891 1677 ἐκείνων
924 1624 1203 1695 μοχθηρᾶς
1243 1623 1486 1685 ἐπινοίας
1522 1622 1780 1691 ὑπάρχων
1816 1620 1986 1687 ὺπέρ-

414 1732 592 1785 τερος,
631 1716 740 1767 οὐδ’
796 1714 969 1778 οὕτως
1004 1718 1278 1785 ἐντρυφᾷν
1302 1713 1380 1784 τῷ
1412 1715 1659 1782 γεγονότι
1720 1714 1847 1774 τοὺς
1888 1711 1985 1780 βα-

415 1805 646 1866 σκάνους
681 1803 908 1856 ἐνέδωκε
951 1803 1212 1874 δαίμονας
1233 1821 1245 1833 ·
1281 1803 1698 1874 ἀπομυρίσματι
1728 1803 1784 1853 δὲ
1817 1801 1987 1863 ξύλων

2082 628 2146 667 ex
2174 612 2290 674 illo,
2314 625 2479 681 quam
2510 625 2576 664 ex
2600 609 2848 678 reliquis,
2875 618 3130 679 percepta
3166 610 3417 676 utilitate,
3447 613 3652 685 ingenti

2085 703 2267 758 laetitia
2309 699 2496 770 repleti
2546 708 2693 755 sunt.
2730 701 2848 769 ipse
2894 715 3023 754 vero
3056 710 3280 757 strenue
3313 714 3652 774 propugnata

2084 795 2343 859 veritate,
2378 808 2442 847 ac
2479 807 2665 846 errore
2701 806 2924 857 everso,
2953 791 3078 856 ﬁde,
3113 809 3233 863 qua:
3262 795 3525 850 virtutum
3557 812 3651 868 ge-

2086 886 2427 939 neralissima
2453 893 2555 949 est,
2590 884 2823 955 inclytus
2851 884 3028 939 rediit.

2161 976 2357 1031 Verum
2386 992 2506 1031 cum
2534 977 2754 1030 malitia:
2787 989 3038 1032 auctores
3069 978 3344 1034 daemones
3374 984 3654 1051 praeclaris

2088 1068 2258 1136 ipsius
2277 1066 2435 1122 factis
2463 1067 2791 1132 inviderent,
2808 1067 2857 1121 ei
2876 1079 3035 1123 nocte
3053 1084 3342 1140 parumper
3363 1073 3656 1130 dormienti

2089 1155 2430 1228 impudenter
2456 1154 2694 1212 illudere‘
2718 1160 2897 1214 conati
2931 1170 3077 1213 sunt.
3109 1160 3299 1216 Manus
3319 1164 3463 1217 enim
3484 1166 3657 1234 ipsius

2084 1252 2362 1321 pollicem,
2412 1260 2672 1319 tauquam
2720 1266 2848 1305 sues
2884 1259 3146 1324 agrestes,
3197 1254 3451 1309 dentibus
3482 1256 3657 1309 corri-

2088 1327 2318 1413 pientes,
2369 1342 2627 1396 acerbum
2671 1341 2915 1396 dolorem
2982 1343 3320 1414 inusserunt,
3372 1346 3425 1399 in
3482 1361 3675 1416 eaque,

2088 1434 2332 1502 corporis
2356 1442 2507 1500 parte
2543 1432 2743 1497 luxata,
2773 1433 3015 1487 dentium
3044 1434 3264 1502 vestigia
3298 1435 3654 1504 reliquerunt.

2089 1526 2159 1579 At
2190 1527 2276 1580 ille
2305 1525 2397 1580 Dei
2442 1540 2630 1580 amore
2663 1525 2933 1590 conﬁxus,
2966 1535 3023 1581 et
3061 1529 3300 1595 nequitia
3344 1529 3654 1583 daemonum

2090 1621 2334 1673 animum
2375 1616 2567 1688 ger'éns
2616 1621 2951 1689 superiorem
2976 1659 2991 1684 ,
3024 1637 3093 1676 ne
3133 1623 3212 1677 sic
3250 1624 3469 1691 quidem
3505 1639 3569 1678 ea
3602 1638 3659 1677 re

2091 1713 2311 1781 gloriari
2350 1713 2562 1767 invidos
2593 1715 2870 1767 daemones
2902 1714 3172 1782 permisit,
3215 1717 3306 1769 sed
3333 1731 3496 1784 quam
3528 1730 3661 1784 pro-

2091 1820 2217 1873 pere
2245 1806 2397 1859 licuit
2436 1806 2798 1875 pretiOsorum
2826 1806 3094 1876 lignorum
3125 1819 3401 1874 unguento
3438 1802 3657 1861 manum

415 1896 635 1964 τιμίων,
666 1896 741 1957 ὼς
768 1892 884 1964 εἶχε
918 1897 1176 1965 σπουδῆς,
1214 1897 1505 1966 ἐπιχρίσας
1540 1900 1697 1966 χεῖρα
1749 1896 1847 1963 τὴν
1883 1892 1987 1943 πά·
2023 1880 2060 1933 Β
2093 1898 2156 1948 lu‘

1917 1892 1987 1943 τά.
2023 1880 2060 1933 Β
2093 1898 2331 1950 luxatam
2369 1912 2576 1965 ungens
2601 1935 2616 1959 ,
2660 1898 2806 1950 dicto
2850 1899 3010 1969 citius
3044 1898 3190 1950 omni
3244 1899 3399 1966 plaga
3430 1898 3658 1953 liberam

418 2005 673 2057 σχουσαν,
704 1989 999 2060 ἐλευθέραν
1022 1991 1217 2053 παντὸς
1239 1990 1432 2042 θᾶττον
1453 1989 1484 2059 ἦ
1505 1990 1660 2055 λόγος
1680 1985 1986 2049 ἐναπέδειξε

420 2080 707 2150 μώλωπος.
730 2083 793 2133 Ὢ
822 2082 917 2134 τοῦ
949 2082 1224 2151 θαύματος
1247 2083 1259 2134 ί
1284 2084 1439 2152 χάρις
1458 2082 1565 2150 γὰρ
1585 2081 1705 2133 θεία
1730 2078 1989 2149 διηνεκῶς

418 2173 528 2233 τοῖς
552 2172 761 2224 ἐκείνου
791 2174 975 2235 πόνοις
1004 2172 1489 2241 ἐπαναπαυομενη,
1524 2182 1617 2224 και
1649 2172 1865 2241 τρόποις
1897 2184 1993 2219 τα.

420 2263 609 2314 πεινού
642 2262 735 2315 τοῦ
754 2266 1122 2333 φρονήματος,
1141 2262 1516 2317 ἀποστολικῶν
1542 2264 1778 2331 χαρίτων
1801 2264 1863 2329 τῇ
1895 2260 1995 2312 δω-

422 2354 522 2422 ρεᾷ
539 2354 978 2422 κατελάμπρυνε,
998 2358 1089 2407 καὶ
1101 2354 1352 2419 ἐξαισίων
1370 2353 1687 2423 θαυμασίων
1700 2368 1993 2423 τερατουρ-

418 2442 515 2511 γὸν
532 2445 902 2513 ἐνειργάσατο.
920 2446 980 2495 Εἰ
998 2444 1095 2514 μὲν
1122 2444 1214 2496 οὖν
1233 2445 1409 2497 πάντα
1426 2444 1604 2510 λέγειν
1624 2443 1862 2512 ἐθελήσω
1893 2442 1993 2492 ὅσα

420 2534 542 2588 θεία
565 2537 722 2606 χάρις
747 2538 920 2608 τούτῳ
935 2538 1206 2608 δεδώρητο
1226 2536 1323 2607 τὴν
1346 2538 1583 2591 ἐνοικίαν
1605 2536 1990 2605 ἀσπασαμένη,

419 2626 546 2690 τούς
568 2645 627 2680 τε
661 2628 769 2680 τῶν
799 2620 1101 2699 ἐγκωμίων
1123 2629 1566 2700 ἐπιλυμανοῦμαι
1594 2630 1815 2698 νόμους,
1846 2628 1938 2681 καὶ
1967 2627 1994 2678 ὁ

420 2718 580 2786 λόγος
618 2719 891 2782 διαλυθεὶς
919 2720 995 2784 ὼς
1018 2723 1076 2774 ἐν
1117 2722 1339 2792 μεγάλῳ
1365 2722 1589 2799 πελάχει
1628 2720 1807 2774 πλέων
1842 2721 1994 2790 οἰχή⁴

423 2826 598 2863 σεται.
626 2810 687 2863 Εἰ
716 2810 775 2864 δέ
812 2812 882 2864 τὰ
908 2812 1082 2866 πλείω
1128 2814 1325 2884 παρεὶς
1360 2813 1557 2881 ὀλίγων
1587 2811 1995 2882 ἐπιμνησθήσο-

426 2916 547 2966 μαι,
584 2903 679 2953 καὶ
716 2903 744 2953 ὁ
777 2902 933 2969 λόγος
962 2903 1073 2967 ἐξει
1097 2904 1158 2955 τὸ
1190 2904 1427 2972 ἀσφαλὲς
1462 2903 1651 2973 ὥσπερ
1680 2902 1772 2956 ἐπὶ
1799 2884 2009 2973 κρηπῖὲ

422 2989 513 3051 ﬁo;
536 2993 926 3061 ἐρηρεισμένος
941 2994 1010 3057 ⁵⁷,
1032 2996 1142 3047 κὰκ
1171 2994 1279 3046 τῶν
1303 2994 1577 3064 ῥηθέντων
1595 2994 1996 3064 ἀκριϐεστάτην

423 3080 535 3145 ἕξει
562 3083 655 3132 καὶ
685 3082 751 3133 τὰ
778 3081 1173 3150 ὑπολειφθέντα
1192 3082 1289 3153 τὴν
1314 3085 1569 3152 δήλωσιν.

510 3173 729 3241 Ἀγρίου
761 3174 1015 3242 δαίμονος
1049 3178 1285 3246 ἐπιφορᾷ
1309 3194 1393 3239 τις
1423 3176 1532 3230 τῶν
1564 3178 1741 3229 ἐκεῖσε
1782 3178 1992 3246 πολιορ-
2026 3213 2066 3269 C

426 3265 712 3333 κούμενος,
739 3266 953 3334 φρενῶν
983 3266 1187 3337 ἔρημος
1224 3268 1483 3338 ἐξαίφνης
1511 3256 1869 3323 καθίσταται·
1905 3271 1998 3322 καὶ

432 3353 529 3414 τὰς
569 3355 774 3417 οἰκείας
803 3356 1105 3407 κατεσθίων
1150 3357 1357 3426 σάρκας
1388 3356 1462 3419 ὡς
1487 3358 1792 3428 ἀλλοτρίας,
1832 3358 2000 3428 βαρὺς

432 3444 653 3512 ἑκάστῳ
704 3446 812 3497 τῶν
849 3449 1179 3515 προσιόντων
1226 3449 1515 3503 ἐδείκνυτο.
1570 3450 1764 3519 Δεσμῷ
1815 3450 2002 3502 τοῦτον

427 3535 815 3603 περιϐαλόντες
868 3536 1113 3601 πλείονες
1175 3539 1272 3591 καὶ
1324 3540 1508 3603 πέδαις
1569 3541 1998 3610 ἀσφαλισάμενοι

428 3626 642 3692 ιρρουρᾷ
670 3626 1061 3694 παρενέϐαλον,
1110 3627 1359 3695 φύλακας
1412 3630 1829 3700 ἐπιστήσαντες·
1866 3631 2000 3684 ἀλλά

429 3716 561 3779 μιᾶς
596 3715 835 3785 ἑσπέρας
868 3717 1004 3783 πρὸς
1047 3718 1179 3770 Θεὸν
1209 3721 1387 3772 ἱκεσία
1431 3720 1527 3777 τοῦ
1552 3722 2001 3792 παραλυποῦντος

426 3804 759 3869 ἀποδείξασα
783 3809 1090 3879 ἐλεύθερον,
1108 3811 1214 3862 τῶν
1241 3812 1416 3864 πεδῶν
1448 3814 1787 3867 ἐκπεσόντων
1807 3816 2000 3883 ἀθρόον

428 3894 523 3948 τοῦ
555 3898 829 3965 σώματος,
861 3901 997 3970 πρὸς
1015 3902 1074 3953 τὸ
1098 3903 1376 3973 κυριακὸν
1404 3889 1699 3975 σωφρόνως
1712 3906 2001 3961 ἐπανιόντα

427 3988 767 4059 παρέδειξεν,
792 3991 885 4045 τὸν
914 3994 1043 4063 πρὶν
1076 3995 1414 4065 παραπλῆγα
1453 3999 1546 4050 καὶ
1575 4000 1709 4052 πᾶσι
1734 4000 1999 4070 δυσάντη-

426 4094 539 4130 τον.
581 4080 755 4149 Χρεία
790 4100 870 4144 τις
904 4085 1089 4136 ἐκάλει
1114 4088 1203 4137 τὶν
1229 4086 1373 4139 ὅσιον
1412 4074 1743 4158 πορευθῆναι
1772 4090 1906 4161 πρὸς
1941 4091 2001 4144 τὸ

431 4170 723 4240 πολίχνιον·
763 4174 856 4225 καὶ
878 4173 941 4244 δὴ
966 4177 1323 4245 πορευθέντος
1359 4180 1567 4248 χειμὼν
1591 4182 1875 4235 ἐπιπίπτει
1900 4180 2002 4235 πα-

431 4259 677 4328 ρὰδοξος,
714 4262 923 4332 κύμασί
955 4281 1014 4317 τε
1072 4266 1286 4329 πολλοῖς
1316 4268 1626 4336 ἐξογκώσας
1676 4271 1773 4341 τὴν
1805 4272 2001 4325 θαλατ-

431 4367 553 4418 ταν,
588 4356 681 4405 καὶ
711 4356 902 4425 ἄγριον
929 4357 1220 4428 ἀνεγείρας
1276 4360 1365 4412 τὸν
1398 4361 1665 4426 κλύδωνα,
1693 4366 1791 4435 τὴν
1831 4367 1999 4417 ἐπάν-

429 4445 550 4498 οδον
576 4448 940 4517 ἀπετείχιζεν.
959 4449 1019 4503 ὐ
1049 4450 1106 4502 δὲ
1129 4453 1195 4521 τῇ
1237 4452 1455 4523 συνήθει
1483 4459 1883 4526 κρατυνάμενος
1912 4458 2001 4511 πί-

2095 1988 2344 2041 redditlit.
2396 1988 2439 2040 Ο
2477 2004 2587 2041 rem
2629 1988 2820 2040 miram
2854 1988 2864 2038 !
2910 1988 3081 2055 gratia
3125 1986 3268 2040 enim
3301 1988 3483 2040 divina
3518 1989 3661 2042 illius

2092 2093 2305 2145 semper
2337 2077 2614 2131 laboribus
2645 2076 3033 2145 sutntuissique
3064 2076 3231 2129 animi
3261 2077 3499 2130 motibus
3525 2092 3661 2145 pra:-

2094 2183 2241 2231 sens,
2283 2170 2708 2237 apostolicorum
2740 2183 2863 2220 eum
2895 2183 3179 2221 munerum
3211 2170 3383 2238 gratia
3419 2169 3661 2223 illustra-

2096 2260 2205 2321 hat,
2242 2274 2533 2326 rerumque
2571 2258 2971 2312 admirabilium
3004 2258 3311 2311 eﬂectorcm
3343 2258 3659 2327 prtestabat.

2098 2349 2355 2423 Equidgm
2380 2354 2424 2403 si
2453 2351 2655 2412 omnia,
2690 2366 2810 2418 qua:
2837 2351 3018 2403 divina
3046 2350 3217 2418 gratia
3250 2350 3301 2402 in
3334 2352 3437 2403 hoc
3471 2359 3659 2406 sanctc

2095 2443 2224 2510 viro_
2258 2441 2568 2493 inhabitans
2624 2441 2851 2510 elargita
2897 2448 3017 2499 est.
3072 2428 3299 2493 munera
3340 2440 3729 2494 enumerare."

2095 2504 2337 2596 vultiero,
2363 2546 2413 2586 et
2434 2534 2691 2587 laudandi
2726 2536 2870 2601 leges
2904 2533 3229 2595 transiliam,
3251 2542 3303 2586 et
3333 2534 3508 2587 oratio
3538 2549 3659 2588 mea

2098 2627 2269 2680 ittSlal‘
2296 2628 2495 2696 navigii
2540 2627 2595 2680 in
2632 2627 2833 2695 ingenti
2876 2628 3068 2696 pelago
3108 2628 3281 2696 magis
3311 2626 3658 2681 dissolvetur.

2047 2758 2064 2772 .
2096 2718 2250 2784 Quod
2284 2720 2327 2773 si
2359 2735 2528 2799 pauca
2557 2720 2827 2787 qtncdam,
2870 2720 3118 2788 pluribus
3142 2722 3383 2783 omissis,
3415 2736 3661 2775 comme-

2099 2814 2356 2875 morabo,
2392 2820 2446 2865 et
2491 2811 2667 2865 oratio
2704 2821 2959 2881 tanquam
3000 2813 3182 2866 littora
3226 2814 3408 2883 legens
3450 2816 3499 2867 in
3542 2823 3660 2869 tuto

2100 2906 2438 2966 versabitur,
2486 2913 2540 2957 et
2592 2920 2656 2959 ex
2706 2906 2772 2960 iis
2804 2915 2939 2975 'qua:
2989 2907 3132 2961 dicta
3188 2907 3410 2971 fuerint,
3454 2910 3660 2977 reliqua

2101 2996 2254 3049 facile
2276 2997 2656 3063 conjicientur.

2170 3174 2305 3228 Cum
2337 3176 2459 3228 srcvi
2485 3176 2977 3245 dtcmunis-impetu
3004 3178 3224 3247 quidam
3257 3179 3368 3232 l'llic
3395 3178 3687 3233 sodalium"

2102 3267 2521 3333 Opprimcrctur,
2560 3276 2778 3332 repente
2807 3268 3002 3320 tuentis
3034 3268 3137 3319 vim
3172 3268 3354 3320 amisit
3391 3286 3403 3319 :
3443 3284 3664 3322 carnes-

2101 3374 2207 3425 que
2250 3356 2494 3425 prbprias
2525 3357 2672 3410 velut
2714 3358 2920 3411 alienas
2955 3351 3188 3422 lanians,
3229 3360 3436 3413 cunctis
3464 3360 3666 3413 adeun-

2105 3450 2250 3501 tibus
2291 3447 2544 3501 molestus
2576 3450 2894 3503 exsistebat.
2934 3448 3118 3518 Itaque
3164 3452 3397 3505 vinculis
3432 3462 3484 3503 et
3516 3467 3668 3505 com-

2103 3541 2332 3608 pedibus
2400 3541 2715 3605 revinctus,
2798 3544 3067 3603 custodite,
3132 3545 3365 3609 pluriutn
3436 3546 3666 3598 consilio

2102 3631 2360 3684 adhibitis
2412 3633 2736 3684 custodibus
2782 3633 3016 3686 traditus
3068 3632 3266 3686 fuerat.
3315 3632 3385 3686 At
3434 3650 3668 3703 vesp-Arte

2103 3721 2267 3775 unius
2300 3721 2417 3774 fusa
2460 3721 2526 3773 ad
2560 3723 2723 3773 Deum
2760 3722 3111 3789 supplicatio,
3145 3738 3174 3774 a
3211 3731 3439 3797 vexaute
3476 3724 3666 3791 spiritu

2102 3810 2412 3876 liberatum,
2444 3811 2676 3865 vinculis
2711 3825 2932 3885 repente
2962 3813 3379 3874 dissilieutibus,
3412 3814 3478 3866 ad
3499 3816 3670 3868 eccle-

2102 3904 2238 3960 siam
2293 3920 2425 3958 saua
2475 3905 2790 3958 redeuutem
2840 3914 3019 3957 mente
3067 3906 3342 3967 ostendit,
3383 3921 3542 3972 eum,
3574 3908 3668 3976 qui

2101 3997 2254 4065 prius
2281 4005 2458 4050 mente
2487 4006 2699 4064 captus,
2734 3997 2913 4064 gravis
2943 3997 3196 4050 omnibus
3228 4006 3344 4049 erat
3372 3998 3436 4049 ad
3473 4013 3668 4051 occur-

2101 4103 2246 4143 sum.
2271 4087 2379 4144 Usu
2402 4089 2567 4153 venit,
2592 4098 2649 4142 ut
2674 4089 2753 4140 vir
2783 4097 3006 4142 sanctus
3028 4090 3093 4142 ad
3116 4089 3375 4157 oppidum
3395 4090 3667 4157 quoddam

2103 4181 2434 4234 maritimum
2474 4188 2846 4234 accerseretur
2873 4198 2887 4233 :
2917 4180 3012 4234 sed
3044 4181 3099 4232 in
3125 4180 3304 4234 medio
3332 4196 3495 4235 cursu
3533 4190 3669 4235 tem-

2103 4285 2251 4341 pesta
2278 4273 2468 4341 ingens
2499 4272 2691 4325 oborta
2715 4281 2818 4335 est,
2849 4287 2957 4341 qua
2987 4272 3206 4341 pelagus
3239 4272 3474 4326 immane
3505 4289 3670 4341 quau-

2104 4356 2220 4424 t‘ilm
2245 4364 2539 4426 intumuit,
2568 4379 2821 4434 saevoque
2850 4362 3085 4429 excita‘to
3115 4364 3275 4417 ﬂuctu
3308 4364 3671 4432 insuperabile

2105 4458 2203 4512 iter
2226 4456 2477 4511 redeunti
2502 4456 2699 4510 eﬂ‘ecit.
2725 4456 2794 4510 At
2824 4456 2908 4509 vir
2927 4466 3153 4530 sanctus
3171 4456 3326 4509 solita
3352 4456 3452 4509 lide
3478 4455 3666 4519 fretus,

434 4549 572 4601 στει,
606 4537 683 4607 τῷ
715 4541 813 4608 τὴν
865 4540 1007 4593 ἰδίαν
1064 4543 1436 4612 ἐκπληρούντι
1479 4545 1756 4599 διακονίαν
1805 4550 2000 4619 φησίνο
2038 4568 2080 4623 ῃ
2111 4566 2175 4618 pri

1925 4550 2000 4601 ίν⁶
2038 4568 2080 4623 ῃ
2111 4548 2385 4618 proprium
2417 4548 2650 4616 explenti
2687 4548 3048 4601 ministerium
3079 4548 3153 4600 ait
3184 4562 3197 4596 :
3232 4546 3508 4601 Conservo
3533 4550 3666 4600 mari

435 4628 723 4695 ’Δγγειλον
749 4633 817 4701 τῇ
850 4632 1107 4704 semota
1138 4636 1373 4704 χαλάσαι
1394 4636 1485 4689 τὸν
1523 4636 1770 4693 κλύδωνα
1798 4643 1891 4694 καὶ
1937 4644 2005 4695 τά
2105 4644 2170 4695 de

1937 4644 2005 4695 τά
2105 4641 2394 4705 denuncia,
2436 4652 2494 4694 ut
2546 4640 2721 4694 frenet
2756 4649 3129 4708 tempestatem
3152 4679 3166 4703 ,
3202 4649 3255 4692 et
3290 4639 3486 4693 ﬂuctus
3517 4649 3666 4693 tran-

433 4719 581 4773 νιὶτα
626 4723 758 4790 ἡμῖν
793 4724 1117 4791 ὑφαπλῶσαι
1151 4727 1405 4798 γαλήνια,
1441 4729 1525 4785 ἵνα
1556 4730 1654 4800 τὴν
1694 4732 1877 4786 οἴκαδε
1909 4751 2007 4785 πο-
2106 4751 2174 4803 qu

1927 4751 2007 4785 το-
2106 4717 2307 4803 quille
2339 4732 2548 4795 reddat,
2577 4748 2685 4801 quo
2724 4733 2826 4785 iter
2862 4741 3109 4784 nostrum
3153 4730 3365 4800 placide
3400 4732 3668 4785 coniicere

434 4814 588 4882 ρείαν
618 4816 803 4883 ἡρέμα
825 4818 1165 4888 ποιήσωμαι.
1202 4822 1315 4874 Καὶ
1346 4822 1538 4875 θᾶττον
1561 4824 1593 4893 ἢ
1621 4824 1774 4891 λόγος
1798 4827 2002 4879 ἐπακο-

432 4903 613 4957 λουθεί
647 4906 705 4957 τὸ
729 4906 909 4975 ἔργον,
956 4909 1049 4961 τὸν
1084 4911 1318 4979 Χριστὸν
1348 4913 1443 4965 καὶ
1475 4913 1607 4967 Θεὸν
1653 4916 1810 4986 ήμῶν
1842 4917 1916 4980 ὼς
1946 4920 2005 4973 ἐν

433 4996 569 5047 πᾶσι
596 4997 699 5050 κάν
733 4998 907 5068 τούτῳ
930 5001 974 5032 ⁵⁸
1002 4998 1267 5055 δεικνύων
1299 5003 1727 5074 ἐπαληθεύοντα,
1778 5010 2000 5079 μείζονα

433 5086 681 5154 ποιήσειν
707 5090 834 5149 τοὺς
857 5089 1089 5154 οἰκείους
1126 5092 1460 5162 θεράποντας
1495 5096 1590 5150 τοῦ
1640 5099 1768 5152 ἰδίου
1798 5103 2002 5156 Δεσπό-

437 5190 530 5226 του
552 5175 967 5247 διατεινόμενον.
1002 5182 1142 5234 [lict
1171 5183 1227 5236 δὲ
1266 5187 1375 5248 τοῖς
1427 5186 1610 5262 ἄλλοις
1650 5190 1999 5262 λαμπόμενος

436 5267 846 5339 κατορθώμασι,
872 5275 971 5341 τῆς
999 5272 1107 5325 τῶν
1142 5276 1393 5346 πενήτων
1425 5259 1742 5348 ἐπιμέλείας
1779 5283 1999 5338 πλείονα

399 5359 692 5436 θφροντίδα
722 5360 830 5413 τῶν
859 5363 1034 5416 ἀλλων
1065 5366 1271 5419 ἐτίθετο
1298 5383 1311 5397 ·
1346 5369 1666 5442 φιλαδελφία
1688 5374 1743 5426 δὲ
1777 5375 2003 5449 πλείστῃ

434 5450 543 5501 τῶν
566 5450 741 5505 ἄλλων
763 5455 1155 5525 κοσμούμενος,
1176 5457 1267 5511 τὸν
1295 5458 1352 5523 ἐξ
1369 5462 1537 5530 αὐτῆς
1565 5464 1833 5533 φυόμενυν
1853 5466 2001 5520 ἔλεον

435 5540 799 5611 διαφερόντως
832 5547 1125 5625 ήσπάςετο.
1163 5549 1271 5602 Καὶ
1300 5551 1363 5622 δὴ
1398 5555 1509 5615 τοῖς
1541 5555 1820 5624 προσιοῦσι
1843 5560 2004 5629 χεῖρα

2105 4828 2403 4880 valeamus.
2459 4824 2635 4893 Atque
2684 4823 2757 4877 ita
2808 4821 3097 4876 confestim
3147 4822 3395 4875 effectum
3452 4834 3555 4884 εει,
3612 4834 3671 4875 ut

2102 4920 2359 4975 Christus
2395 4932 2459 4971 ac
2495 4917 2637 4971 Deus
2669 4924 2852 4971 noster
2886 4916 3017 4970 hac-
3040 4916 3168 4999 item
3196 4916 3247 4967 iu
3298 4931 3373 4976 re,
3404 4915 3669 4983 quemad-

2108 5012 2330 5066 modum
2359 5011 2411 5063 in
2448 5009 2675 5078 reliquis
2703 5009 2961 5063 omnibus
2987 5046 3001 5069 ,
3043 5022 3165 5061 vera
3204 5008 3409 5061 dixisse
3441 5008 3671 5060 demou-

2106 5109 2391 5162 strart-tur,
2414 5116 2535 5153 cum
2568 5099 2773 5168 majora
2793 5115 2980 5152 servos
3001 5088 3152 5167 suos,
3182 5114 3345 5166 quam
3379 5100 3493 5166 ipse
3526 5100 3669 5151 tace-

2106 5202 2208 5254 ret,
2240 5191 2512 5261 pollicitus
2532 5190 2951 5246 est‘eﬂecturos.
2974 5190 3240 5244 Caeterum
3260 5178 3392 5242 cuiu
3416 5189 3670 5243 omnibus

2107 5284 2400 5338 virtutibus
2429 5284 2737 5349 excelleret,
2761 5283 3019 5338 curandis
3047 5291 3228 5335 tamen
3250 5292 3301 5335 et
3324 5281 3669 5335 sublevandis

2104 5375 2435 5444 pauperibus
2482 5375 2742 5443 majorem
2790 5374 3122 5443 diligentiam
3174 5371 3667 5436 adhibebat._Cum

2105 5468 2247 5522 enim
2272 5482 2458 5520 amore
2486 5467 2727 5521 fraterno
2769 5467 3003 5520 maxime
3029 5473 3324 5527 teneretur,
3359 5464 3642 5519 misericor-

2062 5626 2079 5638 θ
2106 5561 2254 5614 diam
2285 5574 2366 5612 ex-
2385 5573 2450 5613 eo
2477 5560 2913 5629 proliciscentcm
2945 5557 2997 5612 in
3043 5557 3236 5626 primis
3270 5558 3634 5625 complecteba

1617 5712 1627 5719 .
1710 5672 1796 5725 VA
1809 5675 1848 5727 lt
1861 5675 1944 5727 UE
1986 5674 2384 5730 LECTIONES.

496 5750 542 5781 ⁵³
572 5768 841 5825 γηννηκοτ
850 5755 948 5825 ἀτῃ
983 5755 1102 5815 Par.

441 5836 530 5883 νος
571 5812 697 5877 Par.
731 5812 741 5824 ’
771 5824 817 5856 ⁵⁸
851 5812 1010 5880 τούτο
1038 5812 1160 5884 Par.

1184 5760 1228 5791 ⁸⁵
1252 5761 1465 5817 ἐπανίει
1497 5763 1619 5823 Par.
1684 5768 1729 5801 ⁸⁸
1752 5769 1876 5842 τῆς]
1907 5773 2016 5836 τοῖς
2054 5771 2179 5826 Par.
2214 5771 2267 5826 h.
2303 5772 2338 5825 Ι.
2370 5780 2423 5825 et
2461 5786 2603 5826 mox.
2681 5770 2726 5801 ³⁸
2762 5768 3088 5837 ἁνεποίησαν
3118 5763 3241 5817 Pal"-
3298 5762 3337 5793 ⁵⁷
3365 5765 3515 5843 ἐρειρ
