4408 6440
767 402 838 463 35
2090 391 2585 456 ΤΙῐΕΟῐἮλἫς
2630 385 2825 447 ῊΤΑ.
3963 390 4034 454 36

769 525 875 569 tur.
917 512 994 566 Ac,
1021 526 1154 566 sane
1185 509 1481 566 salutarem
1510 505 1899 563 accedentibus
1924 525 2145 563 ιιιοιιιιιιι
2177 509 2350 578 porri-
2383 512 2424 564 Α
2455 522 2508 556 xi

2290 509 2350 560 l‘i-
2383 512 2424 564 Α
2455 503 2661 573 κιχρῶν
2699 503 2988 572 σωτήριον,
3035 499 3171 572 μησὶ
3212 497 3471 571 τέσσαρσι
3517 499 3607 554 τὸν
3650 503 3926 574 προσόντα
3964 511 4031 581 τῇ

769 621 923 676 gens,
978 616 1172 674 quarto
1219 617 1404 656 mense
1450 603 1593 672 quod
1643 602 1980 656 monasterio
2027 601 2348 670 suppetebat

770 698 1127 757 frumentum,
1163 695 1438 748 modicum
1473 695 1626 757 illud,
1670 703 1728 747 ut
1755 696 1842 748 vix
1880 695 2102 749 familia:
2157 693 2348 748 usibus

769 789 1061 847 sulliceret,
1099 785 1246 853 large
1275 783 1611 839 effundebat.
1647 784 1897 855 Cumque
1947 784 2200 838 minister
2235 798 2349 837 rem

767 897 909 950 mgre
941 878 1144 940 ferret,
1185 887 1351 948 atque
1411 879 1541 932 illud
1592 894 1657 932 ne
1703 877 1920 932 familiae
1961 877 2178 947 quidem
2216 877 2348 930 satis

767 970 1274 1039 essejurejurando
1309 969 1626 1035 affirmaret,
1685 973 1800 1025 miti
1841 973 1972 1024 voce
2015 971 2344 1024 frumentum

771 1078 1064 1118 numerare
1108 1063 1278 1131 jubet.
1323 1062 1478 1126 Quod
1530 1063 1618 1117 ille
1676 1079 1798 1116 cum
1845 1063 2096 1126 fecisset,
2142 1063 2348 1115 nullum

771 1170 967 1209 accrro
1014 1156 1255 1207 modium
1301 1155 1493 1208 deesse
1546 1157 1828 1224 comperit.
1886 1153 2084 1208 Verum
2138 1154 2350 1207 facilius

771 1250 864 1308 sit,
894 1249 1069 1300 undas
1092 1246 1259 1299 maris
1287 1261 1640 1310 enmnerare,
1667 1257 1758 1300 aut
1786 1263 1916 1300 cava
1943 1263 2106 1299 manu
2136 1249 2352 1316 pelagus

770 1339 1030 1399 dimetiri,
1051 1352 1214 1405 quam
1235 1352 1321 1391 res
1339 1337 1409 1391 ab
1427 1338 1517 1392 illo
1537 1348 1718 1406 gestas
1737 1337 2085 1392 admirabiles
2105 1339 2352 1391 oratiouna

769 1429 1077 1499 complecti.
1106 1428 1472 1492 Quamobrem
1506 1429 1630 1484 aliis
1659 1431 1762 1483 alia
1797 1431 2168 1500 relinquentes
2197 1445 2350 1483 com-

772 1521 1126 1577 memoranda
1151 1560 1166 1584 ,
1205 1539 1326 1592 quae
1358 1525 1434 1576 rei
1491 1523 1754 1578 instituta:
1805 1525 1978 1595 magis
2017 1527 2352 1578 conveniunt

770 1632 835 1671 ac
872 1616 1143 1686 pra-cipua
1178 1625 1326 1676 sunt,
1350 1630 1776 1684 prosequentur.

843 1707 1101 1777 Ecclesiae
1138 1719 1268 1774 ager
1304 1704 1466 1757 bonis
1496 1703 1754 1757 omnibus
1775 1702 2109 1757 abundabat.
2133 1701 2266 1756 Nam
2298 1711 2353 1756 et

774 1800 938 1853 rectis
970 1797 1233 1852 institutis
1266 1811 1511 1864 sanaque
1539 1795 1785 1849 doctrina
1814 1795 2274 1860 instructuserat,
2302 1803 2356 1847 et

2457 599 2590 664 μονῇ
2643 596 2811 655 σῖτον,
2853 594 2989 663 μηδὲ
3039 595 3152 654 τοῖς
3205 588 3343 643 οἶκοί
3396 592 3695 661 δυνάμενον
3747 595 4030 664 ἐπαρκεῖν,

2452 683 2686 752 ἀφειδῶς
2742 685 2761 717 ⁸
2788 682 3054 753 ἐξεφόρει.
3091 681 3198 734 Τοῦ
3226 679 3282 732 δὲ
3322 681 3420 751 τὴν
3451 681 3726 734 διακονίαν
3756 682 4033 750 διέποντος

2453 777 2549 830 ἐπὶ
2569 776 2744 846 τούτῳ
2765 775 3231 844 δυσχεραίνοντος,
3267 775 3362 828 καὶ
3397 774 3532 844 μηδὲ
3562 778 3670 838 τοῖς
3705 776 3845 829 οἴκοι
3875 777 4036 830 δυνά-

2457 885 2615 938 μενον
2639 869 2886 937 διαρκεῖν
2912 866 3099 919 τοῦτον
3120 867 3528 935 ὲπσμνυμένου,
3562 868 3768 939 πραείσ.
3801 869 3846 899 ‘°
3875 872 4032 940 φωνῇ

2451 959 2549 1012 τὸν
2582 962 2727 1012 σῖτον
2752 959 3057 1029 ἀριθμῆσαι
3085 957 3485 1012 διακελεύεται.
3537 960 3595 1011 ’0
3629 958 3710 1013 δὲ’
3732 959 3890 1014 τοῦτο
3911 962 4033 1015 δια-

2453 1051 2824 1122 πραξάμενος.
2861 1043 3020 1119 εὗρεν
3061 1050 3136 1111 ὡς
3172 1050 3277 1120 πρὸ
3323 1051 3421 1119 τῆς
3455 1049 3770 1114 διαδόσεως,
3809 1052 4035 1122 μηδενὸς

2455 1143 2713 1213 μεδίμνου
2770 1143 2831 1194 τὸ
2862 1142 3082 1195 σύνολον
3119 1142 3518 1210 ἐπιλείῲαντος.
3561 1142 3722 1195 Ἀλλά
3764 1145 3870 1214 γάρ
3907 1147 4037 1215 ῥᾷον

2453 1231 2674 1301 κύματα
2728 1232 3003 1301 Θαλάττης
3059 1232 3476 1302 ἐξαριθμεῖν,ἥ
3534 1233 3736 1304 κοτύλη
3803 1234 4039 1302 πέλαγος

2451 1328 2762 1396 ἐκμετρεῖν,
2799 1326 2829 1396 ἢ
2865 1326 2962 1393 τᾲς
2993 1326 3201 1378 ἐκείνου
3233 1325 3343 1377 τῶν
3366 1325 3659 1394 θαυμάτων
3683 1327 3910 1397 νιφάδας
3947 1330 4038 1394 ἐγ-

2458 1422 2684 1488 κωμίων
2739 1420 2916 1488 λόγοις
2976 1419 3318 1489 περιλαϐεῖν.
3382 1422 3582 1488 Διόπερ
3634 1420 3817 1483 ἄλλοις
3871 1420 4038 1484 ἄλλας

2453 1513 2747 1583 ἐκφράζειν
2773 1514 2954 1582 ἀφεὶς,
2983 1516 3076 1567 ἐπὶ
3104 1514 3170 1567 τὰ
3205 1514 3514 1585 κυριώτερα
3555 1516 3650 1568 τοῦ
3676 1516 3836 1583 λόγου
3902 1533 4036 1585 μετ-

2455 1603 2765 1673 ελεύσομαι.

2527 1698 2667 1750 Πὶσι
2716 1697 2816 1766 μὲν
2846 1695 2938 1750 οὖν
2961 1696 3020 1749 τὸ
3049 1697 3149 1764 τῆς
3191 1695 3523 1768 Ἐκκλησίας
3571 1698 3722 1768 λήϊον
3751 1699 3904 1770 ἤνθει
3937 1718 4039 1754 κα-

2456 1791 2588 1854 λοῖς.
2627 1791 2860 1858 δόγμασι
2895 1791 2995 1859 μὲν
3029 1788 3343 1857 ὀρθοδόξοις¹
3379 1789 3453 1852 ὡς
3487 1790 3723 1860 μάλιστα
3771 1794 4040 1862 καταρδό-

777 1889 935 1946 factis
959 1891 1388 1959 congruentibus
1413 1887 1686 1941 attinebat.
1719 1890 1796 1941 Ac
1818 1889 2035 1956 quidem
2057 1887 2354 1957 religiosis—
2387 1881 2428 1940 Β
2461 1901 2518 1954 με

2300 1904 2354 1941 s-
2387 1881 2428 1940 Β
2461 1901 2644 1954 μενον,
2683 1883 2972 1949 ἁναλόγοις
3017 1881 3072 1934 δὲ
3119 1882 3332 1946 τούτοις
3381 1884 3737 1952 πιαινόμενον
3783 1885 4037 1955 πράξεσι.

777 1985 902 2038 simi
936 1967 1294 2053 imperatores
1345 1983 1561 2052 pietatis
1622 1981 1803 2035 studio
1839 1980 2019 2050 potius
2048 1995 2212 2049 quam
2249 1980 2350 2032 im-

778 2078 911 2146 perii
987 2075 1347 2144 amplitudine
1415 2074 1812 2143 gloriabantur.
1888 2073 2056 2127 Porro
2128 2088 2355 2142 magnus

781 2168 1019 2236 pontifex
1053 2167 1339 2222 sublimem
1383 2166 1697 2220 cathedram
1749 2175 2101 2230 consecutus,
2138 2165 2354 2220 virtutis

778 2259 982 2313 lumina
1012 2273 1107 2326 per
1145 2257 1458 2311 universum
1488 2256 1675 2309 orbem
1712 2266 1978 2310 terrarum
2002 2255 2351 2308 accendebat.

787 2351 892 2416 Qui
947 2359 1129 2403 autem
1185 2348 1288 2402 sub
1337 2363 1402 2401 eo
1452 2355 1609 2400 erant
1636 2347 1927 2411 antistites,
1983 2361 2112 2400 suos
2152 2346 2355 2415 quique

780 2457 971 2513 greges
1025 2443 1145 2496 sine
1181 2423 1608 2511 reprehensione
1657 2449 1804 2493 tutos
1847 2439 1899 2492 in
1937 2449 2126 2509 portus
2161 2439 2357 2508 perdu-

784 2535 1001 2589 cebant.
1051 2532 1510 2587 Monasteriorum
1557 2531 1792 2602 denique
1841 2532 2118 2600 prmsides,
2157 2531 2356 2600 quibus

783 2637 1044 2695 tanquam
1078 2627 1158 2680 sol
1191 2624 1555 2680 nitidissimus
1597 2624 1952 2678 admirandus
1987 2624 2074 2679 hic
2106 2626 2188 2679 vir
2220 2638 2357 2695 pra:-

781 2718 1018 2784 lucebat,
1059 2720 1200 2771 viam
1243 2717 1294 2772 in
1349 2719 1545 2772 cwlum
1575 2717 1863 2771 ducentem
1909 2717 2165 2772 docentes
2196 2717 2357 2772 disci-

783 2810 966 2877 pulos,
1010 2809 1215 2861 nudum
1249 2806 1446 2876 opibus
1475 2822 1624 2870 eum,
1667 2807 1756 2876 qui
1803 2807 1944 2861 male
1989 2809 2139 2877 prius
2182 2807 2359 2862 domi-

727 2937 729 2939 -
783 2908 947 2954 natus
1010 2907 1176 2961 esset,
1209 2898 1496 2967 _religi05a
1560 2897 1904 2952 abdicatione
1960 2899 2355 2955 monstrabant.

784 2990 890 3044 Sed
947 2990 1162 3044 invidus
1222 3004 1448 3060 serpens
1481 2987 1782 3042 Ecclesiam
1832 3000 1939 3043 tam
1977 2990 2164 3044 multis
2200 2990 2357 3045 bonis

785 3080 1067 3136 ﬂorentem
1115 3082 1297 3136 videre
1329 3097 1435 3135 non
1483 3091 1713 3151 poterat,
1752 3097 1927 3149 exque
1964 3083 2137 3152 plebis
2170 3098 2360 3152 pecca-

787 3175 856 3228 tis
895 3174 1242 3228 occasionem
1277 3173 1567 3242 arripiens,
1606 3173 1676 3225 ita
1711 3173 2053 3241 permittente
2092 3172 2224 3239 Deo,
2261 3171 2361 3226 Ec-

2458 1977 2570 2029 Καὶ
2595 1975 2835 2045 βασιλεῖς
2861 1975 2959 2045 μὲν
2988 1974 3259 2043 Θεοφιλεῖς
3281 1975 3494 2040 τούτοις
3521 1977 3586 2039 ⁸⁸,
3615 1977 3647 2045 ἢ
3675 1976 3753 2046 τῷ
3783 1979 4041 2045 προσόντι

2454 2068 2554 2137 τῆς
2585 2068 2868 2137 βασιλείας
2902 2067 3053 2138 ὄγκῳ
3087 2069 3590 2138 μεγαλαυχούμενοι
3638 2068 4038 2124 διεδείκνυντο·

2455 2160 2749 2230 ἀρχιερεὺς
2795 2159 2850 2211 δὲ
2883 2160 2910 2212 ὁ
2940 2159 3113 2228 μέγας
3152 2159 3196 2189 ⁶¹
3236 2162 3335 2227 τῆς
3371 2159 3584 2228 ὑψηλῆς
3639 2158 4042 2229 ἐπειλημμένος

2456 2251 2746 2320 καθέδρας,
2776 2250 2874 2312 τὰς
2923 2251 3024 2318 τῆς
3051 2250 3254 2320 ἀρετῆς
3290 2250 3646 2321 λαμπηδόνας
3685 2255 3786 2319 γῆν
3813 2252 3907 2304 ἐπὶ
3940 2255 4043 2304 πᾶ-

2457 2357 2577 2398 σαν.
2601 2341 2736 2411 ὅσην
2762 2341 2914 2412 ἥλιος
2945 2343 3139 2414 ἐφορᾷ.
3169 2341 3529 2412 διεπύρσευεν
3556 2342 3631 2373 ⁸³·
3669 2345 3716 2396 οἱ
3751 2342 3794 2394 δ’
3825 2342 3915 2394 ὑπ’
3938 2344 4040 2396 αύ-

2455 2434 2548 2486 τὸν
2577 2433 2864 2498 τελοῦντες
2895 2435 3178 2506 ἀρχιερεῖς
3213 2435 3522 2506 ἀμέμπτως
3553 2435 3656 2504 τὴν
3677 2434 3886 2487 οἰκείαν
3909 2435 4041 2487 ἐκα-

2458 2543 2582 2590 στος
2643 2527 2883 2598 ποίμνην
2937 2527 3102 2623 οίοηεί
3137 2543 3258 2580 τινα
3311 2527 3512 2581 ὁλκάδα
3561 2529 3697 2600 πρὸς
3749 2528 4042 2598 γαληνίους

2456 2617 2684 2688 λιμένας
2708 2617 3092 2690 ἑπηδαλιούχει
3113 2635 3128 2649 ⁶
3163 2620 3213 2673 oi
3265 2618 3321 2673 δὲ
3353 2619 3462 2672 τῶν
3507 2621 3774 2690 σεμνείων
3802 2620 4042 2689 προστά-

2455 2728 2570 2773 ται,
2603 2707 2680 2764 ὧν
2703 2713 3098 2782 πρωτοστάτης
3121 2712 3334 2784 ύπῆργε
3359 2713 3451 2765 καὶ
3475 2713 3865 2782 καθαρώτατος
3892 2713 4044 2782 ἥλιος

2458 2805 2486 2856 ό
2537 2802 2866 2874 θαυμάσιος,
2912 2802 3012 2874 τὴν
3054 2804 3113 2866 ἐς
3160 2804 3392 2875 οὐρανὸν
3438 2804 3711 2876 φέρουσαν
3765 2806 3893 2866 τοὺς
3948 2803 4041 2856 ὑπ’

2460 2897 2644 2960 αὐτοῖς
2701 2895 3114 2957 ἐκδιδάσκοντες
3177 2895 3404 2965 τρίϐον,
3473 2896 3681 2965 γυμνὸν
3749 2896 4044 2965 κτημάτων

2460 2990 2733 3043 ἐδείκνυον
2761 2986 2852 3041 τδν
2884 2987 3151 3058 πρότερον
3185 2989 3370 3050 κακῶς
3399 2987 3858 3041 δυναστεύσαντα.
3905 2988 4043 3040 Ἀλλ’

2459 3082 2559 3134 οὐκ
2586 3082 2814 3150 ἤνεγκεν
2842 3083 2974 3154 όρᾷν
3006 3081 3127 3149 ὄφις
3154 3082 3182 3133 ὁ
3205 3079 3474 3149 βάσκανος
3515 3081 3852 3150 τηλικούτεις
3879 3084 4044 3134 ἐπαν-

2463 3175 2575 3226 θεῖν
2621 3173 2719 3244 τὴν
2781 3172 3108 3242 Ἐκκλησίαν
3151 3172 3360 3235 καλοῖς,
3426 3173 3527 3241 τὴν
3585 3172 3641 3224 δὲ
3669 3173 3779 3224 τῶν
3836 3173 4046 3226 πολλῶν

784 3266 967 3320 clcsia:
1035 3265 1498 3333 pulchritmlinem
1561 3275 1872 3332 pervertere
1935 3280 2223 3333 aggressus
2251 3273 2356 3319 cst.
2386 3241 2430 3301 (ἶ
2464 3269 2525 3336 ἅτ.

2304 3273 2356 3319 ιι.
2386 3241 2430 3301 c
2464 3241 2744 3336 ἁμαρτίαν
2787 3241 3047 3336 συνεργὸν
3083 3263 3569 3335 προσκτησάμενος
3605 3265 3670 3322 ⁸⁸,
3707 3267 4045 3332 συγχωρήσει

788 3352 991 3407 Verum
1041 3368 1165 3407 cum
1217 3356 1446 3421 propriae
1485 3355 1859 3421 perversitatis
1892 3356 2200 3406 ministrum
2241 3353 2358 3408 ido-

787 3460 951 3498 neum
997 3453 1289 3513 quaereret,
1323 3448 1584 3513 aptiorem
1624 3445 1851 3509 invenit,
1885 3461 2047 3514 quam
2091 3446 2312 3514 optabat
2343 3463 2357 3498 :

789 3535 1050 3598 Leonem,
1101 3535 1346 3604 inquam,
1399 3536 1848 3590 scelestissimum
1911 3537 2209 3602 hominem,
2265 3537 2360 3606 qui

792 3628 862 3679 ab
921 3625 1198 3690 Armeniis
1236 3635 1291 3679 et
1333 3627 1573 3696 Assyriis
1626 3643 1798 3697 genus
1851 3629 2076 3695 ducens,
2134 3629 2360 3683 alterius

799 3717 979 3785 gentis
1042 3716 1198 3769 dolos
1244 3732 1308 3770 ac
1359 3717 1761 3779 morositatem,
1816 3717 2042 3772 alterius
2094 3719 2360 3773 feritatem

795 3808 1041 3862 numeris
1073 3809 1332 3873 omnibus
1369 3809 1618 3862 absoluta
1648 3810 1952 3864 imitatione
1973 3820 2316 3879 expresserat
2346 3829 2359 3865 :

794 3901 907 3953 imo
955 3915 1086 3953 vero
1135 3899 1297 3968 longo
1347 3915 1440 3954 eos
1491 3901 1782 3954 intervallo
1825 3915 2111 3969 superans,
2152 3899 2366 3956 feritate

793 3991 974 4057 dolos,
1040 3989 1180 4045 dolis
1231 3991 1501 4046 feritatem
1554 3993 1806 4047 vincebat
1841 3993 1948 4046 :ad
1995 3993 2362 4047 mentiemlnm

795 4069 1099 4153 promptus,
1152 4093 1205 4138 et
1252 4085 1318 4138 ad
1366 4087 1802 4154 persuadendum
1845 4102 1930 4151 ca,
1974 4100 2096 4149 qua:
2141 4085 2367 4140 mentie—

795 4176 975 4238 batur,
1023 4175 1362 4243 aptissimus.
1407 4175 1620 4229 Fraude
1654 4177 1773 4230 loco
1823 4176 2041 4230 Virtutis
2091 4177 2362 4240 utebatur,

794 4283 1027 4335 eamque
1070 4267 1335 4321 adversus
1375 4268 1856 4337 conjunctissimos
1906 4268 2212 4324 exercebat.
2266 4266 2366 4322 Hie

798 4361 850 4412 in
909 4360 1194 4423 blandum,
1255 4375 1319 4413 ac
1363 4361 1455 4429 qui
1491 4361 1720 4415 multum
1760 4361 1811 4414 ei
1842 4361 2069 4416 honoris
2101 4361 2368 4415 habuerat

797 4452 1176 4518 imperatorem
1246 4467 1608 4521 consurgens,
1680 4453 2091 4506 ornatissimum
2151 4468 2214 4506 ac
2275 4453 2366 4521 qui

798 4559 1075 4611 nunquam
1132 4545 1343 4598 occidat
1399 4544 1652 4598 Ecclesia:
1704 4547 1876 4598 solem
1919 4545 2088 4614 ejicit,
2139 4561 2204 4599 ac
2237 4559 2362 4599 cum

800 4634 890 4686 illo
915 4649 1106 4689 onmes
1139 4634 1254 4688 fere
1289 4637 1544 4690 exturbat
1567 4637 1859 4691 antistites.
1895 4634 2046 4691 Hanc
2080 4638 2264 4706 itaque
2297 4638 2366 4690 ab

796 4728 1062 4795 apostolis
1113 4742 1208 4797 per
1252 4744 1448 4784 manus
1484 4731 1738 4784 traditam
1781 4730 2367 4798 institutionemksper-

795 4830 953 4878 nens,
1002 4817 1198 4870 divina)
1251 4819 1435 4872 carnis
1481 4819 1680 4873 Christi
1715 4821 2006 4889 imaginem
2043 4821 2313 4875 exscindit
2349 4838 2363 4887 ;

797 4907 1054 4976 idemque
1094 4909 1146 4961 in
1192 4908 1379 4965 Matris
1437 4911 1556 4980 ejus
1587 4927 1651 4965 ac
1680 4921 1994 4965 sanctorum
2029 4911 2366 4966 venerandas

801 5000 1070 5069 imagines
1119 5004 1414 5056 committit
1444 5020 1458 5068 ;
1501 5019 1565 5058 ac
1615 5002 1868 5058 Ecclesiae
1900 5005 2177 5072 graviores
2207 5003 2365 5072 longe

796 5091 1134 5163 Aigyptiacis
1159 5096 1626 5166 densissimasque
1669 5097 1922 5150 tenebras
1943 5097 2195 5150 offundit.
2231 5096 2368 5150 llinc

799 5191 1154 5251 tyrannorum
1186 5199 1324 5253 quos
1356 5185 1477 5239 tulit
1512 5185 1788 5254 gentilitas
1821 5187 2089 5240 violentias
2129 5188 2364 5256 patrium

795 5281 973 5325 astum
1005 5273 1336 5337 admiscens,
1361 5290 1426 5330 ac
1449 5285 1684 5331 veterem
1711 5279 1860 5330 illum
1887 5275 2183 5346 Rapsaeem
2214 5277 2240 5316 δ
2275 5294 2366 5331 su-

872 5424 898 5462 ιι
925 5422 1029 5479 lsa.
1064 5441 1254 5492 xum,
1291 5424 1348 5479 2.

2461 3358 2581 3427 θεία
2610 3357 2675 3411 τὸ
2715 3357 2922 3426 ταύτης
2954 3358 3150 3418 κάλλος
3192 3355 3632 3424 ὲπιλυμὴνασθαι
3678 3356 4043 3409 διανίσταται.

2466 3448 2670 3517 ’Ἄνδρα
2699 3446 2832 3515 γοῦν
2858 3446 3133 3516 ἐπιζητῶν
3170 3447 3268 3516 τῆς
3301 3445 3435 3508 ἰδίας
3479 3447 3796 3515 σκαιότητος
3829 3447 4047 3512 ἁπάσης

2462 3539 2790 3610 χωρητικὸν,
2823 3541 3138 3609 ὲφευρίσκει
3167 3537 3330 3591 πλέον
3361 3539 3393 3606 ἢ
3423 3537 3703 3589 ἐϐούλετοι
3729 3538 3930 3590 Λέοντα
3955 3538 4047 3591 τιν

2464 3631 2769 3698 ἐξάγιστον,
2814 3630 2872 3694 ὃς
2917 3631 3226 3701 ’Λρμενίοις
3255 3646 3315 3682 τε
3357 3630 3451 3681 καὶ
3500 3631 3805 3698 Ἀσσυρίοις
3843 3632 4048 3683 ἐπανα-

2463 3723 2646 3790 φέρων
2683 3722 2745 3774 τὸ
2775 3723 2951 3790 γένος,
3000 3723 3110 3774 τῶν
3146 3721 3244 3792 μὲν
3291 3721 3540 3774 ἐπλούτει
3587 3721 3645 3773 τό
3683 3720 3912 3773 ὓπουλον
3955 3723 4048 3773 καὶ

2463 3814 2759 3884 κακόηθες,
2793 3814 2902 3866 τῶν
2934 3813 2991 3868 δὲ
3023 3815 3084 3866 τὸ
3113 3813 3376 3884 θηριῶδες
3410 3814 3490 3876 είς
3520 3812 3665 3866 ἅπαν
3697 3813 4044 3884 ἐκμιμούμεο

2465 3922 2578 3968 νος,
2621 3904 2822 3974 μᾶλλον
2857 3905 2954 3974 μὲν
2984 3904 3078 3958 οὖν
3116 3903 3311 3974 μακρῷ
3336 3904 3414 3972 τῷ
3451 3904 3598 3972 μέσῳ
3631 3903 3856 3965 τούτους
3883 3903 4047 3970 ύπερο

2465 3995 2826 4065 ϐαλλόμενος,
2888 3995 3152 4066 θηριωδίᾳ
3186 3995 3232 4026 ⁸⁵
3268 3995 3365 4064 μὲν
3413 3994 3629 4058 ἐξενίκα
3689 3994 3748 4046 τὸ
3792 3994 4044 4056 ὕπουλον,

2467 4089 2792 4158 ὑπουλότητι
2817 4088 2872 4140 δὲ
2905 4088 2967 4140 τὸ
2990 4087 3255 4157 θηριῶδες
3294 4087 3632 4156 παρέτρεχεν
3657 4101 3669 4114 ·
3704 4086 3919 4154 ἕτοιμος
3946 4087 4045 4153 μὲν

2464 4179 2791 4248 ψεύσασθαι,
2816 4179 2989 4241 δεινὸς
3018 4179 3061 4230 δ’
3083 4178 3353 4231 ἐπιθεῖναι
3374 4178 3418 4208 ⁸⁸
3438 4178 3622 4230 πίστιν
3651 4180 3760 4234 τοῖς
3782 4177 4048 4246 ἐψευσμέ-

2465 4289 2598 4335 νοις,
2628 4271 2828 4343 ἀρετὴν
2854 4270 3161 4342 ἡγούμενος
3190 4269 3290 4339 τὴν
3309 4271 3548 4339 ἀπάτην,
3585 4270 3679 4322 καὶ
3707 4269 3877 4341 ταύτῃ
3907 4270 4048 4321 κατὰ

2465 4362 2577 4416 τῶν
2634 4362 2986 4416 οἰκειοτάτων
3027 4360 3341 4430 χρώμενος.
3394 4360 3452 4422 ὃς
3501 4359 3603 4428 τῆς
3661 4359 3924 4430 “ea:ku
3957 4353 4049 4409 xi...

2467 4455 2638 4507 πολλὰ
2686 4455 3001 4526 τιμησάσης
3048 4452 3461 4517 κατεξαναστας
3512 4452 3807 4521 βασιλείας,
3859 4452 4050 4514 ἐξωθεῖ

2473 4548 2571 4618 μὲν
2588 4547 2685 4617 τῆς
2721 4547 3052 4616 Ἐκκλησίας
3072 4546 3163 4598 τὸν
3184 4544 3528 4614 παγκόσμιον
3555 4545 3647 4596 καὶ
3666 4545 3856 4597 ἄδυτον
3877 4543 4048 4612 ἥλιον,

2473 4638 2764 4703 συνεξωθεῖ
2790 4639 2845 4690 δὲ
2877 4639 3052 4709 τούτῳ
3081 4637 3192 4692 τῶν
3222 4638 3525 4708 ἀρχιερέων
3557 4635 3755 4708 μικροῦ
3787 4635 3895 4688 δεῖν
3924 4636 4050 4698 τοὺς

2471 4731 2747 4792 ἅπαντας·
2799 4729 2893 4781 καὶ⁸
2932 4727 3324 4801 τῆν’άνέκαθεν
3372 4727 3432 4793 ἐξ
3481 4729 3797 4781 ἀποστόλων
3848 4727 4050 4794 ταύτην

2470 4822 2774 4891 παράδοσιν
2825 4821 2956 4890 παρ’
2997 4821 3148 4873 οὐδὲν
3195 4822 3565 4890 ἡγησάμενος,
3624 4821 3899 4891 ὲξορύττει
3952 4821 4050 4889 μἐν

2468 4914 2709 4987 Χριστοῦ
2741 4916 2841 4985 τῆς
2885 4915 3036 4978 θείας
3072 4915 3275 4985 σαρκὸς
3308 4913 3368 4967 τδ
3410 4915 3696 4983 ὁμοίωμαο
3734 4912 4051 4980 συνεξορύτ-

2470 5027 2552 5061 τει
2587 5011 2642 5062 δὲ
2670 5009 2770 5078 τῆς
2799 5009 2991 5061 τούτου
3032 5008 3254 5078 Μητρός
3284 5009 3379 5060 καὶ
3422 5011 3641 5061 πάντων
3670 5007 3778 5060 τῶν
3805 5007 3848 5038 ⁸⁷
3882 5005 4053 5074 ἁγίων

2472 5104 2541 5153 τά
2573 5101 2748 5152 σεπτά
2775 5099 3153 5170 εἰκονίσματα,
3180 5101 3272 5152 καὶ
3300 5101 3396 5167 τὴν
3436 5099 3763 5168 Ἐκκλησίαν
3804 5099 4050 5168 ψηλαςη-

2471 5191 2566 5244 τοῦ
2592 5193 2818 5256 σκότους
2849 5192 3222 5263 ἐμπίμπλησι,
3259 5192 3438 5262 πολλῷ
3463 5193 3556 5245 τοῦ
3583 5192 3710 5262 παρ’
3739 5191 4050 5259 Αἰγυπτίοις

2472 5281 2876 5354 χαλεπωτέρου.
2932 5283 3211 5336 Ἐντεῦθεν
3243 5287 3308 5354 τῇ
3344 5283 3628 5354 Ἑλληνικῇ
3665 5285 3752 5354 βία
3797 5284 3893 5342 τὴν
3927 5298 4050 5351 προ·

2007 5587 2014 5600 ι
2064 5561 2297 5618 νΑΙιυε
2357 5564 2762 5623 LECTIONES.

895 5704 938 5734 ³³
973 5704 1205 5772 ἁφοιδῶς
1260 5703 1384 5758 Par.

801 5773 990 5843 cubita.
1023 5763 1200 5828 Ἰ³εη“.⁷
1223 5792 1329 5845 mg.
1433 5776 1478 5807 ⁸³
1519 5775 1574 5828 S.
1606 5763 1952 5844 'Nicrphorus

1486 5704 1530 5736 "
1560 5707 1794 5778 πρατεία
1819 5705 1944 5761 Par.
2021 5709 2064 5740 ⁶¹
2105 5725 2138 5778 p
2162 5720 2224 5764 :st
2261 5710 2472 5776 τούτοις
2509 5712 2743 5770 fortasse
2777 5715 2983 5770 excidit
3018 5715 3240 5787 μᾶλλον.

1519 5775 1574 5828 S.
1622 5775 1952 5832 Nicen/torus
2007 5781 2310 5832 patriarcha
2357 5798 2374 5832 :
2425 5801 2525 5832 mm
2563 5784 2663 5832 Lm
2714 5783 2805 5832 HI
2843 5784 2988 5832 Rom
3047 5788 3234 5832 ueniit-

2007 5791 2310 5844 patriarcha
2357 5798 2374 5834 .'

3345 5716 3390 5747 “
3411 5714 3612 5787 Nempe
3642 5716 3870 5770 Michael
3909 5717 4052 5772 Ran-

2425 5801 2525 5836 non
2563 5784 2663 5837 Leo
2713 5783 2805 5838 111
2842 5784 2990 5841 Rom.
3020 5783 3258 5855 'pontifu
3329 5800 3381 5840 ut
3418 5783 3586 5855 inepte
3645 5798 3880 5840 notatum
3914 5789 4053 5854 upul

800 5845 1037 5898 burium.
1075 5846 1193 5898 l'ar.
1239 5862 1346 5916 mg.
1431 5847 2015 5919 ⁶⁸προστητησαμενος
2055 5850 2176 5914 l’ar.
2254 5855 2296 5882 ιδ
2331 5854 2591 5922 θηριωδία
2632 5855 2755 5911 Par.
2833 5845 3300 5929 ⁶⁶ὲπιθῆναιιδαίλ
3395 5859 3437 5890 "
3471 5845 3577 5910 τιῖέν
3607 5872 3718 5912 om.
3752 5855 3874 5911 Pal.
