4408 6440
455 406 527 469 είᾶ
1657 415 2196 476 ΤΗΕΟΡΗΑΝΙΞε

1974 416 2166 476 ΑΝΙΞ
2188 416 2576 479 OFFICIUM.
3640 430 3712 496 46

458 527 678 597 ἀγνοίας
700 529 791 582 καὶ
821 528 1073 599 νεότητος
1103 527 1255 599 παρὰ
1287 527 1423 580 Θεοῦ
1444 527 1550 582 τῶν
1576 528 1724 599 ἐμῶν
1752 532 2034 595 ἀποκοπὰς
2064 541 2111 596 Α
2138 532 2194 602 lg

1970 532 2034 595 ὰς
2064 541 2111 596 Α
2138 532 2467 602 Ignorantia:
2498 548 2562 589 ac
2592 532 2897 603 juventutis
2914 533 3109 592 delicta
3141 551 3261 593 mea
3290 538 3470 595 divina
3506 541 3711 600 aboleri

458 620 962 691 αἰτησάμενος,ιὼς
996 622 1125 691 πρὶν
1154 621 1366 673 ἐκείνου
1393 620 1488 674 τοῦ
1543 624 1609 692 τῇ
1640 626 1705 703 σῇ
1738 622 1879 695 Θήκῃ
1935 625 2029 678 τὸν
2135 624 2199 678 Cll

1971 625 2029 678 ὸν
2135 624 2425 679 clementia
2467 638 2726 689 exorans,
2778 626 2857 681 uti
2908 628 3184 697 quondam
3234 630 3404 698 illius,
3466 634 3560 704 qui
3614 645 3712 693 tuo

458 710 664 783 χάρτην
693 711 1318 782 ἀναθεμένου,λαμπρὸν
1350 712 1661 782 ⁸ινροονιιάτην
1679 714 1772 766 τοῦ
1796 715 2029 785 φοϐεροῦ
2131 715 2198 770 ch

1969 716 2029 770 οὗ
2131 715 2383 770 chartam
2419 715 2683 785 imposuit
2725 716 2928 783 loculo,
2983 720 3302 790 praeclarum
3358 733 3410 779 te
3438 726 3573 781 mihi
3611 744 3710 799 pa-

460 801 702 873 βήματος
732 800 1074 867 ὲναπόδειξον
1094 816 1106 829 ·
1142 801 1238 853 τοῦ
1261 800 1382 854 καθ’
1412 802 1570 871 ἡμῶν
1608 802 1870 857 κακίστου
1900 804 2022 873 966‘-
2134 817 2201 862 trt

1965 804 2022 857 »ὄλ
2134 817 2351 862 tronqu
2389 817 2516 863 ante
2544 808 2751 879 judicis
2781 813 3121 867 tremendum
3150 815 3386 870 tribunal
3412 820 3706 876 ostendito.

456 907 549 942 νου
580 892 647 944 τὰ
679 892 878 962 κέντρα
911 891 1225 962 παραδόξως
1264 891 1567 961 ἀμϐλύνας,
1604 894 1909 966 ἁνωτέρους
1933 896 2034 966 τῆς
2136 897 2197 955 Pe

1968 896 2034 966 ἧς
2136 897 2393 955 Pessimae
2423 909 2611 954 contra
2638 916 2740 957 nos
2786 902 3025 959 incitata:
3046 905 3262 962 invidia:
3278 908 3382 963 tela
3423 911 3561 966 mira
3584 912 3709 967 dex-

457 980 568 1035 τῶν
599 982 886 1052 βασκάνων
936 984 1264 1054 διατήρησον
1303 983 1531 1053 λοίμης·
1567 985 1632 1037 ἵν’
1685 987 2034 1059 ἀπρόσκοπον
2139 1000 2198 1045 te:

1965 1006 2034 1042 τον
2139 991 2357 1046 teritate
2395 993 2726 1058 detundcns,
2763 993 2832 1048 ab
2872 995 3180 1052 invidorum
3216 1009 3364 1068 peste
3388 1009 3534 1056 tutos
3566 1003 3706 1058 inte-

456 1072 545 1126 δια
578 1074 674 1126 σοῦ
704 1074 803 1143 τὴν
826 1077 925 1145 τῆς
959 1074 1234 1145 σωτηρίας
1256 1074 1563 1138 διανύοντες
1585 1076 1791 1146 τρίϐον,
1822 1079 1882 1131 τὸ
1911 1081 2033 1133 ἐπι-

455 1164 628 1219 νίκιον
666 1166 767 1235 τῆς
810 1169 911 1237 σῆς
939 1169 1143 1238 σεπτῆς
1181 1167 1461 1238 ἀριστείας
1504 1171 1599 1222 σὺν
1630 1170 1865 1243 εὐθυμία
1892 1190 2031 1226 παν-

452 1257 823 1328 ηγυρίζωμεν,
865 1260 923 1312 ἐν
977 1259 1200 1330 Χριστῷ
1237 1259 1410 1331 Ἰησοῦ
1443 1260 1520 1333 τῷ
1537 1263 1745 1334 Κυρίῳ,
1776 1257 1820 1331 ᾧ
1852 1260 2034 1333 ἠδόξει

452 1350 547 1402 καὶ
579 1350 640 1403 τὸ
674 1352 872 1422 κράτος
902 1354 959 1415 ἐς
993 1353 1079 1407 ἀεί
1106 1353 1172 1407 ⁸⁷.

2131 1098 2368 1152 grosque
2392 1099 2659 1141 conserva
2694 1102 2707 1138 :
2755 1096 2813 1141 ut
2853 1089 2970 1144 sine
3007 1089 3311 1151 otIensione
3341 1095 3707 1162 praesidiotuo

2131 1176 2325 1232 salutis
2371 1178 2622 1233 semitam
2653 1180 3030 1249 conﬁcientes,
3083 1187 3380 1241 venerandi
3432 1188 3510 1242 tui
3535 1197 3708 1243 certa-

2132 1268 2299 1324 minis
2323 1279 2525 1339 tropaea
2562 1271 2703 1327 laetis
2733 1274 2935 1330 animis
2970 1276 3343 1345 celebremus;
3398 1280 3453 1334 in
3483 1279 3706 1336 Christo

2130 1356 2261 1413 Jesu
2289 1359 2515 1416 Domino
2540 1374 2727 1423 nostro
2758 1383 2771 1419 :
2804 1366 2892 1420 cui
2920 1366 3092 1436 gloria
3122 1369 3481 1441 etimperium
3518 1372 3572 1427 in
3602 1388 3704 1429 sa:-

2133 1452 2255 1505 cula
2282 1455 2628 1510 seculorum.

988 1704 1072 1757 T0
1103 1706 1281 1775 ΑΥΤῼ
1313 1705 1501 1761 ΜΗΛἸ
1533 1701 1580 1733 ⁸⁸
1628 1707 1742 1770 IB',
1795 1708 1923 1759 ΤΟΥ
1957 1709 2172 1762 ΟΣΙΟΥ
2203 1711 2488 1762 ΠΛΤΡΟΣ
2518 1712 2728 1764 ΗΜΩΝ
2756 1712 3171 1767 ΘΕΟΦΑΝΟΥΣ

1367 1821 1511 1881 ΤΟΥ
1566 1826 2073 1880 ΟΜΟΛΟΓΗΤΟΥ
2115 1828 2251 1880 ΤΗΣ
2300 1828 2778 1884 ΣΙΓΓΡΙΛΛΉΣ.

680 2125 996 2191 MENSIS
1051 2130 1371 2195 MABTIS
1426 2131 1578 2192 DIE
1634 2133 1735 2200 12,
1787 2135 2099 2201 SANCTI
2151 2138 2455 2201 PATRIS
2511 2139 2819 2203 NOSTRI
2874 2141 3423 2219 THEOPHAHIS

1266 2249 1832 2319 CONFESSORIS
1904 2256 2393 2334 SINGRIANJE
2457 2259 2869 2325 MONACIII.

2012 2436 2083 2448 —

438 2499 543 2562 εἰς
603 2495 669 2549 τὸ
730 2516 749 2549 ι
786 2500 983 2569 Κύριε,
1017 2501 1356 2587 ἐκέκραξα-ι,
1403 2524 1423 2558 ι
1457 2512 1768 2578 στιχηρόν.
1827 2509 2019 2586 Ἦχος
2051 2532 2092 2587 Β

1083 2574 1268 2644 πλὰγ.
1298 2576 1368 2629 δ’.

754 2680 821 2735 Ὢ
851 2680 959 2735 τοῦ
991 2683 1333 2751 παραδόξου
1354 2688 1651 2758 θαύματος
1672 2692 1694 2743 .'

506 2790 689 2861 Πάτερ
725 2790 955 2862 θεόφρον
977 2794 1270 2866 Θεόφανες,
1304 2798 1624 2869 Θεοφανείας
1654 2806 1890 2876 Χριστοῦ
1920 2826 2010 2865 κεν

436 2876 703 2946 κλημένος
761 2880 1069 2950 ἐπώνυμος,
1127 2884 1430 2956 ζωηφὸροις
1488 2888 1659 2960 ἴχνεσι
1691 2896 1804 2957 τοῖς
1842 2897 2008 2951 αὑτοῦ

435 2965 806 3037 ἠκολούθησας
830 3010 845 3031 ,
882 2970 977 3026 καὶ
1022 2972 1091 3025 τά
1141 2975 1349 3043 τερπνὰ
1386 2976 1480 3030 τοῦ
1516 2978 1637 3047 βίου
1689 2983 2003 3050 κατέλιπες,

433 3059 753 3123 ὲνατενίζων
770 3060 846 3130 τῷ
870 3061 1191 3135 ποθουμένῳ
1213 3084 1294 3120 σοι
1318 3069 1521 3134 κάλλει,
1544 3072 1843 3144 πανάριστε
1868 3095 1882 3109 ·
1914 3080 2007 3133 καὶ

432 3151 553 3212 ταῖς
586 3150 758 3213 θείαις
783 3152 998 3206 νεύσεσι
1027 3158 1146 3219 ταῖς
1178 3159 1316 3228 πρὸς
1354 3161 1518 3215 αὐτὸν
1550 3163 1749 3235 ἄριστα
1779 3168 2005 3241 θεούμε-

434 3256 523 3303 νος
552 3242 646 3294 καὶ
670 3242 997 3299 τελεώτατα.

1073 3359 1333 3428 Ὅμοιον.

501 3462 683 3534 Πάτερ
704 3463 932 3536 Θεόφρον
952 3467 1243 3538 Θεόφανες,
1278 3473 1575 3547 ὑπερορίας
1610 3479 1812 3550 πικρὰς
1842 3481 2002 3535 ἀσθε-

433 3552 537 3615 νῶς
584 3553 924 3626 διακείμενος
976 3563 1263 3632 καρτερῶς
1302 3565 1650 3636 ὑπήνεγκας,
1707 3572 2003 3644 ἀφειδήσας

426 3644 521 3697 τοῦ
574 3647 822 3716 σώματος
860 3651 997 3722 ὑπὲρ
1051 3653 1265 3707 σεπτῶν
1328 3659 1577 3724 εἰκόνων,
1638 3663 1999 3735 πανεύφημε·

429 3735 585 3805 θυμῷ
626 3737 854 3793 λεόντων
898 3741 1272 3813 ἐξοριζόμενος
1298 3746 1373 3811 ὡς
1415 3752 1851 3824 κατορχούμενος
1903 3756 2002 3820 τὰς

428 3824 624 3894 βουλὰς
646 3830 953 3900 ἐμώρανας,
1004 3835 1097 3887 καὶ
1128 3835 1421 3907 λογισμοὺς
1457 3840 1625 3906 ὅντως
1673 3845 2002 3916 ματαιόφρο-
2026 3877 2070 3939 C

427 3935 524 3983 νας
554 3920 648 3974 καὶ
674 3921 797 3975 νοῦν
831 3924 1124 3999 ἀλάστορα.

1077 4126 1345 4196 Ὅμοιον.

500 4233 703 4297 Ὄντως
745 4236 981 4305 αμοιϐάς
1011 4239 1120 4291 τῶν
1142 4241 1317 4295 πόνων
1352 4259 1447 4295 σου
1477 4245 1584 4298 τῶν
1609 4245 1825 4314 ἀγαθῶν
1860 4249 1888 4301 ὁ
1916 4249 2000 4304 δο-

422 4325 527 4393 τὴρ
556 4324 788 4393 δαψιλῶς
840 4345 921 4380 σοι
966 4329 1287 4403 δεδώρηται,
1340 4334 1662 4389 ἀπελαύνειν
1714 4338 1997 4410 δαίμονας,

422 4415 745 4482 θεραπεύειν
784 4420 1068 4489 νοσήματα
1108 4424 1494 4494 παρεσχηκὼς,
1527 4430 1867 4501 τρισμάκαρ,
1900 4433 1997 4501 τὴν

420 4506 647 4577 δύναμιν
670 4526 685 4541 ·
720 4513 1060 4582 κατηξιώθης
1089 4516 1183 4568 καὶ
1213 4516 1315 4584 τῆς
1344 4518 1624 4587 ἀφράστου
1664 4524 1839 4590 χαρᾶς
1867 4522 1997 4576 ἔνθα

422 4600 704 4669 χορεύουσι
734 4601 842 4654 τῶν
869 4604 1115 4671 ἀγγέλων
1145 4605 1423 4676 τάγματα,
1451 4608 1542 4661 διὰ
1593 4610 1792 4673 παντὸς
1824 4612 1995 4682 πρόσ-

422 4708 569 4743 ωπον
599 4691 871 4761 θεώμενος
890 4695 984 4747 τοῦ
1010 4700 1469 4771 παντοκράτορος.

419 4804 628 4858 Κανὼν
686 4808 793 4861 τοῦ
837 4811 1028 4887 cipiat).
1057 4808 1128 4867 οὗ
1155 4814 1197 4887 fi)
1227 4812 1598 4887 ἀκροστιχίςο
1640 4833 1659 4869 ι
1693 4818 1996 4887 Θεοφάνης

784 4881 1003 4947 μέλπει
1025 4898 1087 4934 τε
1108 4882 1213 4935 τὸν
1247 4881 1577 4952 Θεοφάνην.
1611 4904 1631 4938 ι

430 4986 537 5057 ᾬδ.
575 4988 645 5055 α’,
699 4985 790 5060 ἦχ.
841 4990 903 5045 δ’.
951 4993 1279 5061 Θαλάσσης
1311 4995 1379 5049 τὸ
1426 4997 1764 5072 Ἐρυθραῖον
1810 5000 1993 5056 πέλα-

488 5150 625 5203 Θεοῦ
664 5152 760 5205 τοῦ
797 5154 963 5223 σαρκὶ
995 5157 1251 5224 φανέντος
1287 5156 1486 5229 ἴχνεσιν
1525 5161 1985 5236 ἐπηκολούθησας,

419 5243 476 5295 ὲν
504 5244 774 5317 εὐσεϐείᾳ,
839 5247 1037 5318 Πάτερ,
1100 5249 1431 5322 πυρσωθεὶς,
1470 5251 1544 5316 ὼς
1581 5254 1832 5309 ἐντεῦθεν
1885 5258 1984 5327 τὴν

417 5330 605 5401 κλῆσιν
633 5334 880 5388 πλουτεῖν
910 5338 1007 5408 τὴν
1033 5338 1247 5408 ἀληθῶς
1302 5340 1642 5411 φερώνυμον,
1674 5345 1749 5409 ὡς
1772 5348 1836 5417 τῇ
1867 5363 1992 5418 *προ⁶

417 5423 538 5494 νοίᾳ
562 5427 965 5495 προτετύπωτο.

498 5514 791 5587 Ἐθέλχθης
849 5519 1215 5593 ποθεινοτάτῳ
1255 5522 1420 5593 ἔρωτι
1466 5526 1543 5595 τῷ
1584 5527 1678 5591 τοῦ
1717 5531 1989 5585 Δεσπότου

414 5623 509 5661 σου
543 5612 947 5682 καταφρονῆσαι
973 5615 1137 5669 πόθου
1164 5620 1428 5689 κοσμικοῢ
1451 5638 1465 5652 ·
1496 5623 1821 5693 συγκραθεὶς
1844 5627 1901 5683 δὲ
1924 5629 1990 5697 τῇ

2268 2522 2347 2581 Ad
2380 2539 2616 2592 vesperae
2656 2524 2966 2579 versiculus.
3022 2524 3198 2589 Touus
3221 2527 3461 2599 obliquus
3486 2530 3540 2586 4.

2171 2754 2183 2778 ί
2575 2706 2620 2761 0
2655 2722 2841 2760 novum
2864 2707 3173 2771 miraculum
3194 2710 3215 2762 Ι

2183 2796 2377 2852 Divino
2403 2812 2567 2855 sensu
2622 2797 2845 2866 praedite
2873 2798 3031 2853 Pater
3057 2798 3438 2870 Theophanes,
3461 2818 3493 2860 a
3530 2803 3689 2862 Chri-

2112 2887 2181 2940 sti
2206 2901 2406 2941 nomen
2453 2887 2684 2941 sortitus
2714 2887 3077 2957 apparitione,
3131 2889 3249 2959 ejus
3280 2891 3493 2947 viviﬁca
3528 2908 3686 2961 pres-

2110 2978 2230 3033 sisti
2258 2978 2505 3048 vestigia,
2544 2994 2609 3034 ac
2656 2980 2839 3033 seaculi
2880 2980 3150 3050 reliquisti
3182 2981 3600 3053 oblectamenta,
3627 2988 3682 3041 iu

2109 3068 2472 3124 desideratam
2503 3068 2597 3124 tibi
2634 3070 3093 3140 pulchritudinem
3145 3073 3329 3128 animo
3368 3074 3678 3143 intendens,

2111 3176 2144 3215 ο
2176 3161 2260 3215 vir
2292 3162 2519 3231 optime,
2552 3163 2846 3233 divinaque
2877 3164 2931 3227 in
2955 3179 3072 3218 eam
3111 3168 3473 3234 propensione
3505 3169 3680 3235 deita-

2108 3262 2215 3309 tem
2266 3255 2527 3323 przeclare
2556 3270 2621 3309 ac
2650 3256 3048 3325 perfectissime
3068 3258 3322 3314 indueus.

2772 3370 2999 3429 Similis.

2180 3480 2374 3536 Divino
2417 3498 2582 3539 sensu
2611 3485 2835 3554 praedite
2859 3485 3019 3541 Pater
3038 3485 3423 3558 Theophanes,
3445 3489 3675 3547 molesta

2106 3575 2295 3629 exsilia
2341 3591 2465 3629 cum
2501 3576 2771 3631 imbecillo
2817 3594 2969 3634 esses
2992 3594 3220 3648 corpore
3260 3580 3472 3639 fortiter
3508 3583 3676 3636 susti-

2106 3667 2295 3733 nuisti,
2328 3668 2528 3723 oblitus
2551 3671 2763 3739 corpori
2789 3684 3013 3739 parcere
3050 3670 3122 3725 ob
3157 3674 3494 3727 venerandas
3538 3674 3676 3727 ima-

2105 3760 2279 3830 gines,
2306 3760 2388 3813 vir
2443 3762 2782 3829 clarissime;
2822 3763 3020 3818 exsilio
3064 3765 3357 3835 relegatus,
3390 3765 3529 3821 velut
3580 3768 3675 3836 qui

2107 3850 2337 3905 leoninae
2397 3850 2631 3909 feritatis
2667 3857 2782 3909 viro
2863 3856 3181 3922 insultares,
3237 3858 3466 3915 consilia
3528 3858 3677 3915 fatua

2104 3943 2417 4009 ostendisti,
2450 3961 2685 4018 vereque
2713 3948 2908 4004 stultas
2932 3951 3294 4018 cogitationes
3325 3967 3389 4006 ac
3439 3963 3671 4008 mentem

2104 4034 2522 4105 nequissimam.

2692 4156 2696 4162 ’
2781 4152 3007 4206 Similis.

2174 4264 2315 4321 Vere
2365 4256 2613 4322 laborum
2665 4282 2803 4337 quos
2836 4268 3068 4337 posuisti
3117 4268 3340 4338 pramia
3401 4270 3669 4325 bonorum

2102 4357 2198 4411 tibi
2229 4357 2387 4412 dator
2422 4358 2694 4413 uberrime
2719 4359 2964 4424 donavit,
3015 4361 3123 4415 vim
3153 4365 3401 4430 praebens
3448 4363 3672 4435 fugandi

2098 4449 2395 4514 daemones,
2416 4451 2743 4521 morbosque
2768 4453 3018 4518 curandi,
3041 4468 3073 4505 ο
3105 4464 3185 4507 ter
3214 4454 3389 4510 beate.
3425 4456 3673 4512 Accessit

2098 4552 2152 4596 et
2181 4543 2434 4611 gaudium
2466 4545 2631 4605 nullis
2661 4547 2843 4601 verbis
2868 4548 3209 4616 cxplicabile,
3243 4539 3669 4618 ubiangelorum

2099 4635 2317 4703 agmina
2360 4636 2561 4693 choros
2583 4637 2808 4703 ducunt,
2836 4638 3061 4708 ipseque
3083 4654 3296 4710 semper
3318 4642 3464 4695 omni
3472 4650 3668 4713 poten-

2099 4728 2171 4781 tis
2206 4727 2411 4781 vultum
2445 4730 2853 4799 contempleris.

2098 4840 2281 4896 Canon
2308 4842 2362 4894 in
2386 4841 2715 4918 S._laude_m,
2737 4843 2894 4912 cujus
2920 4846 3278 4918 acroaticltis:
3325 4845 3660 4918 Theophanes

2456 4911 2822 4981 Theophanem
2856 4916 3082 4969 modulis
3120 4916 3284 4970 cauit.

2271 5023 2383 5080 Ode
2407 5042 2447 5091 ι,
2492 5034 2654 5083 tonus
2678 5029 2732 5082 4.
2799 5027 2969 5084 Μαι-ξε
3000 5032 3216 5085 rubrum
3248 5031 3484 5104 pelagus.

2166 5179 2258 5234 Dei
2292 5180 2385 5249 qui
2448 5181 2503 5235 in
2550 5197 2714 5239 carne
2740 5186 2993 5255 apparuit
3023 5187 3251 5259 vestigia
3304 5198 3527 5244 secutus
3572 5204 3655 5256 es,

2092 5271 2251 5329 Pater
2272 5274 2489 5344 pietatis
2533 5279 2654 5333 luce
2686 5280 2951 5350 illustris;
2979 5291 3038 5336 ut
3070 5282 3194 5337 inde
3208 5298 3503 5355 congruam
3531 5300 3657 5340 vere

2091 5366 2329 5422 nominis
2351 5369 2771 5440 appellationem
2802 5369 3031 5428 feliciter
3057 5383 3383 5435 consecutus
3415 5375 3513 5440 sis,
3555 5391 3655 5446 pro

2088 5472 2154 5511 eo
2187 5473 2250 5514 ac
2277 5462 2613 5527 providentia
2650 5464 2976 5531 praeﬁnitum
3007 5475 3144 5520 erat.

2161 5544 2487 5603 Dulcissimo
2534 5549 2747 5605 Domini
2798 5553 2875 5609 tui
2920 5567 3108 5608 amore
3152 5553 3410 5610 deliuitus
3459 5569 3539 5620 es,
3592 5562 3654 5613 ut

2091 5638 2273 5692 saeculi
2303 5654 2544 5698 amorem
2582 5651 2961 5709 contemneres
2990 5663 3003 5703 :
3037 5660 3204 5719 porro
3246 5654 3428 5704 autem
3474 5646 3653 5719 gratia

1690 5741 1921 5800 VARIAE
1952 5745 2355 5812 LECTIONES.

478 5823 523 5857 ⁸⁷
557 5826 613 5891 ἐς
637 5826 748 5900 ἀεὶ]
768 5828 858 5883 καί
882 5828 1005 5887 Par.
1100 5833 1146 5867 ⁸³
1172 5834 1275 5893 for.
1300 5836 1378 5908 τῷ
1403 5837 1633 5910 Μαρτίῳ
1664 5840 1816 5910 μηνί.
