4408 6440
737 353 803 416 Π
1908 355 2399 420 THEOPHANIS
2451 361 2843 425 OFFlCIUM.
3542 365 3548 370 ‘
3936 374 4006 438 ts
4084 406 4091 415 ε

742 472 1007 535 imbutus,
1045 467 1233 523 mundi
1273 467 1455 524 dulcia
1476 464 1855 537 uihililecisti,
1886 487 2152 546 perquam
2186 476 2315 532 bca-
2346 486 2400 542 Α,
2424 480 2483 549 χά

2263 492 2315 531 a-
2346 486 2400 542 Α,
2424 480 2886 553 χάριτι⁶βιοτικὴν
2919 485 3265 556 τερπνότητα
3297 485 3449 542 οὐδὲν
3500 488 3708 561 ἡγήσω,
3767 508 4004 564 παμμα-

743 563 976 619 tissime.

808 654 989 710 Ferali
1020 654 1183 709 modo
1231 654 1449 708 irruens
1484 652 1593 710 Leo
1644 662 1911 725 tyrannus
1960 657 2164 714 electos
2199 676 2321 730 per-

742 758 963 803 secutus
1006 755 1109 811 est,
1170 760 1277 799 non
1320 744 1499 822 ferens
1560 746 1746 801 videre
1781 746 1983 803 Christi
2025 750 2317 822 imaginem

742 839 1149 895 venerationem
1210 820 1457 892 habere:
1512 851 1635 890 cum
1692 840 1890 907 quibus
1920 850 1971 895 te
1998 820 2234 912 quoque,
2284 860 2317 898 ο

742 933 1122 1003 Theophanes,
1158 928 1439 984 damnavit
1465 930 1683 999 exsilio.

936 1048 1051 1103 Ode
1114 1048 1168 1115 5,
1210 1057 1433 1102 tractus.
1488 1046 1610 1101 Non
1641 1050 1695 1102 in
1729 1051 2013 1118 sapientia.

794 1142 983 1197 Divina
1006 1144 1200 1214 plehus
1232 1145 1371 1209 luce,
1389 1143 1770 1214 'fheOphanes,
1796 1147 2313 1215 apparuisti,chari-

727 1239 853 1293 tatis
879 1238 931 1292 vi
965 1238 1274 1292 desiderato
1302 1239 1605 1303 cohaerens,
1643 1244 1676 1291 0
1709 1238 1865 1293 beate
1903 1256 1916 1291 :
1947 1254 2067 1293 eam
2092 1241 2162 1296 ob
2194 1258 2307 1297 rem

725 1333 1018 1400 gloriosam
1044 1341 1193 1386 tuam
1231 1331 1552 1386 memoriam
1577 1346 1925 1385 veneramur.

795 1421 961 1491 Impia
1004 1420 1201 1475 Leonis
1239 1422 1495 1489 dogmata
1538 1420 1635 1473 tibi
1677 1421 2014 1476 iuterdiccns
2080 1421 2167 1492 pie
2209 1425 2305 1477 ad-

724 1513 946 1568 modum
978 1511 1311 1566 coufirmasti
1360 1494 1615 1565 Ecclesia:
1636 1512 1819 1581 leges:
1861 1514 2217 1583 quamobrem
2256 1526 2305 1570 te

722 1605 977 1659 Christus
1002 1604 1208 1659 clarum
1248 1603 1530 1658 miraculis
1553 1604 1755 1657 eﬂ'ecit.
1800 1586 1807 1593 ι

797 1699 1124 1765 Roboratus,
1174 1698 1256 1752 vir
1286 1708 1494 1761 sancte,
1529 1699 1746 1755 animus
1797 1700 1935 1768 spei,
1988 1711 2151 1772 atque
2178 1702 2301 1758 fidei

723 1792 999 1857 firmitate,
1069 1790 1248 1847 carnis
1295 1791 1726 1846 imbecillitatem
1786 1792 2052 1859 roborat;
2113 1796 2301 1866 utique

721 1901 1045 1941 conservum
1079 1898 1280 1954 corpus
1315 1885 1422 1937 Deo
1449 1883 1775 1939 concilians.

1077 1995 1288 2061 Sessio,
1318 2004 1480 2050 tonus
1504 1996 1556 2049 ’5.
1592 1994 1785 2049 Divina
1817 1996 1941 2065 ﬁde.

796 2092 984 2145 Divina
1016 2090 1273 2159 praeditus
1302 2089 1671 2153 aamulatioue,
1710 2090 1936 2159 impiutn
1970 2091 2170 2160 dogma
2200 2092 2295 2145 de-

722 2193 952 2239 testatus
983 2198 1066 2247 es,
1118 2180 1412 2249 multisque
1465 2195 1527 2233 ac
1559 2181 1727 2235 variis
1783 2182 2040 2249 periculis
2086 2198 2145 2237 es
2202 2183 2297 2238 de-

720 2277 966 2341 functus,
997 2275 1198 2346 injuste
1228 2274 1546 2343 deportatus
1579 2274 1796 2336 exsilio,
1827 2276 2043 2343 pieque,
2096 2290 2128 2329 ο
2167 2275 2296 2329 bea-

720 2371 952 2436 tissime,
984 2376 1420 2424 consummatus.
1474 2366 1636 2420 Pater
1666 2364 2047 2435 Theophanes,
2076 2367 2296 2422 Christo

718 2462 828 2517 Deo
860 2462 1123 2533 supplica,
1150 2471 1210 2515 ut
1235 2476 1425 2529 magna
1459 2474 1559 2514 nos
1585 2458 1956 2513 misericordia
1988 2448 2170 2515 donet.
2226 2488 2235 2503 ο

850 2578 964 2634 Ode
994 2579 1046 2631 4.
1087 2576 1374 2632 Sublimem
1401 2576 1600 2651 elatum
1650 2576 1824 2629 videns
1855 2585 1901 2628 te
1930 2574 2184 2630 Erclesia.

785 2672 1061 2728 leorum
1099 2670 1193 2724 tibi
1248 2683 1498 2738 regnum,
1534 2668 1615 2720 vir
1650 2677 1859 2731 sancte,
1909 2678 2158 2737 paratum
2214 2680 2296 2726 est

717 2774 979 2834 tanquam
1025 2763 1241 2817 athleta:
1274 2780 1285 2814 :
1319 2772 1537 2815 terreno
1578 2762 1722 2814 enim
1758 2762 2113 2817 tabernaculo
2165 2780 2297 2834 gau-

717 2857 852 2928 deus
872 2854 1176 2909 translatus
1195 2868 1254 2908 es
1294 2852 1538 2907 clamans
1572 2851 1799 2906 Domino
1832 2870 1845 2905 :
1892 2852 2077 2909 Gloria
2105 2866 2297 2925 poten-

718 2951 807 3002 tiae
842 2956 968 3009 tum,
1006 2944 1256 2999 Domine.

788 3039 1169 3109 Triumpltator
1190 3036 1551 3106 TheOphanes
1574 3036 1796 3092 effectus
1818 3051 1896 3092 es.
1918 3036 2295 3093 Venerandam

717 3134 918 3204 quippe
958 3131 1164 3185 Christi
1211 3131 1440 3199 etligiem
1496 3146 1601 3184 nou
1653 3130 1892 3185 abnuisti
1932 3131 2130 3195 colere,
2186 3130 2296 3185 Deo

2425 588 2674 643 καριστε.

2509 664 2791 737 Ὀρμήσας
2820 665 3099 740 θηριωδῶς
3132 672 3317 741 ἐδίωξε
3346 673 3496 727 Λέων
3522 674 3551 727 ὀ
3588 674 3848 745 τύραννος
3878 676 4004 740 τοὺς

2422 759 2733 827 ἐκλεκτοὺς,
2780 763 2854 832 μὴ
2911 764 3094 833 φέρων
3126 768 3610 837 όρᾷντιμωμένην
3659 769 3842 821 εὲκόνα
3871 770 4005 839 Χρι-

2422 852 2569 905 στοῦ.
2591 854 2725 906 Μεθ’
2757 851 2831 910 ὧν
2867 858 2957 910 καὶ
2991 858 3071 923 σὲ,
3103 858 3396 928 Θεόφανες,
3421 861 3686 932 ὑπερορίᾳ
3715 860 4002 915 κατεδίκα-

2418 959 2529 999 σεν.

2683 1061 2792 1131 ’ῼδ.
2827 1068 2898 1130 γ’.
2938 1064 2996 1117 'O
3028 1065 3243 1135 είρμός.
3283 1069 3406 1119 Οὐκ
3442 1067 3509 1118 ἐν
3546 1069 3753 1136 σοφίᾳ.

2482 1150 2663 1215 Φωτὸς
2708 1153 2803 1207 τοῦ
2835 1155 2980 1208 θείου
3010 1158 3397 1228 πεπλησμένος
3422 1158 3666 1228 ὡράθης,
3706 1160 3997 1229 Θεόφανες,

2410 1240 2477 1293 δι’
2500 1243 2722 1314 ἀγάπης
2758 1248 3085 1318 συγκραθεὶς
3108 1250 3184 1320 τῷ
3217 1250 3562 1323 ποθουμένῳ,
3601 1253 3870 1324 μακάριε·
3914 1254 3996 1306 διὸ

2412 1333 2504 1387 σοῦ
2530 1337 2630 1406 τὴν
2663 1337 2865 1403 ἔνδοξον
2890 1342 3110 1412 μνήμην
3133 1344 3485 1414 γεραίρομεν.

2494 1425 2905 1498 Ἀπαγορεύσας
2947 1432 3017 1483 τὰ
3042 1432 3277 1504 δυσσεϐῆ
3331 1432 3425 1486 τοῦ
3466 1434 3698 1497 Λέοντος
3728 1435 3995 1505 δόγματα,

2406 1516 2532 1578 τοὺς
2560 1516 2797 1588 θεσμοὺς
2831 1523 3177 1587 πανευσεὸὦς
3232 1528 3330 1596 τῆς
3395 1527 3594 1597 Ἐκκλη
3610 1528 3721 1591 σίας
3760 1530 3993 1599 ἐκράτυι

2406 1624 2501 1669 νας
2522 1624 2535 1637 °
2572 1608 2653 1661 διὸ
2686 1610 2743 1662 σὲ
2775 1611 3017 1683 θαύμασι
3046 1616 3280 1686 Χριστὸς
3303 1617 3545 1683 ἐδόξασε.

2431 1757 2441 1766 ο
2476 1700 2881 1774 Νενευρωμένή
2904 1706 3004 1775 τῆς
3061 1708 3276 1772 ἐλπίδος
3318 1712 3413 1762 καὶ
3444 1712 3704 1777 πίστεως,
3737 1714 3872 1779 ὄσιε,
3899 1714 3991 1783 τῆς

2406 1793 2606 1863 σαρκὸς
2652 1796 2712 1849 τὸ
2737 1799 2959 1862 ἀσθενὲς
2990 1801 3136 1872 ψυχὴ
3180 1805 3513 1877 στερρότητι
3572 1809 3827 1875 ῥώννυσι,
3876 1807 3994 1879 Θεῴ

2331 1874 2372 1928 Β
2401 1883 2733 1940 οἰκειώσασα
2760 1889 2916 1960 σῶμα
2937 1892 3248 1964 ὁμόδουλον.

2667 2004 2947 2075 Κάθισμα.
2990 2003 3085 2078 ἦχ.
3119 2008 3187 2077 γ’.
3224 2011 3399 2077 Θείας
3442 2014 3723 2079 πίστεως.

2469 2094 2638 2165 Ζῆλον
2669 2095 2852 2150 ἔνθεον
2899 2103 3411 2171 προσκεκτημένος,
3463 2104 3643 2174 δόγμα
3697 2105 3865 2159 ἄθεον
3893 2106 3994 2157 ἀπ-

2399 2186 2687 2254 εὸδελύξω,
2713 2189 2807 2241 καὶ
2832 2191 3097 2255 κινδύνοις
3126 2196 3489 2265 πολυτρόποις
3504 2198 3807 2268 ὡμίλησας,
3828 2200 3991 2266 ὑπερ·

2398 2279 2577 2349 ορίαις
2609 2280 2809 2344 ἀδίκως
2860 2283 3212 2350 στελλόμενος
3243 2289 3332 2339 καὶ
3355 2290 3617 2353 εὐσεϐῶς,
3642 2293 3981 2361 παμμακαρ,

2396 2371 2794 2439 τελειούμενος.
2852 2375 3035 2445 Πάτερ
3099 2377 3393 2446 Θεόφανες,
3453 2382 3688 2451 Χριστὸν
3732 2385 3823 2436 τὸν
3857 2385 3988 2438 Θεὸν

2399 2463 2605 2517 ἱκέτευε
2642 2463 2988 2536 δωρήσασθαι
3019 2469 3149 2536 ἡμῖν
3182 2470 3241 2521 τὸ
3272 2471 3417 2540 μέγα
3450 2473 3624 2537 ἔλεος.

2477 2576 2587 2645 ᾮξ.
2619 2576 2679 2630 δ’.
2733 2555 3100 2647 Ἐπαρθένέα
3139 2599 3211 2635 σε
3241 2582 3455 2639 ἰδοῦσα
3490 2587 3526 2653 ἠ
3568 2586 3925 2656 Ἐκκλησία.

2479 2666 2543 2719 'H
2564 2669 2812 2738 οὐράνιος
2856 2673 3187 2741 ἡτοίμασται
3225 2674 3473 2743 βασιλεία
3516 2677 3589 2741 ὡς
3623 2679 3826 2751 ἀθλητῇ
3879 2699 3982 2745 σοι,

2398 2757 2602 2823 ἔνδοξε·
2643 2760 2741 2829 τῆς
2766 2762 2874 2831 γὰρ
2899 2763 3143 2831 ἐπιγείου
3180 2766 3387 2836 χαίρων
3425 2771 3722 2840 μετετέθης
3755 2774 3983 2843 σκηνῆς,

2399 2850 2539 2921 βοῶν
2568 2852 2646 2923 τῷ
2669 2855 2916 2925 Δεσπότῃ
2946 2872 2955 2886 ·
2985 2856 3121 2920 Δόξα
3150 2860 3213 2927 τῇ
3242 2858 3471 2929 δυνάμει
3503 2878 3617 2927 σου,
3654 2864 3845 2933 Κύριε.

2467 3019 2905 3101 Στεφανηφόρός,
2924 3032 3215 3100 Θεόφανες,
3235 3034 3563 3104 ἀνεδείχθης.
3581 3037 3649 3088 Τὸ
3669 3038 3775 3108 γὰρ
3795 3040 3988 3095 σεπτὸν

2398 3120 2684 3191 εἰκόνισμα
2710 3123 2968 3192 Χριστοῦ,
3001 3124 3225 3195 θεοφόρε
3272 3128 3487 3196 μάκαρ,
3528 3129 3628 3180 οὐκ
3663 3132 3884 3199 ἠρνήσω
3912 3149 3987 3183 τι·

719 3224 920 3288 afllate,
952 3225 1032 3277 vir
1065 3224 1257 3277 beate:
1295 3222 1501 3275 idcirco
1535 3222 1700 3275 etiam
1727 3222 2006 3278 clamabas
2043 3241 2057 3276 :
2112 3223 2297 3277 Gloria
2322 3230 2367 3291 α
2404 3215 2460 3283 μὲ

2248 3223 2297 3277 ia
2322 3230 2367 3291 ρ
2404 3214 2543 3283 μᾷν·
2598 3213 2679 3266 διὸ
2717 3217 2810 3269 καὶ
2842 3216 3073 3286 ἐκραζες
3097 3234 3109 3247 -
3159 3219 3295 3283 Δόξα
3343 3222 3407 3288 τῇ
3447 3219 3675 3290 δυνάμει
3706 3239 3823 3285 σου,
3876 3224 3984 3275 Κύ-

718 3317 973 3387 Ροιειιιὶιε
1003 3325 1129 3378 tute,
1174 3314 1421 3369 Domine.

790 3408 996 3463 Exsilio
1022 3407 1227 3477 eiectus
1252 3406 1335 3459 vir
1361 3414 1584 3461 sanctus
1624 3407 1773 3475 impii
1808 3405 2023 3476 tyranni
2054 3405 2298 3470 decreto,

720 3502 1005 3558 imbecilla:
1045 3503 1225 3555 carnis
1274 3502 1481 3554 nullam
1528 3516 1753 3570 prorsus
1788 3502 2053 3555 rationem
2086 3499 2296 3565 habuit,

719 3595 963 3650 clamans
1030 3593 1255 3647 Auetori
1315 3608 1328 3644 :
1379 3591 1595 3646 Gloria.
1642 3590 1898 3661 potentia:
1972 3601 2110 3655 tute,
2193 3590 2299 3644 Do—

719 3688 881 3740 tniue.
1901 3681 1911 3690 ’

791 3773 1088 3845 Μαδιιίιὶυίε
1150 3771 1400 3827 effulsisti
1460 3771 1764 3837 miraculis,
1802 3772 1887 3826 vir
1935 3771 2044 3827 Deo
2096 3772 2296 3842 plene:

721 3865 865 3921 Deus
899 3879 1134 3934 namque
1165 3864 1336 3917 vicem
1364 3861 1603 3916 reddidit
1669 3863 2011 3917 sustinentia:
2039 3880 2053 3929 ;
2109 3876 2302 3932 quam-

718 3959 902 4012 obrem
925 3958 1087 4012 etiam
1115 3956 1305 4009 velute
1328 3954 1476 4007 fonte
1499 3945 1845 4008 sanationutn
1879 3954 2111 4009 remedia
2138 3968 2302 4024 egen-

719 4050 865 4105 tibus
895 4048 1101 4115 fundis,
1129 4048 1208 4101 vir
1240 4047 1628 4102 sacratissime.

997 4162 1109 4217 Ode
1132 4162 1182 4216 5.
1216 4160 1313 4227 Tu,
1345 4161 1585 4226 Domine,
1610 4176 1778 4213 meum
1817 4160 2013 4214 lumen.

787 4257 1042 4311 Piissima
1061 4256 1309 4310 doctrina
1331 4257 1649 4309 orthodoxa:
1681 4254 1804 4308 fidei
1830 4254 2135 4308 doctrinam
2159 4267 2299 4323 pra:-

719 4351 921 4406 dicavit
951 4357 1178 4405 sanctus
1208 4346 1592 4418 Theophanes,
1620 4346 1858 4418 Spiritus
1910 4347 2029 4402 luce
2060 4347 2297 4401 illustra-

721 4452 830 4496 tus.

792 4534 1003 4588 Uberes
1062 4531 1281 4587 divitias
1331 4530 1516 4586 divino
1568 4546 1732 4585 sensu
1774 4529 1960 4599 egenis
2017 4530 2296 4585 distribui-

721 4627 813 4689 sti,
846 4624 1064 4680 Domini
1092 4634 1362 4695 praecepto
1398 4625 1718 4689 obsecutus,
1755 4624 1836 4676 vir
1862 4624 2184 4678 clarissime.

780 4804 894 4871 Qui
930 4803 1003 4859 ad
1036 4804 1291 4859 Auctoris
1327 4803 1613 4874 imaginem
1639 4805 1823 4858 animo
1845 4804 2099 4859 conditus
2120 4819 2293 4870 esses,

721 4898 1099 4952 intemeratam
1138 4896 1354 4951 Domini
1415 4898 1763 4952 venerabaris
1807 4898 2115 4968 imaginem,
2151 4897 2297 4953 desi-

720 4991 870 5044 derio
898 4990 1245 5043 exosculans.

753 5083 868 5138 Ode
892 5083 945 5139 6.
984 5080 1315 5150 Sacriﬁcabo
1351 5082 1444 5134 tibi
1470 5098 1588 5135 cum
1620 5099 1737 5137 voce
1777 5083 1978 5146 laudis,
2013 5082 2255 5136 Domine.

792 5174 973 5245 Dirige
1016 5175 1080 5228 ad
1124 5174 1379 5229 virtutem
1411 5175 1577 5229 vitam
1610 5191 1812 5241 meam,
1856 5177 1938 5229 vir
1964 5186 2169 5241 sancte,
2198 5190 2301 5230 re-

723 5250 1308 5333 ligiosminstitutionis
1335 5265 1583 5320 semitam
1621 5267 1749 5331 tuis,
1797 5265 1980 5329 Pater,
2042 5267 2299 5335 precibus

722 5354 1113 5424 complanans;
1159 5371 1323 5425 quam
1358 5371 1510 5425 roga,
1567 5358 1650 5411 vir
1675 5358 1851 5423 beate,
1914 5368 1971 5412 ut
2005 5368 2155 5414 recto
2183 5369 2298 5414 tra-

722 5447 854 5501 mite
891 5448 1107 5503 coneite
1142 5461 1204 5502 ac
1239 5458 1497 5503 contente
1527 5464 1871 5519 percurram.

794 5538 988 5595 Sobrie
1050 5547 1308 5610 casteque
1364 5541 1528 5595 vitam
1587 5542 1863 5611 peregisti,
1919 5542 2001 5596 vir
2063 5553 2295 5598 sancte:

724 5631 921 5701 quippe
943 5648 1065 5686 cum
1094 5632 1403 5703 prudentia,
1428 5632 1769 5698 fortitudine,
1813 5648 1881 5689 ac
1903 5633 2116 5705 justitia
2162 5650 2301 5705 pra-

724 5726 874 5780 cl.tus
930 5724 1114 5792 fuisti,
1168 5728 1541 5798 virtutumque
1600 5728 1772 5784 choro
1836 5737 2065 5784 ornatus
2110 5728 2297 5783 eluxi-

721 5830 811 5872 bin

2406 3321 2511 3373 ριε.

2474 3394 2887 3466 Μεθιστάμενος
2915 3398 3300 3470 προστάγματι
3323 3400 3418 3454 τοῦ
3449 3403 3711 3472 τυράννου
3743 3403 3831 3456 τοῦ
3862 3405 3919 3456 δυ
3933 3422 3983 3455 σ-

2406 3486 2597 3549 σεὸοῧς
2633 3489 2660 3539 ὁ
2689 3489 2854 3552 ὅσιος,
2907 3490 3110 3559 σαρκὸς
3138 3493 3422 3556 ἀσθενείας
3452 3494 3587 3557 ὅλως
3616 3496 3714 3547 οὐκ
3747 3498 3986 3568 ἐφρόνει·

2405 3597 2485 3646 σε,
2511 3582 2841 3652 κραυγὰζων
2870 3583 2947 3653 τῷ
2988 3585 3284 3640 Κτιίσαντι·
3311 3588 3449 3651 ᾴόξα
3480 3591 3544 3659 τῇ
3592 3589 3821 3658 δυνάμει
3868 3606 3955 3641 σοι

2404 3673 2597 3744 Κύριε.

2483 3766 2890 3839 Ἐμεγαλύνθης
2922 3772 3034 3833 τοῖς
3067 3770 3330 3840 θαύμασι,
3361 3770 3614 3842 θεοφόρε·
3667 3777 3693 3825 ὁ
3723 3776 3830 3845 γὰρ
3855 3778 3983 3841 Θεὶς

2401 3858 2671 3927 ἡμείψατό
2707 3876 2766 3911 σε
2793 3860 2894 3930 τῆς
2928 3862 3253 3930 καρτερίας’
3300 3862 3422 3916 ὅθεν
3472 3865 3567 3916 καὶ
3622 3865 3823 3934 ἰάματα
3879 3884 3985 3938 τεη-

2401 3951 2588 4019 γάζεις
2634 3955 2746 4017 τοῖς
2812 3952 3105 4024 χρῄζουσιν
3164 3954 3351 4026 ὥσπερ
3421 3958 3486 4007 ὲκ
3546 3958 3762 4027 πηγῆς,
3828 3959 3985 4029 ἱερω-

2399 4060 2550 4098 τατε.

2764 4159 2870 4230 ᾯδ.
2900 4166 2960 4212 ε’.
2991 4159 3095 4224 Σὺ,
3137 4160 3313 4229 Κύριέ
3339 4178 3481 4229 μου,
3514 4162 3659 4229 φῶς

2468 4250 2625 4320 Λόγῳ
2658 4251 2983 4304 πανευσεὸεἶ
3013 4251 3586 4324 ὀρθοδόξωςὲκήρυξεν
3617 4256 3643 4306 ό
3683 4255 3827 4318 ὅσιος
3854 4253 3981 4309 Θεο-

2400 4342 2574 4413 φάνης
2606 4341 2667 4395 τὸ
2695 4343 2795 4413 τῆς
2830 4345 3066 4409 πίστεως
3100 4344 3303 4413 δόγμα,
3339 4345 3414 4415 τῷ
3456 4346 3732 4415 [Ινεύματι
3770 4348 3980 4417 λαμπό-

2402 4453 2582 4506 μενος.

2469 4527 2704 4581 Πλοῦτον
2764 4527 3083 4597 παντοδαπῆ
3137 4526 3440 4597 θεοφρόνως
3470 4528 3747 4597 διένειμας
3813 4546 3982 4599 προσ-

2326 4596 2371 4653 D
2397 4621 2633 4690 τάγματι
2657 4620 2751 4674 τοῦ
2779 4621 3051 4673 Δεσπότου
3084 4621 3193 4683 τοῖς
3232 4622 3394 4691 πενία
3432 4620 3665 4684 συζῶσιν
3694 4622 3979 4692 ἑπόμενος,

2404 4713 2655 4784 πανεύφη
2665 4731 2754 4782 με.

2477 4806 2657 4876 Ἐχων
2683 4806 2781 4876 τὴν
2820 4805 2997 4877 ψυχὴν
3024 4806 3141 4859 κατ’
3176 4806 3359 4859 εἰκόνα
3384 4806 3477 4860 τοῦ
3510 4806 3829 4871 κτίσαντος,
3884 4808 3981 4878 τὴν

2400 4895 2667 4968 ἄχραντον
2693 4894 2785 4949 τοῦ
2816 4897 3088 4949 Δεσπότου
3116 4897 3472 4964 προσεκύνεις
3506 4898 3709 4963 εἰκόνα,
3727 4898 3805 4969 τῷ
3832 4898 3981 4967 πόθῳ

2401 4988 2803 5058 ἀσπαζόμενος.

2437 5081 2546 5151 ᾮδ.
2580 5080 2652 5145 ς’.
2688 5082 2861 5136 Θύσω
2885 5096 2983 5136 σοι
3007 5082 3157 5151 μετὰ
3182 5081 3388 5151 φωνῆς
3425 5079 3729 5147 αἰνέσεως,
3758 5083 3951 5148 Κύριε.

2476 5172 2683 5227 Ἴθυνον
2734 5173 2870 5244 πρὸς
2899 5175 3101 5245 ἀρετὴν
3127 5174 3217 5227 τὸν
3251 5174 3363 5242 βίον
3414 5190 3537 5242 μου,
3569 5173 3682 5225 ὅσιε
3710 5189 3721 5201 ·
3754 5174 3853 5242 τὴν
3886 5178 3982 5243 τῆς

2403 5265 2687 5335 ἀσκήσεως
2733 5266 2918 5338 τρίϐον
2951 5269 3073 5330 ταῖς
3133 5267 3317 5337 εὐχαῖς
3370 5283 3496 5329 σου,
3538 5266 3741 5335 Πάτερ,
3787 5266 3982 5335 ἐξομα-

2402 5357 2674 5429 λίσας,ἢν
2730 5358 2997 5422 συντόνως
3032 5358 3353 5429 εὐθυπορεῖν
3404 5376 3495 5429 με,
3556 5360 3765 5431 μάκαρ,
3819 5359 3981 5422 ἀξίω-

2406 5470 2517 5506 σον,

2467 5545 2769 5615 Σωφρόνως
2826 5562 2919 5598 σου
2978 5538 3076 5615 τῆν
3133 5542 3278 5614 ζωὴν
3332 5542 3609 5612 διήνυσας,
3658 5541 3801 5594 ὃσιε”
3838 5542 3979 5610 μετὰ

2396 5640 2710 5709 φρονήσεως
2740 5638 2847 5709 γὰρ
2876 5638 3055 5708 ἔσχες,
3093 5638 3191 5690 σὺν
3227 5632 3448 5705 ἀνδρείᾳ
3497 5634 3604 5704 γὰρ
3634 5633 3733 5704 τὴν
3772 5634 3978 5687 διιιαιοο

2398 5732 2589 5803 σύνην,
2622 5733 2719 5787 καὶ
2749 5732 2826 5804 τῷ
2849 5732 3034 5803 κύκλῳ
3062 5730 3172 5785 τῶν
3201 5726 3414 5802 ἀρετῶν
3445 5727 3649 5798 ἐφάνης
3667 5728 3975 5800 κοσμούμεο

2402 5836 2507 5883 νος.
