4408 6440
430 408 499 473 b3
1597 401 2088 464 THEOPHANIS
2136 400 2530 462 OFFICIUM.
3637 400 3722 466 54·

855 520 965 593 ᾯδ.
1005 518 1069 586 ζ’.
1114 521 1218 575 Ἔν
1244 518 1322 587 τῇ
1353 515 1603 588 καμίνῳ.

499 617 576 670 Τδ
609 617 730 670 κατ’
762 615 948 670 εἰκόνα
969 615 1034 668 σὺ
1057 614 1414 684 κεκτημένος,
1445 611 1544 666 καὶ
1566 611 1824 682 ὁμοίωσιν
1851 612 1897 644 ⁸⁸
1921 610 2022 681 βίῳ

431 708 828 780 λαμπροτάτῳ,
886 707 1092 777 Πάτερ,
1141 703 1512 778 προειληφὼς,
1570 704 1636 758 δι’
1683 686 2018 774 άμφοτὲρωνν

435 800 848 872 ὐπερέλαμψας,
877 798 1255 870 Εὐλογημένος
1284 793 1334 850 εί
1364 799 1423 852 ἐν
1447 796 1525 866 τῷ
1571 795 1706 867 ναῷ,
1731 794 1890 866 βοῶν,
1921 795 2021 865 τῆς

433 894 590 963 δόξης
622 911 739 960 σου,
769 893 968 963 Κύριε.

517 983 838 1053 Ὀμολογίας
869 998 964 1035 σου
993 980 1265 1051 στεφάνῳ,
1299 980 1500 1052 Πάτερ,
1531 978 1848 1050 διέπρεψας,
1875 979 2020 1049 ἔργῳ

377 1102 383 1106 ·
434 1076 722 1146 διήλεγξας
773 1075 966 1145 λόγους
1028 1076 1136 1129 τῶν
1183 1073 1487 1137 δυσσεδῶν,
1528 1075 1654 1136 τοὺς
1687 1073 1912 1133 πιστοὺς
1965 1071 2036 1125 δὲε

436 1169 795 1236 ὲ6ε6αίωσας,
842 1168 1220 1240 Εὐλογημένος
1249 1163 1302 1222 εἴ
1327 1168 1386 1221 ὲν
1417 1167 1494 1239 τῷ
1523 1166 1658 1237 ναῷ,
1714 1166 1876 1236 βοῶν,
1922 1163 2022 1237 τῆς

435 1263 594 1330 δόξης
623 1280 738 1328 σου,
770 1261 966 1333 Κύριε.

507 1354 598 1425 Τῷ
629 1355 974 1426 στερροτάτῳ
1038 1356 1097 1408 ἐν
1127 1353 1408 1425 προθυμίᾳ
1447 1353 1545 1417 τὰς
1586 1352 1680 1406 τοῦ
1743 1351 2017 1423 σώματος,

439 1447 642 1518 Πάτερ,
665 1447 968 1518 ἀλγηδόνας
997 1447 1234 1517 ἧνεγκας
1255 1445 1557 1518 καρτερῶς,
1583 1445 1921 1515 εὐχαριστῶν
1944 1446 2021 1518 τῷ

440 1537 684 1607 Δεσπότῃ
714 1554 827 1601 σου,
859 1535 1236 1606 Εὐλογημένος
1272 1531 1323 1588 εἴ
1352 1537 1411 1588 ὲν
1433 1533 1509 1605 τῷ
1554 1535 1689 1605 ναῷ,
1722 1534 1881 1605 βοῶν,
1923 1536 2021 1606 τῆς

438 1629 598 1698 δόξης
632 1646 746 1692 σου,
775 1629 969 1698 Κύριε.
1592 1680 1595 1682 ,

699 1719 806 1789 ’ῼδ,
838 1725 909 1789 η’.
939 1717 1147 1784 Χεῖρας
1176 1718 1514 1785 ἐκπετάσας
1539 1719 1783 1788 Δανιήλ.

514 1809 816 1880 Θεώμενος,
847 1811 1051 1882 μάκαρ,
1084 1810 1143 1864 τὸ
1174 1811 1402 1883 στερῤδν
1433 1811 1534 1880 τῆς
1569 1812 1669 1883 σῆς
1714 1812 2019 1876 ὲνστάσεως

445 1901 598 1955 Λέων
623 1905 650 1956 ὁ
679 1902 961 1974 τύραννος,
1024 1904 1291 1975 ὑπερορίᾳ
1320 1921 1378 1957 σε
1409 1903 1592 1976 ἔκρινε
1645 1904 1952 1976 πικροτάτῃ
1991 1906 2020 1958 ό

446 1994 836 2064 παμπόνηρος*
882 1997 940 2048 ὲν
997 1996 1305 2068 εὐφροσύνῃ
1363 1997 1421 2050 δὲ
1480 1996 1621 2068 βοῶν
1681 1997 1888 2067 ταύτην
1915 2000 2023 2052 ὐπ-

444 2085 684 2153 ήνεγκας
708 2101 721 2115 ·
747 2085 1056 2156 Εὐλογεϊτε,
1089 2088 1268 2143 πάντα
1299 2089 1368 2142 τὰ
1395 2088 1532 2161 ιργα
1561 2088 1654 2143 τοῦ
1681 2091 1909 2158 Κυρίου,
1933 2093 2024 2148 τὸν

449 2177 676 2250 Κύριον.

535 2271 661 2323 Ἐπὶ
683 2272 744 2324 τὸ
770 2272 1128 2343 πρωτότυπον
1158 2272 1314 2337 εἰδὼς
1342 2272 1443 2343 τὴν
1468 2273 1568 2344 τῆς
1601 2275 1809 2337 εἰκόνος
1861 2276 2026 2346 τιμὴν

446 2361 881 2429 διαϐιϐάζεσθαι,
913 2365 1006 2418 ἐπὶ
1035 2365 1095 2418 τὸ
1150 2365 1363 2419 στάδιον
1398 2367 1632 2438 ἔδραμες
1690 2366 1928 2438 ἀθλητὴς
1953 2366 2028 2431 ῶς

449 2455 822 2524 ἑννομώτατος
841 2473 855 2488 ⁶
885 2457 979 2511 καὶ
1024 2457 1251 2528 νικητὴς
1281 2458 1617 2529 ἀναδειχθεὶς
1667 2459 1930 2526 στέφανον
1953 2460 2030 2512 εἴ-

447 2549 626 2618 ληφας
658 2547 1022 2618 ἀναμέλπων·
1067 2551 1254 2604 Πάντα
1300 2552 1371 2605 τὰ
1419 2551 1575 2622 ἔργα,
1609 2553 1904 2623 άνυμνεῖτε
1937 2553 2031 2608 τὸν

451 2638 676 2709 Κύριον.

520 2727 789 2799 Οὐράνιον
816 2730 938 2784 ἀντὶ
970 2731 1070 2801 τῆς
1102 2730 1160 2784 ὲν
1194 2733 1262 2802 γῇ
1305 2731 1512 2802 σκηνήν
1540 2749 1622 2785 σοι
1655 2731 1857 2786 δέδωκε
1891 2731 2031 2786 πάν-

449 2837 560 2873 των
613 2820 852 2892 Κύριος’
888 2823 1010 2876 ἀντὶ
1050 2822 1366 2886 στενώσεως
1397 2817 1556 2894 εὗρες
1602 2824 1658 2877 δὲ
1711 2824 2032 2895 πλατυσμδν

451 2911 845 2978 ἀγαλλιάσεως,
903 2915 962 2968 ὲν
1012 2916 1325 2988 παραδείσῳ
1376 2915 1589 2988 τρυφῆς
1640 2917 1779 2986 μετὰ
1819 2917 2031 2988 μαρτύο

455 3019 563 3072 ρων
591 3002 760 3072 βοῶν’
794 3006 1102 3076 Εὐλογεῖτε,
1162 3010 1338 3062 πάντα
1380 3007 1449 3061 τὰ
1495 3005 1634 3080 ἔργα
1665 3010 1895 3077 Κυρίου,
1942 3011 2033 3066 τὸν

453 3093 682 3165 Κύριον.

2040 515 2092 576 Α

2640 514 2756 572 O‘Lle
2790 513 2840 571 7.
2875 514 2943 570 1η
2961 532 3194 572 camino.

2192 608 2266 666 Ut
2292 609 2360 666 ad
2394 607 2689 680 imaginem
2724 623 2878 665 esses
2927 609 3187 680 adeptus,
3247 609 3476 682 vitaque
3505 609 3728 668 claris-

2122 705 2260 760 sima
2287 703 2724 770 similitudinem,
2745 705 2926 769 Pater,
2949 714 3302 769 consecutus,
3321 712 3557 773 utroque
3585 703 3703 758 exi-

2123 799 2231 855 mie
2257 798 2487 865 fulsisti;
2531 799 2780 854 clama-ns
2811 817 2826 854 :
2864 797 3196 854 Benedictus
3231 813 3314 863 es,
3364 796 3618 862 Domine,
3647 795 3706 850 in

2124 891 2324 960 templo
2359 889 2545 961 gloriae
2584 898 2709 942 tuae.
3761 890 3764 894 ί

2193 979 2573 1040 Confessionis
2612 991 2739 1045 tuae,
2769 977 2954 1047 Pater,
2989 993 3193 1034 corona
3223 976 3506 1043 claruisti;
3538 992 3704 1048 opere

2123 1076 2389 1146 factisque
2417 1074 2719 1145 impiorum
2745 1073 2911 1127 verba
2964 1072 3287 1134 conlutasti,
3337 1070 3527 1126 ﬁdeles
3566 1085 3698 1125 vero

2123 1170 2499 1232 conﬁrmasti,
2533 1169 2781 1223 clamans
2821 1190 2835 1229 ε
2874 1166 3199 1222 Benedictus
3232 1181 3316 1232 es,
3352 1165 3599 1230 Domine,
3645 1163 3701 1219 in

2122 1265 2326 1334 templo
2348 1263 2537 1334 gloria:
2576 1271 2705 1317 tuae.

2194 1356 2538 1411 Firmissimo
2568 1354 2852 1424 alacrique
2915 1352 3083 1407 animi
3135 1349 3418 1422 pr0posito
3456 1350 3708 1419 corporis
3742 1378 3744 1381 -

2121 1451 2360 1515 dolores,
2379 1444 2560 1512 Pater,
2585 1446 2802 1502 fortiter
2830 1444 3124 1516 pertulisti,
3159 1445 3266 1497 Deo
3284 1443 3484 1513 gratias
3501 1455 3701 1512 agens;

2120 1537 2369 1597 clamans
2401 1559 2414 1595 :
2445 1539 2774 1595 Benedictus
2802 1554 2884 1603 es,
2913 1535 3167 1601 Domine,
3199 1535 3253 1589 in
3286 1535 3490 1606 templo
3521 1532 3708 1605 gloriae

2121 1644 2248 1689 tuae.

2402 1725 2516 1783 Ode
2542 1726 2596 1782 8.
2651 1722 2901 1778 Manibus
2939 1722 3187 1792 expansis
3211 1718 3421 1774 Daniel.

2192 1819 2412 1887 Videns,
2441 1820 2524 1873 vir
2557 1819 2734 1883 beate,
2763 1816 2873 1872 Leo
2888 1823 3153 1887 tyrannus
3176 1813 3330 1868 ﬁrmo
3352 1819 3404 1866 te
3429 1809 3711 1881 proposito
3747 1832 3754 1837 ν

2127 1913 2204 1969 illi
2228 1913 2420 1977 obniti,
2439 1911 2762 1982 gravissimo
2779 1908 3160 1979 nequissimus
3178 1906 3458 1962 damnavit
3484 1901 3704 1958 exsilio:

2130 2011 2185 2056 tu
2222 2016 2352 2055 vero
2375 2001 2528 2054 laetus
2572 1997 2874 2069 pertulisti,
2913 1996 3158 2052 clamans
3183 2012 3197 2049 :
3222 1990 3550 2055 Benedicite,
3586 2003 3710 2044 om-

2131 2093 2220 2146 nia
2254 2106 2415 2162 opera
2443 2090 2676 2155 Domini,
2708 2088 3022 2144 Dominum.

2203 2279 2339 2334 Cum
2386 2276 2713 2347 intelligeres
2744 2273 3009 2329 honorem
3045 2269 3296 2341 imaginis
3329 2266 3397 2322 ad
3427 2262 3712 2335 exemplar

2135 2372 2392 2435 transire,
2416 2369 2482 2423 ad
2517 2368 2751 2424 stadium
2788 2374 2847 2421 ut
2875 2379 3040 2435 quam
3069 2362 3350 2434 legitimus
3383 2359 3584 2414 athleta
3609 2373 3707 2412 cu-

2138 2463 2387 2527 curristi,
2419 2463 2707 2531 victorque
2765 2459 3099 2515 acclamatus
3132 2469 3394 2510 coronam
3432 2451 3710 2522 accepisti,

2137 2557 2351 2614 dulcius
2380 2555 2676 2612 concinens
2699 2573 2712 2608 :
2734 2550 2929 2608 Omnia
2948 2565 3134 2629 opera,
3156 2548 3375 2603 laudate
3398 2545 3710 2601 Dominum.

2207 2743 2440 2798 leeste
2465 2741 2561 2796 tibi
2589 2755 2688 2810 pro
2720 2753 2786 2794 eo
2816 2737 2960 2808 quod
2993 2736 3046 2790 in
3089 2744 3234 2790 terra
3268 2742 3351 2788 est
3386 2730 3714 2784 tabernacu-

2138 2838 2250 2892 lum
2280 2829 2661 2891 unive'rsorum
2699 2831 2965 2887 Dominus
2993 2827 3266 2884 contulit:
3301 2832 3574 2892 arctatque
3614 2835 3713 2875 cu-

2149 2928 2342 2985 stodiae
2383 2927 2507 2982 loco
2552 2923 2897 2978 latitudinem
2954 2916 3337 2976 exsultationis
3382 2914 3436 2968 in
3465 2911 3718 2982 paradiso

2141 3020 2436 3090 voluptatis
2479 3034 2601 3074 cum
2627 3015 2962 3086 martyribus
2995 3005 3276 3072 invenisti,
3307 3008 3552 3063 clamans
3576 3021 3591 3058 ι
3612 3003 3713 3058 Βεο

2141 3112 2403 3177 nedicite,
2436 3109 2618 3164 omnia
2646 3121 2812 3178 opera
2840 3102 3078 3168 Domini,
3117 3099 3432 3156 Dominum.

527 3185 670 3296 1ξιωτὶ
700 3185 985 3296 ἐλάμφθης
1001 3189 1177 3260 νοητῷ
1210 3191 1303 3244 καὶ⁵
1335 3191 1464 3263 θείῳ
1494 3192 1796 3260 Πνεύματι,
1844 3194 2034 3265 μάκαρ
2063 3234 2109 3296 C
2213 3204 2268 3274 SI

1973 3212 2034 3265 ιρ
2063 3234 2109 3296 C
2213 3202 2453 3296 Spiritali
2473 3202 2593 3296 luce
2618 3200 2923 3296 illustratus
2952 3211 3034 3260 es,
3055 3187 3120 3250 ac
3139 3192 3324 3296 divino
3355 3189 3566 3293 Spiritu.
3587 3202 3714 3259 per-

453 3277 760 3347 Θεόφανεςο
793 3280 916 3335 ὅθεν
951 3282 1157 3352 ἰάματα
1198 3283 1383 3355 βρύεις
1419 3285 1574 3358 [γάρ]
1606 3289 1718 3350 τοῖς
1767 3289 1823 3340 ὲν
1854 3287 2032 3340 πίστει
2065 3277 2109 3296 ν
2137 3295 2194 3351 fu

1973 3306 2032 3340 εει
2065 3277 2109 3296 υ
2137 3295 2316 3361 fusus,
2349 3295 2435 3349 vir
2492 3293 2648 3349 beate
2683 3290 3046 3360 Theophanes
3089 3303 3104 3341 :
3158 3284 3393 3352 indeque
3450 3281 3714 3338 sanitates

456 3384 542 3421 σοι
581 3371 1001 3443 προσ-τρέχουσι,
1058 3375 1154 3428 καὶ⁵
1191 3375 1290 3445 τὴν
1325 3376 1490 3444 ἁγίαν
1544 3394 1639 3430 σου
1672 3378 1826 3450 σορὸν
1883 3378 2034 3448 πόθῳ

454 3460 774 3530 γεραίρουσι
812 3465 905 3517 καὶ
938 3464 1132 3535 βοῶσιο
1169 3467 1352 3520 Πάντα
1375 3467 1444 3521 τὰ
1471 3469 1644 3540 ἔργα,
1689 3470 1906 3541 ὑμνεῖτε
1941 3471 2036 3525 τὸν

459 3547 684 3620 Κύριον.

805 3641 911 3713 ’ῼδ.
948 3641 1012 3698 θ’.
1047 3646 1223 3712 Λίθος
1257 3647 1705 3720 ἀχειρότμητος.

534 3730 785 3786 Ἀπαντα
817 3733 908 3786 τὸν
951 3734 1066 3805 βίον
1117 3738 1420 3808 σκορπίσας
1455 3742 1566 3804 τοῖς
1592 3741 1886 3813 δεομένοις,
1915 3743 2036 3797 Oso-

463 3822 617 3893 φόρε,
643 3824 744 3894 τὴν
770 3823 1121 3896 δικαιοσύνην
1150 3829 1328 3896 σοφῶς
1379 3832 1738 3901 άντεκομίζου
1786 3853 1866 3889 σοι
1901 3839 2035 3891 ἀνα-

461 3915 777 3982 τέλλουσαν,
804 3919 925 3973 ἀντὶ
958 3917 1213 3990 φθαρτῶν
1243 3921 1578 3994 δρεπόμενος
1630 3928 1696 3980 τὰ
1743 3928 1810 3981 δι’
1841 3929 2039 3995 αἰῶνος

463 4006 854 4063 ἀνατέλλοντι,

535 4099 743 4163 Νόσους
777 4101 1121 4173 θεραπεύεις,
1173 4110 1505 4181 παμμάκαρ,
1560 4110 1654 4164 τοῦ
1682 4113 2039 4183 Παρακλήτου

2135 3385 2366 3443 scaturis
2418 3383 2669 3439 ﬁdelibus
2709 3380 2776 3435 ad
2821 3388 2873 3435 te
2926 3374 3406 3446 confugientibus,
3451 3380 3714 3441 tuumque

2135 3486 2384 3534 sanctum
2443 3475 2683 3530 loculum
2737 3487 2924 3527 amore
2948 3467 3355 3530 venerantibus,
3380 3479 3444 3520 ac
3472 3465 3714 3520 claman—
3751 3480 3759 3489 λ

2136 3565 2281 3620 tibus
2315 3563 2548 3620 :Omnia
2575 3577 2758 3632 opera,
2795 3559 3010 3614 laudate
3043 3555 3356 3610 Dominum.

2434 3655 2549 3710 Ode
2573 3653 2641 3709 9..
2657 3651 2820 3722 Lapis
2849 3651 2960 3704 sine
2978 3646 3431 3716 manu'prwcisus.

2207 3747 2367 3803 Omni
2421 3744 2726 3802 substantia
2778 3751 2866 3796 tua
2924 3741 2977 3795 in
3031 3752 3233 3808 egenos
3278 3734 3717 3801 distributa,vir

2138 3841 2321 3898 divino
2346 3853 2512 3895 sensu
2547 3835 2787 3906 praedite,
2809 3833 3080 3903 justitiam
3111 3829 3290 3901 palam
3315 3827 3410 3883 tibi
3445 3827 3712 3883 orientem

2140 3936 2284 3991 illius
2299 3931 2523 4004 praemio
2545 3929 2776 3985 retulisti
2804 3947 2817 3982 :
2836 3941 2936 3997 pro
2951 3926 3016 3981 iis
3039 3940 3158 3996 qua:
3174 3931 3303 3978 sunt
3319 3919 3714 3990 eorruptibilia,

2141 4043 2200 4084 ea
2226 4028 2518 4095 decerpens
2551 4039 2671 4094 qua:
2698 4022 2752 4075 in
2784 4021 3050 4076 sarculum
3076 4019 3377 4073 virescunt.

2211 4119 2429 4174 Morbos
2467 4132 2645 4179 curas,
2683 4116 2766 4168 vir
2795 4111 3130 4174 beatissime,
3158 4107 3429 4163 Paracleti
3451 4103 3712 4176 potentias.

462 4195 528 4262 τῇ
565 4193 791 4266 δυνάμει
810 4213 824 4226 ο
852 4197 1116 4268 δαίμονας
1138 4203 1325 4271 σαφῶς
1345 4203 1670 4267 ἀπελαύνεις
1692 4208 1758 4276 τῇ
1791 4206 2042 4278 ἐνεργείᾳ
2142 4212 2203 4268 da

1970 4207 2042 4278 είᾳ
2142 4212 2525 4279 daemonesque
2550 4209 2725 4278 palam
2752 4206 2898 4262 illius
2925 4204 2978 4259 vi
3012 4203 3208 4274 abigis,
3242 4202 3327 4258 vir
3348 4201 3663 4258 felicissime
3699 4218 3711 4253 :

462 4285 674 4349 τούτου,
719 4288 974 4342 πανόλϐιε
1000 4307 1014 4321 °
1048 4291 1130 4346 διὸ
1160 4295 1342 4347 πιστοὶ
1374 4295 1638 4366 θεώμενοί
1672 4314 1755 4364 σε,
1788 4299 2040 4369 θεοφόρε,

468 4377 868 4450 μακαρίζομεν.

548 4468 612 4521 Ἦ
660 4472 728 4541 σὴ
789 4474 1125 4545 φωτοφόρος,
1189 4477 1439 4547 θεόφρον,
1504 4480 1605 4549 τῆς
1661 4484 2042 4550 μεταστάσεως

2143 4305 2349 4377 ideirco
2388 4317 2492 4357 nos
2542 4301 2732 4356 ﬁdeles
2761 4309 2814 4356 te
2853 4307 3178 4355 contuentes
3206 4298 3425 4354 beatum
3458 4294 3720 4366 praedica-

2142 4412 2286 4453 mus.

2214 4487 2438 4550 Lucida,
2480 4485 2667 4541 divino
2711 4500 2875 4541 sensu
2928 4483 3188 4554 praedite,
3221 4490 3326 4538 tute
3379 4478 3723 4551 migrationis

465 4564 645 4634 ἡμέρα
669 4565 878 4630 πάντας
927 4571 1312 4639 προσκαλεῖται
1332 4574 1454 4636 τοὺς
1481 4575 1704 4635 πιστοὺς
1735 4576 1873 4646 πρὸς
1906 4593 2040 4647 μετ-
2073 4572 2117 4627 D
2147 4573 2206 4629 dit

1981 4593 2040 4630 τ-
2073 4572 2117 4627 D
2147 4573 2264 4630 dies
2304 4574 2488 4629 ﬁdeles
2531 4588 2723 4629 omnes
2749 4572 2963 4637 invitat,
2991 4580 3053 4625 ut
3089 4569 3523 4627 sanctiﬁcatione
3553 4567 3722 4637 parti-

464 4654 652 4707 ουσίαν
703 4656 796 4708 τοῦ
854 4658 1226 4728 άγιάσματος·
1271 4663 1444 4732 ἥνπερ
1505 4664 1599 4717 καὶ
1625 4664 1720 4718 νῦν
1746 4666 2041 4738 γηθόμενοι

465 4749 713 4802 δπιτελοῦ
722 4768 841 4820 μεν,
872 4753 1155 4823 ἱερώτατε.

535 4838 735 4910 Νέμοις
765 4845 865 4913 τὴν
888 4845 988 4914 σὴν
1013 4846 1243 4915 ἄφθονον
1271 4850 1430 4920 χάριν
1449 4849 1526 4921 τῷ
1551 4852 1660 4905 τῶν
1683 4853 1923 4910 ἐπαίνων
1946 4871 2040 4910 σου

465 4933 592 4996 τοὺς
625 4934 815 5002 λόγους
839 4937 1113 5005 πλέξαντι,
1149 4940 1398 5012 θεόφρον,
1449 4945 1777 5016 προθύμως·
1815 4949 2037 5019 ὁμότροο

466 5025 567 5076 πόν
601 5039 682 5078 σοι
712 5025 902 5099 ῶσπερ
930 5029 1221 5100 ὁμώνυμον
1251 5034 1436 5089 τοῦτον
1471 5037 1682 5102 δεικνὺς
1725 5041 2040 5111 πρεσὸείαις

466 5117 589 5179 ταῖς
617 5115 1054 5189 εὐπροσδέκτοις,
1090 5123 1370 5195 ἱερώτατε.

2148 4671 2435 4743 cipentur:
2479 4683 2643 4740 quam
2678 4676 2729 4722 et
2777 4680 2926 4720 nunc
2953 4665 3252 4735 gaudentes
3287 4662 3617 4733 peregimus,
3639 4659 3724 4716 vir

2147 4764 2542 4822 sacratissime.

2218 4858 2471 4920 Tribuas,
2488 4868 2696 4924 quaeso,
2719 4853 2941 4907 uberem
2965 4859 3111 4905 tuam
3131 4846 3358 4918 gratiam
3375 4844 3473 4908 illi,
3489 4841 3581 4913 qui
3603 4849 3724 4896 tun-

2148 4967 2269 5005 rum
2303 4949 2520 5004 laudum
2547 4961 2768 5001 carmen
2796 4943 2962 4998 alacri
2989 4942 3172 4995 animo
3189 4939 3360 4994 texuit
3385 4954 3399 4993 :
3420 4935 3724 5003 iisdemque

2149 5055 2327 5099 tecum
2351 5042 2618 5103 moribus,
2639 5040 2714 5093 uti
2744 5047 2797 5093 et
2819 5036 3011 5091 eodem
3053 5042 3308 5089 censetur
3339 5029 3580 5095 nomine,
3612 5027 3728 5080 Deo

2148 5136 2318 5206 gratis
2349 5134 2606 5204 precibus
2637 5132 2740 5188 tuis
2778 5129 2963 5196 facito,
2994 5127 3078 5182 vir
3098 5124 3491 5183 sacratissime.

1750 5330 1986 5390 VARle
2032 5333 2440 5392 LECTIONES.

545 5420 589 5450 "
622 5419 848 5490 δμοὶωσι
871 5416 994 5477 Par.
