4408 6440
783 407 853 469 59
2175 406 2524 467 ΤΗΕΟΡΗΑ

2314 406 2666 469 lOPHANIS
3982 414 4055 481 eo

780 515 952 585 natis,
984 512 1451 586 compendiariam
1483 511 1552 567 ab
1583 509 1791 569 Adamo
1823 515 1889 569 ad
1918 515 2269 587 imperatoris
2301 523 2355 569 et
2390 521 2434 577 Α
2460 531 2521 585 γε

2314 523 2355 569 ει
2390 521 2434 577 Α
2460 515 2708 585 γράφους
2739 502 2836 570 καὶ
2866 516 3325 590 ἱστοριογράφους
3363 518 3650 590 ἀναγνοὺς,
3676 523 3772 578 καὶ
3808 523 4055 597 ἀκριϐῶς

780 608 1222 666 Christianorum
1284 607 1656 677 persecutoris
1731 606 2054 663 Diocletiani
2118 616 2363 676 tempora

783 701 1282 772 chronographiam
1346 700 1599 769 scripsit;
1681 699 2063 770 discussisque
2118 699 2367 756 studiose

784 805 1094 864 temporum
1173 791 1486 847 rationibus
1552 792 1617 846 ad
1683 791 1917 847 invicem
1989 793 2362 862 comparavit,

784 884 1115 947 emendavit,
1140 899 1224 950 ac,
1258 895 1317 938 ut
1345 884 1527 938 nullus
1557 893 1682 937 ante
1708 884 1827 953 ejus
1857 894 2092 949 aetatem,
2118 885 2364 939 solertis-

780 980 920 1033 sime
976 976 1284 1046 composuit
1340 994 1353 1030 :
1403 976 1741 1045 priscorum.
1773 976 1998 1046 insuper
2052 966 2243 1046 regum
2309 986 2364 1031 et

778 1071 1065 1124 nationum
1098 1069 1474 1123 universarum
1508 1078 1649 1124 statu
1680 1080 1732 1125 et
1764 1069 2027 1139 regimine
2067 1071 2351 1136 adnotato,

782 1163 1258 1231 singulorumque,
1294 1172 1559 1231 quantum
1609 1162 1783 1227 licuit,
1833 1162 2142 1217 observatis
2188 1163 2365 1217 aetati-

780 1253 906 1317 bus,
940 1269 1318 1322 supremarum
1354 1262 1408 1309 et
1434 1254 1829 1308 universalium
1880 1253 2117 1318 sedium,
2152 1254 2360 1322 Romae,

778 1346 923 1411 dico,
956 1354 1010 1400 ct
1031 1346 1241 1416 Cpolis,
1263 1345 1627 1411 Alexandriae,
1657 1346 1985 1411 Antiochiae,
2013 1354 2067 1401 et
2101 1344 2363 1401 Hieroso-

779 1436 1075 1507 lymorum,
1113 1439 1228 1493 sive
1270 1438 1363 1507 qui
1396 1438 1545 1491 sanis
1594 1437 1962 1506 dogmatibus,
1999 1452 2095 1491 ceu
2123 1436 2360 1506 pabulis,

778 1530 1067 1585 ecclesiam
1112 1531 1386 1594 aluerunt,
1426 1531 1540 1585 sive
1586 1532 1678 1601 qui
1716 1546 1812 1601 per
1863 1531 1971 1584 vim
2000 1540 2054 1583 et
2084 1530 2358 1584 latronum

778 1635 932 1675 more
958 1622 1265 1690 principatu
1291 1633 1529 1690 arrepto,
1554 1621 1824 1677 hzeresum
1850 1621 2114 1690 pravitate
2139 1635 2355 1691 gregem

779 1711 1110 1778 iniecerunt,
1131 1714 1415 1783 pontiﬁces
1439 1715 1801 1779 enumeravit,
1826 1724 2089 1769 eteorum
2111 1721 2358 1784 tempora

779 1813 833 1855 et
865 1818 1039 1857 annos
1085 1804 1305 1874 egregio
1355 1804 1549 1859 ordine
1604 1805 1857 1876 digessit.
1906 1805 2199 1859 Enimvero
2232 1820 2356 1861 cum

2466 614 2689 671 τούτους
2737 609 3290 682 διεξερευνησάμινος
3339 614 3405 681 η,
3448 613 3713 686 σύντομον
3757 635 4054 692 χρονογρα-

2468 705 2598 775 φίαν
2625 704 2734 758 ἀπὸ
2772 703 2947 772 ’Δδὰμ
2983 702 3145 774 μέχρι
3176 704 3566 774 Διοκλητιανοῦ
3593 707 3689 761 τοῦ
3719 707 3987 779 βασιλέως
4007 715 4052 746 ¹¹

2466 799 2562 853 καὶ
2589 795 2820 851 διώκτου
2849 794 2960 847 τῶν
2992 794 3337 865 Χριστιανῶν
3364 798 3609 869 ἀκριϐῶς
3645 803 4049 874 συνεγράψατο,

2466 890 2592 954 τούς
2635 906 2693 942 τε
2728 888 2954 961 χρόνους
3007 889 3065 939 ἐν
3110 888 3277 961 πολλῇ
3328 888 3573 955 ἐξετάσει
3622 894 4053 967 ἁκριδολογησά-

2470 1000 2653 1054 μενος,
2685 982 2782 1035 καὶ
2838 981 2938 1044 τὰς
2971 980 3176 1035 τούτων
3225 982 3523 1052 διαφωνίας
3559 986 3924 1057 συμϐιϐάσας,
3958 991 4051 1044 καὶ

2466 1075 2994 1144 ὲπιδιορθωσάμενος
3047 1075 3141 1129 καὶ
3202 1078 3496 1147 συστήσας,
3552 1078 3628 1141 ὼς
3672 1080 3848 1145 οὐδεὶς
3888 1081 4048 1145 ἄλλος

2464 1166 2575 1220 τῶν
2602 1166 2709 1237 πρὸ
2743 1165 2927 1231 αὐτοῦ,
2960 1165 3056 1229 τὰς
3089 1183 3150 1219 τε
3191 1166 3299 1219 τῶν
3335 1167 3577 1239 ἀρχαίων
3603 1168 3872 1239 βασιλέων
3905 1190 4044 1226 παν-

2464 1258 2555 1322 τὸς
2616 1257 2800 1321 ἔθνους
2841 1258 3115 1319 πολιτείας
3136 1249 3225 1312 ’τε
3264 1259 3509 1324 καὶτοὺς
3552 1262 3778 1331 χρόνους
3809 1264 4051 1336 ἀναγρα-

2465 1351 2732 1421 ψάμενος,
2773 1352 2870 1404 καὶ
2900 1349 3043 1404 κατὰ
3065 1350 3126 1404 τὸ
3160 1352 3383 1420 ἐφικτὸν
3434 1353 3583 1425 αὑτῷ
3612 1355 3737 1413 τοὺς
3770 1356 4049 1427 ἀρχιερεῖς

2462 1441 2573 1495 τῶν
2611 1440 2864 1509 μεγάλων
2891 1441 2989 1494 καὶ
3018 1441 3416 1512 οἱκουμενικῶν
3440 1443 3668 1513 θρόνων,
3720 1444 3941 1516 Ῥώμης
3965 1464 4045 1513 τε,

2464 1533 2627 1603 φημὶ,
2689 1532 2785 1585 καλ⁵
2836 1533 3486 1600 Κωνσταντινουπόλεως,
3528 1535 3939 1606 Ἀλεξανδρείας
3986 1556 4047 1592 τε

2463 1628 2556 1680 καὶ
2598 1625 2927 1696 Ἀντιοχείας
2974 1626 3068 1679 καὶ
3124 1625 3514 1698 Ἰεροσολύμων
3534 1668 3549 1693 ,
3581 1630 3707 1693 τούς
3736 1644 3796 1683 τε
3829 1629 4047 1700 ὀρθοδό-

2466 1718 2571 1782 ξως
2595 1717 2692 1789 τὴν
2729 1718 3057 1785 Ἐκκλησίαν
3102 1722 3480 1790 ποιμάναντας
3522 1723 3618 1775 καὶ
3649 1722 3777 1786 τοὺς
3809 1723 3868 1776 ἑν
3894 1722 4047 1791 αἱρέ-

2466 1826 2547 1861 σει
2574 1809 2884 1881 λῃστρικῶς
2929 1808 3223 1879 ἇρξαντας,
3276 1812 3371 1865 καὶ
3419 1813 3547 1874 τοὺς
3585 1813 3790 1867 τούτων
3822 1813 4048 1884 χρόνους

780 1894 906 1949 vitae
934 1896 1165 1949 termino
1194 1904 1518 1966 praereptus.
1568 1897 1633 1950 ad
1661 1896 1999 1967 propositum
2044 1896 2206 1951 linem
2245 1910 2353 1950 non
2390 1886 2429 1941 Β
2460 1902 2521 1955 ἀι

2301 1910 2353 1950 ιη
2390 1886 2429 1941 Β
2460 1900 2708 1970 ἀκριϐῶς
2762 1897 3012 1965 ἐνέταξεν
3069 1901 3133 1955 ⁸⁸.
3178 1900 3333 1955 Ἐπεὶ
3390 1903 3448 1957 δὲ
3496 1905 3559 1957 τὸ
3606 1904 3760 1968 τέλος
3794 1898 3890 1957 τοῦ
3927 1902 4042 1973 βίου

778 1985 1018 2055 potuerit
1045 1988 1337 2043 consilium
1366 2004 1526 2043 suum
1548 1990 1868 2060 perducere,
1900 1990 2017 2055 sed,
2046 1998 2105 2045 ut
2123 2004 2359 2059 praemo-

2463 1992 2654 2046 τοῦτον
2708 1992 2752 2023 ¹⁸
2789 1991 3126 2056 κατέλαϐεν,
3185 1997 3281 2047 καὶ
3331 1996 3411 2058 εἰς
3454 1997 3629 2068 πέρας
3681 1998 3911 2066 ἀγαγεῖν
3953 1994 4048 2048 τὸν

2102 2146 2336 2203 VARIIE
2382 2142 2788 2202 LECTIONES.

852 2290 895 2323 “
931 2289 1421 2361 διερευνησάμενος
1452 2289 1517 2342 Δ.

1598 2290 1640 2320 ¹¹
1668 2287 1931 2358 βασιλέως
1961 2287 2252 2359 Ῥωμαίων
2282 2300 2311 2340 a
2345 2287 2443 2341 be.

2520 2286 2564 2318 ⁸³
2592 2285 2847 2354 ἀνέταξεν
2878 2284 2919 2341 f.
3000 2287 3044 2318 “
3067 2286 3253 2341 τοῦτον
3285 2302 3394 2343 om.
3416 2288 3481 2344 Δ.

2104 2440 2263 2504 JAC.
2288 2447 2501 2504 GOARI
2566 2448 2799 2505 NOTAE.

777 2590 1010 2649 Romani
1042 2589 1317 2660 quondam
1373 2588 1587 2657 imperii
1625 2587 2055 2660 caput‘eﬂ'ulsit,
2110 2588 2348 2660 primum

776 2666 1020 2725 inventa,
1060 2658 1233 2715 totum
1286 2659 1591 2714 Romanum
1627 2658 1939 2729 imperium;
1968 2659 2162 2713 deinde
2222 2674 2350 2729 per-

774 2742 966 2803 vagata
1000 2731 1090 2797 sit,
1127 2732 1178 2785 in
1226 2745 1312 2803 eo,
1349 2739 1409 2783 ut
1458 2731 1656 2785 citatus
1695 2744 1866 2803 canon
1900 2727 2192 2803 Trullanus
2223 2727 2355 2803 con-

776 2797 995 2866 ﬁrmat,
1055 2801 1437 2855 auctoritatem
1499 2799 1865 2853 communiter
1932 2808 2093 2854 nacta
2164 2797 2347 2862 fuerit,

777 2875 974 2931 lubens
1060 2872 1355 2925 assentior.
1436 2869 1773 2923 Sententiam
1841 2870 2045 2939 probat
2076 2868 2352 2939 Petavius

774 2946 997 2999 Auctar.
1030 2941 1122 2995 lib.
1160 2955 1279 3002 vru,
1304 2939 1482 3007 capite
1506 2940 1557 3003 1,
1578 2954 1704 3009 pag.
1734 2938 1853 2993 293’
1874 2940 1912 2991 D
1936 2938 2119 2993 verbis
2157 2938 2353 3005 hujus-

776 3013 927 3070 modi
964 3032 977 3066 :
1011 3010 1316 3067 ercorum
1347 3008 1711 3074 compulerunt
1743 3010 1891 3077 prior
1943 3017 1992 3062 et
2040 3008 2347 3078 antiquissi-

775 3100 894 3138 mus
928 3098 1127 3136 annum
1176 3096 1293 3135 eum
1323 3082 1413 3147 qui
1442 3080 1645 3146 primus
1668 3088 1745 3133 est
1778 3096 1899 3133 arm
1926 3088 2139 3143 nostra,
2171 3094 2353 3133 nume-

775 3162 863 3207 rat
888 3154 951 3206 ab
994 3153 1195 3205 Artamo
1227 3148 1392 3212 5493,
1449 3151 1711 3217 posterior
1743 3149 1883 3205 5509
1918 3165 2010 3202 nec
2055 3148 2232 3217 plures
2266 3149 2354 3217 (de

776 3238 889 3292 quo
926 3237 1051 3275 mox
1086 3220 1299 3287 sermo)
1323 3218 1991 3292 ercorum_co_mputistre
2028 3227 2351 3292 meuaorant:

774 3288 866 3363 qui
893 3293 1119 3363 priorem
1137 3299 1322 3343 vocant
1340 3288 1478 3342 κατὰ
1494 3288 2013 3363 ’ᾃΑλεξανδρέαςηιιοε
2037 3288 2358 3363 Alexandri-

2454 2591 2765 2657 gravissimi
2798 2590 3079 2661 ponderis,
3128 2606 3305 2661 neque
3344 2590 3595 2645 irritandi
3629 2590 3845 2647 roboris
3868 2600 4045 2651 trans-

2452 2661 2573 2734 latae
2596 2661 2972 2730 appellationis
2996 2671 3379 2734 argumentum
3415 2673 3520 2726 est,
3554 2663 3698 2734 quod
3732 2662 4039 2734 Syncellus,

2451 2730 2543 2799 qui
2582 2747 2745 2785 aeram
2790 2730 3085 2785 secundam
3120 2733 3422 2800 usurpavit,
3458 2742 3513 2800 et
3541 2732 3606 2784 ad
3638 2730 3846 2788 Christi
3877 2744 4034 2791 nata-

2451 2800 2555 2873 lem
2589 2817 2762 2873 annos
2794 2811 2999 2871 septem
3026 2802 3108 2856 vel
3136 2799 3265 2855 octo
3292 2818 3461 2873 supra
3487 2799 3834 2873 Pauodorum
3880 2804 4036 2873 adje-

2449 2870 2545 2933 cit,
2578 2872 2771 2947 _statim
2808 2870 3039 2925 numero
3115 2887 3274 2947 pares
3333 2870 3571 2937 rescidit,
3651 2881 3813 2947 etes
3866 2870 4034 2947 impp.

2449 2942 2718 3001 tetatibus,
2772 2957 2981 2997 necnon
3019 2942 3381 3007 patriarch.et
3415 2951 3617 3010 satrap.
3643 2942 3866 2996 totidem
3899 2942 4045 3002 reie-

2451 3012 2586 3075 ctis,
2635 3012 2863 3080 primam
2911 3011 3126 3064 tandem
3180 3027 3344 3065 teram
3379 3012 3443 3065 ab
3479 3026 3624 3065 anno
3658 3012 3843 3066 mundi
3905 3014 4045 3070 5493

2452 3091 2506 3135 et
2544 3084 2766 3135 alteram
2818 3097 2846 3135 a
2895 3082 3027 3135 550!
3068 3081 3318 3134 ﬂuentem
3364 3082 3661 3136 conconles
3694 3086 3836 3136 inter
3873 3098 3930 3137 se
3982 3096 4038 3138 et

2452 3153 2643 3221 :equali
2685 3168 2871 3217 gressu
2903 3155 3195 3221 procedere
3248 3152 3547 3217 compulit;
3585 3167 3756 3205 annos
3806 3153 4043 3219 impera-

2454 3230 2627 3275 torem
2659 3223 2911 3275 aetatibus
2954 3221 3227 3275 detractos
3259 3221 3493 3291 Syncelli
3530 3221 3883 3290 ehrouologia
3913 3224 4037 3278 aliis

2456 3301 2790 3359 comparata,
2847 3306 2937 3345 me
2990 3299 3202 3345 tacente
3248 3291 3622 3345 vociferatur:
3671 3292 4040 3347 detractorum

773 3356 904 3448 ᾐυηί
929 3360 1297 3448 αρηςιιεηιιξίε
1322 3361 1661 3424 Ροειετίονεηι
1696 3356 1852 3448 fimi
1906 3356 2234 3439 Ῥωμαίους.
2262 3373 2355 3448 nos
2383 3391 2426 3448 Ο
2463 3356 2725 3448 indicium
2764 3371 2818 3441 et
2846 3359 3155 3448 exemplum
3190 3360 3323 3448 solis
3367 3360 3539 3430 ipsius
3573 3360 4041 3448 radioﬂdescri‘bo.

776 3426 1427 3499 Constantinopolitanum
1450 3447 1488 3494 ,ιι
1520 3445 1652 3483 nova
1686 3428 1855 3483 Roma
1891 3429 2235 3499 nominemus.
2266 3426 2355 3481 Ita

778 3502 1141 3570 Theophanes,
1174 3515 1333 3570 quem
1371 3510 1548 3552 tamen
1591 3500 1903 3568 loquentem
1955 3498 2096 3570 haud
2131 3498 2224 3560 ibi,
2250 3499 2354 3570 sed

776 3566 1009 3627 inferius
1040 3566 1263 3624 adducit
1290 3568 1559 3629 Petavius,
1592 3566 1694 3622 non
1722 3585 1825 3622 uno
1849 3570 1983 3622 loco.
2022 3566 2149 3621 Haec
2178 3569 2356 3635 primo

776 3643 954 3711 capite
983 3660 997 3696 :
1031 3654 1155 3711 mox
1188 3639 1383 3711 quinto
1406 3654 1569 3693 seram
1594 3643 1888 3711 secundam
1930 3648 2355 3711 memoraturus,

776 3707 1220 3771 Alexandrinum,
1242 3709 1338 3773 ait,
1360 3718 1658 3776 computum
1675 3710 1725 3761 in
1740 3708 1981 3777 paschali
2006 3723 2103 3760 sua
2118 3707 2357 3761 met/mdo

778 3792 950 3835 tenere
978 3797 1033 3835 se
1064 3778 1333 3833 Maximus
1360 3778 1585 3832 ostendit
1643 3780 1811 3847 capite
1860 3779 1950 3839 5'2,
1995 3793 2114 3830 cum
2159 3793 2357 3830 annum

776 3851 1160 3904 incarnationis
1196 3865 1257 3902 ac
1283 3849 1475 3902 natalis
1500 3847 1698 3903 Christi
1747 3856 1970 3901 testatur
2000 3847 2163 3915 fuisse
2193 3847 2355 3902 5501.

777 3922 1141 3991 Theophanes
1190 3932 1320 3974 vero
1391 3927 1625 3991 noster,
1679 3919 1799 3991 qui_
1833 3918 2125 3991 secundam
2193 3916 2357 3991 illam

780 3987 948 4045 atram
991 3991 1336 4051 Africanum,
1390 3987 1724 4047 Maximum.
1768 3988 2079 4058 Syncellum
2112 3987 2358 4058 imitatus

776 4061 1052 4126 observat,
1088 4060 1336 4115 eamdem
1393 4058 1481 4111 hic
1529 4060 1671 4111 xm
1741 4057 2359 4127 Ἀλεξανδρεῖςᾼίιιιιίεἰ-

775 4136 879 4195 tat,
908 4125 1265 4199 eamdemque
1294 4143 1489 4199 rursus
1516 4129 1625 4199 sub
1664 4128 1853 4199 eadem
1891 4125 2019 4199 voce
2067 4125 2229 4199 refert
2259 4125 2357 4179 ex-

816 4201 1030 4256 Iicatius
1063 4197 1190 4269 pag;
1216 4198 1327 4269 345i
1354 4197 1536 4252 e1346
1574 4198 1641 4252 de
1669 4197 1867 4269 Leonis
1913 4197 2132 4269 Isaurici
2182 4206 2359 4269 morte

798 4264 1083 4325 ocuturus'.
1115 4264 1272 4331 Ἔτος
1299 4264 1365 4337 ἧν
1390 4268 1497 4320 ἀπὸ
1549 4268 1648 4337 μὲν
1692 4268 1921 4329 κτίσεως
1969 4267 2174 4335 κόσμου
2218 4267 2359 4337 κατὰ

789 4286 1083 4325 locuwrus.
1115 4286 1272 4331 ’mo;
1299 4286 1365 4337 ην
1390 4286 1497 4320 απο
1592 4286 1648 4319 εν
1692 4286 1921 4329 κτισεως
1969 4286 2174 4335 κοσμου
2218 4286 2357 4318 κατα

789 4342 1096 4412 ξΡῳμαίους
1120 4346 1310 4412 ,ςσμψ
1330 4356 1367 4412 λ
1384 4338 1525 4391 κατά
1548 4286 1979 4412 ἕὲξΛίγυπτίους,
2005 4336 2357 4412 ἤγουν-Ἀλε-

778 4410 1045 4478 ξανδρεῖς,
1090 4406 1293 4479 ,ἐσλβτ
1322 4407 1453 4479 Erat
1497 4409 1706 4476 quidem
1754 4424 1983 4479 annus}
2025 4406 2202 4479 mundi
2230 4422 2357 4459 con-

775 4476 1360 4549 ditujuxta'llom’anos
1397 4478 1556 4549 6248,
1572 4478 1854 4549 secundum
1895 4476 2171 4545 A'ngplios
2213 4492 2352 4549 vero,

778 4547 1166 4603 Alexandrinos
1210 4549 1463 4618 intelligo,
1495 4547 1654 4602 6252,
1702 4547 2177 4600 Verumeuitnvero
2209 4547 2357 4615 quod

777 4621 1042 4687 secunda,
1075 4621 1225 4674 velut
1257 4619 1426 4687 prior,
1462 4618 1830 4672 Alexandrina
1879 4626 2356 4687 nuncupeturiaera

779 4686 1035 4744 Petavius
1075 4686 1452 4759 expositurus,
1481 4689 1627 4742 illam
1661 4688 1715 4741 in
1748 4690 1887 4740 hanc
1920 4686 2157 4759 refundi,
2187 4686 2353 4759 adeo-

779 4775 883 4828 que
912 4755 1219 4829 separatam
1252 4768 1306 4812 ct
1333 4759 1643 4813 distinctam
1711 4773 1817 4810 non
1866 4755 2219 4819 constitucu,
2250 4756 2351 4829 du-

778 4895 1048 4969 cibusque
1099 4900 1232 4955 solis
1268 4900 1485 4953 duobus
1528 4895 1921 4969 nuinerandam
1956 4896 2249 4969 contendit
2281 4895 2354 4969 De

776 4971 921 5023 doct.
959 4966 1118 5038 temp.
1172 4971 1267 5023 lib.
1302 4986 1353 5022 ιι
1390 4980 1444 5023 et
1477 4970 1701 5023 Auctar.
1750 4968 1901 5022 citati
1953 4967 2047 5020 lib.
2098 4982 2190 5020 vnt
2220 4966 2354 5020 insi-

776 5041 1064 5110 gnioribus
1106 5040 1294 5109 primis
1332 5040 1721 5109 capitibuszet
1777 5038 1974 5110 indicia
2016 5038 2237 5106 quidem
2290 5053 2356 5091 ac

778 5110 1123 5179 conjecturas
1153 5110 1334 5177 plures
1372 5112 1422 5163 in
1456 5112 1693 5179 medium
1728 5109 1953 5179 profert.
1983 5122 2206 5179 causam
2223 5122 2356 5179 quae

777 5175 938 5249 plane
956 5175 1268 5245 convincat,
1301 5180 1524 5234 nullam.
1551 5178 1677 5234 Haec
1703 5175 1832 5233 vero
1860 5178 2095 5247 legitima
2117 5178 2182 5249 ad
2218 5175 2357 5247 Syn-

778 5248 972 5319 collum
1003 5252 1155 5319 prius
1181 5252 1467 5305 observata
1498 5267 1564 5305 ex
1589 5251 1709 5319 ejus
1740 5250 1983 5303 numeris
2006 5248 2137 5300 mihi
2161 5249 2356 5316 depre-

780 5318 1055 5375 henditur.
1133 5319 1336 5375 Praeter
1409 5318 1679 5375 Pauodofi
1762 5320 2363 5385 Alexatnlrinorumque

778 5404 942 5462 ξιξ-νοω
984 5390 1287 5462 Syncellus,
1334 5391 1443 5445 imo
1490 5392 1737 5462 Auianus
1806 5389 2132 5462 monachus,
2194 5386 2355 5441 etiam

776 5458 1109 5532 Egyptius,
1156 5462 1429 5531 propriam
1493 5461 1559 5515 ad
1610 5476 1785 5515 annos
1823 5459 2109 5532 ulteriores
2156 5466 2362 5532 septem

781 5526 1021 5602 vel'o'cto
1044 5526 1457 5602 prorogaturus,
1485 5547 1515 5585 a
1548 5531 1742 5601 prima,
1769 5545 1890 5601 quae
1919 5530 2153 5602 natalem
2192 5526 2361 5602 “Chri-

783 5598 1253 5683 sti_anno'_5_tl§§:
1275 5598 1594 5683 consignata},
1636 5598 1801 5683 haud
1839 5600 2079 5683 multum
2114 5598 2359 5683 dellcxit,

780 5671 975 5727 eodem
1009 5673 1076 5727 ad
1116 5672 1257 5729 5500
1294 5673 1375 5727 vel
1413 5670 1544 5726 5501
1596 5682 1804 5727 semoto
1840 5684 1997 5724 :eam
2027 5670 2099 5723 ob
2147 5682 2260 5721 rem
2304 5676 2362 5719 ut

778 5742 1162 5816 Alexandrinae
1220 5759 1419 5816 nomen
1454 5756 1485 5796 a
1536 5742 1844 5807 Pauodoro,
1877 5743 1957 5796 sic
1987 5738 2189 5809 pariter
2238 5737 2361 5816 Ale-

781 5815 1063 5868 xandrina:
1114 5815 1183 5868 ah
1215 5815 1429 5869 Aniano
1496 5828 1692 5868 nomen
1745 5829 1852 5866 ozra
1904 5821 2135 5878 utraque
2184 5815 2360 5875 potuit

780 5887 1051 5941 obtinere.
1099 5882 1294 5941 Verum
1327 5899 1395 5940 ne
1422 5885 1524 5941 hac
1556 5886 1669 5942 sola
1719 5883 2029 5956 conjectura
2068 5878 2301 5935 hariolcr
2343 5897 2353 5931 :

2384 4726 2433 4784 Ι)

779 4828 1083 4899 plicemque
1119 4838 1355 4893 tantum,
1385 4845 1490 4883 non
1524 4828 1789 4897 triplicem
1818 4841 2144 4899 exsurgere,
2176 4828 2351 4899 ponii-

2463 3428 2785 3485 Diocletiani
2846 3428 3093 3499 tyrannis
3144 3430 3211 3484 ad
3269 3428 3471 3485 annum
3504 3446 3533 3484 a
3571 3432 3756 3484 mundi
3815 3432 4039 3486 conditu

2459 3500 2598 3553 5777
2631 3517 2695 3554 ex
2751 3500 2986 3571 Syncelli
3028 3509 3309 3571 computo,
3349 3511 3401 3555 et
3433 3499 3786 3570 TheOphanis
3840 3517 3963 3570 pag.
4006 3502 4041 3556 4

2461 3570 2763 3638 reponitur,
2792 3570 3093 3639 eademque
3132 3579 3255 3640 post
3283 3570 3483 3626 Christi
3526 3586 3689 3625 teram
3722 3586 3867 3626 anno
3901 3571 4040 3626 5500

2460 3647 2511 3711 et
2538 3639 2672 3695 5501
2715 3642 3112 3711 consignatam,
3138 3639 3324 3711 annos
3367 3656 3432 3695 ex
3474 3640 3725 3711 Syncello
3773 3650 3821 3694 et
3857 3640 4039 3711 Theo‘

2460 3710 2638 3778 phane
2682 3710 2863 3764 citatis
2927 3718 3180 3763 numerat
3208 3709 3333 3773 277,
3370 3709 3615 3765 eamdem
3651 3722 3882 3765 tamena
3911 3710 4044 3766 Dio-

2459 3781 2694 3860 cletiano
2725 3780 3062 3861 tyrannidem
3092 3789 3362 3861 arreptam
3398 3780 3558 3834 annis
3606 3783 3637 3835 7
3672 3782 3751 3834 vel
3786 3778 3818 3832 8
3865 3792 4047 3861 poste-

2466 3850 2663 3903 riorem
2721 3848 2919 3904 asserit
2967 3848 3427 3918 chronologorum
3458 3864 3562 3903 vox
3604 3848 3939 3916 communis,
3988 3860 4044 3904 et

2460 3920 2525 3973 ad
2565 3919 2903 3990 Dionysiauze
2944 3934 3065 3973 mra:
3092 3919 3205 3990 284A
3227 3932 3280 3972 et
3313 3918 3419 3973 285
3452 3920 3655 3988 alligat.
3708 3921 3895 3990 Annos
3947 3920 4020 3989 igi

2463 3998 2552 4043 tur
2578 3988 2785 4058 septem
2818 3991 2898 4045 vel
2936 4000 3061 4043 octo
3096 4005 3125 4043 a
3169 3988 3371 4043 Christi
3402 3990 3663 4044 natalitiis
3703 3991 3769 4043 ad
3835 3988 4045 4045 Diocle-

2462 4060 2668 4113 tianum
2745 4059 3124 4129 imperantem,
3175 4061 3230 4112 in
3263 4058 3495 4129 Syncelli
3530 4100 3545 4123 ,
3583 4058 3936 4129 TheOphauis
3988 4070 4045 4113 et

2467 4130 2803 4183 consortium
2865 4129 3095 4183 calculis
3140 4130 3416 4182 detractos
3493 4130 3678 4183 nullus
3732 4132 4031 4197 negaverit.

2460 4200 2614 4253 Adde
2680 4199 2792 4266 jam
2831 4200 2896 4252 ad
2949 4197 3220 4253 Pauodori
3264 4214 3427 4252 teram
3486 4199 3626 4253 5495
3673 4215 3795 4254 εει-αξ
3842 4200 4043 4252 Christi

2464 4270 2803 4340 Dionysiania:
2835 4285 3007 4323 annos
3032 4268 3135 4323 284
3157 4309 3171 4330 .
3202 4283 3471 4322 summam
3507 4269 3697 4337 procul
3735 4270 3903 4323 dubio
3931 4268 4047 4321 col-

2462 4338 2614 4407 liges
2637 4338 2816 4403 5777;
2856 4341 2969 4392 haec
3003 4354 3129 4408 vero
3169 4350 3272 4401 est,
3320 4354 3485 4408 quam
3537 4354 3564 4390 a
3599 4340 3787 4393 mundi
3816 4339 4041 4393 conditu

2460 4412 2527 4463 ad
2595 4410 2989 4479 Diocletianum
3048 4407 3371 4479 Syncellus,
3415 4408 3775 4477 Theophanes
3834 4420 3891 4479 et
3954 4408 4044 4461 alii

2460 4494 2624 4533 teram
2654 4476 2966 4533 Gra'corum
3016 4476 3309 4533 secundam
3359 4476 3647 4544 amplexati
3708 4478 4041 4533 subducunt.

2462 4548 2594 4602 Era
2651 4550 2811 4619 igitur
2875 4551 3113 4602 secunda
3213 4549 3444 4601 recurrit
3510 4548 3563 4601 in
3626 4548 3879 4618 primam,
3944 4563 4045 4601 nec

2461 4621 2644 4674 minus
2680 4618 2843 4687 quam
2878 4622 3075 4687 prima,
3112 4618 3495 4672 Alexandrinae
3528 4629 3773 4672 meretur
3801 4633 3999 4671 nomen
4028 4635 4039 4669 :

2459 4698 2514 4742 et
2551 4695 2789 4743 secunda
2824 4690 2936 4742 haec
2965 4705 3154 4742 rursus
3188 4703 3215 4741 a
3250 4689 3424 4756 prima
3453 4688 3482 4739 7
3523 4688 3605 4741 vel
3636 4688 3668 4741 8
3695 4690 3876 4752 annis,
3914 4696 3969 4740 et
4011 4702 4040 4740 a

2462 4762 2617 4813 tertia
2654 4759 2769 4827 pari
2825 4760 3003 4826 spatio
3060 4762 3205 4811 circa
3273 4758 3477 4811 Christi
3520 4759 3754 4812 natalem
3802 4759 4037 4821 dissita;

2463 4839 2753 4899 postquam
2789 4828 2931 4882 facta
2987 4828 3323 4899 detractione
3353 4829 3405 4881 in
3458 4829 3689 4896 primam
3716 4827 3901 4899 rel'usa
3931 4838 4038 4892 est,

2460 4898 2622 4969 prurit
2671 4899 2842 4969 prima
2912 4901 3071 4951 annis
3120 4898 3429 4969 quindecim
3514 4901 3598 4953 vel
3671 4898 3944 4969 sexdecim
3988 4912 4041 4969 _a

2462 4966 2620 5024 iertia
2668 4966 3011 5023 dividebatur
3059 4985 3073 5033 ;
3117 4966 3186 5022 ab
3224 4968 3413 5022 eadem
3461 4970 3621 5023 tertia
3661 4983 3769 5020 non
3807 4966 4043 5020 absimili

2460 5055 2726 5094 annorum
2754 5039 2818 5094 16
2847 5040 3134 5093 intervallo
3180 5038 3452 5107 disjuncta
3496 5040 3850 5107 cognoscitur
3878 5055 3893 5091 :
3922 5052 4045 5106 qua

2461 5124 2756 5173 causaest,
2799 5119 2857 5163 ut
2884 5123 3048 5163 teram
3081 5110 3400 5173 secundam,
3445 5119 3498 5163 et
3525 5109 3734 5163 Christi
3805 5110 4037 5161 natalem

2463 5182 2530 5233 ad
2568 5196 2772 5235 annum
2824 5180 2958 5236 5501
3021 5180 3343 5247 repositum,
3390 5180 3635 5234 scribens
3661 5176 4043 5247 TheOphanes,

2463 5252 2709 5320 adeoque
2740 5267 2849 5305 aera
2878 5251 3049 5319 prima
3072 5258 3127 5305 et
3152 5260 3409 5317 computo
3439 5249 3581 5304 5495
3622 5252 3781 5302 annis
3832 5257 4042 5301 tantum

2463 5329 2589 5373 octo
2634 5325 2923 5390 posterior,
2958 5331 3011 5373 et
3044 5321 3202 5374 annis
3235 5320 3458 5390 totidem
3502 5320 3875 5373 Romanorum
3904 5333 4038 5381 atra,

2465 5405 2587 5459 quae
2619 5388 2775 5445 tertia
2797 5390 3055 5455 anterior,
3086 5390 3247 5444 annis
3268 5398 3392 5443 ante
3410 5388 3805 5443 Diocletianum
3836 5396 4042 5459 septem

2466 5456 2753 5523 mutilatis,
2808 5476 2969 5513 a-ram
3019 5476 3173 5515 suam
3214 5474 3369 5529 atque
3416 5474 3478 5516 ac
3511 5461 3741 5529 primam
3785 5462 3944 5529 aunjs
3976 5456 4045 5510 15

2465 5533 2543 5584 vel
2577 5531 2643 5585 16
2670 5532 2880 5586 tertiam
2910 5531 3215 5600 praecedere
3243 5526 3563 5591 allirmet,et
3582 5526 4045 5600 MichaelisCuro-

2460 5602 2658 5670 palatis
2691 5597 3227 5670 atinum'secundum
3256 5602 3320 5670 in
3346 5615 3550 5654 annum
3611 5614 3642 5653 ι
3674 5597 3861 5670 mundi
3902 5611 4044 5670 eou-

2459 5666 2575 5725 ditu
2606 5672 2749 5724 κατὰ
2790 5669 3159 5740 Ἀλεξανδρεῖς
3186 5668 3348 5733 6505,
3382 5670 3527 5723 κατὰ
3560 5669 3867 5736 Ῥωμαίους
3898 5666 4034 5740 εδει

2461 5741 2701 5796 incidere
2731 5744 2942 5797 doceat.
2988 5738 3318 5795 Numerandi
3348 5742 3614 5794 rationem
3647 5740 3807 5794 istaut
3847 5738 4043 5806 repetit

2460 5822 2514 5865 et
2562 5814 2848 5866 conlirmat
2894 5822 3086 5865 auctor
3146 5811 3213 5865 dc
3269 5812 3546 5869 Anastasii
3622 5808 4043 5880 inauguratione

2464 5893 2723 5949 tractans,
2752 5898 2872 5953 pag.
2908 5881 3027 5936 lli.
