4408 6440
733 406 802 471 67
2128 406 2621 470 TBEOPHANLS
3929 420 4000 486 53

735 522 1046 587 tormentis,
1079 521 1342 592 plurimas
1366 529 1665 590 martyrum
1692 522 1966 592 myriadas
1987 522 2305 579 confecere:
2343 534 2385 586 Α
2413 540 2476 576 πο

2260 540 2305 577 3:
2343 534 2385 586 Α
2413 524 2616 587 πολλὰς
2668 526 2935 596 μυριάδας
2996 524 3293 597 μαρτύρων
3320 526 3364 561 ⁸⁸
3406 529 3693 603 ἐποίησαν,
3741 536 4001 603 παντοίας

737 616 804 670 de
840 616 1040 684 quibus
1080 616 1171 683 qui
1206 624 1330 669 octo
1364 614 1533 668 libros
1562 612 1952 669 Ecclesiastica:
1991 616 2229 671 historia:
2254 616 2321 670 ab

742 708 978 762 Eusebio
1035 708 1374 776 compositos
1424 708 1798 778 percurrerit,
1861 708 2116 762 notitiam
2180 708 2324 762 acci-

744 802 874 871 piet.

814 981 876 1036 A.
916 978 975 1034 C.
1008 978 1132 1033 238.
1168 1011 1235 1019 —
1269 978 1445 1033 Roma'
1477 980 1707 1049 episcopi
1742 979 1953 1033 Eusebii
1996 994 2166 1031 annus
2208 977 2326 1046 pri-

747 1092 887 1130 ntus.

817 1168 931 1223 lloc
969 1184 1111 1223 anno
1148 1168 1306 1221 novis
1348 1167 1514 1221 rebus
1559 1168 1864 1223 Amandum
1928 1180 1982 1224 et
2039 1170 2319 1226 .lElianum

746 1260 802 1314 in
848 1260 1039 1314 Galliis
1097 1259 1378 1312 studentes
1431 1257 1796 1313 Maximianus
1857 1259 2145 1316 Herculius
2200 1277 2324 1316 sus-

743 1364 898 1419 cepta
961 1354 1013 1406 in
1064 1369 1157 1405 eos
1213 1351 1551 1421 profectione
1609 1351 1866 1407 confecit.
1900 1354 2133 1409 Crassus
2188 1370 2325 1424 quo-

745 1461 852 1515 que
883 1446 1204 1499 seditionem
1251 1444 1438 1507 movit,
1492 1456 1543 1497 ct
1585 1443 1922 1498 Britanniam
1976 1449 2262 1515 occupavit
2309 1465 2321 1500 :

746 1536 1206 1605 quemadmodum
1279 1537 1522 1604 quinque
1599 1534 1853 1589 Gentiani
1924 1535 2206 1600 Africam,
2274 1550 2327 1593 et

747 1626 985 1680 Achilles
1016 1624 1312 1695 Egyptum
1351 1625 1690 1676 invaserunt.
1720 1624 1787 1676 At
1812 1622 2069 1678 Crassum
2104 1623 2324 1693 quidem

748 1719 925 1773 tribus
956 1719 1117 1771 annis
1160 1718 1439 1770 Britannia
1476 1717 1703 1786 potitum
1736 1715 2157 1785 Asclepiodotus
2187 1731 2323 1785 prte-

748 1811 925 1864 fectus
974 1808 1201 1863 sustulit
1244 1824 1275 1862 e
1320 1808 1499 1862 medio
1534 1824 1547 1859 :
1587 1807 1638 1860 in
1670 1806 1861 1862 Galliis
1893 1816 2077 1861 autem
2124 1822 2326 1878 anceps

745 1902 975 1958 omnino
1018 1901 1293 1971 dubiaque
1327 1900 1454 1954 belli
1508 1898 1727 1953 fortuna
1759 1897 2085 1955 Constantio
2118 1899 2322 1954 Caesari
2358 1888 2397 1944 Β

747 2011 816 2051 ex
842 1994 1125 2064 inopinato
1155 1993 1406 2065 contigit,
1443 1990 1697 2060 Ejusdem
1730 1992 1932 2061 quippe
1963 1992 2068 2047 diei
2099 2008 2194 2048 sex
2228 1994 2326 2048 ho-

750 2102 935 2141 rarum
981 2086 1270 2140 interrallo
1315 2085 1491 2139 victus
1530 2096 1587 2138 et
1629 2083 1828 2139 vicisse
1869 2085 2021 2139 visus
2050 2093 2153 2139 est.
2187 2082 2326 2139 Nam

747 2178 904 2232 effusi
938 2178 991 2231 in
1022 2177 1329 2231 Constantii
1373 2174 1672 2231 exercitum
1709 2175 1866 2228 Alani
1906 2176 1972 2229 ad
2014 2187 2324 2235 castrorum

750 2285 925 2340 usque
978 2285 1166 2323 muros
1219 2285 1344 2322 eum
1408 2278 1536 2324 sunt
1578 2269 1808 2323 insecuti
1841 2284 1852 2318 :
1888 2268 2003 2337 ipse
2054 2283 2181 2322 vero
2218 2270 2326 2323 dux

747 2375 1030 2421 extremus
1066 2365 1327 2435 fugientis
1379 2365 1655 2419 exercitus
1705 2378 1963 2433 premens
2001 2363 2228 2433 vestigia
2271 2379 2330 2419 se

751 2458 1070 2528 recipiebat.
1127 2456 1413 2512 Obseratis
1458 2471 1588 2511 vero
1630 2456 1824 2525 portis,
1857 2470 1984 2510 cum
2035 2456 2181 2511 intro
2220 2470 2327 2511 non

753 2550 1021 2618 potuisset
1057 2550 1291 2613 admitti,
1327 2558 1584 2603 extensos
1618 2546 1682 2599 ad
1709 2563 1831 2601 eum
1867 2548 2330 2617 comprehenden-

750 2642 880 2695 dum
914 2643 1155 2696 hostium
1202 2657 1400 2695 manus
1448 2656 1721 2710 nusquam
1762 2642 2051 2705 evasisset,
2102 2641 2205 2694 nisi
2238 2640 2332 2694 de-

755 2733 938 2787 missis
968 2748 1062 2802 per
1091 2748 1305 2785 murum
1342 2732 1565 2785 funibus
1596 2731 1660 2784 ad
1690 2738 1869 2783 castra
1908 2730 2102 2784 fuisset
2136 2730 2332 2784 subre-

751 2834 897 2879 ctus.
941 2823 1089 2877 lntro
1133 2834 1407 2889 receptus,
1444 2820 1625 2875 verbis
1675 2819 1980 2873 exercitum
2023 2818 2234 2873 animat
2280 2829 2335 2873 et

752 2912 1101 2977 corroborat,
1130 2921 1185 2965 et
1216 2912 1418 2979 impetu
1446 2910 1499 2964 in
1532 2910 1733 2963 Alanos
1761 2908 1927 2969 facto.
1961 2909 2117 2963 caesis
2142 2923 2333 2962 eorum

756 3020 855 3060 sex
938 3005 1180 3059 millibus
1249 3004 1565 3073 praeclaram
1640 3001 1953 3067 assequitur
2026 3000 2333 3053 victoriam.

759 3098 1125 3152 Maximianus
1153 3095 1444 3151 Herculius
1466 3093 1582 3163 pari
1603 3103 1752 3147 sorte
1777 3092 2335 3161 quinqueGeutianos

2426 617 2696 686 βασάνους
2728 618 3099 683 ἐπινοοῦντες,
3133 620 3423 675 καὶπολλὰ
3454 627 3601 675 κακὰ
3622 624 4001 694 ἐργαζόμενοι.

2425 709 2559 778 Περὶ
2585 701 2659 761 ὧν
2686 726 2770 771 τις
2796 710 2841 741 ‘9
2868 711 3236 781 ἐπερχόμενος
3264 713 3363 783 τὴν
3394 714 3720 768 ὀκτάὁιϐλον
3751 716 3866 785 (21)
3899 717 4001 787 τῆς

2436 801 2980 871 Ἐκκλησιαστικῆς
3029 805 3296 872 ἱστορίας
3351 804 3612 861 Εὐσεσίου
3638 807 3731 862 τοῦ
3764 810 3811 840 ⁵⁸
3843 811 4001 882 Παμ-

2425 893 2577 962 φίλου
2602 895 2805 947 εἵσεται
2826 894 2892 949 ⁸⁸.

2494 985 2562 1037 Α.
2601 984 2671 1039 Μ.
2718 984 2879 1041 5788.
2927 1019 2997 1029 —
3046 986 3268 1057 Ῥώμης
3326 989 3664 1045 ἐπισκόπου
3707 993 4001 1047 Εὐσεόίου

2423 1077 2567 1147 ἔτος,
2578 1084 2650 1130 α’.

2496 1169 2681 1239 Τούτῳ
2731 1170 2807 1241 τῷ
2856 1170 2966 1223 ἔτει
3014 1174 3382 1244 νεωτερισμοῦ
3434 1175 3719 1241 γεγονότος
3774 1176 3887 1246 (22)
3944 1178 4003 1229 ἐν

2426 1262 2679 1325 Γαλλίαις
2706 1264 2810 1316 ὑπὸ
2854 1264 3120 1333 Ἀμάνδου
3168 1266 3263 1317 καὶ
3314 1266 3569 1320 Αίλιανοῦ
3604 1269 3948 1336 Μαξνμιανὺς
3974 1271 4002 1322 ὁ

2442 1352 2751 1423 Ἐρκούλιος
2799 1355 2989 1418 ὃιαΰας
3063 1357 3311 1409 καθεῖλεν
3389 1358 3607 1419 αύτούς.
3677 1359 3839 1412 Ἀλλὰ
3909 1361 4004 1413 καὶ

2427 1446 2681 1515 Κράσσος
2716 1448 2760 1478 ⁸⁸
2786 1449 2897 1517 (ὲὸ)
2934 1448 3161 1517 ἀντῆρε,
3191 1449 3285 1501 καὶ
3318 1449 3646 1519 Βρεττανίαν
3674 1451 3721 1482 ⁸³
3745 1452 4000 1522 κατέσχε,

2429 1541 2523 1590 καὶ
2556 1541 2603 1591 oi
2632 1539 2793 1593 πέντε
2854 1540 3128 1593 Γεντιανοὶ
3158 1542 3205 1572 ³⁸
3238 1541 3336 1611 τὴν
3376 1542 3663 1613 Ἀφρικὴν,
3692 1545 3786 1595 καὶ
3824 1544 4003 1613 Ἀχιλ-

2427 1631 2549 1693 λεὺς
2572 1632 2672 1700 τὴν
2705 1632 3000 1699 Αἴγυπτον.
3042 1632 3204 1684 Ἀλλὰ
3246 1633 3500 1702 Κράσσον
3552 1634 3649 1703 μὲν
3692 1635 3785 1687 ἐπὶ
3829 1636 4004 1705 τρισὶν

2431 1722 2573 1775 ἔτεσι
2603 1724 2700 1793 τὴν
2728 1722 3059 1795 Βρεττανίαν
3115 1724 3458 1793 κατασχόντα
3509 1725 3954 1793 ’Λσκληπιόδοτος
3978 1729 4005 1777 ὁ

2431 1809 2668 1879 ἔπαρχος
2703 1811 2933 1865 ἀνεῖλεν.
2981 1813 3068 1864 Ἐν
3093 1812 3150 1865 δὲ
3172 1815 3287 1875 ταῖς
3307 1814 3344 1864 Γ
3350 1814 3558 1877 αλλίαις
3590 1815 4007 1885 (24)ἁγχίστρο-

2428 1919 2527 1969 cpe;
2568 1902 2615 1935 "
2673 1906 2737 1956 ὲκ
2803 1902 3106 1973 παραδόξου
3137 1905 3327 1972 γέγονε
3374 1906 3740 1976 Κωνσταντίῳ
3770 1907 4009 1977 Καίσαρι

2426 1994 2588 2064 τύχη.
2635 1994 2724 2049 Ἑν
2779 1994 2951 2066 ὥραις
3007 1996 3115 2067 γὰρ
3167 1996 3225 2062 ἒξ
3264 1997 3363 2067 τῆς
3394 1998 3563 2067 αὐτῆς
3594 1999 3804 2069 ἡμέρας
3845 1999 3937 2053 καὶ
3962 1998 4009 2031 ⁸⁸

2426 2086 2744 2156 ἡττώμενος
2773 2086 2931 2156 ὤφθη
2970 2090 3063 2141 καὶ
3112 2089 3279 2141 νικῶν
3334 2091 3653 2161 ἀπεδείχθη.
3709 2093 3869 2160 Ἀρτι
3911 2092 4008 2159 μὲν

2428 2179 2538 2249 γὰρ
2602 2178 2998 2242 ὲπικλύσαντες
3046 2181 3097 2232 oi
3149 2181 3361 2235 Ἀλανοὶ
3398 2182 3443 2216 ⁸⁷
3494 2182 3569 2250 τῷ
3630 2183 4007 2235 Κωνσταντίου

2432 2268 2648 2340 στρατῷ
2675 2270 2801 2341 ἄχρι
2837 2270 2929 2323 καὶ
2978 2272 3059 2334 είς
3090 2270 3157 2324 τὰ
3180 2272 3332 2343 τείχη
3356 2272 3713 2336 κατεδίωξαν.
3745 2272 3915 2334 Αὐτὸς
3951 2272 4009 2326 δὲ

2428 2362 2713 2432 ἠκολούθει
2739 2362 3046 2428 τελευταῖος
3071 2365 3327 2433 φεύγοντι
3344 2366 3421 2435 τῷ
3449 2365 3687 2436 στρατῷ.
3719 2366 3936 2437 Ἐπειδή
3953 2367 4011 2419 δὲ

2433 2454 2835 2521 κεκλεισμένων
2880 2455 2989 2509 τῶν
3045 2457 3251 2522 πυλῶν,
3284 2457 3407 2510 οὐδὲ
3451 2457 3559 2510 ἔσω
3584 2459 3629 2489 ³⁸
3668 2456 3763 2511 τοῦ
3798 2458 4010 2527 τείχους

2431 2543 2667 2613 ἠδυνήθη
2698 2543 2983 2607 εἰσελθεῖν,
3008 2547 3194 2618 χεῖρας
3222 2546 3495 2611 ἐξέτειναν
3525 2548 3572 2599 οἱ
3599 2547 3845 2617 πολέμιοι
3875 2549 4008 2618 πρὸς

2432 2610 2493 2688 τὸ
2541 2610 2830 2690 συλλαϐεῖν
2876 2610 3075 2690 αὐτόν)
3099 2610 3378 2707 ,σχοινίοις
3412 2640 3457 2670 ⁸⁵
3495 2638 3572 2702 δὲ,
3622 2610 3878 2703 καθέντες

2432 2727 2525 2781 τοῦ
2554 2728 2788 2797 τείχους,
2821 2728 3147 2781 ἀνείλκυσαν
3179 2728 3359 2781 αὐτόν.
3400 2730 3547 2783 Ἕσω
3584 2730 3640 2783 δὲ
3700 2733 4010 2801 γενόμενος,

2436 2825 2531 2874 καὶ
2556 2820 2648 2873 τὸν
2694 2818 2921 2890 στρατὸν
2963 2820 3392 2891 παραθαρσύνας
3435 2822 3501 2883 ⁸⁸,
3556 2821 3860 2888 ἐπεξελθὼν
3903 2827 4014 2886 τοῖς

2449 2911 2713 2973 Ἀλανοῖς,
2750 2911 2907 2981 νίκην
2956 2911 3079 2979 ἔσχε
3114 2912 3396 2982 λαμπρὰν,
3433 2913 3573 2966 ὥστε
3616 2915 4013 2985 ἑξακισχιλίους

2438 3002 2647 3053 πεσεῖν.
2682 2999 3028 3069 Μαξιμιανὸς
3059 3001 3115 3052 δὲ
3145 3003 3172 3053 ὁ
3213 3001 3523 3071 Ἐρκούλιος
3562 3004 3667 3056 τῶν
3706 3006 3866 3058 πέντε
3896 3006 4015 3058 Γεν-

2438 3092 2637 3146 τιανῶν
2664 3090 2775 3161 (25)
2806 3093 2863 3145 ἐν
2896 3094 2963 3162 τῇ
3026 3090 3257 3164 Ἀφρικῇ
3310 3096 3603 3165 ἐκράτησε.
3637 3096 4012 3164 Διοκλητιανὸς

755 3190 811 3259 6
838 3190 890 3243 in
934 3190 1114 3244 Africa
1159 3188 1399 3242 obtinuit
1433 3203 1447 3239 :
1496 3195 1548 3240 et
1583 3184 1925 3240 Alexandria
1965 3182 2336 3239 Diocletianus
2364 3179 2406 3237 C
2440 3185 2495 3240 δὲ

2273 3200 2336 3239 us
2364 3179 2406 3237 C
2440 3185 2495 3240 δὲ
2523 3187 2581 3239 ὲν
2616 3185 2993 3259 Ἀλεξανδρείᾳ
3047 3186 3137 3239 τὸν
3171 3186 3423 3255 Ἀχιλλέα
3460 3187 3701 3243 καθεῖλε.
3737 3188 3911 3259 Συνῆν
3959 3189 4014 3243 δὲ

2016 3302 2244 3357 νΛΙὶΙᾸΞ
2283 3303 2690 3361 ιεετιοκιῖε.

870 3398 914 3427 ⁸⁸
950 3398 1236 3466 μάρτυρας
1276 3397 1317 3450 Λ
1351 3413 1379 3449 a
1406 3412 1455 3448 e.
1533 3396 1577 3427 δ’
1608 3412 1693 3458 τις
1722 3395 1848 3466 add.
1880 3411 1946 3449 ex
1987 3395 2109 3466 Ae.

760 3467 981 3535 Κράσος
1025 3468 1088 3527 Α,
1150 3469 1406 3536 Κρᾶσσος
1469 3466 1615 3535 vulg.

758 3605 911 3661 εἴσω
948 3608 1098 3677 vulg.
1198 3609 1244 3639 ”
1294 3605 1525 3675 σχοίνοις
1555 3621 1608 3671 a,
1666 3608 1876 3675 σχοῖνον
1903 3605 1957 3661 b.

2185 3397 2351 3469 “fw;
2392 3397 2681 3469 ῐητῆςΙΙ.
2708 3399 2771 3450 Α.

1729 3466 1774 3496 ⁸³
1804 3464 2127 3535 Βριττανίαν
2159 3468 2203 3519 Α
2239 3467 2270 3519 li
2326 3468 2346 3519 f
2384 3464 2729 3521 constanter.

758 3534 1293 3606 ⁸⁵ίὰγχίστροφοςΑ,
1322 3534 1654 3606 ἀγχίτροῲος
1687 3534 1859 3605 vulg.’
1901 3536 1947 3606 f‘
1975 3534 2071 3587 καὶ
2102 3548 2229 3589 ante
2259 3538 2380 3605 ήττ.
2414 3539 2499 3589 adt

1011 3534 1293 3604 ιροφοςἈ,
1322 3534 1654 3606 ἀγχίτροῲος
1687 3534 1859 3605 vulg.’
1901 3536 1947 3606 f‘
1975 3534 2071 3587 καὶ
2102 3548 2229 3589 ante
2259 3538 2380 3605 ήττ.
2414 3539 2542 3590 add.
2583 3553 2649 3591 ex
2688 3538 2752 3591 A.

2848 3397 3130 3473 f‘ficatat
3239 3398 3410 3473 ίσεται
3446 3398 3592 3473 vulg.
3669 3400 3713 3431 "
3742 3401 4017 3473 Κράσσος]

2912 3468 3199 3541 Γεντιανοι
3228 3470 3267 3520 A
3333 3484 3390 3541 ap
3422 3484 3505 3541 e,_
3533 3467 3825 3541 l‘attta‘toi
3867 3467 4011 3541 vulg:

2829 3537 2886 3609 "A
2920 3538 3215 3609 Ἀλαμανοὶ
3269 3538 3416 3607 conj.
3467 3538 3633 3595 Goar.
3708 3540 3755 3572 ⁸⁸
3803 3540 3911 3594 εσω
3950 3537 4016 3609 Ᾰν

2060 3606 2105 3637 ⁸⁸
2133 3607 2564 3677 παραθαρσύνας
2599 3608 2667 3670 A,
2711 3606 3146 3678 παραθαρρύνας
3177 3609 3326 3679 vulg.

2018 3719 2157 3775 JAC.
2210 3720 2422 3776 GOAlll
2474 3721 2703 3777 ΝΟΤᾹΞ.

762 3824 811 3871 et
843 3814 896 3868 in
925 3813 1280 3882 persecutione
1324 3824 1527 3883 martyr
1562 3812 1863 3866 declaratus
1890 3829 1907 3865 :
1952 3813 2172 3883 Eusebii
2200 3827 2339 3880 quo-

761 3900 868 3954 que
896 3884 991 3937 lib.
1026 3899 1119 3947 vn,
1150 3899 1269 3951 cap.
1300 3883 1398 3935 ult.
1428 3898 1441 3933 :
1469 3881 1596 3954 Πρὸ
1629 3884 1721 3954 τοῦ
1752 3881 1991 3954 διωγμοῦ
2021 3884 2203 3954 τρισὶν
2229 3883 2338 3936 οὐδ’

762 3951 907 4015 ὅλοις
939 3954 1112 4005 ἐτεσιν
1148 3954 1499 4023 ἡγησάμενος
1524 3953 1988 4021 τῆςἘκκλησίας.
2020 3951 2153 4005 Cum
2178 3955 2341 4005 trien-

766 4028 911 4079 nium
962 4039 1120 4092 prope
1176 4034 1296 4076 ante
1354 4024 1729 4091 persecutionis
1773 4033 1975 4091 tempus
2016 4024 2071 4075 in
2106 4023 2340 4076 Ecclesia

763 4097 1105 4166 gubernanda
1131 4096 1559 4166 consumpsisset.
1593 4093 1661 4147 lis
1696 4102 1890 4166 taman
1915 4102 2193 4166 auctorem
2228 4107 2338 4146 non

766 4162 934 4236 probe
996 4180 1153 4219 usum
1217 4165 1549 4236 Athanasius
1611 4173 1667 4216 et
1731 4162 2160 4236 Eusebius_ips_i
2214 4170 2341 4236 sunt

769 4231 1115 4306 argumento.
1158 4235 1250 4304 qui
1303 4234 1369 4289 de
1421 4235 1650 4306 saeviore
1700 4233 1873 4286 altera
1913 4248 1957 4306 _a
2007 4231 2342 4285 Diocletiano

768 4303 1029 4360 suscitata
1083 4303 1462 4372 persecutione
1499 4303 1799 4371 l0qunntur
1837 4320 1851 4356 :
1894 4303 1960 4355 de
2005 4318 2111 4372 qua
2152 4311 2344 4356 auctor

769 4376 884 4445 ipse
916 4374 1329 4445 adibiocletiani
1365 4390 1566 4427 annum
1598 4375 1683 4426 19.
1774 4443 1785 4445 _

841 4445 954 4515 (21)
995 4444 1066 4515 De
1100 4454 1399 4514 martyrum
1450 4445 1652 4515 praeliis
1690 4452 1740 4495 et
1774 4443 2028 4515 laudibus
2062 4441 2347 4515 abﬂcclef

769 4510 987 4567 sia'stica
1021 4510 1264 4566 Historia
1296 4510 1765 4582 opus—diversum.
1795 4543 1861 4554 -—
1911 4513 2075 4580 ΑΓ(ιυί
2123 4510 2345 4582 Eusebii

770 4584 1007 4638 Historia
1032 4581 1349 4645 δεκάόιὸλος
1384 4592 1487 4645 est,
1516 4592 1575 4636 ut
1603 4598 1791 4636 omnes
1822 4592 2023 4637 norunt
2054 4620 2068 4643 ,
2107 4583 2174 4634 lli
2198 4581 2343 4643 libri,

771 4670 879 4708 non
905 4663 1044 4708 octo.
1068 4652 1232 4708 Plane
1257 4654 1540 4722 scripserit
1557 4652 1919 4721 TheOphanes
1944 4652 2040 4721 τὴν
2064 4650 2114 4719 η’
2140 4650 2343 4722 βίϐλον,

768 4739 838 4777 ex
897 4739 1005 4791 quo
1055 4724 1340 4791 imperitus
1374 4720 1740 4791 'anliquarius
1798 4737 1949 4775 suam
2000 4720 2348 4791 δκτάὸιϐλον

674 4810 675 4813 ‘
768 4790 1148 4860 exscripserit.
1206 4793 1309 4856 Qui
1359 4790 1539 4862 legerit
1589 4793 1781 4845 librum
1829 4802 2068 4844 octavum
2112 4790 2350 4843 historia:

768 4863 1141 4916 ecclesiastica:
1181 4861 1418 4925 Eusebii,
1460 4863 1524 4915 de
1574 4863 1653 4915 his
1691 4873 2000 4932 cognoscet;
2038 4876 2147 4929 quo
2182 4861 2346 4914 etiam

772 4933 914 4987 libro
946 4934 990 4985 is
1041 4933 1141 4986 ista
1192 4934 1429 4997 Inaxinie
1468 4933 1822 5002 exsequitur:
1872 4934 2107 5000 hincque
2142 4933 2347 5002 factum

771 5012 855 5055 est
921 5011 979 5054 ut
1028 5003 1102 5055 illi
1153 5014 1346 5055 octavo
1403 5004 1540 5057 libro
1601 5000 1845 5057 additum
1897 5005 1967 5056 sit
2011 5000 2157 5053 aliud
2210 5014 2348 5068 opus

775 5072 996 5127 Eusebii
1051 5074 1117 5125 de
1154 5074 1485 5143 martyribus
1534 5069 1864 5134 Palaestinis,
1899 5070 2346 5143 quodnStepliani

772 5144 940 5195 editio
972 5143 1199 5196 scorsim
1232 5140 1605 5209 repraesentat,
1646 5152 1704 5195 ut
1751 5152 1807 5195 et
1837 5141 2131 5196 cardinalis
2173 5140 2350 5192 Maza-

776 5212 904 5272 rini,
940 5212 1171 5284 aliisque
1201 5212 1482 5268 codicibus
1519 5228 1652 5267 mss.
1688 5213 1937 5284 maleque
1961 5211 2347 5284 Qliristophor-

776 5230 904 5272 rllll.
940 5230 1171 5335 antspue
1201 5230 1482 5268 COUICIDUS
1519 5230 1652 5267 ﬂlSS.
1688 5230 1937 5284 maleque
1961 5230 2347 5278 ωιηδιοριιογο

776 5297 942 5335 sonus
961 5296 1062 5335 con
1094 5284 1230 5346 udit,
1266 5284 1598 5351 iuterpolans
1625 5298 1749 5337 cum
1773 5286 1967 5337 eodem
1988 5282 2128 5336 libro
2153 5290 2349 5335 octavo

777 5352 1020 5405 historiae
1056 5353 1459 5408 ecclesiasticae.
1491 5353 1783 5407 COMBEFIS.

846 5421 960 5491 (22)
988 5419 1104 5474 Jam
1149 5432 1272 5476 ante
1314 5438 1487 5477 annos
1522 5424 1731 5485 decem,
1771 5423 1837 5476 de
1868 5438 1976 5489 quo
2003 5422 2061 5476 S.
2095 5420 2349 5474 Aurelius

775 5489 985 5553 ViCtor,
1041 5491 1337 5562 Eutropius
1380 5494 1477 5548 lib.
1533 5508 1609 5557 ix,
1655 5492 1992 5561 Pomponius
2048 5492 2248 5554 Laetus,
2295 5498 2349 5562 et

778 5562 1037 5631 Egnatius
1068 5579 1081 5614 :
1116 5572 1169 5616 et
1194 5559 1291 5617 nos
1324 5578 1391 5618 ex
1420 5562 1526 5618 illis
1560 5578 1616 5616 n.
1652 5563 1685 5616 6
1722 5559 2004 5631 superiore
2032 5578 2045 5614 :
2077 5562 2168 5616 sed
2202 5559 2347 5628 quod

775 5646 865 5685 res
904 5639 1033 5701 tunc
1070 5634 1328 5701 temporis
1380 5634 1668 5695 innovatae,
1715 5632 1768 5686 in
1800 5632 2087 5701 pristinum
2122 5639 2347 5693 statum,

778 5702 881 5773 sub
926 5700 1244 5773 Diocletiani
1303 5703 1553 5758 videlicet
1608 5700 1927 5773 potestatem
1972 5703 2074 5756 hoc
2105 5713 2349 5769 tempore

777 5772 888 5829 sint
922 5772 1176 5836 reductaz,
1215 5773 1281 5827 de
1316 5772 1423 5828 illis
1462 5772 1657 5827 auctor
1689 5773 2020 5828 mentionem
2053 5772 2235 5825 habet.

847 5841 962 5912 (25)
993 5841 1313 5897 Camurium
1333 5853 1585 5900 auctores
1615 5844 1791 5900 Latini
1824 5850 2164 5913 nuncupant,
2189 5840 2347 5912 cujus

2448 3815 2590 3883 apud
2621 3829 2735 3875 eos,
2775 3812 3093 3883 Entropium
3134 3813 3368 3868 maxime
3399 3814 3490 3867 lib.
3524 3831 3599 3875 ix,
3635 3816 3858 3870 historia
3889 3816 3992 3871 llde

2448 3882 2553 3938 lius
2586 3884 2792 3937 refert:
2838 3885 2885 3955 4
2929 3882 3258 3955 Maximiano
3295 3883 3480 3951 jussus
3527 3886 3693 3937 occidi
3732 3903 4019 3955 purpuram

2447 3956 2695 4022 sumpsit,
2752 3964 2800 4007 et
2848 3953 3161 4007 Britannias
3210 3957 3548 4022 occuparit...
3592 3955 3671 4007 Ad
3703 3953 4020 4021 postremum

2447 4040 2553 4094 paa:
2586 4025 2845 4076 convenit.
2884 4022 3019 4075 Eum
3067 4032 3180 4089 post
3216 4027 3534 4089 septennium
3583 4026 3816 4079 Allectus
3850 4029 4018 4079 socius

2447 4096 2560 4163 ejus
2598 4095 2813 4153 occidit,
2846 4105 3001 4163 atque
3028 4096 3135 4161 ipse
3162 4106 3274 4161 post
3314 4110 3429 4145 eum
3460 4094 3768 4149 Britannias
3796 4098 4018 4149 triennio

2447 4167 2610 4219 tenuit
2646 4180 2664 4216 :
2708 4165 2796 4233 qui
2827 4166 2987 4215 ductu
3030 4164 3384 4230 Asclepiodoti
3410 4165 3643 4231 prtrfecti
3669 4168 3915 4233 praetorio
3944 4176 4020 4220 est

2445 4232 2743 4303 oppressus.
2794 4234 2878 4286 Ita
2913 4232 3195 4286 Britannia
3238 4234 3442 4287 decimo
3491 4251 3630 4286 anno
3664 4246 3866 4302 recepta
3922 4247 4017 4289 est.

2448 4306 2629 4370 Quare
2660 4304 2789 4357 mihi
2814 4306 3116 4357 correCtius
3148 4304 3235 4356 Iiic
3276 4304 3473 4368 legitur
3511 4320 3524 4354 :
3570 4306 3728 4357 Ἀλλὰ
3763 4309 3856 4358 καὶ
3889 4306 4018 4358 Ἀλ-

2448 4375 2641 4445 λεκτον
2676 4375 2930 4445 Ιςράσσου
2964 4374 3276 4443 τυραννίδος
3298 4374 3542 4445 διάδοχον
3572 4376 3663 4426 ἐπὶ
3687 4375 3883 4445 τρισίν,
3912 4386 4016 4429 etc.

2525 4444 2639 4512 (24)
2680 4442 2979 4497 Galliarum
3038 4442 3236 4513 locum,
3295 4442 3602 4511 Lingonas;
3644 4442 3784 4497 inter
3839 4446 4019 4513 praelia

2452 4510 2561 4567 duo
2617 4515 2851 4581 spatium
2898 4513 3046 4567 horis
3107 4510 3349 4580 quinque
3408 4510 3629 4565 ininus:
3674 4510 3855 4567 hostes
3912 4531 4017 4567 non

2454 4584 2678 4645 Alanos,
2714 4584 2807 4636 sed
2837 4583 3191 4641 Alemannos,
3215 4596 3389 4649 eoque
3418 4596 3539 4634 cum
3576 4582 3807 4637 Eusebio
3834 4584 3897 4637 ad
3927 4585 4016 4647 ϐυ,

2452 4669 2561 4707 non
2600 4654 2631 4707 6
2673 4653 2840 4706 millia
2877 4653 3069 4706 seribit
3117 4651 3412 4719 Eutropius
3443 4652 3659 4715 citatus.
3696 4656 3789 4720 qui
3830 4655 4018 4708 Allecti

2451 4731 2677 4787 easdem,
2705 4731 2759 4775 et
2785 4723 3091 4775 Constantii
3125 4722 3404 4775 Victoriam
3444 4722 3494 4774 in
3534 4725 3782 4775 eumdem
3821 4739 4018 4776 annum

2453 4802 2698 4847 recenset
2732 4811 2745 4845 :
2783 4791 2885 4843 Per
2912 4792 3049 4845 idem
3093 4802 3292 4856 tempus
3336 4809 3364 4843 α
3397 4789 3707 4845 Constantio
3739 4793 3943 4847 Ca'sare
3971 4795 4022 4845 in

2453 4862 2635 4916 Gallia
2669 4872 2957 4930 pugnatum
2988 4872 3061 4914 est
3095 4863 3233 4913 circa
3266 4860 3522 4927 Lingones
3552 4879 3567 4914 :
3598 4864 3682 4916 die
3712 4879 3816 4914 una
3848 4864 4023 4915 adrer-

2452 4950 2565 4986 sam
2603 4942 2651 4986 et
2688 4932 2970 4985 secundam
3006 4931 3275 4999 fortunam
3313 4943 3555 4999 expertus
3594 4942 3691 4986 est.
3732 4931 3872 4985 Nam
3905 4950 4022 4985 cum

2453 5013 2660 5070 repente
2707 5002 2950 5055 barbaris
3008 5003 3376 5069 ingruentibus
3409 5004 3552 5055 intra
3595 5004 3857 5056 ciuitatem
3890 5014 4021 5056 esset

2450 5085 2685 5137 coactus,
2719 5082 2824 5124 tam
2868 5074 3128 5141 pra'ripiti
3177 5074 3503 5129 necccsitate.
3550 5084 3604 5125 ut
3636 5074 3829 5125 clausis
3858 5076 4022 5139 portis

2450 5160 2542 5211 per
2592 5159 2801 5194 murum
2844 5143 3055 5208 funibus
3116 5146 3419 5205 tolleretur,
3468 5143 3554 5194 vix
3602 5146 3824 5211 quinque
3882 5142 4022 5195 horis

2452 5213 2658 5276 mediis,
2694 5214 3004 5265 adventante
3029 5214 3282 5270 exercitu,
3308 5215 3580 5281 sexaginta
3601 5216 3824 5281 quinque
3854 5214 4021 5264 millia

2454 5283 2871 5335 Alemannorum
2904 5284 3111 5335 cecidit.
3145 5282 3290 5335 Idem
3325 5282 3656 5350 Pomponius
3680 5281 3878 5335 Lzetus.
3913 5281 4023 5334 Eu-

2453 5353 2640 5407 sebius
2682 5352 2747 5404 ad
2785 5366 2988 5405 annum
3024 5350 3345 5406 Diocletiani
3372 5353 3437 5405 15
3465 5358 3515 5403 in
3552 5352 3843 5405 Chronico.

2522 5423 2639 5491 (25)
2675 5422 3216 5491 Qui‘nquegentianos
3254 5436 3367 5475 uno
3406 5422 3577 5491 verbo
3603 5422 3858 5476 dixerunt
3888 5420 4022 5474 scri-

2452 5489 2635 5562 ptores
2670 5492 2809 5545 infra
2837 5489 3128 5556 referendi,
3156 5506 3293 5559 quos
3318 5500 3507 5546 auctor
3537 5489 3845 5562 Centianos,
3871 5491 4024 5557 quin-

2449 5560 2547 5633 que
2566 5577 2812 5633 nume_ro,
2833 5561 2982 5615 viros
3012 5563 3441 5633 arbitratusest.
3463 5562 3691 5633 Eosdem
3718 5560 4022 5623 Gentianos,

2450 5630 2669 5702 scripsit
2714 5630 3050 5702 Pomponius
3077 5631 3275 5693 Laetus,
3312 5630 3668 5702 Maximianus
3697 5633 3815 5684 inde
3847 5642 4024 5684 trans-

2450 5700 2591 5756 latus
2636 5705 2692 5756 in
2727 5702 2966 5770 Africam
3010 5700 3315 5770 Gentianos,
3340 5701 3525 5754 devicit
3550 5741 3564 5763 ,
3605 5704 3693 5769 qui
3722 5702 3808 5755 vix
3843 5717 4021 5768 parem

2450 5773 2823 5840 impetrarunt.
2848 5771 3299 5840 Quinquagenarii
3331 5783 3379 5823 et
3405 5788 3567 5839 supra
3600 5788 3720 5825 eum
3750 5786 4023 5824 numerum

2450 5858 2734 5913 annorum,
2765 5843 2819 5897 hi
2854 5844 3045 5897 milites
3079 5843 3244 5911 fuere,
3281 5843 3369 5912 qui
3410 5842 3648 5913 Alricum
3680 5841 4021 5914 diripiebant,
