4408 6440
746 446 850 511 123

2128 451 2624 513 TILEOPIIANIS

3922 451 4021 516 124

748 560 925 614 driam
960 558 1229 614 miserunt
1262 576 1274 611 :
1309 573 1373 612 ac
1412 558 1486 611 ita
1521 559 1768 612 cruentis
1822 560 2075 613 manibus
2107 559 2329 613 dedica-
2357 559 2409 617 Α
2435 574 2489 608 κς

2280 573 2329 610 ι-
2357 559 2409 617 Α
2435 572 2585 620 κους,
2621 554 2726 626 πρὸ
2755 557 2854 626 τῆς
2879 556 2987 610 τῶν
3017 554 3232 610 ἀσεϐῶν
3255 560 3579 629 παρουσίας,
3601 559 3775 624 οὕτως
3818 562 3858 594 ³⁸
3893 582 4021 617 κατ-

749 652 914 707 tionis
963 666 1217 721 peregere
1250 650 1531 720 mysteria.
1581 648 1840 704 Omnium
1890 668 2016 705 vero
2056 652 2330 707 malorum

750 744 1005 814 princeps
1058 754 1219 812 atque
1276 755 1471 798 auctor
1516 744 1727 797 exstitit
1763 742 2034 798 Eusebius
2075 743 2328 800 Nicome-

750 836 972 890 diensis.
1039 835 1181 890 Sane
1236 837 1478 890 veritatis
1538 836 1678 889 fama
1734 837 2003 899 ‘obtinuit,
2067 854 2326 908 magnum

751 926 1107 979 Athanasium
1146 927 1289 998 'l‘yro
1333 926 1627 995 fugientem
1676 929 1977 983 accessisse
2015 927 2327 1001 Hierosoly-

752 1034 918 1081 mam,
948 1018 1056 1087 26
1086 1031 1138 1071 et
1167 1021 1447 1089 conceptis
1475 1020 1728 1085 precibus
1756 1020 1872 1074 loca
1902 1022 2246 1075 orationibus
2277 1031 2331 1076 tt

753 1109 1037 1163 sacriﬁciis
1075 1109 1347 1164 destinata
1392 1121 1584 1165 sancto
1621 1112 1904 1166 innuxisse
1935 1124 2233 1184 unguento,
2277 1126 2330 1170 et

753 1208 878 1252 ante
927 1198 1215 1268 impiormn
1246 1202 1560 1268 miventum
1611 1208 1962 1256 consecrasse
2006 1222 2019 1257 :
2078 1220 2203 1259 mox
2262 1208 2329 1260 ad

754 1293 1137 1361 imperatorem
1176 1292 1482 1360 profeetum
1521 1296 1702 1348 omnia
1753 1299 2045 1352 adversum
2082 1315 2141 1354 se
2174 1311 2328 1370 gesta

752 1382 1094 1451 exposuisse.
1154 1379 1366 1448 Quibus
1398 1400 1462 1437 ex
1503 1384 1863 1438 admiratione
1897 1390 2160 1441 attonitus
2195 1404 2330 1457 pra:-

755 1472 938 1526 clarus
961 1472 1259 1541 imperator
1277 1473 1346 1525 ob
1369 1474 1809 1527 adversariorum
1831 1476 2114 1538 malitiam,
2136 1492 2331 1546 magno

755 1574 975 1616 auctum
1009 1562 1219 1618 honore
1257 1580 1379 1617 cum
1424 1564 1618 1617 litteris
1666 1566 2048 1620 Alexandriam
2096 1569 2325 1623 remisit.

756 1654 891 1708 Cum
957 1668 1085 1707 vero
1138 1654 1579 1713 Nicomediensis
1641 1656 1946 1719 Eusebius,
2000 1658 2083 1711 vel
2136 1668 2327 1713 contra

759 1759 957 1796 nomen
1013 1744 1080 1798 ab
1133 1744 1280 1797 omni
1334 1745 1530 1813 pietate
1578 1745 1814 1811 alienus,
1860 1755 1914 1799 et
1956 1746 2233 1819 Theognis
2276 1758 2330 1804 et

764 1834 1022 1889 Ursacius
1052 1843 1105 1888 et
1135 1834 1482 1904 Patrophilus
1516 1851 1543 1888 a
1579 1837 1940 1891 dedicationis
1980 1840 2327 1894 solemnitate

759 1927 1077 1999 Byzantium
1147 1930 1350 1982 reversi
1409 1939 1632 1992 essent,
1702 1932 1994 1999 prteteritis
2056 1905 2408 2001 prioribusB

760 2019 1403 2075 adversus'Atlianasium
1430 2020 1655 2075 structis
1685 2021 2002 2085 calumniis,
2024 2022 2171 2075 viros
2202 2038 2335 2091 qua-

759 2124 886 2163 tuor
936 2109 1265 2180 episcopalis
1315 2109 1525 2163 ordinis
1578 2109 1841 2179 dignitate
1878 2111 2119 2181 insigncs
2170 2121 2336 2167 testes

763 2201 928 2257 falsos
960 2202 1336 2272 produxerunt
1367 2219 1379 2255 :
1414 2204 1506 2272 qui
1536 2201 1988 2270 cumjnratnento
2019 2218 2338 2259 asseverare

762 2297 876 2349 ausi
903 2304 1031 2351 sunt
1081 2294 1165 2349 his
1197 2296 1377 2349 verbis
1410 2312 1422 2348 :
1458 2294 1781 2347 Audivimus
1827 2294 2186 2349 Athanasium
2226 2295 2339 2349 fru-

766 2386 932 2439 tuenti
960 2388 1417 2439 transvectionem
1447 2384 1767 2455 Byzantium
1800 2402 1862 2438 ex
1909 2384 2143 2456 Aigypto
2170 2388 2339 2442 desti-

767 2489 948 2531 natam
982 2476 1373 2546 impcdizurum
1406 2492 1463 2529 se
1501 2477 1862 2531 minitantem.
1890 2476 1962 2531 Ex
1994 2494 2102 2547 quo
2137 2479 2339 2533 Christi

769 2574 1143 2628 amantissimo
1191 2573 1512 2642 imperatori
1570 2573 1705 2626 iram
1762 2575 2123 2637 concitantes,
2163 2574 2338 2644 ipsum

768 2669 832 2723 ad
864 2683 1118 2739 maguum
1144 2668 1507 2721 Athanasium
1556 2668 1695 2736 apud
1729 2667 1994 2722 Treteros
2041 2668 2340 2722 Galliarum

771 2764 955 2816 urbem
984 2761 1335 2830 relegandum
1368 2763 1722 2830 impulerunt.
1761 2762 2063 2815 Athanasio
2088 2764 2253 2831 igitur
2289 2763 2341 2815 in

769 2854 1021 2908 exsilium
1090 2854 1278 2923 pulso,
1314 2870 1530 2907 rursum
1572 2854 1735 2908 Arius
1785 2854 2135 2923 perturbabat
2174 2855 2342 2926 Aigy-

772 2955 943 3014 ptum.
969 2943 1065 3000 His
1089 2944 1154 2998 ad
1189 2962 1247 2999 se
1276 2945 1497 3009 delatis,
1530 2946 1823 3015 imperator
1842 2948 2167 3001 accersitum
2196 2959 2347 3018 rogat

773 3037 996 3102 Arium,
1062 3052 1194 3091 num
1261 3037 1328 3091 de
1391 3038 1841 3092 consubstantiali
1902 3040 2041 3107 apud
2112 3039 2347 3094 Nicaeam

775 3131 1003 3185 sancitis
1054 3130 1401 3202 dogmatibus
1441 3131 1823 3185 assentiatur?
1876 3131 1991 3201 ipse
2040 3147 2163 3186 cum
2195 3134 2350 3201 jura-

2433 648 2597 702 έλαϐε
2650 648 2739 701 τὸν
2780 648 3025 720 βασιλέα.
3062 650 3171 703 Καὶ
3220 650 3401 705 πάντα
3448 650 3570 705 καθ’
3601 652 3789 706 ἑαυτὸν
3822 653 4022 724 ἐξηγή-

2434 759 2587 796 σατο.
2618 742 2676 796 Ὀ
2706 742 2761 794 δὲ
2792 741 3152 813 πανεύφημος
3178 743 3590 807 κωνσταντῖνος
3619 743 3903 814 θαυμάσας
3925 747 4023 815 τὴν

2433 833 2543 887 τῶν
2599 832 2889 886 ἀντιδίκων
2939 832 3108 886 αὑτοῦ
3170 833 3484 904 πονηρίαν,
3535 832 3702 903 τιμῆς
3762 834 4024 905 μεγίστης

2431 927 2673 994 ἀξιώσας
2696 927 2878 992 αὐτὸν,
2912 926 3049 996 μετά
3074 925 3423 996 γραμμάτων
3462 924 3732 978 ἀπέλυσεν
3762 927 3841 988 είς
3877 926 4027 979 Ἀλε-

2434 1020 2739 1087 ξάνδρειαν.
2772 1019 2927 1073 Μετὰ
2977 1019 3033 1071 δὲ
3067 1018 3166 1089 τὴν
3197 1020 3260 1071 ὲκ
3290 1017 3398 1070 τῶν
3430 1017 3727 1086 ἑγκαινίων
3767 1018 4026 1072 ἐπάνοδον

2431 1112 2459 1164 ὁ
2498 1111 2678 1180 πάσης
2711 1111 2993 1175 εὐσεϐείας
3028 1110 3307 1178 ἀλλότριος
3340 1111 3709 1181 Νικομηδείας
3735 1110 4020 1172 Εὐσέϐιος,

2432 1203 2526 1255 καὶ
2570 1203 2795 1269 Θέογνις
2862 1204 2927 1267 ¹⁷,
2988 1204 3079 1255 καὶ
3137 1204 3464 1273 Ούρσάκιος,
3504 1198 3598 1255 καὶ
3660 1202 4021 1272 Πατρόφιλος,

2432 1293 2833 1356 καταλαϐόντες
2881 1293 2943 1345 τὸ
2974 1292 3289 1357 Βυζάντιον,
3342 1293 3439 1345 καλ⁸
3486 1292 3584 1355 τὰς
3624 1292 3845 1362 πρώτας
3889 1290 4027 1344 κατά

2444 1384 2762 1438 Ἀθανασίου
2820 1384 3073 1447 διαϐολὰς
3116 1386 3514 1454 σιωπήσαντες,
3571 1384 3852 1454 μάρτυρας
3885 1383 4017 1451 ψευ-

2433 1477 2544 1541 δεῖς
2568 1476 2932 1548 προεϐάλοντο
2964 1477 3005 1508 ¹³
3032 1478 3305 1546 τέσσαρας
3354 1476 3668 1529 ἐπισκόπων
3693 1477 4025 1545 χειροτονίας

2434 1568 2692 1639 ἔχοντας·
2734 1570 2932 1632 οἵτινες
2989 1568 3109 1638 μεθ’
3142 1570 3307 1638 ὅρκου
3340 1571 3514 1622 είπεῖν
3566 1568 3896 1636 ἐτόλμησαν,
3946 1570 4026 1623 ὅτι

2444 1662 2785 1732 Ἢκούσαμεν
2837 1662 3161 1716 Ἀθανασίου
3208 1661 3558 1725 ἀπειλοῦντος
3628 1661 3858 1714 κωλύειν
3918 1661 4018 1731 τὴν

2434 1754 2802 1826 σιτοπομπίαν
2838 1756 2937 1824 τὴν
2966 1755 3270 1826 ἐρχομένην
3318 1754 3378 1819 ἐξ
3407 1754 3683 1822 Αἰγύπτου
3716 1757 3796 1817 εἰς
3825 1754 3884 1806 τὸ
3923 1754 4027 1805 Β)-

2437 1846 2672 1909 ζάντιον.
2710 1843 2875 1899 Ὅθεν
2911 1846 3004 1897 καὶ
3040 1845 3365 1915 κινήσαντες
3402 1843 3480 1905 είς
3514 1842 3685 1912 ὀργὴν
3741 1842 3829 1893 τὸν
3878 1840 4027 1908 φιλόο

2439 1950 2661 2004 χριστον
2692 1934 2941 2003 βασιλέα,
2977 1931 3400 2002 παρεσκεύασαν
3448 1932 3689 2001 ἐξορίσαι
3723 1932 3815 1984 τὸν
3854 1932 4031 2001 μέγαν

2454 2026 2771 2080 Ἀθανάσιον
2797 2027 2877 2087 είς
2908 2024 3166 2096 Τρίϐεριν
3203 2022 3244 2055 ⁸⁸
3281 2026 3381 2093 τῆς
3405 2022 3652 2085 Γαλλίας.
3705 2022 4026 2076 Ἀθανασίου

2437 2119 2494 2172 δὲ
2534 2118 2929 2190 ὲξορισθέντος,
2964 2119 3181 2186 ’Λρειος
3215 2116 3375 2169 πάλιν
3414 2116 3713 2185 ἐτάραττεν
3740 2115 3838 2186 τὴν
3864 2115 4031 2182 Δίγυ-

2441 2230 2593 2265 πτον.
2632 2212 2796 2273 Γνοὺς
2826 2211 2883 2263 δὲ
2912 2212 2939 2262 ό
2966 2209 3243 2279 βασιλεὺς,
3302 2207 3799 2278 μεταπεμψάμενος
3847 2206 4033 2267 αὑτὸν,

2441 2304 2629 2373 ἠρώτα
2660 2304 2708 2355 εί
2743 2305 2855 2366 τοῖς
2893 2303 2951 2354 ὲν
2982 2301 3187 2371 Νικαίᾳ
3216 2302 3262 2332 ³⁸
3292 2300 3525 2369 δόγμασι
3562 2300 3868 2352 συντίθεται
3905 2285 4039 2367 περἱ

2441 2396 2535 2449 τοῦ
2570 2397 2883 2467 όμοουσίου,
2916 2395 3009 2448 τοῦ
3040 2395 3097 2448 δὲ
3133 2394 3253 2464 μεθ’
3289 2394 3455 2465 ὅρκου
3506 2394 3751 2456 εἰπόντος
3791 2390 4037 2444 συντίθε-

2446 2486 2591 2553 σθαι,
2625 2487 2774 2540 δόλον
2800 2503 2857 2539 τε
2881 2487 2978 2539 καὶ
3000 2487 3042 2517 ²¹
3089 2484 3206 2550 νῦν,
3237 2484 3312 2547 ὡς
3367 2486 3454 2537 ἀεὶ
3497 2482 3899 2554 ἐργαζομένουθ
3948 2480 4040 2534 δύο

2444 2582 2553 2651 γὰρ
2607 2579 2813 2650 χάρτας
2875 2577 3219 2631 συντέθεικεν
3243 2593 3256 2606 ”
3280 2577 3377 2629 ἕνα
3412 2577 3507 2645 μὲν
3539 2576 3676 2643 ὑπὲρ
3712 2573 3804 2626 τοῦ
3840 2574 4032 2643 όμοουο

2448 2672 2585 2737 σίου,
2620 2670 2847 2741 θάτερον
2868 2671 2925 2723 δὲ
2954 2652 3072 2723 κατδ
3100 2667 3265 2723 αὐτοῦ
3288 2685 3303 2699 ο
3335 2668 3394 2720 ὂν
3416 2668 3509 2720 καὶ
3541 2668 3606 2719 δι’
3634 2667 3828 2720 ἑαυτοῦ
3860 2668 4023 2737 ἔγρα-

2446 2762 2567 2831 ψεν,
2617 2763 2708 2814 τὸν
2741 2762 2960 2832 πρῶτον
3003 2761 3072 2815 δι’
3134 2760 3324 2830 ἑτέρου
3356 2760 3605 2830 γράψας·
3655 2760 3830 2812 πείθει
3863 2761 4041 2813 τοίνυν

2448 2855 2539 2908 τὸν
2571 2854 2819 2924 βασιλέα,
2843 2854 3048 2925 ὀμόσας
3071 2853 3213 2906 οὓτω
3236 2852 3535 2916 πιστεύειν,
3566 2851 3820 2905 κελεῦσαι
3846 2851 4041 2922 δεχθῆ-

2448 2964 2538 2999 ναι
2569 2946 2732 2999 αύτδν
2759 2947 2817 2999 ὲν
2848 2947 2913 3017 τῇ
2949 2945 3212 3015 καθολικῇ
3266 2943 3587 3014 Ἐκκλησία.
3626 2944 3805 3013 Ὀπερ
3859 2943 4043 3012 μαθὼν

2450 3042 2477 3093 ὀ
2504 3038 2644 3103 θεῖος
2689 3037 3061 3108 Ἀλέξανδρος,
3097 3035 3174 3106 τῷ
3201 3035 3322 3105 Θεῷ
3350 3035 3760 3107 προσέκλαυσεν
3810 3037 3891 3098 είς
3944 3036 4044 3105 τὴν

2453 3134 2793 3205 καλουμένην
2828 3135 3063 3204 Εἰρήνην
3110 3131 3407 3203 ἐκκλησίαν
3427 3148 3442 3161 θ
3475 3131 3573 3184 καὶ
3604 3131 3760 3199 λόγου
3786 3131 3977 3185 θᾶττον
4010 3134 4042 3201 ἡ

777 3233 960 3277 memo
995 3231 1223 3278 testatur
1245 3224 1523 3288 assentiri,
1571 3234 1625 3278 et
1653 3224 1808 3277 dolos
1840 3241 1902 3277 ex
1940 3240 2090 3279 more
2129 3227 2352 3280 commi-
2380 3247 2423 3306 ς
2456 3231 2511 3281 ea

2303 3227 2352 3280 ιὶ-
2380 3247 2423 3306 C
2456 3228 2575 3281 Θεία
2614 3227 2738 3297 δίκη
2773 3226 3005 3297 μετῆλθε
3033 3225 3123 3278 τὸν
3149 3226 3390 3295 Ἀρειον,
3429 3224 3486 3276 ὲν
3520 3225 3708 3287 τόποις
3740 3223 3912 3287 ἀξίοις
3934 3222 4044 3274 τῶν

780 3316 1030 3371 'iiscitur.
1082 3314 1228 3371 Duas
1284 3330 1523 3386 namque
1580 3316 1813 3370 schedas
1855 3328 2071 3384 paratas
2132 3319 2347 3371 tenuit:

782 3416 921 3463 hanc
970 3424 1092 3479 qua:
1126 3408 1654 3464 consubstantialem
1698 3410 2079 3478 proﬁteretur,
2123 3410 2351 3465 alteram

776 3512 898 3562 quae
929 3496 1066 3551 foret
1092 3501 1325 3553 adversa
1362 3514 1376 3550 :
1416 3498 1714 3552 secundam
1749 3515 1912 3551 manu
1969 3501 2207 3568 propria,
2242 3504 2355 3570 pri-

780 3601 923 3639 mam
955 3589 1133 3642 alieno
1175 3590 1495 3642 charactere
1519 3589 1883 3656 censeriptain
1918 3588 2186 3642 exhibuit.
2218 3592 2356 3643 Sua-

781 3676 871 3727 dt-t
908 3677 1088 3746 itaque
1128 3677 1471 3746 imperatori,
1505 3688 1559 3732 et
1597 3678 1669 3731 ita
1698 3696 1755 3732 se
1790 3679 2013 3732 credere
2041 3680 2356 3747 iuramento

784 3766 1016 3821 allirmat
1057 3786 1069 3821 :
1109 3776 1164 3821 et
1194 3767 1396 3837 utejus
1427 3768 1675 3837 jussibus
1702 3768 1755 3821 in
1794 3765 2092 3823 Ecclesium
2124 3770 2358 3823 catholi-

781 3874 903 3916 cam
930 3857 1248 3913 admittatur
1275 3860 1533 3929 postulat.
1562 3857 1717 3924 Quod
1743 3874 1864 3912 cum
1886 3858 2103 3913 divinus
2125 3860 2359 3914 Alexan-

781 3961 878 4013 der
918 3958 1156 4023 rescivit,
1191 3974 1315 4012 cum
1348 3957 1587 4028 querelis
1618 3957 1888 4026 lat-tymas
1929 3957 1981 4010 in
2006 3957 2232 4011 ecclesia
2273 3955 2359 4010 cui

785 4068 979 4106 nomen
1011 4050 1162 4106 lrcne
1193 4067 1375 4106 coram
1409 4049 1517 4105 Deo
1548 4049 1789 4119 profudit
1818 4068 1829 4102 :
1856 4058 1909 4104 et
1942 4049 2091 4103 dicto
2119 4049 2283 4104 citius
2308 4050 2360 4102 in

786 4142 917 4195 locis
940 4140 1054 4195 Arii
1090 4141 1289 4211 lingua:
1323 4141 1462 4208 turpi
1499 4140 1767 4210 prolluvio
1806 4141 2006 4210 dignis,
2045 4141 2097 4194 in
2127 4141 2362 4209 publicis

783 4234 907 4287 dico
937 4232 1172 4296 latrinis,
1218 4232 1338 4301 ejus
1367 4231 1560 4286 ell'usis
1606 4231 1934 4295 visceribus,
1970 4233 2114 4286 circa
2147 4235 2361 4297 horam,

784 4342 892 4396 qua
915 4340 1071 4381 sacra
1094 4325 1254 4395 adyta
1278 4334 1689 4394 penetraturum
1718 4340 1775 4379 se
1792 4325 2100 4379 conﬁdebat
2121 4325 2363 4394 indigne,

786 4428 1034 4473 truncata
1062 4418 1355 4487 derepente
1396 4418 1502 4471 vita
1529 4427 1813 4487 praesente,
1838 4426 1892 4470 et
1912 4427 2113 4471 acterna
2137 4418 2365 4482 amissa,

785 4510 973 4564 divina
1019 4510 1153 4565 ultio
1204 4510 1381 4579 ipsum
1426 4518 1712 4579 prosecuta
1759 4518 1862 4563 est.
1910 4508 2034 4563 lber.
2079 4511 2367 4565 tricesimo

2455 3322 2553 3389 τῆς
2582 3318 2830 3388 γλώσσης
2860 3316 3269 3387 ἀμαρευμάτων
3299 3317 3344 3347 ¹¹
3369 3314 3650 3384 ὲκκόψασα
3684 3315 3779 3367 τοῦ
3813 3314 3932 3385 ζῇν,
3988 3316 4049 3365 ἐν

2454 3410 2533 3481 τῷ
2559 3409 2652 3462 νῦν
2700 3409 2796 3462 καὶ
2827 3411 2881 3460 ὲν
2918 3406 2995 3478 τῷ
3051 3406 3319 3478 μέλλοντι.
3356 3405 3463 3457 τῶν
3508 3406 3832 3473 σπλάγχνων
3878 3404 4047 3458 αὐτοῦ

2457 3501 2894 3572 κατενεχθέντων
2925 3502 2981 3552 ὲν
3013 3498 3231 3567 ἀφόδοις
3260 3499 3329 3561 ⁸³,
3358 3497 3480 3550 καθ’
3528 3497 3594 3568 ἢν
3626 3496 3775 3568 ὥραν
3824 3496 4049 3565 ἔμελλεν

2456 3595 2566 3647 τῶν
2609 3593 2772 3665 ίερῶν
2797 3590 3035 3655 ἀναξίως
3061 3589 3363 3643 ἐπιϐαίνειν
3387 3588 3711 3660 περιϐόλων.
3761 3589 3946 3640 Ταῦτα
3976 3587 4053 3657 τῷ

2457 3685 2766 3757 τριακοστῷ
2784 3684 2988 3754 πρώτῳ
3018 3682 3135 3755 (6³5)
3163 3683 3273 3735 ἔτει
3301 3684 3489 3751 γέγονε
3513 3679 3605 3733 τοῦ
3642 3680 3874 3750 μεγάλου
3906 3680 4058 3732 Κων·

2463 3776 2768 3840 σταντίνου.
2800 3775 2893 3829 τοῦ
2950 3775 3098 3829 θείου
3134 3773 3484 3845 Ἀλεξάνδρου
3514 3772 3935 3834 ὲπισκοποῦντος
3964 3771 4059 3839 τὴν

2463 3867 3059 3933 Κωνσταντινούπολιν,
3088 3868 3183 3920 καὶ
3208 3867 3325 3936 οὐχ,
3349 3864 3424 3929 ὡς
3441 3882 3604 3936 φησιν
3622 3865 3877 3926 Εὐσέϐιος
3896 3866 3940 3894 ’λ
3965 3864 4061 3932 μό-

2462 3978 2549 4024 νος
2580 3960 2715 4031 (64).
2771 3960 2852 4013 ὅτι
2902 3961 2931 4011 ό
2981 3957 3350 4029 Νικομηδείας
3406 3955 3687 4021 Εὐσέϐιος,
3740 3957 3825 4009 ὅτε
3858 3956 3937 4017 εἰς
3984 3955 4054 4006 τὰ

2463 4053 2716 4121 ἐγκαίνια
2754 4054 2821 4105 τὰ
2857 4052 3001 4105 κατὰ
3048 4049 3370 4104 ’Δθανασίου
3406 4048 3727 4113 ἐσκεύαζεν,
3771 4049 3862 4100 τὸν
3895 4049 4055 4100 Κων-

2467 4143 2968 4207 σταντινουπόλεως
3000 4142 3189 4213 θρόνον
3230 4143 3467 4211 ἐπεῖχεν.
3514 4140 3683 4194 Τοῦτο
3714 4141 3823 4209 γὰρ
3850 4141 3944 4191 καὶ

2465 4237 2565 4306 τῆς
2621 4237 2730 4289 τῶν
2760 4237 2968 4305 χρόνων
3027 4235 3224 4305 ὁμάδος
3254 4233 3533 4285 δείκνυται
3562 4232 3757 4300 ψεῦδος
3778 4249 3792 4263 ·
3825 4230 4059 4297 ἐπείπερ

2469 4330 2881 4390 Κωνσταντίνος
2903 4326 2971 4380 τὰ
2996 4326 3092 4379 ὅλα
3123 4326 3217 4395 ἔτη
3243 4326 3542 4394 τριάκοντα
3564 4323 3657 4376 δύο
3686 4322 4057 4376 ἐϐασίλευσεν·

2467 4422 2525 4484 ὃς
2553 4420 2692 4491 μετά
2717 4420 2817 4489 τὴν
2847 4418 3069 4490 πρώτην
3118 4416 3496 4487 δεκαετηρίδα,
3547 4415 3637 4485 τῷ·
3656 4414 3866 4483 δεκάτῳ
3897 4412 4068 4483 τρίτῳ

2471 4513 2634 4568 αὐτοῦ
2668 4512 2778 4565 ἔτει
2818 4508 3147 4563 καταλαϐὼν
3193 4508 3254 4561 τὸ
3314 4507 3631 4570 Βυζάντιον,
3694 4506 4064 4574 Μητροςοάντρ

788 4602 964 4670 primo
998 4602 1178 4672 magni
1204 4600 1546 4656 Constantini
1580 4615 1725 4654 anno
1755 4601 2140 4670 conligerunt,
2179 4600 2368 4655 divino
2405 4590 2446 4645 ί)
2480 4608 2529 4661 τὶ

2322 4616 2368 4655 ιο
2405 4590 2446 4645 D
2480 4608 2570 4661 τὸν
2623 4607 2731 4676 πρὸ
2772 4604 3123 4676 Ἀλεξάνδρου
3184 4597 3341 4673 εὗρεν
3380 4599 3785 4656 ἐπισκοποῦντα
3840 4600 3909 4661 ’⁸,
3946 4594 4063 4649 εἶτα

788 4694 1099 4750 Alexandro
1155 4695 1312 4765 Cpoli
1368 4694 1745 4765 episcopatum
1818 4704 2077 4762 gerente,
2142 4710 2243 4747 nec
2306 4704 2367 4748 ut

793 4788 1056 4843 Eusebius
1086 4802 1151 4842 ex
1183 4787 1440 4841 omnibus
1471 4786 1750 4842 historicis
1789 4786 1940 4840 solus
1972 4794 2177 4849 narrat,
2203 4785 2369 4839 Nico—

794 4878 1089 4933 mediensis
1125 4878 1462 4948 irreligiosus
1491 4876 1781 4941 Eusebius,
1810 4890 1935 4931 cum
1976 4877 2124 4931 circa
2153 4876 2372 4931 dedica-

2486 4695 2838 4766 Ἀλέξανδρος
2872 4695 2965 4764 ἔτη
2997 4693 3123 4765 τρία
3155 4693 3249 4746 καὶ
3280 4692 3453 4745 εἴκοσι
3505 4690 3617 4761 (65)
3665 4689 4060 4756 ὲπεσκόπησεν·

2476 4789 2552 4851 ὼς
2582 4783 2723 4841 εἶναι
2750 4787 2858 4840 ἀπὸ
2880 4785 2980 4854 τῆς
3010 4784 3189 4855 ἀρχῆς
3216 4784 3315 4853 τῆς
3346 4782 3624 4852 βασιλείας
3642 4781 3688 4815 ¹⁶
3711 4779 3806 4831 τοῦ
3832 4778 4065 4847 μεγάλου

2482 4878 2892 4932 Κωνσταντίνου
2924 4877 3027 4939 ’ἑως
3060 4875 3371 4946 κοιμήσεως
3394 4872 3750 4942 Ἀλεξάνδρου
3791 4872 3886 4939 ἐτη
3929 4870 4069 4920 ἑπτα

2129 5014 2363 5070 νΑιιιω
2406 5015 2816 5073 LECTIONES.

890 5108 933 5140 ⁸⁸
959 5106 1131 5170 οὕτως
1162 5108 1288 5163 add.
1324 5125 1389 5163 ex
1429 5109 1474 5162 A
1506 5125 1536 5163 a
1566 5110 1601 5161 l'.
1709 5110 1749 5140 ¹⁷
1781 5109 2033 5175 Θεόγνιος
2065 5108 2130 5162 Α.

2211 5109 2252 5182 ‘_‘
2280 5112 2682 5182 προσεϐἀλοντρ
2709 5114 2773 5177 Α,
2812 5107 3244 5182 προσεϐάλλοντο
3272 5106 3416 5176 vulg.

3499 5106 3541 5138 "
3579 5103 3835 5173 Τρίϐεριν
3884 5118 3934 5164 a,
3971 5101 4067 5154 Τί-

797 5178 1012 5260 ϐᾳερινιΑ
1035 5195 1077 5260 ε
1104 5178 1142 5243 f,
1171 5180 1313 5260 apud
1346 5180 1600 5260 Tiberim.
1633 5181 1824 5260 Anast.
1862 5180 2124 5260 Τιϐερριν
2150 5176 2349 5260 ν-ιιίςςξ
2377 5183 2421 5214 ¹⁶
2462 5185 2509 5260 εἰ
2537 5182 2664 5260 Νικ..
2698 5182 2822 5260 Par.
2860 5176 3074 5260 '_“mxat
3104 5178 3230 5260 add.
3259 5194 3324 5231 ex
3479 5176 3539 5260 _“
3562 5177 3984 5260 ἀμαρτῖ,μάιτωιι
4017 5188 4071 5229 a.

796 5252 841 5280 ⁸⁸
864 5253 921 5300 ὲν
944 5249 1160 5317 ἀφόδοις
1182 5253 1318 5304 Α-ρι
1349 5249 1460 5310 alii.
1492 5253 1550 5301 ὲν
1580 5250 1838 5317 ἀμφόδοις
1872 5249 2017 5313 vulg.

799 5320 1096 5373 ἐπίσκοπον
1132 5322 1326 5395 πρῶτα
1354 5322 1501 5390 vulg.
1578 5321 1623 5351 "
1659 5321 1758 5388 τῆς
1788 5320 2061 5390 βασιλείας
2085 5336 2194 5375 om.
2229 5338 2281 5375 ει.

2089 5251 2135 5280 ’⁸
2175 5250 2433 5317 Εὐσέϐιος
2458 5255 2500 5307 Α
2525 5269 2575 5319 e,
2608 5250 3081 5311 Ἀσεϐε-εὖσέϐιος
3128 5250 3271 5315 vulg.

3369 5249 3414 5279 "
3475 5245 3882 5299 ἐπισκοποῦντα
3927 5248 3968 5297 Α
4008 5260 4059 5302 a,

2074 5440 2217 5495 J.\C.
2280 5439 2493 5496 GOAlll
2527 5437 2759 5493 ΝΟΤιΕ.

875 5555 986 5627 (65)
1026 5552 1160 5627 Ωιιιὲ
1184 5554 1251 5609 de
1282 5554 1579 5627 Athanasio
1610 5563 1663 5609 et
1692 5554 1822 5608 Ario
1860 5556 1911 5609 in
1966 5571 2169 5625 paucos
2204 5572 2378 5611 annos

807 5624 1090 5681 rontraxit
1120 5624 1501 5695 TheOphanes,
1530 5625 1584 5696 in
1627 5628 1812 5695 plures
1855 5627 2125 5680 Baroaius
2161 5629 2378 5696 digerit.

809 5699 907 5752 llic
943 5712 1107 5767 porro
1135 5712 1259 5752 cum
1288 5704 1510 5767 auctore
1543 5695 1656 5749 Arii
1676 5710 1904 5749 mOI'lCIII
1942 5714 2085 5752 anno
2112 5695 2380 5752 Constan-

810 5770 907 5820 tini
950 5766 1225 5835 tricesimo
1252 5782 1313 5821 ex
1364 5766 1588 5819 Socrate
1633 5768 1919 5835 consignat
1945 5770 2007 5820 ad
2063 5785 2154 5821 an.
2186 5767 2383 5821 (1.536

810 5855 957 5891 num.
978 5832 1069 5891 50:
1089 5838 1421 5903 Τριακοστὸν
1437 5836 1493 5889 δὲ
1515 5838 1632 5898 ἑτος
1644 5838 1739 5905 τῆς
1752 5832 2031 5906 βασιλείας
2047 5838 2388 5890 Κωνσταντί-

810 5928 901 5961 νου
934 5907 1139 5964 τούτων
1168 5907 1798 5981 γιβμένωνρπληροῦω
1834 5924 1845 5937 ·
1886 5908 2021 5961 Dum
2052 5909 2158 5964 lucc
2205 5926 2391 5978 gerun-

2486 5566 2594 5617 tur,
2629 5553 2924 5606 tricesimus
2959 5564 3130 5603 anuus
3190 5552 3334 5621 regni
3372 5549 3711 5605 Constantini
3760 5550 3829 5603 ad
3875 5553 4072 5603 exitum

2486 5637 2669 5765 υειξὲί)
2689 5693 2841 5760 Quod
2867 5694 3197 5761 scriptorum
3214 5688 3641 5765 Eusebii_nullibi
3666 5699 3854 5765 exstat.
3877 5689 4077 5765 Ἀρειο-

2492 5760 2758 5837 νὸᾀρονας
2809 5760 2996 5833 itaque
3031 5766 3211 5833 potius
3250 5776 3411 5842 quam
3436 5760 3730 5816 Eusebium
3775 5761 3877 5815 hoc
3937 5761 4075 5815 scri-

2495 5840 2670 5909 p's'tsse.
2708 5852 2827 5909 pag.
2866 5845 3131 5909 sequente
3171 5840 3457 5887 asseritur.

2568 5910 2677 5976 (ϋό)
2713 5900 2883 5960 Ειῐοιιι
2917 5900 3197 5967 tricesimo
3233 5914 3425 5959 octavo
3467 5900 3727 5957 delibato.
