4408 6440
730 427 824 494 l3l

2105 430 2595 491 THEOPHANIS

3881 430 3899 491 l
3912 430 3981 492 {l2

727 538 1121 599 ecclesiasticis
1179 537 1476 593 lectoribus
1531 534 1742 601 allecti,
1813 548 2005 593 sancto
2059 540 2295 610 jmartyri
2328 535 2468 602 Αυῖ

2237 541 2295 593 tri
2328 546 2376 602 Α
2403 535 2561 595 Οὗτοι
2594 544 2641 594 οἱ
2673 541 2714 572 ⁶¹
2752 538 2845 594 δύο
2887 539 3109 610 ἀδελφοὶ
3155 538 3503 607 ἀναγνῶσται
3544 542 3802 610 γεγόνασι
3843 543 3978 614 (εει,

728 633 988 688 Mamanti
1014 632 1299 686 ecclesiam
1327 642 1648 686 construere
1671 632 1841 686 moliti
1864 642 2010 687 sunt.
2033 630 2152 697 Qua
2170 648 2297 687 vero

723 726 1003 782 lulianum
1035 723 1307 777 fabricare
1358 722 1606 792 contigit,
1661 724 1837 778 solum
1868 723 2131 779 fabricam
2189 735 2295 778 non

728 817 971 872 admisit.
1009 817 1057 870 Is
1084 830 1245 885 porro
1276 815 1485 885 capillis
1528 816 1762 879 abrasis,
1822 818 2188 873 monasticam
2221 818 2299 872 vi-

728 911 887 964 vendi
947 908 1214 961 rationem
1276 907 1574 962 simulavit.
1631 906 1984 965 Constantius
2025 918 2205 963 autem
2246 918 2300 964 et

730 1002 1022 1065 Constans,
1083 1016 1151 1055 ne
1204 1000 1422 1055 Judaeus
1482 1008 1701 1056 servum
1732 1003 1834 1056 sibi
1865 1002 2039 1071 pretio
2070 1017 2298 1071 compa-

731 1101 899 1154 rarct,
939 1108 1157 1147 servum
1206 1090 1444 1159 alioquin
1471 1091 1524 1145 in
1562 1093 1838 1161 publicum
1894 1107 2121 1147 censum
2155 1092 2300 1147 refe-
2334 1106 2357 1115 "

730 1186 981 1243 rendum,
1016 1181 1099 1235 sin
1146 1195 1363 1235 servum
1422 1181 1645 1235 auderet
1698 1180 2108 1243 circumcidere,
2173 1195 2297 1234 eum

731 1275 909 1343 gladio
936 1273 1290 1342 puniendum,
1350 1280 1405 1326 et
1456 1272 1573 1343 ejus
1620 1273 1759 1327 bona
1812 1272 2137 1341 publicanda
2186 1272 2301 1326 suis

730 1364 922 1418 edictis
955 1362 1262 1429 caverunt.)

802 1459 867 1510 A.
903 1457 964 1509 C.
1008 1456 1134 1510 352.
1169 1485 1237 1494 —
1272 1455 1387 1508 Hoc
1431 1467 1575 1507 anno
1638 1451 1993 1508 Constantius
2048 1453 2300 1507 Amidam

730 1548 920 1601 validis
964 1547 1233 1601 ﬁrmatam
1313 1546 1589 1599 mmnibus
1645 1546 1974 1599 construxit.
2021 1544 2294 1600 Constan-

735 1644 862 1695 tiam
896 1656 1131 1710 quoque,
1173 1640 1389 1693 Antonii
1424 1640 1613 1693 urbem
1643 1639 1795 1707 prius
1851 1639 2071 1697 dictam.
2098 1653 2199 1693 suo
2235 1638 2303 1692 de

736 1734 951 1786 nomine
975 1733 1228 1798 deinceps
1263 1731 1709 1799 nuncupandam,
1757 1738 1811 1785 et
1873 1732 1938 1784 ab
1970 1731 2165 1785 Amida
2217 1746 2305 1786 se-

732 1826 1033 1895 ptingentis
1060 1824 1256 1878 stadiis
1283 1824 1347 1877 ad
1376 1824 1660 1877 meridiem
1687 1823 1931 1877 dissitam
1960 1822 2269 1877 aediﬁcavit.

2398 634 2493 686 καὶ
2524 628 2818 700 ἐκκλησίαν
2837 631 3021 686 κτίσαι
3048 631 3125 701 τῷ
3157 630 3295 702 ἁγίῳ
3323 632 3558 703 μάρτυρι
3588 634 3846 703 Μὰμαντι
3870 634 3984 704 (85)

2399 723 2859 794 προεθυμήθησαν
2893 724 2959 777 ⁸³.
3006 721 3094 776 Ἐν
3129 715 3172 791 ᾧ
3206 721 3263 775 δὲ
3310 723 3464 793 μέρει
3513 723 3717 787 κτίζειν
3761 726 3983 778 Ἰουλια-

2399 811 2489 876 νὸς
2528 812 2757 882 ἔλαχεν,
2797 812 2954 866 τοῦτο
3004 810 3037 882 ἠ
3088 814 3157 882 γῆ
3214 811 3313 865 οὐκ
3366 810 3598 882 ἐδέχετο.
3664 813 3983 884 Ἀποκειρὰ-

2402 922 2562 975 μενος
2587 904 2641 956 δὲ
2669 904 2768 967 τὰς
2792 903 2985 975 τρίχας
3019 902 3130 971 (84)
3160 902 3461 972 μοναχικὴν
3493 903 3727 971 ἄσκησιν
3758 904 3984 975 ὑπεκρί-

2398 1014 2538 1054 νετο,
2571 996 2949 1057 Κωνστάντιος
2974 994 3029 1047 δὲ
3064 992 3108 1026 ⁸³
3152 995 3246 1048 καὶ
3276 995 3322 1047 ὁΔ
3352 995 3612 1057 Κώνστας
3644 996 3752 1064 (85)
3795 998 3984 1065 ἐνομο-

2401 1086 2664 1158 θέτησαν,
2734 1085 2981 1140 Ἰουδαῖον
3043 1085 3089 1116 ⁸⁸
3138 1086 3213 1154 μὴ
3260 1078 3516 1137 ὠνεῖσθαι
3572 1082 3795 1149 δοῦλον,
3858 1084 3983 1140 ἐπεὶ

2399 1177 2750 1249 ἀφαιρεῖσθαι
2771 1177 2944 1230 αὑτὸν
2982 1177 3060 1239 είς
3106 1176 3198 1227 τὸν
3228 1176 3483 1245 δημόσιον
3512 1175 3691 1243 λόγον·
3722 1177 3769 1229 εἰ
3798 1176 3855 1229 δὲ
3888 1178 3983 1231 καί

2401 1270 2717 1338 περιτεμεῖν
2763 1268 2805 1300 ⁸⁸
2835 1266 3095 1338 τολμήσοι
3154 1264 3341 1319 δοῦλον
3370 1304 3385 1329 ,
3424 1265 3569 1334 ξίφει
3614 1268 3979 1336 τιμωρεῖσθαι

2402 1360 2499 1410 καὶ
2534 1357 2891 1428 δημεύεσθαι.

2474 1449 2542 1501 Α.
2588 1446 2660 1499 Μ.
2702 1447 2859 1500 5852.
2891 1477 2961 1487 -
3007 1444 3196 1516 Τούτῳ
3239 1444 3319 1516 τῷ
3364 1444 3473 1498 ἔτει
3519 1444 3898 1506 Κωνστάντιος
3938 1445 3982 1476 ⁸⁸

2407 1539 2637 1609 Ἀμιδαν
2667 1540 2778 1609 (86)
2802 1540 3079 1610 οἰκοδομεῖ
3111 1540 3180 1605 ⁸⁷,
3210 1539 3452 1609 τειχίσας
3481 1539 3763 1605 γενναίως.
3791 1536 3981 1600 κτίζει

2402 1631 2459 1683 δὲ
2501 1631 2886 1685 Κωνσταντίαν
2935 1631 3021 1694 ⁸⁸,
3079 1631 3179 1703 τὴν
3244 1630 3435 1701 πρώην
3479 1628 3765 1681 Ἀντωνίου
3827 1627 3982 1680 πόλιν

2404 1721 2726 1793 λεγομένην,
2767 1723 3112 1794 ἐπονομάσας
3152 1726 3196 1763 ⁸ο
3235 1723 3404 1792 αὐτὴν
3441 1720 3648 1789 ἑαυτῷ,
3686 1719 3983 1772 διεστῶσαν

2418 1814 2644 1884 Ἀμίδης
2678 1816 2922 1880 σταδίους
2967 1815 3331 1877 ἑπτακοσίους
3362 1813 3503 1867 κατὰ
3537 1810 3909 1882 μεσημϐρίαν.

802 1888 882 1970 A:
919 1912 981 1969 C.
1034 1916 1250 1970 353.—
1281 1913 1773 1983 Hierosolymorum
1828 1914 2059 1984 episcopi
2115 1912 2304 1983 Cyrilli
2339 1888 2378 1942 Β
2489 1908 2543 1963 Α⁴

2245 1914 2304 1969 lli
2339 1888 2378 1942 Β
2489 1908 2551 1963 Α.
2589 1907 2660 1964 Μ.
2696 1908 2856 1965 5855.
2894 1939 2964 1953 —-
2998 1908 3438 1978 Ἰεροσολύμων
3484 1907 3823 1959 ἐπισκόπου
3870 1907 3983 1958 Κυ-

732 2022 899 2059 a'imts
933 2007 1152 2074 primus.

802 2098 911 2166 30
942 2097 1049 2150 lloc
1080 2111 1227 2150 anno
1250 2102 1465 2150 centum
1489 2102 1543 2148 et
1583 2094 1877 2165 nonaginta
1916 2094 2295 2164 episcoporum

735 2189 963 2259 synodo,
998 2190 1084 2242 cui
1106 2186 1431 2242 Nicomediae
1462 2185 1688 2241 antistes
1722 2186 1993 2241 Eusebius
2046 2188 2301 2257 praeside-

738 2282 849 2343 bat,
872 2290 1080 2345 coacta,
1127 2280 1358 2334 alterum
1407 2277 1705 2334 Eusebium
1761 2278 1969 2335 Emesa:
2016 2285 2299 2348 praesulem

738 2374 1079 2429 Alexandriae
1132 2372 1453 2442 praeﬁciunt.
1495 2370 1638 2438 Quo.
1696 2388 1795 2427 ceu
1825 2372 2156 2440 Sabelliano,
2218 2391 2308 2429 re-

735 2467 903 2535 jccto,
934 2465 1257 2537 Gregorium
1307 2465 1599 2535 quemdam
1642 2465 1905 2521 Arianum
1947 2482 2069 2522 cum
2129 2468 2307 2523 valida

2406 2005 2628 2073 ρι’λλου
2656 2001 2791 2068 ἔτος
2819 1998 2891 2055 α’.

2484 2095 2671 2163 Τούτῳ
2730 2093 2808 2164 τῷ
2862 2092 2973 2145 ἔτει
3020 2088 3241 2146 συνόδου
3302 2090 3599 2160 γενομένης
3664 2091 3722 2142 ἐν
3779 2088 3984 2141 Ἀντιο-

2413 2189 2536 2258 χείᾳ
2568 2187 2680 2257 (87)
2712 2185 3030 2239 ἐπισκόπων
3087 2186 3411 2253 ἐνενήκοντα
3465 2186 3558 2236 καὶ
3615 2182 3808 2235 ὲκατδν
3847 2182 3983 2250 (88),

2408 2273 2481 2334 ὧν
2519 2281 2702 2350 ἡγεῖτο
2757 2278 3014 2341 Εὐσέϐιος
3049 2278 3076 2330 ὁ
3120 2278 3506 2347 Νικομηδείας,
3554 2275 3985 2346 προχειρίζονται

2424 2372 2833 2443 Ἀλεξανδρείας
2870 2371 3172 2424 ἐπίσκοπον
3214 2370 3470 2423 Εὐσέϐιον
3502 2370 3591 2422 τὸν
3634 2370 3888 2437 Ἰ-ζμέσης,
3924 2359 3985 2420 οὗ

2416 2465 2489 2536 μὴ
2522 2464 2801 2535 δεχθέντος
2833 2464 2964 2535 (89),
3000 2465 3203 2536 καίπερ
3240 2463 3594 2516 Σαϐελλιανοῦ
3629 2462 3801 2528 ὄντος,
3845 2461 3984 2531 Γρη-

2009 2582 2265 2657 vantm‘
2300 2601 2707 2658 LECTIONES.

818 2693 857 2725 ⁶¹
886 2692 934 2744 οἱ
969 2691 1091 2744 add.
1121 2706 1185 2743 ex
1222 2692 1287 2745 A.

742 2760 1246 2831 -δημοσιεύεσθαι
1280 2776 1332 2815 a.
1403 2762 1453 2805 r“

1478 2766 1860 2831 Κωνστάντιος
1911 2782 2022 2820 οηι.
2053 2765 2119 2820 Α.

741 2835 785 2887 Α
816 2852 866 2896 ιι,
898 2833 1249 2901 ἐπωνόμασεν
1279 2831 1427 2904 vulg.

1364 2692 1409 2723 ⁶¹
1444 2694 1902 2765 προεθυμήθησαν
1936 2694 1978 2749 Α
2010 2711 2060 2757 a,
2096 2694 2318 2766 προσεθ.
2358 2697 2501 2759 vulg.
2582 2697 2626 2727 ”

1403 2762 1453 2805 β’
1478 2766 1860 2820 Κωνστάντιοε
1911 2782 2022 2820 om.
2053 2765 2119 2820 A.
2226 2768 2268 2797 ⁸⁷
2295 2766 2638 2820 ἀνοικοδομεῖ

2332 2782 2635 2838 νοικοοομει
2668 2782 2719 2820 a.

2582 2697 2626 2727 ”
2659 2697 2714 2749 δὲ
2739 2711 2848 2751 om.
2893 2696 2953 2748 Α.
3030 2693 3077 2725 ⁸⁸
3123 2695 3395 2757 Ἰουδαίοις
3420 2695 3483 2747 Λ.

2818 2767 2862 2799 ⁸⁸
2925 2766 3345 2819 Κωνσταντίναν
3380 2766 3431 2818 li.

3563 2695 3606 2726 “
3637 2696 3987 2762 περιτέμνειν

3543 2765 3586 2797 ⁶⁹
3646 2763 3987 2834 ἐπονομάσας

1991 2945 2132 3001 .IAC.
2170 2946 2373 3001 GOARI
2406 2946 2638 3004 NOTAE.

746 3070 989 3141 βασίλεια
1020 3068 1165 3141 ἕχον,
1207 3065 1554 3141 καχλουτρὰ,
1593 3064 1690 3141 καὶ
1725 3066 1963 3141 κήπους,
2003 3066 2097 3118 καὶ
2125 3065 2311 3141 πηγᾲς

744 3132 1024 3201 ἆεννὰους.
1052 3132 1243 3204 ’ρυειιε
1296 3132 1581 3207 legendqu
1608 3136 1696 3191 hic
1739 3132 1919 3205 putem
1950 3138 2006 3188 ὲν
2036 3132 2220 3206 χωρίῳ
2252 3135 2310 3187 δὲ

780 3211 1031 3262 Ιακέλλω.

744 3209 1485 3363 ῗιῗὲξῖλξίεεοιχὶριενρῑιιιειις
1505 3292 1517 3326 :
1542 3275 1632 3363 To
1651 3274 1750 3363 μέν
1768 3291 1830 3363 ἵε
1848 3274 1952 3360 κλή
1962 3292 2039 3363 ρῳ
2058 3273 2315 3360 φέροντες

745 3344 1371 3413 ὲαὺτοῦςέγκάτέλεξαν,
1395 3346 1534 3399 ὥστε
1547 3344 1762 3406 καὶτὰς
1779 3346 1926 3407 θείας
1955 3344 2308 3412 ὑπαναγινὼ-

748 3437 897 3471 σκειν
924 3420 999 3488 τῷ
1017 3418 1130 3487 λαῴ
1157 3417 1369 3486 βίϐλους
1387 3436 1399 3468 :
1418 3416 1483 3469 In
1508 3416 1704 3488 clerum
1728 3415 1925 3488 seipsos
1940 3416 2312 3488 ascripserunt,

747 3493 880 3542 adeo
911 3485 981 3542 ut’
1013 3485 1217 3540 divinus
1256 3504 1455 3557 quoque
1497 3486 1659 3541 libros
1702 3485 1837 3557 plebi
1880 3486 2173 3557 lecitarent.
2214 3486 2316 3557 So—

748 3575 1013 3613 zomcnus
1073 3555 1289 3626 quoque
1326 3574 1337 3609 :
1375 3557 1563 3626 κλήρῳ
1598 3555 2055 3626 ἑγκαταλεγῆναι,
2088 3556 2187 3626 καὶ
2220 3556 2321 3606 ὐπ-

750 3624 1150 3698 αναγινώσκειν
1176 3624 1254 3698 τῷ
1283 3626 1414 3698 κλαῷ
1431 3624 2035 3698 τὰςλέκκλησιαστικὰς
2072 3624 2315 3698 ἓβίὸλους,

749 3709 1039 3764 utrumque
1068 3695 1252 3751 refert.
1274 3697 1461 3751 Solum
1486 3696 1761 3749 .lulianum
1790 3698 2044 3749 lectorem
2068 3696 2317 3750 Mcome-

749 3769 853 3823 dia:
881 3776 1194 3835 provectum
1243 3777 1474 3821 testatur
1519 3766 1790 3831 Socrates,
1823 3766 1916 3820 lib.
1966 3779 2050 3829 ιιι,
2083 3780 2205 3834 cap.
2250 3766 2315 3830 l;

749 3850 803 3892 et
827 3837 1221 3900 Theoderetus,
1250 3839 1340 3891 lib.
1377 3854 1457 3899 ιιι,
1488 3851 1607 3904 cap.
1641 3836 1696 3889 9..

824 3910 937 3975 (83)
979 3908 1207 3960 Mariam
1269 3917 1422 3960 \orat
1480 3906 1729 3959 laudatus
1799 3904 2319 3975 Sozomenuspiqui

752 3973 1004 4031 Manianti
1037 3979 1177 4030 idem
1203 3987 1303 4031 est.
1332 3977 1624 4046 Martyrum
1663 3978 1829 4038 antes,
1876 3976 2161 4046 aedilicium
2188 3973 2318 4027 illud

752 4067 780 4099 a
816 4052 1041 4101 Socrate
1080 4057 1132 4100 et
1172 4046 1433 4110 Gregorio
1454 4045 1842 4109 ._nuncupatur,
1885 4048 2029 4112 quod
2065 4045 2321 4098 Mamanti

754 4134 968 4171 sacrum
1024 4119 1220 4169 fatetur
1267 4118 1408 4169 tilias
1448 4115 1758 4171 Cretensis
1811 4117 1863 4169 in
1915 4131 2117 4169 comm.
2176 4124 2322 4168 ctex

753 4188 1119 4256 grammatitae
1173 4187 1377 4254 legibus
1441 4186 1717 4255 singulare
1771 4202 1892 4239 tum
1937 4185 2130 4255 plurali
2184 4199 2321 4237 non-

756 4274 1034 4325 nunquam
1069 4257 1348 4308 confundi.

753 4330 936 4450 Ibat)
980 4327 1054 4379 Ex
1087 4326 1467 4448 S‘ocrateglib.
1512 4342 1605 4388 nt,
1650 4341 1769 4395 cap.
1818 4326 1871 4391 l,
1915 4336 1967 4380 et
1996 4327 2323 4391 Sozomeno,

779 4418 789 4449 l
837 4436 850 4450 .
880 4414 933 4450 ν.
961 4413 1081 4450 can.
1148 4436 1160 4448 .

779 4399 850 4451 ib.
880 4414 933 4457 γ,
961 4413 1081 4464 cap.
1112 4398 1160 4448 l.

824 4467 937 4537 (85)
979 4463 1049 4519 ea
1082 4467 1163 4519 lex
1205 4465 1435 4537 habetur
1460 4464 1825 4537 TheodOsiani
1859 4464 1951 4519 lib.
1990 4482 2108 4528 xvi,
2148 4465 2242 4537 tit.
2271 4463 2323 4528 9,

2409 3066 2551 3122 idem
2572 3070 2943 3137 spectantibus
2970 3066 3272 3137 interiectis
3297 3068 3481 3124 subdit
3504 3084 3626 3138 pag.
3660 3067 3758 3122 I50
3785 3088 3796 3123 :
3836 3071 3986 3127 lianc

2412 3138 2677 3192 civitatem
2731 3141 2856 3192 olim
2905 3156 3153 3209 perquam
3201 3140 3423 3201 brevem,
3459 3139 3640 3194 Ca’sar
3679 3140 3839 3192 etiam
3881 3152 3989 3195 tum

2340 3208 2385 3271 C
2419 3209 2785 3265 Constantius.
2816 3218 2871 3261 ut
2907 3208 3099 3264 accelw
3135 3210 3425 3277 suﬂugium
3457 3212 3655 3275 possint
3689 3210 3874 3263 habere
3910 3223 3994 3265 tu-

2419 3279 2698 3342 tissimum,
2736 3296 2796 3331 eo
2841 3289 3066 3347 tempore
3117 3296 3217 3347 quo
3266 3280 3692 3346 Autoninopolim
3748 3280 3994 3347 Oppidum

2419 3348 2565 3400 aliud
2584 3350 2799 3405 struxit.
2820 3350 3054 3403 turribus
3075 3350 3414 3402 circumdedit
3437 3349 3624 3413 amplis
3643 3360 3688 3402 et
3706 3351 3954 3404 moenibus
3974 3390 3989 3405 .

2418 3416 2689 3484 locatoque.
2710 3419 2783 3471 ibi
2808 3419 3100 3472 conditorio
3129 3419 3419 3471 muralium
3446 3428 3843 3481 tormentorum,
3875 3421 3993 3488 fecit

2418 3488 2655 3542 hostibus
2677 3489 3256 3557 formidatam,suoque
3280 3490 3487 3542 nomine
3502 3490 3660 3541 voluit
3690 3490 3947 3557 appellari
3976 3506 3993 3543 :

2421 3558 2889 3628 (COustantiam.)
2950 3575 3071 3612 cum
3143 3570 3418 3626 praeterea,
3485 3559 3754 3613 Caesarem
3817 3560 3997 3615 adhuc

2420 3639 2666 3695 agentem
2717 3630 3022 3682 restituisse
3073 3629 3295 3690 indicat,
3339 3643 3500 3696 quam
3549 3630 3615 3682 ab
3668 3628 3997 3697 imperatore

2422 3699 2725 3767 restitutam
2750 3698 2979 3752 allirmat
3004 3697 3365 3767 Theophanes
3394 3714 3406 3748 :
3436 3699 3565 3765 quid
3588 3699 3751 3751 etiam
3777 3699 3997 3766 subjicit

2422 3766 2669 3831 inferius,
2708 3768 2852 3822 unde
2896 3770 3143 3822 Amidam
3164 3766 3218 3822 et
3237 3768 3608 3822 Constantiam
3640 3784 3808 3821 unum
3837 3770 3995 3836 oppi-

2420 3842 2551 3909 dum
2583 3853 2705 3909 esse
2729 3837 3076 3909 Marcellinus
3107 3838 3382 3905 suggerit:
3411 3837 3473 3909 In
3500 3840 3614 3905 ipso
3645 3850 3817 3890 autem
3848 3842 3995 3891 Ami-

2423 3908 2505 3961 (ιω
2557 3908 2855 3961 meditullio
2906 3913 2999 3961 sub
3046 3925 3165 3961 arce
3213 3909 3329 3976 fons
3379 3908 3517 3959 tlires
3572 3909 3826 3966 exundat.
3885 3918 3992 3962 etc.

2423 3979 2588 4043 Quasi
2626 3979 2787 4032 verba
2817 3979 2918 4033 ista
2950 3979 3328 4032 distinctorutu
3379 3994 3484 4030 non
3522 3981 3627 4031 sint
3674 3979 3868 4032 indicia
3912 3980 3996 4031 lo-

2424 4064 2631 4101 corum.

2494 4117 2603 4186 (87)
2638 4118 2692 4171 In
2722 4133 2827 4186 qua
2862 4118 3183 4172 Antiochetti
3214 4132 3431 4186 quoque
3464 4117 3716 4170 dominici
3747 4118 3996 4175 Eucmnia

2425 4189 2692 4242 celebrata
2731 4207 2743 4242 ι
2785 4189 2850 4241 de
2887 4188 3085 4256 quibus
3129 4188 3403 4251 Socrates,
3456 4187 3548 4239 lib.
3590 4203 3647 4249 ll,
3698 4203 3818 4257 cap.
3860 4190 3891 4242 5
3946 4202 3997 4244 et

2426 4272 2579 4325 seqq.
2630 4268 2683 4311 ct
2739 4257 3097 4319 Sozomenus.
3135 4258 3230 4311 lib.
3274 4274 3353 4319 ιιι,
3386 4272 3505 4324 cap.
3540 4257 3593 4318 5.
3626 4256 3813 4311 eadem
3843 4259 3994 4313 Con-

2428 4329 2610 4383 stantii
2660 4343 2803 4381 anno
2846 4330 3038 4394 quinto
3088 4338 3303 4396 peracta
3332 4330 3538 4389 dicunt,
3579 4326 3777 4395 quibus
3805 4331 3996 4385 eodem

2430 4414 2659 4468 numero
2694 4399 2903 4467 praiivit
2933 4397 3319 4468 llierottymus.

2500 4467 2614 4537 (88)
2642 4468 3027 4520 Centenarium
3056 4467 3341 4537 numerum
3376 4469 3654 4523 abundare
3684 4477 4002 4523 contestan-

757 4535 1019 4607 [ςεριοιιιιιι
1081 4539 1147 4607 ad
1223 4536 1542 4607 Evagrium,
1612 4536 1906 4591 ascribitur
1964 4535 2323 4607 Constantino
2356 4552 2399 4607 ι)
2429 4535 2520 4591 tur
2569 4535 2717 4592 citati
2766 4537 3043 4601 Socrates,
3076 4546 3131 4591 et
3160 4536 3516 4597 Sozomcnus.
3565 4548 3617 4593 et
3659 4537 3895 4593 Hilarius
3933 4540 4000 4592 de

756 4604 1056 4674 (Junioretu
1091 4606 1353 4674 intellige)
1394 4617 1443 4660 et
1494 4606 1606 4659 AA.
1657 4623 1802 4661 (oss.
1851 4606 2165 4674 agnoscitur
2192 4605 2320 4660 lata.

755 4679 1175 4731 Constantinum
1214 4686 1393 4728 autem
1448 4686 1501 4729 et
1545 4677 1895 4731 CouStantcm
1932 4691 2075 4728 anno
2116 4676 2324 4742 imperii

757 4750 839 4800 sui
878 4747 1038 4799 tertio
1096 4746 1442 4799 consulatum
1499 4750 1732 4815 gessisse
1776 4748 2111 4799 demonstrat
2166 4744 2325 4797 Peta-

754 4820 899 4870 vius.
930 4815 1061 4880 Qua:
1094 4815 1355 4868 fastorum
1399 4820 1540 4870 ratio
1572 4819 1780 4877 suadet,
1814 4824 1871 4867 ut
1915 4817 2001 4868 hic
2041 4817 2322 4884 legendum

756 4898 938 4956 putem
972 4887 1377 4948 Κωνσταντῐνος
1400 4886 1457 4938 δὲ
1489 4888 1581 4939 καὶ
1614 4886 1895 4951 Κώνστας,
1921 4899 2025 4939 etc.

828 4958 938 5026 (86)
988 4956 1241 5026 Antiduiu
1302 4957 1743 5026 AtttnuinOpolim
1776 4995 1790 5017 ,
1844 4969 1897 5008 et
1951 4954 2325 5008 Constantiani

759 5024 1027 5083 mollierat
1060 5027 1144 5077 h'ie
1192 5024 1599 5095 'l'hc0phaues';
1639 5042 1775 5094 quas
1817 5027 2192 5092 pal'llel'eXVlll
2234 5027 2321 5077 lih.

758 5100 997 5151 celebrat
1029 5096 1374 5153 Marcellinus
1409 5113 1592 5150 comes
1622 5099 1674 5150 in
1705 5096 2031 5150 contrariam
2056 5097 2174 5161 ejus
2206 5111 2331 5164 pro-

759 5165 939 5221 fectus
978 5170 1323 5219 sententiain.
1375 5166 1473 5221 Hie
1527 5168 1797 5235 siquidem
1847 5168 2221 5219 Constantiam
2276 5173 2331 5218 et

762 5239 1205 5305 Antoninupolim
1258 5238 1472 5292 diversa
1520 5240 1751 5307 Oppida,
1805 5252 1925 5307 quae
1971 5235 2329 5304 Theophanes

763 5322 930 5359 unum
989 5308 1293 5360 constituit.
1356 5306 1603 5360 Amidam
1663 5322 1789 5360 vero
1840 5306 2331 5373 Constantininque

761 5392 927 5429 unam
974 5379 1162 5430 urbem
1216 5379 1427 5430 videtur
1472 5394 1737 5439 asserere,
1786 5392 1921 5445 quas
1972 5376 2330 5445 Theophanes

761 5448 1048 5501 distinctas
1071 5449 1293 5499 OllllllIIU
1324 5452 1494 5515 ponit.
1526 5452 1596 5501 Ita
1631 5448 1965 5501 Pancirollus
1997 5449 2048 5498 in
2084 5458 2197 5499 not.
2230 5450 2331 5499 itii-

762 5518 989 5587 pcrii,et
1015 5515 1250 5571 Ot'telius
1283 5520 1333 5570 in
1364 5521 1720 5587 geographica
1749 5517 1948 5571 Lexico
1972 5518 2223 5570 comitem
2250 5517 2334 5568 iti-

763 5588 1031 5658 telligunt,
1050 5587 1209 5655 cujus
1240 5589 1547 5658 haeevcrlia
1579 5599 1705 5641 Sunt
1734 5591 1853 5641 loco
1882 5587 2102 5658 laudato
2127 5590 2331 5658 proba-

761 5657 988 5712 tissima:
1013 5658 1228 5710 llenrici
1255 5657 1448 5713 Valesii
1478 5660 1732 5713 editionis
1760 5673 1879 5726 pag.
1920 5657 2020 5709 1'27
2047 5676 2058 5709 ε
2105 5657 2334 5725 Cumque

762 5727 992 5781 Bebasen
1030 5730 1203 5782 villain
1242 5743 1515 5789 venissent,
1535 5732 1669 5782 unde
1698 5732 1765 5782 ad
1785 5728 2151 5782 Constantiam
2174 5742 2335 5795 usque

762 5801 1028 5865 Oppidum,
1059 5800 1194 5867 quod
1231 5802 1506 5853 centesimo
1540 5802 1711 5867 lapide
1742 5801 2050 5866 disparatur
2091 5807 2331 5849 arescunt

763 5870 938 5923 omnia
971 5872 1057 5923 siti
1094 5880 1510 5939 perpetua,etc.,
1533 5884 1642 5923 tum
1677 5871 1862 5924 multis
1893 5870 1956 5921 ad
1990 5868 2327 5937 propositum

2428 4610 2670 4677 synodis,
2743 4622 2977 4674 quorum
3041 4608 3130 4661 hic
3189 4607 3278 4667 97,
3318 4610 3419 4662 iSlC
3450 4609 3538 4672 99,
3585 4610 3671 4662 ille
3706 4610 3797 4673 90,
3850 4611 3999 4664 solos

2428 4678 2714 4747 episcopos
2749 4678 3092 4730 Antiochiam
3125 4679 3450 4733 convenisse
3485 4680 3752 4733 scribunt.

2500 4748 2611 4815 (89)
2652 4747 2841 4815 Liquet
2872 4747 2959 4799 hic
2991 4748 3239 4800 lacunam
3267 4763 3387 4801 esse
3412 4765 3425 4808 ;
3448 4759 3500 4801 et
3531 4748 3828 4803 desiderari
3856 4748 4000 4817 quod

2432 4816 2629 4869 factum
2670 4818 2859 4872 scribit
2888 4827 3077 4869 auctor
3123 4817 3357 4869 Eusebio
3396 4817 3678 4873 Emisseno
3718 4816 4001 4874 recusante

2428 4887 2769 4941 Alexandria:
2794 4887 3166 4955 episcopatum
3194 4887 3262 4939 ob
3284 4891 3575 4941 cavendam
3599 4888 4002 4943 Alexandrino-

2430 4973 2549 5010 rutn
2582 4958 2861 5021 invidiam,
2891 4960 3004 5010 sive
3034 4956 3417 5011 Alexandrinis
3440 4959 3617 5025 ipsum
3647 4974 3752 5011 non
3778 4959 4005 5023 proban-

2434 5026 2613 5092 tibus;
2650 5030 2896 5096 adeoque
2925 5026 3063 5080 male
3093 5036 3351 5097 conatum
3372 5029 3719 5097 interpretem
3741 5036 4001 5096 tauquam

2430 5098 2613 5167 omnia
2643 5112 2775 5151 sana
2807 5105 2991 5151 essent
3017 5112 3035 5148 :
3065 5111 3165 5150 nec
3217 5096 3344 5167 illud
3375 5096 3472 5167 τὴν
3518 5096 3701 5150 πίστιν
3740 5114 4003 5166 μεταποι-

2430 5164 2583 5218 οὖσιν
2639 5169 2689 5219 oi
2746 5167 2921 5231 αὐτοί,
2978 5168 3125 5220 cives
3174 5166 3337 5219 refert
3369 5164 3784 5230 Al’eXundrino‘s,
3821 5178 3879 5222 ut
3916 5171 4006 5222 ille

2433 5236 2640 5300 reddit,
2701 5238 2796 5291 sed
2854 5237 3254 5291 Antioclienum
3307 5237 3437 5290 illud
3484 5236 3719 5291 Eusebio
3777 5238 4007 5305 praeside

2433 5306 2762 5362 Arianorum
2784 5307 3102 5368 concilium,
3132 5306 3297 5359 refert
3326 5306 3543 5360 Sozoni.
3572 5308 3666 5363 lib.
3698 5322 3919 5375 m,cap.
3950 5309 4004 5368 6.

2433 5378 2561 5448 quid
2592 5387 2704 5431 tum
2729 5392 2794 5431 eo
2818 5377 3018 5448 factum
3038 5378 3128 5438 sit,
3151 5389 3342 5448 nempe
3364 5376 3690 5448 Edessenam
3713 5377 4004 5448 Ecclesam

2435 5446 2724 5527 regendam
2768 5447 3101 5527 suscepisse,
3135 5462 3259 5501 cum
3305 5447 3568 5527 hactenus
3606 5446 3864 5527 Ἐδέσσης
3898 5462 4005 5526 non
4048 5486 4069 5496 ε

2434 5522 2749 5587 cpisc0pus,
2784 5519 2877 5573 sed
2903 5518 3039 5572 civis
3067 5526 3274 5571 tantum
3309 5530 3472 5571 esset.
3511 5518 3880 5587 Προτρέπεται
3909 5518 4007 5585 τὴν

2447 5586 2701 5657 Ἐδέσσης
2766 5587 3137 5657 Ἐκκλησίανζ
3201 5586 3569 5641 committitur
3599 5588 3690 5640 ille
3742 5586 4009 5657 Edessena

2437 5656 2701 5721 Ecclesia;
2735 5658 3091 5727 hocquelieet
3119 5656 3451 5721 Sabelliano,
3477 5673 3571 5711 seu
3605 5656 4007 5711 Sabellianismi

2438 5739 2725 5796 suspecto:
2747 5732 3097 5797 sicmagnum
3125 5728 3415 5799 habebant,
3438 5728 3631 5799 quovis
3656 5729 3815 5783 modo
3839 5727 4010 5779 Atha-

2440 5803 2650 5853 nasium
2681 5800 2806 5853 sede
2836 5800 3088 5865 dejicere.
3121 5798 3409 5851 (Zouutzrts.
