4430 6436
447 405 553 471 313

1733 414 2410 486 CHRONOGRAPHIA.

3595 429 3701 493 3M

451 518 592 589 ἀνὴρ
616 518 671 571 δὲ
700 518 956 583 Λεοντίας
977 519 1044 585 ’⁸,
1070 521 1299 592 Βερίνης
1332 521 1433 593 μὲν
1464 522 1752 593 θυγατρὸς,
1790 525 2027 594 ἀδελφῆς
2059 532 2105 589 Α
2134 546 2200 600 qu

1952 526 2027 594 ’ἧς
2059 532 2105 589 Α
2134 533 2350 600 quidem
2410 533 2549 597 filim,
2583 534 2943 605 imperatricis
2999 551 3137 591 vero
3177 536 3443 593 Areadnas
3494 540 3701 597 sororis

448 608 504 662 δὲ
546 609 835 679 Ἀρεάδνης
872 609 973 680 τῆς
1026 610 1326 680 βασιλίδος,
1378 613 1739 668 ἐπανίσταται
1772 617 1914 669 κατὰ
1964 617 2026 668 τὸ

449 699 743 765 Βυζάντιον
780 702 989 769 Ζήνωνι
1019 702 1095 772 τῷ
1146 702 1375 772 βασιλεῖ,
1417 706 1493 769 ὡς
1540 707 1679 777 μετὰ
1723 708 1822 776 τὴν
1870 707 2024 777 βασι-

447 790 597 845 λείαν
625 792 856 855 Λέοντος
890 794 1247 865 γεννηθείσης
1282 798 1538 860 Λεοντίας
1577 798 1676 865 τῆς
1716 800 1881 853 αὑτοῦ
1925 818 2025 868 γα-

452 884 636 952 μετῆς.
680 883 741 936 Ἦ
767 884 877 954 γὰρ
918 884 1180 956 Ἀρεάδνη
1223 888 1329 956 πρὸ
1363 888 1458 942 τοῦ
1494 888 1813 958 βασιλεῦσαι
1862 892 2025 943 αὐτὸν

448 973 663 1045 ἐτέχθη.
711 976 954 1045 Πολέμου
982 977 1037 1030 δὲ
1080 980 1342 1049 κραταιοῦ
1390 981 1595 1049 μεταξὺ
1643 984 1891 1049 Ζήνωνος
1933 986 2025 1038 καὶ

450 1068 770 1138 Μαρκιανοῦ
803 1070 1182 1139 κῳτηθέντος,
1213 1074 1341 1144 νικᾷ
1370 1075 1686 1144 Μαρκιανὸς
1716 1077 1855 1128 κατὰ
1883 1078 2023 1148 κρά-

449 1177 540 1224 τος
568 1162 776 1224 πάντας
808 1164 1107 1226 συνελάσας
1136 1166 1263 1225 τοὺς
1301 1167 1431 1236 περὶ
1473 1168 1699 1237 Ζήνωνα
1742 1169 1822 1231 είς
1857 1185 2023 1239 φρου-

454 1254 549 1323 ρὰν
580 1255 658 1316 εἰς
687 1253 756 1307 τὰ
779 1252 1046 1324 βασίλεια,
1071 1259 1508 1327 συμμαχούντων
1538 1258 1686 1329 αὐτῷ
1709 1258 2022 1329 Ῥωμύλλου

450 1344 543 1397 καὶ
575 1345 883 1414 Προκοπίου
921 1346 1015 1400 τοῦ
1055 1348 1281 1416 ἀδελφοῦ
1316 1348 1504 1402 αὑτοῦ.
1539 1350 1647 1404 Καὶ
1685 1350 1881 1421 μικροῦ
1913 1351 2022 1405 δεῖν

448 1438 508 1492 τὸ
546 1438 816 1505 βασίλειον
839 1440 881 1470 ³⁷
919 1441 1204 1510 κατέσχεν.
1242 1442 1613 1512 Ὀλιγωρήσας
1649 1444 1706 1497 δὲ
1739 1442 1848 1495 τῶν
1881 1461 2025 1513 πρα-

450 1528 686 1598 χθέντων
708 1531 802 1583 καὶ
827 1534 906 1594 εἰς
926 1532 1114 1585 δεῖπνα
1140 1534 1232 1586 καὶ
1257 1532 1421 1587 ὕπνον
1451 1535 1698 1603 τραπεὶς,
1726 1535 1952 1599 πολλοὺς
1977 1537 2020 1568 ’⁸

449 1622 504 1675 δὲ
532 1623 619 1676 διὰ
644 1625 743 1693 τῆς
783 1625 975 1689 νυκτὸς
1017 1626 1336 1696 ἀφαιρεθεὶς
1375 1627 1484 1680 τῶν
1522 1628 1671 1697 αὐτῷ
1714 1630 2020 1699 συμμάχων

450 1713 554 1767 ὑπὸ
574 1716 746 1768 Ἴλλου
772 1716 1075 1787 μαγίστρου
1093 1718 1284 1789 δώροις
1310 1720 1506 1784 αὐτοὺς
1528 1723 1931 1788 ύποπιάσαντος
1951 1725 2033 1789 ²⁹,.

450 1807 766 1862 ἐλαττοῦται
794 1811 859 1880 τῇ
889 1811 1034 1881 μάχῃ
1059 1812 1103 1842 ³⁸
1129 1812 1269 1865 κατὰ
1293 1813 1391 1883 τὴν
1417 1813 1614 1884 ἐφεξῆς
1639 1814 1913 1882 τοσοῦτον,
1942 1817 2016 1879 ὡς

450 1901 530 1962 είς
562 1900 622 1952 τὸ
648 1900 755 1953 τοῖιν
814 1902 1151 1956 Ἀποστόλων
1195 1905 1488 1977 εὐκτήριον
1534 1911 1876 1977 καταφυγεῖν
1922 1909 2018 1962 καὶ

453 1991 556 2045 ὑπὸ
597 1992 851 2046 Ἀκακίου
882 1995 1328 2065 χειροτονηθῆναι
1355 1997 1724 2070 πρεσϐύτερον
1758 2001 1900 2053 κατὰ
1929 2001 2020 2053 κέ-

448 2081 631 2136 λευσιν
675 2086 942 2155 Ζήνωνος,
988 2088 1083 2141 καὶ
1134 2088 1436 2158 ὲξορῖςεται
1468 2092 1549 2154 είς
1604 2093 1662 2144 τὸ
1704 2092 1746 2151 ’ἓ
1799 2094 2020 2145 [lancu-

423 2172 568 2243 ,ρίου
597 2175 641 2206 ³⁸
674 2176 958 2230 καστέλλιν
997 2181 1077 2242 εἰς
1132 2181 1550 2236 Καππαδοκίαν.
1602 2184 1906 2254 Προκόπιος
1962 2185 2019 2237 δὲ

453 2265 546 2316 καὶ
585 2266 895 2335 Ῥωμύλλος
923 2270 971 2320 οἱ
1006 2269 1223 2338 ἀδελφοὶ
1262 2271 1422 2324 αὐτοῦ
1460 2276 1522 2343 τῇ
1552 2275 1705 2326 νυκτὶ
1740 2275 2020 2344 λουόμενοι

452 2357 533 2418 εἰς
581 2357 641 2410 τὸ
688 2359 996 2423 Ζεύξιππον
1045 2362 1418 2435 ἐχειρώθησαν
1466 2365 1570 2418 ὑπὸ
1610 2366 1803 2433 Ἷλλου,
1841 2367 1887 2419 οἳ
1929 2368 2024 2420 καὶ

448 2448 799 2519 διαφυγόντες
823 2454 920 2524 τὴν
960 2455 1181 2526 Ῥώμην
1207 2459 1527 2512 κατέλαϐον.

520 2545 585 2598 Α.
618 2546 689 2598 ιι.
731 2547 891 2601 5972.
930 2579 996 2587 -—
1047 2536 1332 2621 Τούτῳτῷ
1378 2552 1487 2606 ἔτει
1529 2554 1884 2609 ἐϐουλεύσατο
1914 2557 2022 2609 Ἴλ-

450 2629 539 2696 λος
566 2634 675 2705 (10)
714 2640 741 2690 ὁ
776 2640 1072 2710 μάγιστρος
1096 2641 1173 2710 τῷ
1200 2642 1410 2709 βασιλεῖ
1441 2644 1667 2713 Ζήνωνι,
1691 2645 1839 2706 ὅπως
1863 2646 2023 2717 Βερε-

450 2749 549 2798 νην
581 2730 680 2798 τὴν
711 2732 980 2801 πενθερὰν
1020 2734 1184 2786 αὑτοῦ
1212 2735 1417 2805 ἒκϐἁλη
1447 2735 1491 2767 ³³
1523 2737 1623 2805 τῆς
1653 2737 1879 2799 πόλεως.
1916 2740 2025 2791 Καὶ

451 2818 587 2889 δόλῳ
622 2822 726 2871 τινὶ
754 2820 978 2890 πέμψας
1008 2824 1178 2894 αὐτὴν
1208 2828 1288 2888 εἰς
1328 2826 1669 2896 Χαλκηδόνα,
1701 2830 1817 2897 μετ’
1846 2828 2024 2895 ὀλίγον

452 2909 529 2971 εἰς
565 2910 626 2961 τὸ
653 2912 963 2980 [ιαπουρίου
996 2914 1284 2966 καστὲλλιν
1311 2916 1513 2985 ταύτην
1543 2917 1862 2969 ἀπέστειλεν
1900 2935 2024 2969 συν-

452 2998 657 3067 διαγειν
683 3002 1002 3074 Μαρκιανῷ-
1033 3006 1127 3057 καὶ
1171 3006 1399 3077 Δεοντίᾳ
1426 3010 1494 3077 τῇ
1528 3008 1635 3078 ἰδία
1679 3008 1926 3077 θυγατρί.
1961 3008 2025 3061 Ἠ

2107 622 2456 687 οιιιιιιίῑιιε,ηά
2487 624 2694 692 Cpolim
2729 624 2993 680 adversus
3018 624 3290 681 Zenonem
3319 628 3703 698 imperatorem

2127 714 2324 767 bellum
2376 725 2554 769 movet
2579 731 2671 770 :eo
2698 715 2842 786 quod
2869 715 3091 769 Leontia
3128 720 3245 785 ejus
3272 734 3409 773 uxor
3427 735 3494 775 ex
3528 719 3708 777 Leone

2122 793 2233 877 jam
2273 810 2595 877 imperante,
2624 810 2872 863 Arcadna
2898 824 3048 872 vero,
3084 810 3705 882 priusquamimperium

2129 899 2322 955 fuisset
2381 912 2688 959 assecutus,
2720 910 2864 955 nata
2900 903 3115 956 fuerat.
3170 902 3337 969 Igitur
3378 905 3491 957 acri
3520 905 3708 975 praelia

2127 992 2269 1045 inter
2296 990 2569 1047 Zenonem
2600 1003 2653 1046 et
2678 992 3013 1048 Marcianum
3034 995 3354 1060 commisso,
3374 994 3707 1061 Marcianus,

2127 1085 2360 1139 Romqu
2410 1096 2458 1140 et
2503 1087 2769 1156 Procopio
2822 1087 2954 1157 ejus.
2981 1086 3242 1142 fratribus
3288 1104 3394 1142 una
3433 1089 3709 1159 suppetias

2126 1172 2441 1236 ferentibus,
2475 1174 2683 1228 \irihus
2730 1173 2979 1240 superior
3024 1176 3219 1237 evasit,
3274 1190 3575 1247 omnesque
3610 1175 3710 1232 Ze-

2126 1263 2285 1316 nonis
2308 1262 2492 1331 copias
2524 1262 2575 1315 in
2605 1261 2863 1332 palatium
2897 1271 3151 1331 tanquam
3183 1263 3235 1316 in
3278 1265 3591 1331 przesitlium
3649 1280 3711 1321 so

2124 1357 2363 1425 recipere
2386 1356 2563 1425 adegit
2591 1374 2604 1407 :
2630 1362 2950 1424 tantumque
2978 1354 3173 1420 abfuit,
3196 1365 3253 1409 ut
3285 1357 3486 1423 palatio
3539 1357 3711 1415 simul

2122 1452 2174 1498 et
2196 1445 2421 1512 imperio
2444 1445 2726 1513 potiretur.
2759 1440 2952 1496 Verum
2973 1443 3039 1498 dc
3063 1444 3225 1499 rclms
3244 1446 3497 1513 gerendis
3518 1460 3709 1512 parum

2122 1536 2407 1600 sollicitus,
2448 1536 2513 1589 ad
2546 1550 2718 1589 ereum
2740 1536 2930 1601 epulas
2970 1550 3338 1605 somnumque
3380 1536 3707 1605 capiendum

2122 1644 2331 1687 versus,
2350 1638 2398 1682 ct
2427 1629 2517 1682 Illo
2537 1630 2797 1698 mag‘stro
2820 1626 2976 1680 donis
2994 1629 3181 1695 capias
3202 1627 3321 1695 ejus
3350 1628 3709 1704 subducente,

2122 1720 2245 1774 belli
2295 1721 2457 1775 sociis
2508 1724 2807 1789 spoliatus,
2854 1719 3100 1787 sequenti
3139 1718 3259 1773 luce
3311 1719 3536 1774 inferior
3574 1719 3710 1774 adeo

2122 1815 2383 1869 recessite
2410 1829 2606 1883 pugna,
2631 1822 2687 1866 ut
2713 1813 2777 1865 ad
2805 1813 3189 1880 Apostolorum
3211 1812 3380 1866 aedem
3402 1824 3456 1867 et
3480 1812 3707 1867 tutelam

2121 1904 2467 1971 confugeret,
2505 1918 2557 1957 et
2597 1904 2662 1957 ad
2690 1904 2925 1962 Z-nonis
2972 1908 3188 1976 jussum
3229 1906 3299 1959 ab
3356 1904 3556 1959 Acacio
3590 1911 3712 1973 pre'

2121 1998 2305 2070 sbyter
2321 1999 2623 2059 ordinatus,
2652 1999 2716 2051 ad
2736 1998 3026 2068 Papnrium
3052 1998 3408 2068 Cappadociae
3426 1990 3710 2052 eaStellum

2121 2092 2561 2161 exsulageretur.
2594 2090 2893 2161 Procopius
2948 2103 3127 2147 autem
3170 2100 3224 2146 et
3260 2091 3544 2153 Romulus,
3584 2089 3707 2158 ejus

2122 2184 2336 2247 fratres,
2373 2194 2557 2246 noctu,
2597 2185 2725 2238 dum
2757 2186 3089 2249 lavarentur,
3118 2183 3185 2239 ab
3218 2185 3311 2239 Illo
3329 2182 3709 2254 comprehensi

2123 2287 2170 2329 et
2200 2291 2261 2329 ex
2289 2277 2406 2346 cjus
2431 2285 2698 2347 potestate
2726 2276 2849 2348 fuga
2886 2277 3103 2348 dilapsi,
3136 2276 3363 2331 Romam
3404 2292 3463 2331 se
3504 2285 3704 2330 contu-

2124 2370 2326 2424 lerunt.

2193 2549 2258 2603 Α.
2288 2549 2351 2603 C.
2390 2548 2589 2603 4'72.—
2608 2547 2719 2602 lloc
2754 2563 2899 2602 anno
2934 2547 3137 2603 Zenoni
3163 2546 3500 2616 imperatori,
3527 2553 3590 2601 ut
3613 2558 3709 2601 so-

2126 2656 2278 2695 crum
2316 2638 2564 2694 Verinam
2583 2638 2716 2692 urbe
2737 2638 2976 2706 ejiceret,
2993 2636 3119 2692 lllus
3144 2637 3402 2707 magister
3418 2633 3709 2690 consilium

2127 2734 2274 2787 dedit
2309 2750 2321 2785 :
2349 2747 2578 2798 eamque
2600 2731 2788 2784 dolosa
2820 2731 3060 2799 quadam
3100 2729 3281 2798 specie
3312 2727 3712 2782 Chalcedonem

2127 2827 2373 2887 missam,
2407 2837 2511 2877 non
2541 2823 2633 2877 diu
2663 2833 2778 2891 post
2820 2824 2875 2875 in
2904 2821 3198 2890 Papurium
3235 2820 3519 2875 castellum
3573 2818 3712 2874 Mar-

2126 2917 2284 2971 ciano
2315 2924 2367 2968 et
2408 2914 2647 2968 Leontiae
2673 2913 3047 2968 convicturam
3087 2912 3419 2967 amandavit.
3455 2911 3550 2966 llla
3576 2924 3708 2965 vero

2128 3009 2325 3063 litteris
2354 3009 2421 3062 ab
2434 3007 2626 3062 exsilio
2648 3006 2889 3060 revocari
2919 3006 3223 3060 Areadnam
3244 3005 3519 3074 propriam
3542 3003 3708 3058 filiam

452 3090 507 3143 δὲ
561 3094 765 3161 ἕγραέε
807 3095 944 3163 πρὸς
990 3097 1088 3164 τὴν
1140 3097 1275 3149 ἰδίαν
1316 3099 1361 3129 ³⁸
1408 3098 1683 3170 θυγατέρα
1735 3100 2027 3169 Ἀρεάδνην
2130 3120 2192 3159 su

1955 3118 2027 3169 νην
2130 3104 2285 3172 suppl
2309 3118 2356 3156 -x
2392 3100 2601 3170 rogavit
2639 3116 2650 3153 :
2687 3108 2801 3153 tum
2839 3099 3155 3166 imperatrix
3195 3096 3571 3166 interpellabat
3603 3091 3704 3150 Ze-

452 3186 846 3250 παρακαλοὺσα
892 3188 1263 3258 ἀνακληθῆναι
1310 3191 1409 3259 τῆς
1455 3191 1702 3261 ἑξορίαςο
1751 3194 1844 3245 καὶ
1880 3209 2021 3262 παρ·
2052 3213 2094 3269 C
2129 3210 2200 3249 no

1961 3210 2021 3262 ρ-
2052 3213 2094 3269 C
2129 3208 2348 3249 nonem.
2377 3191 2470 3245 Ille
2505 3192 2584 3245 sic
2613 3204 2731 3244 eam
2768 3190 2968 3243 affatur
3008 3206 3021 3242 :
3051 3187 3229 3241 Ἠιιιηι
3269 3188 3557 3256 patricium
3608 3200 3710 3256 pro

451 3274 635 3328 εκάλει
671 3276 703 3345 ἡ
746 3277 1033 3346 βασίλισσα
1066 3281 1155 3331 τὸν
1189 3282 1430 3351 Ζήνωνα.
1477 3283 1535 3335 Ὀ
1576 3284 1632 3336 δὲ
1680 3283 1782 3353 ἔφη
1841 3287 2015 3354 αὐτῇ·
2123 3302 2200 3339 ma

1963 3288 2015 3354 ’λ’
2123 3296 2290 3339 matre
2336 3284 2631 3349 deprecare.
2709 3282 2800 3335 Illa
2860 3283 3185 3335 accersitum
3222 3282 3287 3334 ad
3338 3295 3398 3333 se
3453 3278 3712 3349 lacrymis

449 3368 706 3434 Αἵτησαι
736 3372 840 3423 τὸν
868 3375 1183 3439 πατρίκιον
1213 3376 1423 3428 Ἰλλον
1445 3376 1575 3443 περὶ
1613 3376 1824 3443 αὐτῆς.
1870 3378 1933 3429 Ἦ
1965 3379 2020 3430 δὲ
2121 3392 2198 3429 etn

1965 3379 2020 3430 δὲ
2121 3378 2364 3429 emollire
2405 3375 2667 3428 tentabat.
2695 3374 2929 3428 lnﬂexus
2962 3373 3049 3427 ille
3079 3374 3357 3441 respondit
3394 3389 3408 3425 :
3447 3369 3626 3425 Aliam
3675 3388 3710 3425 α

456 3462 946 3532 μεταστειλαμένη,
981 3466 1183 3536 ᾔτησεν
1211 3469 1373 3521 αὑτὸν
1408 3471 1544 3537 μετὰ
1573 3471 1843 3540 δακρύων.
1881 3473 1937 3524 Ὁ
1965 3472 2020 3524 δὲ
2125 3478 2205 3519 ιιιο

1965 3472 2020 3524 δὲ
2125 3478 2210 3519 tuo
2256 3466 2471 3534 conjuge
2497 3466 2864 3533 imperatorem
2902 3461 3430 3531 ﬁeriquwris.Tunc
3462 3462 3709 3517 Areadua

452 3553 551 3604 οὐκ
589 3555 815 3625 ἐπείσθη
846 3556 1012 3609 εἰπών
1039 3575 1051 3587 ·
1083 3560 1290 3626 Ζητεῖς
1329 3562 1427 3614 ἵνα
1456 3562 1720 3629 ποιήσῃς
1752 3563 1945 3615 ἄλλον
1977 3564 2020 3593 ³⁵
2130 3558 2201 3609 [ιιι

1977 3564 2020 3593 ³⁵
2130 3558 2311 3609 furore
2343 3571 2605 3609 sul-censa
2651 3554 2789 3607 dixit
2822 3554 3133 3622 imperatori
3166 3572 3178 3607 :
3219 3553 3323 3606 Aut
3366 3552 3501 3606 llius
3537 3556 3591 3606 ιιι
3612 3568 3710 3623 ρα-

447 3645 713 3708 ,ϐασιλέα
761 3652 911 3701 κατὰ
956 3651 1059 3705 τοῦ
1100 3652 1217 3705 σοῦ
1262 3652 1677 3719 ἀνδρόςῙΤότε
1712 3655 2025 3725 θυμωθεῖσα
2128 3648 2196 3699 Ιαι

1962 3672 2025 3707 σα,
2128 3647 2259 3699 latio
2304 3645 2502 3697 morari
2542 3643 2711 3707 debet,
2760 3651 2851 3695 aut
2901 3644 3038 3711 ego?
3086 3643 3164 3695 Ad
3216 3644 3327 3696 hac
3370 3643 3704 3710 imperator:

467 3736 724 3808 ’Ᾱρεὰδνη
781 3736 933 3791 εἶπεν
994 3743 1072 3811 τῷ
1131 3744 1361 3813 βασιλεῖ,
1415 3747 1497 3798 ὅτι
1542 3748 1610 3799 Ἢ
1654 3749 1857 3810 Ἰλλος
1903 3747 2028 3815 ἔχει

450 3822 603 3880 εἶναι
646 3832 733 3896 είς
781 3835 842 3884 τὸ
893 3834 1219 3899 παλάτιον,
1257 3835 1293 3902 ἢ
1333 3837 1477 3904 syri);
1531 3838 1636 3889 Ka‘t
1680 3832 1835 3889 εἶπεν
1890 3840 2028 3908 αὐτῇ

452 3922 481 3972 ὁ
536 3922 825 3991 βασιλεὺς,
880 3927 960 3979 ὅτι
1030 3927 1176 3994 Ἐγὼ
1224 3928 1299 3979 σὲ
1332 3929 1503 3981 θέλω.
1560 3929 1631 3981 Εἴ
1684 3946 1735 3981 τι
1770 3929 1814 3959 ³⁸
1876 3928 2028 3995 δύνῃ

451 4016 541 4079 εἰς
562 4015 668 4067 τὸν
700 4017 908 4071 Ἰλλον
928 4019 991 4084 ⁸⁷,
1017 4021 1294 4085 ποίησον.
1314 4020 1377 4072 Ἢ
1414 4020 1469 4072 δὲ
1502 4021 1903 4073 κατεσκεύασεν
1936 4038 2031 4089 φο-

450 4105 702 4175 νευθῆναι
751 4110 912 4162 αὐτόν
936 4111 1001 4162 ³⁸.
1046 4112 1157 4163 Καὶ
1183 4111 1395 4165 κελεύει
1435 4112 1711 4183 οὔρϐικίῳ
1743 4113 2032 4166 κουϐικου-

450 4197 623 4268 λαρίῳ
658 4202 1070 4271 προτρέψασθαὶ
1124 4222 1246 4257 τινα
1300 4204 1395 4258 τοῦ
1438 4205 1647 4258 ἀνελεῖν
1706 4206 1891 4258 αὐτόν.
1925 4207 2033 4257 Kal.

451 4288 817 4357 ἀνερχομένου
866 4292 1033 4345 αὐτοῦ
1092 4294 1173 4355 εἰς
1216 4294 1307 4345 τὸν
1362 4295 1584 4363 κοχλίαν
1634 4294 1728 4347 τοῦ
1786 4296 2031 4361 ἱππικοῦ,

454 4376 737 4447 exempto;
773 4378 883 4447 (ll)
932 4380 1156 4448 ὀνόματι
1191 4380 1481 4443 Σπανίκιος
1524 4382 1849 4450 ἐπιτραπεὶς
1894 4381 2035 4432 κατὰ

451 4468 552 4535 τῆς
581 4469 827 4537 κεφαλῆς
862 4471 1027 4523 αὐτοῦ
1064 4473 1239 4541 ἤγαγε
1270 4472 1331 4525 τὸ
1358 4472 1529 4540 ξίφος.
1568 4471 1966 4543 Προσεσχηκὼς
1990 4472 2033 4505 ³⁸

2126 3740 2340 3793 Maueas
2374 3752 2592 3797 mecum,
2619 3737 2814 3803 jubeo:
2848 3736 2894 3788 si
2932 3736 3057 3802 quid
3094 3752 3209 3789 vero
3238 3745 3382 3802 poles
3424 3735 3477 3787 in
3515 3731 3705 3801 Illum,

2129 3845 2429 3899 exsequere.
2455 3827 2591 3881 Tum
2624 3826 2719 3881 Illo
2736 3844 2933 3897 parans
2959 3828 3280 3887 insidias,ut
3307 3828 3615 3895 quempiam
3636 3826 3706 3880 ad

2130 3924 2247 3992 ejus
2272 3924 2472 3976 caedem
2505 3922 2825 3989 impelleret,
2849 3919 3123 3975 Urbicium
3148 3921 3541 3976 cubicularium
3575 3921 3707 3976 hor-

2131 4020 2295 4065 tatur.
2324 4010 2399 4063 Eo
2425 4025 2549 4063 vero
2568 4010 2710 4062 Circi
2728 4009 3006 4063 cochleam
3026 4011 3370 4073 ascendente,
3396 4008 3706 4064 scholarius

2132 4107 2346 4178 quidam
2373 4105 2593 4159 nomine
2626 4104 2935 4171 Spanicius,
2959 4103 3024 4157 ad
3053 4102 3266 4157 facinus
3283 4102 3701 4170 perpetrandum

2133 4199 2412 4254 incitatus.
2445 4197 2501 4249 in
2527 4196 2645 4263 ejus
2667 4203 2829 4262 caput
2847 4194 3083 4263 gladium
3114 4193 3309 4246 vibrat.
3334 4190 3488 4245 Hunc
3503 4199 3707 4245 attente

2133 4286 2478 4353 conspicatus
2520 4282 2762 4351 magistri
2806 4282 3143 4349 spatharius,
3187 4279 3409 4334 brachio
3465 4276 3704 4348 gladium

2133 4378 2378 4446 excepit;
2411 4377 2528 4444 ejus
2561 4383 2738 4427 tamen
2778 4373 2924 4428 acies
2949 4383 3192 4426 extrema
3221 4372 3465 4426 dextram
3499 4370 3573 4424 illi
3606 4384 3710 4425 au-

2137 4470 2361 4523 riculam
2408 4466 2660 4521 abscidit.
2711 4463 2881 4519 Porro
2906 4466 3053 4519 Zeno
3107 4464 3368 4531 magistro
3405 4463 3502 4517 Illo
3549 4461 3711 4531 llo

451 4557 506 4612 δὲ
549 4559 724 4630 τούτῳ
764 4564 792 4615 ὁ
831 4562 1133 4633 σπαθὰριος
1166 4562 1276 4634 (12)
1322 4563 1415 4615 τυῦ
1470 4565 1773 4634 μαγίστρου
1817 4562 2034 4627 ἐδέξατο
2064 4557 2108 4610 Ι)
2142 4563 2200 4615 [ιιι

1961 4581 2034 4615 ιτο
2064 4557 2108 4610 D
2142 4562 2266 4616 facti
2302 4561 2463 4629 hujus
2492 4558 2801 4612 nullatenus
2830 4572 2888 4611 se
2915 4557 3193 4612 conscium
3223 4570 3506 4621 suasurus,
3539 4553 3710 4625 jussit

706 4726 715 4731 .
1324 4705 1328 4707 Α
1750 4679 1988 4736 νΑιιιιιΕ
2026 4679 2432 4737 LECTIONES.

536 4768 580 4799 "
604 4768 658 4843 δὲ
702 4769 957 4843 Λεοντίας
1013 4771 1079 4843 Α,
1121 4772 1177 4824 δὲ
1229 4773 1326 4842 τῆς
1358 4775 1421 4826 Λ.
1464 4774 1609 4842 vulg.
1699 4774 1741 4805 "
1776 4775 1837 4826 τὸ
1869 4774 2136 4843 βασίλειον
2181 4776 2240 4832 Α,
2266 4773 2357 4824 τοῦ
2400 4770 2670 4843 βασιλείου
2721 4769 2867 4843 vulg.
2935 4767 3318 4843 "3011036;
3377 4767 3708 4843 Α-,Δπολλούς

449 4854 510 4912 τε
534 4839 690 4912 χιιΙιι.
738 4841 815 4912 Δ²⁹
852 4839 1254 4905 ὑποπιάσαντος
1280 4839 1346 4903 Ᾱ,
1372 4839 1767 4905 ὑποπεῖσαντος
1816 4839 1963 4912 vulg.

544 4976 597 5029 εῐ
658 4995 709 5031 τι
764 4979 835 5053 Α..
906 4983 953 5053 ei
994 4981 1049 5035 δέ
1104 5000 1156 5035 τι
1202 4985 1341 5053 vulg.

454 5048 497 5078 ”
528 5049 888 5118 προεσχηκὼς
920 5051 984 5103 A.

2064 4845 2109 4875 ³⁶
2136 4847 2199 4910 τῇ
2247 4839 2406 4912 μάχῃ
2439 4843 2503 4902 Α,
2536 4841 2651 4912 τὴν
2678 4839 2875 4912 μάχην
2907 4839 3069 4912 ivulg.

532 4908 809 4985 Παπυρίου
840 4912 1151 4985 καστέλλιον
1170 4914 1209 4965 Α
1228 4914 1281 4966 h.
1304 4914 1338 4966 Ι.
1367 4926 1420 4967 et
1452 4914 1611 4985 infra.
1689 4914 1734 4985 f3
1760 4908 1961 4985 ἐκϐαίη
1989 4914 2055 4975 A,
2082 4908 2501 4985 éx6alitnvulg._
2551 4910 2629 4961 “i

1446 4984 1487 5015 ³⁷
1520 4985 1599 5047 είς
1655 4983 1747 5036 τὸν
1806 4981 1977 5036 Ἵλλον
2000 4985 2065 5049 Α,
2090 4986 2169 5047 εἰς
2204 4981 2363 5036 αὑτὸν
2417 4981 2560 5052 vulg.

3183 4840 3223 4869 "
3255 4839 3316 4890 τὸ
3367 4839 3490 4892 add.
3523 4854 3589 4892 ex
3638 4839 3706 4893 Α.

2551 4910 2595 4941 ³⁸
2618 4910 2753 4961 ἰδίαν
2781 4917 2845 4973 Α,
2869 4910 3074 4961 οἰκείαν
3094 4909 3236 4976 vulg.
3280 4909 3324 4940 ⁸⁸
3352 4910 3445 4960 καὶ
3469 4908 3627 4961 ἄλλον
3643 4911 3705 4964 Α.

2657 4980 2702 5011 ³⁸
2728 4981 2805 5042 εἰς
2844 4978 3004 5031 αὑτὸν
3026 4978 3093 5044 Α,
3120 4981 3198 5041 εἰς
3226 4978 3318 5031 τὸν
3350 4978 3521 5031 Ἰλλον
3560 4980 3706 5049 vulg.

1773 5140 1913 5195 JAC.
1946 5138 2159 5194 GOARI
2191 5136 2417 5193 NOTAE}.

451 5264 706 5312 octavum
731 5257 918 5322 refert,
940 5259 990 5313 id
1013 5260 1166 5314 estC.
1190 5275 1335 5314 anno
1361 5261 1487 5326 481,
1513 5275 1661 5315 ιιιιιη.
1691 5260 1714 5312 l
1739 5260 1857 5314 e12.
1881 5260 2024 5313 Beli-

452 5328 635 5396 quain
667 5327 955 5382 Theodoro
989 5328 1213 5385 Lectore
1240 5331 1472 5384 videnda
1507 5331 1600 5383 lib.
1645 5347 1662 5384 ι
1697 5330 1763 5383 ad
1795 5332 2023 5385 calcem.

529 5398 640 5471 (l0)
678 5397 904 5471 Evagrii
936 5410 1099 5465 caput
1123 5400 1191 5453 27
1227 5418 1291 5455 ex
1328 5400 1613 5454 Eustathio
1637 5399 1773 5471 Syro
1805 5401 2022 5453 brevem

452 5471 521 5524 de
574 5469 669 5521 Illo
704 5469 1070 5540 narrationem
1104 5470 1360 5534 instituit,
1382 5486 1545 5540 quam
1588 5471 1652 5523 ad
1682 5469 1816 5539 ejus
1841 5485 2026 5540 exent-

452 5544 602 5664 plhum
658 5539 1035 5607 superioribus
1100 5537 1492 5596 annectcndam
1535 5537 1799 5609 judicavit
1844 5537 2024 5593 Theo-

456 5626 490 5664 n
533 5623 686 5663 anes.

533 5623 686 5663 anes.

456 5626 916 5747 Ρηῗιηδεέοὴυιιι,
946 5679 1081 5735 ordo
1134 5680 1482 5734 militantium
1521 5689 1605 5734 est
1647 5695 1660 5732 :
1710 5688 1763 5734 et
1810 5679 1899 5746 qui
1927 5694 2022 5746 per

452 5748 702 5804 diversas
747 5748 1016 5820 cohortes
1074 5750 1301 5820 gradum
1367 5750 1616 5813 faciunt,
1652 5766 1744 5819 per
1804 5750 2019 5804 scholas

520 5817 759 5872 omoveri
796 5817 1096 5873 dicunturf
1128 5819 1371 5883 Fuerunt
1410 5817 1663 5873 undecim
1692 5820 1892 5873 scholae
1925 5835 2019 5886 pa-

478 5890 571 5944 atii
628 5888 893 5945 custodiae
947 5889 1258 5962 deputata):
1299 5906 1491 5947 novem
1530 5900 1754 5945 annata:
1810 5889 2015 5945 militia:

2133 5276 2197 5313 ex
2233 5254 2482 5327 Armentis
2534 5260 2771 5321 selectze,
2814 5266 2869 5313 et
2935 5257 3174 5313 inermes
3225 5256 3367 5312 duae.
3409 5254 3703 5316 Scholares

2134 5339 2266 5384 sunt
2306 5330 2358 5382 in
2410 5329 2723 5393 lmjusmodi
2758 5339 2965 5381 turmas
3028 5328 3304 5382 recensiti.
3336 5329 3499 5381 Arma
3528 5330 3705 5396 iacta-

2133 5400 2265 5454 baut
2305 5409 2356 5453 et
2405 5399 2651 5452 militiam
2691 5414 2703 5449 :
2744 5413 2932 5452 verum
2973 5398 3155 5464 palatii
3196 5399 3411 5453 deliciis
3452 5399 3701 5461 enutriti,

2133 5470 2327 5523 molles
2377 5479 2431 5522 et
2496 5469 2735 5523 imbelles
2790 5469 2856 5520 ad
2891 5469 3311 5522 ostentationem
3352 5482 3501 5520 arma
3532 5478 3706 5535 gesta—

2132 5539 2263 5592 bant
2302 5547 2358 5592 et
2409 5539 2658 5592 militiam
2720 5541 3167 5607 profitebantur;
3212 5538 3256 5592 si
3314 5538 3473 5592 modo
3526 5538 3704 5604 majus

2134 5607 2465 5677 stipendium
2511 5606 2788 5662 atnnere’nt
2828 5609 3090 5662 contenti.
3145 5606 3221 5660 De
3258 5608 3363 5661 illis
3402 5607 3703 5677 pluraSui-

2129 5675 2231 5748 das
2275 5687 2327 5731 et
2362 5677 2635 5733 Meursius
2667 5694 2717 5732 τ.
2753 5677 3062 5748 Σχολὰριος.
3095 5677 3430 5733 Pancirollus
3464 5677 3518 5731 in
3562 5675 3697 5746 lmp.

2125 5747 2388 5801 Notitiam
2426 5764 2545 5817 rap.
2589 5749 2675 5801 63.

2199 5819 2307 5886 (l2)
2342 5815 2622 5871 Cedrcnus
2667 5820 2694 5870 ὁ
2722 5818 3117 5889 σωματοφύλαξ
3142 5817 3276 5886 ἐστί,
3312 5818 3521 5875 satelles
3558 5815 3700 5870 unda

2128 5892 2316 5955 spat/ut
2363 5900 2620 5942 armatus.
