4430 6436
425 390 527 457 ιιι

1703 386 2377 451 (lilllONOGRAPIIIA.

3585 388 3692 450 3'22

429 521 583 575 χεται
613 502 688 573 τῷ
719 502 1039 574 Βυζαντίῳ¹
1082 505 1175 556 καὶ
1217 505 1354 575 μόνῃ
1392 504 1561 571 φειδοί
1600 503 1699 573 τῆς
1743 504 1873 573 περὶ
1914 501 2009 575 τὴν
2043 509 2084 564 Α
2120 507 2173 549 ιιι

1947 501 2009 575 ὴν
2043 509 2084 564 Α
2120 507 2223 556 tus,
2250 494 2567 565 Byzantium
2605 495 2761 565 113
2795 507 3064 564 occupare
3084 495 3338 549 molitur:
3377 496 3516 550 unde
3541 510 3690 567 post-

430 596 607 660 πὸλιν,
653 594 728 658 ὦς
781 612 936 663 φασι,
995 595 1322 667 κρατηθεὶς,
1371 596 1739 665 ἐπανέρχεται
1786 598 1866 657 εἰς
1911 597 2010 665 τὴν

428 686 676 754 Θρᾴκην,
700 685 791 737 καὶ
816 686 1155 755 προτραπεὶς
1184 686 1290 739 ὑπὸ
1311 687 1560 756 Ζήνωνος
1581 688 1904 758 κατέρχεται
1933 688 2011 749 εἰς

440 777 691 832 Ἰταλίαν.
740 778 849 830 Καὶ
907 778 1198 847 Ὀδοάκρου
1247 780 1395 851 μάχῃ
1447 780 1661 852 μεγάλῃ
1705 783 2009 851 κρατήσας,

428 868 522 919 τοῦ
556 867 725 937 ρηγὸς
757 869 814 919 ὲν
844 867 1108 941 Ῥαϐέννῃ
1136 872 1476 940 περιτίθεται
1510 872 1715 941 σχῆμα.
1759 873 2011 942 Ἐχειρώο

432 976 563 1013 σατο
580 961 637 1012 δὲ
669 960 764 1013 καὶ
786 960 979 1023 ἄλλους
1000 961 1287 1026 πλείστους
1308 962 1416 1015 τῶν
1444 963 1755 1034 βαρϐάρων,
1773 964 2012 1034 μάλιστα

431 1054 525 1105 καὶ
551 1054 675 1115 τοὺς
706 1053 1043 1123 Οὺανδήλους
1069 1054 1407 1123 ὑπηγάγετο,
1444 1056 1578 1125 μηδὲ
1611 1057 1749 1109 ὅπλα
1776 1058 1893 1110 κατ’
1916 1059 2013 1109 αὖ·

429 1145 539 1197 τῶν
570 1145 802 1214 κινήσας
823 1146 889 1209 ",
919 1147 957 1198 Γ
967 1146 1040 1210 ιζε
1052 1147 1203 1217 ρίχου
1228 1147 1648 1217 τελευτήσαντος
1670 1148 1793 1219 ἥδη,
1825 1149 1955 1217 πρὶν
1978 1149 2010 1220 ἢ

432 1239 640 1290 ἐκεῖνον
681 1238 857 1291 ἐλθεῖν
891 1241 969 1305 είς
1008 1238 1263 1309 Ῥώμην·
1302 1239 1574 1309 ἐκράτησε
1606 1239 1662 1292 δὲ
1689 1241 1733 1272 τ’
1784 1241 1877 1292 καὶ
1914 1242 2013 1305 τῆς

441 1331 787 1402 Ῥώμης,και
818 1332 999 1403 πάσης
1026 1334 1125 1403 τῆς
1167 1332 1484 1403 Ἐσπερίου.

501 1517 565 1567 Α.
597 1515 670 1568 Μ.
702 1514 863 1568 5978.
891 1544 961 1555 —
1003 1515 1360 1583 Ἀντιοχείας
1398 1514 1740 1569 ἐπισκόπου
1786 1513 2013 1581 Πέτρου

432 1607 539 1660 τοῦ
573 1606 860 1675 Γναφέως
890 1607 1004 1676 (27)
1032 1607 1166 1672 ἔτος
1196 1614 1270 1659 a'.

503 1699 690 1768 Τούτῳ
738 1697 814 1768 τῷ
862 1698 972 1750 ἔτει
1002 1700 1051 1750 oi
1080 1699 1178 1767 τῆς
1234 1698 1526 1767 Ἀνατολῆς
1580 1698 1868 1751 ἐπίσκοποι
1900 1697 2011 1769 (28)

433 1788 680 1858 ἔγραψαν
726 1789 968 1860 Ἀκακὶῳ
1002 1788 1238 1858 μέμψεις
1262 1789 1349 1842 διὰ
1372 1789 1430 1841 τὸ
1458 1788 1712 1853 δέξασθαι
1743 1790 1834 1843 τδν
1865 1790 2014 1857 Moy-

431 1882 528 1948 γον
554 1884 634 1943 εἰς
662 1884 970 1937 κοινωνίαν.
1015 1881 1075 1933 ⁸0
1100 1882 1155 1934 δὲ
1192 1883 1266 1952 μὴ
1289 1883 1542 1952 προσχὼν
1573 1883 1777 1947 αὐτοῖς,
1804 1883 2014 1946 πάντας

433 1973 667 2036 ἀναιδῶς
704 1976 981 2027 κοινωνεῖν
1026 1972 1104 2044 τῷ
1131 1973 1337 2045 Μογγῷ
1381 1975 1821 2045 κατηνάγκαζεν.
1862 1978 1924 2030 Ol
1957 1974 2013 2027 δὲ

433 2061 533 2131 τῆς
558 2061 836 2130 βασιλείας
854 2063 946 2115 καὶ
970 2062 1072 2132 τῆς
1104 2061 1279 2133 Ἒῴας
1302 2062 1600 2133 ἐδεήθησαν
1620 2065 1852 2135 Φήλικος
1878 2064 2015 2134 μετὰ

436 2153 666 2206 θάνατον
687 2152 1012 2223 Σιμπλικίου
1024 2155 1118 2206 τοῦ
1144 2153 1363 2225 Ῥώμης
1380 2157 1699 2219 ἐπισκόπου,
1719 2157 2013 2227 σημαίνον-

439 2261 532 2306 τες
578 2245 832 2297 ’Δκάκιον
862 2240 1005 2297 εἶναι
1036 2244 1210 2298 αἴτιον
1240 2245 1348 2297 τῶν
1378 2245 1587 2300 κακῶν.
1628 2248 1715 2299 Ἑν
1738 2243 1820 2309 οίς
1850 2249 1944 2302 καὶ
1968 2248 2014 2279 ⁸⁸

448 2336 706 2405 Ἰωάννης
768 2338 796 2388 ὁ
866 2334 1252 2406 Ἀλεξανδρεὺς
1284 2337 1327 2369 ⁸⁸
1393 2338 1455 2392 τὸ
1500 2339 1633 2392 αὐτὸ
1691 2339 1869 2408 λέγων
1918 2342 2016 2411 τὴν

447 2426 665 2497 Ῥώμην
724 2428 1044 2483 κατέλαϐεν.
1093 2429 1262 2499 Φῆλιξ
1303 2430 1360 2483 δὲ
1411 2430 1630 2485 σύνοδον
1674 2435 1733 2486 ὲν
1780 2433 1856 2505 τῷ
1900 2434 2014 2503 ναῷ

433 2517 529 2571 τοῦ
586 2520 886 2590 κορυφαίου
939 2520 1239 2575 ἀποστόλου
1295 2522 1503 2592 Πέτρου
1583 2524 1817 2594 ποιήσας
1856 2563 1871 2586 ,
1922 2524 2016 2577 δύο

435 2611 769 2674 ἐπισκόπους
802 2612 893 2664 καὶ
936 2611 1151 2665 ἔκδικον
1197 2613 1441 2682 επεμψεν
1473 2613 1583 2685 (29)
1625 2615 1682 2666 ὲν
1719 2616 2013 2668 Κωνσταν-

436 2702 766 2765 τινουπόλει,
819 2702 1040 2773 γράψας
1084 2704 1293 2773 Ζήνωνι
1342 2704 1437 2758 καὶ
1481 2705 1723 2776 Ἀκακίῳ
1765 2705 2015 2759 ἐκϐαλεῖν

437 2790 642 2862 Πέτρον
661 2791 751 2845 τὸν
772 2792 1014 2862 Μογγδν,
1041 2792 1116 2858 ὡς
1132 2794 1429 2865 αἱρετικὸν,
1459 2795 1559 2866 τῆς
1599 2796 1927 2866 Ἐκκλησίας
1946 2798 2009 2853 ⁸⁸.

509 3060 571 3116 Α.
611 3061 688 3115 Μ.
725 3061 883 3116 5979.
912 3050 1193 3131 -τούτιμ
1236 3062 1315 3133 τῷ
1345 3061 1454 3116 ἔτει
1487 3061 1598 3117 τῶν
1644 3062 1752 3119 ἀπὸ
1798 3063 2016 3136 Ῥώμης

2113 589 2331 642 modum
2382 589 2495 643 sola
2540 590 2709 654 urbis,
2757 599 2814 642 ut
2868 588 3038 650 aiunt,
3093 588 3445 643 miseratione
3489 600 3693 655 motus,

2114 692 2319 737 remeat
2362 682 2414 735 iu
2462 680 2789 735 Thraciam:
2831 690 2885 734 et
2914 696 2942 733 a
3005 679 3223 735 Zenone
3267 683 3607 751 compulsus,
3637 684 3691 736 in

2113 776 2319 829 Italiam
2381 775 2780 846 proficiscitur;
2820 774 2907 827 tibi
2964 772 3210 828 Odoacro
3270 774 3475 845 ingenti
3534 776 3689 830 clade

2114 866 2423 936 profligato.
2459 867 2601 935 regis
2653 866 2882 935 insignia
2924 863 3195 919 Ravennae
3236 866 3452 919 tandem
3496 866 3691 920 induit.

2116 957 2219 1012 Sed
2255 968 2307 1012 ct
2350 959 2640 1028 plerosque
2672 958 2808 1011 alios
2859 958 3122 1012 barbaros
3175 958 3396 1021 devicit,
3437 972 3488 1012 et
3525 959 3693 1013 armis

2113 1058 2321 1103 tantum
2390 1050 2651 1104 adversus
2716 1048 2983 1102 Vandalus
3038 1066 3143 1103 non
3202 1050 3387 1114 motis,
3455 1050 3690 1117 quietem

2115 1157 2276 1210 agere
2308 1151 2361 1195 et
2397 1142 2449 1194 in
2483 1140 2666 1196 multis
2709 1140 2985 1209 subjectos
3016 1124 3210 1195 effecit.
3246 1142 3533 1196 Gizericlio
3565 1158 3693 1196 vero

2110 1232 2220 1301 jam
2260 1234 2365 1287 vita
2414 1234 2622 1298 functo,
2656 1234 2973 1303 priusquam
3023 1236 3136 1302 ipse
3184 1235 3411 1288 Romam
3458 1236 3695 1304 appelle-

2116 1332 2217 1388 ret,
2261 1322 2405 1378 Urbe
2443 1324 2656 1378 tandem
2690 1336 2910 1395 totoque
2942 1325 3106 1378 simul
3152 1325 3447 1379 Occidente
3488 1328 3691 1396 potitus

2113 1425 2215 1469 εει.

2185 1512 2250 1560 Α.
2286 1505 2349 1560 C.
2385 1505 2508 1560 4‘78.
2540 1538 2604 1547 --
2635 1507 2930 1561 Antiochiet
2959 1507 3188 1574 episwpi
3248 1505 3393 1561 Petri
3445 1505 3692 1561 Fullonis

2115 1614 2286 1652 anuus
2326 1600 2547 1667 primus.

2187 1690 2301 1743 lloc
2327 1704 2470 1743 anno
2497 1689 2735 1743 Orientis
2759 1690 3004 1759 episcopi
3034 1706 3157 1744 cum
3196 1691 3397 1746 Acacio
3424 1707 3518 1761 per
3544 1693 3693 1747 litte-

2115 1796 2207 1835 ras
2237 1782 2520 1850 conquesti
2546 1793 2691 1845 sunt,
2724 1782 2868 1851 quod
2902 1780 3097 1851 Mougo
3125 1780 3694 1839 communionis‘con-

2117 1870 2345 1923 sortium
2396 1852 2767 1939 impertiisset.
2827 1869 2919 1925 llle
2968 1874 3164 1941 spretis
3216 1888 3404 1926 eorum
3448 1873 3690 1938 monitis,

2116 1962 2373 2035 Mongum
2443 1965 2694 2017 eumdem
2753 1964 2807 2017 in
2886 1967 3330 2020 communionem
3402 1967 3692 2022 admittere

2116 2055 2586 2124 impudentissime
2658 2056 2922 2125 compulit
2980 2066 3229 2111 cunctos.
3290 2058 3447 2113 Cives
3509 2069 3689 2113 autem

2116 2147 2335 2201 urbium
2374 2146 2576 2212 regina:
2596 2148 2885 2215 cunctique
2918 2147 3079 2201 simul
3110 2148 3404 2203 orientales
3431 2148 3687 2213 Felicem,

2115 2240 2208 2309 qui
2248 2249 2372 2309 post
2406 2239 2672 2309 Simplicii
2713 2239 2920 2295 obitum
2954 2239 3253 2294 Romanam
3308 2241 3490 2296 sedem
3543 2251 3692 2296 tene-

2116 2332 2230 2397 bat,
2263 2332 2539 2401 supplices
2564 2332 2814 2385 adierunt
2841 2342 2894 2386 et
2924 2333 3191 2386 malorum
3217 2335 3459 2387 omnium
3498 2347 3690 2387 aucto-

2116 2441 2227 2479 rem
2275 2425 2664 2480 iu‘cusarerunt
2702 2426 2981 2479 Acacium.
3018 2423 3223 2479 Interea
3278 2423 3514 2480 Joannes
3566 2426 3692 2482 Ale-

2117 2518 2357 2573 xandriae
2412 2518 2610 2587 praesul
2664 2518 2776 2573 haec
2832 2518 3018 2572 eadem
3078 2518 3404 2573 denuntians
3459 2520 3687 2574 Romam

2119 2610 2439 2679 ingreditur.
2478 2606 2628 2663 Felix
2674 2610 2878 2679 itaque,
2908 2610 3114 2680 synodo
3154 2609 3207 2662 iu
3250 2610 3519 2681 corypliazi
3556 2626 3688 2679 apo-

2115 2702 2378 2757 stolorum
2414 2701 2555 2755 Petri
2581 2702 2777 2771 templo
2801 2712 3011 2766 coacta,
3035 2700 3174 2756 duos
3197 2702 3481 2771 episcopos
3503 2712 3555 2756 et
3583 2718 3690 2759 una

2116 2794 2455 2849 defensorem
2491 2794 2705 2864 Cpolim
2754 2794 2970 2865 ablegat
3025 2792 3343 2864 Zenonique
3382 2804 3436 2849 et
3488 2796 3691 2850 Acacio

2117 2886 2310 2941 litteris
2344 2887 2634 2955 signiﬁcat,
2677 2895 2735 2940 ut
2766 2885 2988 2942 Petrum
3038 2886 3295 2957 Mongum
3336 2902 3436 2942 ceu
3476 2887 3693 2942 haereti-

2116 2994 2240 3035 cum
2273 2978 2601 3033 Alexandria
2630 2980 2875 3049 ejiciaut.
2976 3034 2979 3035 ν

2187 3070 2253 3124 Α.
2284 3068 2345 3126 C.
2382 3071 2509 3127 479.
2543 3102 2611 3113 ——-
2642 3070 2756 3125 Hoc
2789 3086 2936 3126 anno
2972 3071 3165 3142 legatis
3212 3071 3385 3126 Roma
3428 3071 3689 3143 profectis

440 3152 797 3222 πεμφθέντων
831 3152 943 3223 (50)
1002 3154 1060 3206 ὲν
1122 3152 1329 3222 Ἀϐύδῳ
1394 3155 1777 3226 κρατηθέντων
1820 3156 2014 3229 γνώμῃ
2043 3183 2084 3241 ε
2117 3170 2183 3230 ει.

1940 3173 2014 3229 μῃ
2043 3183 2084 3241 ε
2117 3170 2183 3230 οι,
2202 3162 2344 3231 apud
2379 3161 2630 3232 Abydum
2663 3162 2899 3217 Zenonis
2924 3173 2977 3218 et
3010 3164 3195 3219 Acacii
3233 3164 3466 3219 consilio
3499 3165 3688 3220 deten-

438 3246 683 3315 Ζήνωνος
716 3245 812 3297 καὶ
863 3245 1143 3310 ⁹Δκακίου,
1175 3246 1271 3298 καὶ
1310 3246 1419 3299 τῶν
1452 3249 1797 3318 γραμμάτων
1844 3250 2013 3317 ἀφαι-

441 3336 707 3408 ρεθέντων
729 3336 824 3389 καὶ
851 3338 910 3389 ὲν
935 3338 1148 3408 φρουρᾷ
1175 3335 1503 3408 βληθέντων,
1535 3338 1799 3409 ἠπείλησε
1829 3341 2013 3410 Ζήνων

437 3424 661 3488 τούτους
712 3425 940 3489 ἀνελεῖν,
991 3428 1040 3479 εί
1101 3430 1174 3497 μὴ
1229 3429 1656 3499 κοινωνήσουσιν
1680 3429 1726 3461 ⁸³
1775 3430 2013 3501 Ἀκακίῳ

438 3518 532 3569 καὶ
561 3517 754 3587 Πέτρῳ
790 3517 867 3589 τῷ
908 3518 1282 3591 Μογγῷβι).

509 3610 573 3663 Α.
603 3610 677 3662 Μ.
711 3609 870 3664 5980.
900 3638 971 3649 -
1003 3610 1191 3681 Τούτῳ
1224 3609 1302 3680 τῷ
1349 3611 1459 3665 ἔτει
1498 3613 1668 3677 Ἴλλος
1708 3613 1803 3668 καὶ
1847 3615 2013 3668 Λεόνο

438 3716 550 3763 τιος
578 3700 689 3771 (52)
724 3700 864 3770 μετὰ
896 3701 1122 3764 πολλοὺς
1154 3700 1202 3732 ³⁵
1229 3702 1499 3773 πολέμους
1528 3705 1621 3757 ἐπὶ
1652 3706 1893 3775 τέσσαρα
1917 3706 2015 3778 ἐτη

440 3790 837 3861 φρουρούμενοι
873 3794 929 3845 ὲν
949 3790 1027 3861 τῷ
1054 3792 1353 3862 Παπουρίῳ
1381 3793 1681 3865 καστελλίῳ
1713 3794 2012 3865 ἐχειρώθη-

2119 3254 2212 3318 tis,
2258 3254 2310 3308 vi
2360 3270 2580 3325 quoque
2633 3255 2830 3310 ablatis
2876 3270 3065 3309 eorum
3116 3256 3311 3311 litteris
3354 3256 3594 3326 ipsisque
3633 3258 3688 3311 in

2119 3362 2392 3402 carcerem
2432 3349 2715 3415 conjectis,
2749 3364 2863 3414 eos,
2900 3348 3000 3403 nisi
3036 3364 3160 3403 cum
3191 3349 3389 3403 Acacio
3426 3358 3480 3403 et
3530 3348 3691 3404 Petro

2118 3436 2316 3509 Mougo
2346 3441 2770 3507 communicent,
2805 3440 3243 3504 interfecturum,
3273 3439 3422 3495 Zeno
3463 3442 3695 3495 commi~

2121 3540 2301 3594 natur,

2192 3622 2255 3674 A.
2287 3620 2349 3676 C.
2381 3620 2509 3677 480.
2536 3651 2606 3661 —-
2639 3620 2799 3693 114
2833 3620 2945 3677 Hoc
2967 3636 3112 3676 anno
3148 3622 3278 3676 Ilius
3313 3630 3366 3676 et
3403 3620 3687 3688 Leontius,

2120 3713 2373 3783 plurimis
2428 3714 2555 3769 belli
2614 3714 2896 3770 laboribus
2946 3715 3262 3779 exantlatis,
3304 3724 3356 3768 et
3406 3716 3690 3770 obsidione

2123 3816 2383 3876 perpetua
2419 3806 2473 3860 in
2514 3806 2749 3876 Papurio
2778 3808 3005 3861 castello
3034 3807 3229 3872 clausi,
3282 3807 3468 3862 fratris
3500 3807 3691 3861 uxoris

441 3899 541 3935 σαν
566 3881 825 3953 προδοσίᾳ
853 3881 948 3936 τοῦ
992 3883 1226 3953 ἀδελφοῦ
1260 3884 1359 3954 τῆς
1401 3883 1649 3954 γαμετῆς
1673 3883 2010 3955 Τροκούνδου
2109 3895 2190 3948 Tn

1941 3891 2010 3940 :ou
2109 3895 2382 3950 Trocuudi
2416 3912 2445 3951 a
2477 3894 2697 3952 Zenone
2726 3899 2778 3951 in
2806 3898 2952 3953 hunc
3010 3898 3170 3953 tinem
3202 3899 3355 3953 missi
3388 3897 3690 3967 proditione

437 3973 572 4044 δόλῳ
592 3972 936 4043 πεμφθέντος
965 3973 1070 4027 ὑπὸ
1089 3976 1352 4045 Ζήνωνος.
1384 3976 1493 4028 Καὶ
1521 3975 1920 4046 ἀπετμήθησαν
1942 3980 2010 4042 ⁸⁸,

437 4069 533 4120 καὶ
573 4070 628 4121 αἱ
671 4068 905 4136 κεφαλαὶ
943 4067 1122 4121 αὐτῶν
1158 4066 1520 4137 ἐπέμφθησαν
1567 4068 1644 4138 τῷ
1668 4069 1876 4137 Ζήνωνι
1919 4072 2015 4123 καὶ

438 4159 774 4230 εἰσήχθησαν
810 4160 857 4191 ⁸⁸
900 4160 981 4222 είς
1033 4159 1255 4222 κοντοὺς
1286 4158 1395 4229 (53)
1440 4159 1497 4211 ἐν
1539 4159 1619 4230 τῷ
1674 4160 1884 4231 ἱππικῷ
1917 4163 2016 4215 κά-

2107 3987 2325 4042 tandem
2357 3987 2500 4059 capti
2531 4000 2658 4043 sunt
2684 3998 2738 4044 et
2770 3989 3024 4044 decollati
3059 4007 3073 4045 :
3101 4005 3289 4044 eorum
3322 4003 3451 4044 vero
3500 3989 3679 4058 capita

2110 4078 2177 4133 ad
2212 4077 2486 4135 Zenonem
2524 4081 2789 4135 translata
2818 4081 3105 4152 contisque
3143 4081 3196 4135 in
3250 4082 3398 4136 circo
3452 4080 3691 4134 circum-

2110 4179 2230 4224 acta
2262 4180 2421 4242 atque
2454 4173 2580 4228 inde
2608 4182 2758 4228 trans
2789 4184 3004 4243 portum
3037 4175 3256 4245 oppido,
3288 4174 3377 4231 cui
3426 4172 3561 4227 Sica:
3593 4188 3692 4224 nu-

1464 4346 1467 4347 ,
1496 4346 1509 4347 κ
1753 4328 1983 4387 VARIIE
2012 4332 2411 4393 LECTIONES.

440 4529 504 4568 ex
529 4514 595 4568 A.

533 4444 580 4475 "
600 4442 850 4511 κινήσας.
899 4440 1015 4505 Γιζ.
1071 4440 1486 4527 τελευτήσαντος
1540 4441 1584 4494 Α
1606 4482 1621 4506 ,
1648 4444 1897 4565 κινήσας.
1947 4445 2230 4519 Γιζερίχου
2258 4450 2314 4502 δὲ
2337 4452 2450 4503 τελ.
2486 4451 2629 4521 vulg.

533 4514 595 4565 Δ.
686 4514 729 4544 ⁸⁸
763 4510 1146 4565 Ἀλεξανδρευς
1181 4513 1241 4562 τὸ
1273 4510 1404 4563 αὐτὸ
1439 4513 1505 4565 A.
1526 4511 1746 4565 ’Δλεεαν
1782 4516 1931 4565 asia:
1956 4516 2025 4565 τὰ
2057 4519 2195 4565 αὐτὰ
2216 4522 2359 4565 vnlg-
2413 4523 2458 4554 θ’
2497 4522 2628 4565 tu)

2751 4451 2796 4485 "
2823 4450 2880 4503 δὲ
2929 4449 3055 4503 add.
3111 4466 3174 4502 ex
3208 4451 3271 4504 A.
3350 4451 3395 4483 ⁸⁸
3437 4451 3531 4504 καὶ
3560 4452 3683 4506 add.

686 4510 1146 4591 "_'A)-€€a\f5p€b€
1181 4513 1241 4562 τὸ
1273 4510 1404 4591 ιξῦτδ
1439 4513 1505 4576 Α,
1526 4510 1931 4591 Ἀλεξανδρείας
1956 4516 2025 4591 τὰ
2057 4510 2197 4591 αὐτὰ
2216 4522 2360 4589 vulg.
2390 4523 2458 4591 7"
2497 4510 2794 4591 ἐκκλησίας
2823 4522 2869 4572 Α
2900 4535 2929 4573 e
2955 4520 2993 4582 f,
3025 4520 3428 4589 Ἀλεξανδρείας
3452 4522 3591 4590 vulg.
3617 4525 3681 4585 Α,

440 4585 487 4660 ξ’
530 4583 916 4660 κοινωνήσουσι
958 4582 1030 4660 ,
1076 4581 1453 4660 ’κοινωνήσωσι
1502 4582 1641 4660 vulg.
1717 4583 1763 4660 ‘_‘
1782 4581 2020 4660 ξπολλοῖις
2047 4581 2342 4660 *πολέμους
2373 4590 2437 4658 Α,
2469 4590 2620 4645 πολλ.
2649 4581 2786 4653 τοὺς
2813 4591 2933 4645 πολ.
2961 4593 3108 4660 Vulg.

3218 4592 3263 4621 "
3291 4591 3582 4661 ἀπετμήθη
3592 4608 3686 4644 σαν

440 4652 683 4724 ἀπεμήθ,
741 4649 887 4722 vulg.
962 4652 1009 4698 ε’
1043 4649 1370 4723 εἰσήχθησαν
1408 4652 1450 4703 A
1484 4666 1535 4715 e,
1560 4649 1949 4723 εἰσηνέχθησαν
1976 4657 2116 4727 vulg.

512 4771 515 4773 ›
1781 4748 1921 4804 JAC.
1953 4749 2164 4805 coam
2197 4750 2429 4829 nom-3.

514 4839 627 4909 (27)
665 4840 945 4895 Annorqu
978 4839 1141 4892 trium
1172 4850 1443 4893 summam
1463 4835 1591 4894 huic
1630 4854 1823 4895 omnes
1856 4840 2017 4898 codd.
2047 4842 2101 4903 υ
2126 4843 2386 4897 scribitur
2409 4857 2438 4897 a
2472 4841 2722 4895 Liberan
2747 4840 3005 4896 Breviarii
3042 4854 3167 4908 cap.
3202 4838 3287 4893 l8.

444 4908 773 4971 attribuunt.
802 4909 962 4977 cujus
984 4910 1110 4962 anui
1137 4908 1748 4979 sigillatin1__enuinerati
1787 4911 1853 4963 ad
1877 4926 2017 4979 qua-

445 4992 568 5035 tuor
588 4973 886 5034 asceudcre
914 4973 1345 5048 comperiuiitur.
1372 4973 1535 5048 AVide
1560 4994 1681 5048 pag.
1712 4996 1828 5048 seq.
1858 4973 2018 5034 Barb.

442 5052 612 5106 codex
644 5050 737 5123 qui
766 5060 875 5104 tres
898 5046 1161 5112 recenset,
1180 5046 1481 5104 secundum
1514 5046 1757 5119 repetere
1788 5046 1894 5103 non
1932 5067 2022 5107 ve-

443 5129 613 5176 retur.

514 5190 624 5259 (28)
659 5188 922 5259 Evagrius
946 5188 1051 5259 lib.
1084 5204 1169 5251 ιιι,
1192 5204 1348 5259 capp.
1372 5194 1459 5256 18,
1494 5190 1560 5244 l9
1596 5198 1650 5244 et
1674 5189 1764 5243 20.

516 5256 627 5329 (29)
652 5256 914 5329 Libellum
944 5256 1136 5314 Felicis
1162 5261 1227 5313 ad
1259 5256 1519 5318 Acacium
1561 5262 1720 5314 habet
1751 5260 2017 5315 Baronius

446 5328 825 5384 ad’annumC.
861 5328 1173 5400 485,,num.
1205 5330 1276 5383 46
1327 5341 1382 5386 et
1423 5333 1514 5397 47,
1562 5345 1670 5400 quo
1708 5332 2016 5385 defensoris

447 5400 608 5453 istius
630 5414 825 5453 nomen
849 5399 1067 5469 promit.
1112 5417 1131 5450 ι
1158 5400 1235 5452 Ad
1261 5416 1423 5469 quam
1449 5399 1590 5465 rem,
1623 5418 1641 5452 ›
1668 5401 1869 5466 inquit,
1905 5418 1923 5451 ι
1947 5400 2017 5455 de

446 5470 679 5535 collegio
707 5478 895 5522 nostro
936 5468 1131 5522 fratres
1160 5479 1211 5521 et
1235 5468 1591 5540 coepiscopos
1617 5482 1862 5531 nostros,
1888 5486 2012 5523 cum

488 5540 647 5593 uibus
679 5541 827 5592 illum
863 5554 893 5593 a
924 5540 1094 5593 latere
1128 5549 1314 5593 nostro
1366 5544 1741 5596 ﬁdelissimum
1780 5541 2013 5594 Felicem

484 5608 788 5664 efeusorem
844 5620 1047 5663 sancta:
1075 5608 1332 5664 Ecclesia:
1358 5611 1615 5665 Romana:
1674 5613 2017 5665 ordinatione

446 5680 796 5734 direximus.»
823 5680 1076 5740 Ἔκδικος
1104 5681 1288 5747 itaque
1314 5681 1564 5736 defensor
1583 5691 1686 5741 est,
1719 5683 1809 5750 qui
1832 5682 2018 5747 Eccle-

450 5750 707 5816 siaajura,
739 5757 940 5803 statuta
969 5760 1021 5802 et
1050 5752 1331 5819 privilegia
1371 5762 1516 5805 sarta
1551 5762 1687 5804 tecta
1718 5762 2009 5805 conservat

448 5827 501 5875 et
519 5820 797 5877 defendit:
833 5822 974 5879 unde
1002 5819 1255 5876 defensor
1270 5821 1534 5878 Ecclesiae
1567 5822 1652 5877 hic
1682 5823 1823 5877 idem
1856 5820 2009 5875 Felix

2198 4912 2308 4980 (30)
2334 4911 2564 4981 Legatos
2593 4912 2825 4981 injurias
2865 4910 3187 4981 bujusuzodi
3210 4908 3681 4981 Constantinopoli

2124 4978 2318 5052 paSsos
2372 4978 2600 5037 testatur
2637 4980 2927 5036 Liberatus
2957 4984 3007 5033 in
3041 4978 3335 5052 Breviario.
3384 4996 3403 5029 ι
3430 4981 3563 5052 ltum
3601 4991 3687 5034 est

2118 5050 2249 5117 Cl’.,
2271 5053 2579 5122 etprzedicti
2602 5052 2843 5120 episcopi
2874 5052 2926 5104 in
2957 5050 3420 5122 custodiamrsunt
3453 5050 3680 5122 redacti,

2119 5120 2631 5186 cliartis‘sublatis,
2694 5135 2763 5175 ne
2800 5121 3107 5183 catholicis,
3164 5120 3366 5187 quibus
3420 5120 3680 5187 scriptum

2117 5193 2312 5258 fuerat,
2349 5192 2724 5247 redderentur.
2768 5191 2917 5257 Quos
2941 5190 3133 5245 iterum
3163 5199 3283 5257 post
3310 5188 3423 5242 haec
3451 5189 3685 5242 Aeacius

2116 5264 2183 5316 de
2211 5263 2461 5318 custodia
2489 5261 2717 5329 eiiciens
2747 5277 2930 5316 secum
2955 5260 3079 5313 fecit
3101 5258 3412 5327 procedere,
3442 5266 3500 5311 ut
3523 5258 3683 5326 quasi

2114 5334 2437 5386 confirmato
2467 5330 2610 5384 Petri
2645 5332 2951 5386 sacerdOtio
2972 5330 3394 5383 dimitterentur.
3430 5345 3450 5379 ι

2183 5403 2296 5471 (3i)
2344 5400 2646 5455 Palladium
2706 5401 2933 5471 ejusque
2983 5414 3159 5453 annos
3198 5402 3385 5453 decem
3455 5406 3682 5471 anno‘tat

2114 5468 2203 5525 hic
2250 5468 2472 5541 Peyrez.
2517 5472 2775 5525 collatum
2829 5468 3096 5533 Palatino,
3138 5472 3249 5523 imo
3303 5482 3505 5541 annum
3559 5468 3681 5537 ejus

2113 5539 2348 5611 primum
2398 5552 2453 5595 et
2509 5542 2869 5597 decurrentes
2925 5542 3182 5610 deinceps
3239 5539 3431 5605 incipit
3489 5554 3682 5594 nume-

2114 5628 2173 5666 ra
2182 5629 2256 5665 re.

2185 5683 2295 5751 (52)
2344 5680 2648 5736 Jornandes
2706 5680 2781 5734 De
2836 5698 2979 5749 regii.
3040 5697 3102 5734 ac
3144 5691 3299 5749 temp.
3332 5678 3679 5745 successione,

2115 5753 2432 5806 Theodorus
2464 5752 2674 5814 Lector,
2712 5753 2803 5805 lib.
2850 5769 2908 5805 lt.

2183 5822 2293 5891 (55)
2338 5820 2505 5876 Habet
2532 5823 2835 5876 Joruuudes
2882 5823 3119 5877 hastilia.
