4430 6436
423 425 531 487 345

1702 432 2165 493 CHRONOGRA
2175 431 2275 490 ΡΗ
2284 432 2381 493 1A.

3580 431 3686 495 3&6

496 538 683 610 Τούτῳ
730 538 807 609 τῷ
835 538 944 593 ἔτει
990 540 1082 592 καὶ
1105 541 1154 591 οἱ
1179 542 1502 613 καλούμενοι
1520 543 1816 617 Βούλγαροι
1833 546 1877 578 ’³
1895 543 2005 617 (90)
2036 551 2086 611 Α
2183 542 2245 596 Η(

1937 544 2005 615 ιο)
2036 551 2086 611 Α
2183 542 2299 596 Hoc
2342 541 2506 595 ctiam
2566 553 2712 593 anno
2755 538 2846 608 qui
2908 547 3172 594 vocantur
3229 539 3446 609 Bulgari
3490 556 3686 596 excur-

424 630 502 700 τῷ
548 631 825 702 Ἰλλυρικῷ
853 632 948 684 καὶ
983 633 1173 707 Θρᾴκῃ
1213 636 1561 707 ἐπιτρέχουσι
1602 639 1731 710 πρὶν
1765 638 2012 708 γνωσθῆ-

426 741 515 775 ναι
540 740 761 786 αυτους.
1710 740 1716 743 '

497 814 560 866 A.
593 813 667 866 Μ.
706 812 868 868 5995.
915 845 983 855 —
1032 814 1472 886 Ἰεροσολύμων
1506 821 1849 875 ἐπισκόπου
1898 822 2012 873 Σα-

424 907 719 960 λουστίου
757 907 894 971 ἔτος
929 915 980 961 α’
990 950 1003 963 .

496 1001 683 1072 Τούτῳ
741 1003 816 1073 τῷ
870 1003 979 1055 ἔτει
1027 1004 1314 1058 σπένδεται
1373 1006 1510 1074 πρὸς
1574 1008 1802 1077 Ἀρέθαν
1842 1008 2033 1081 (Qlio‘

389 1136 397 1142 .
440 1092 804 1154 Ἀναστάσιος,
832 1093 921 1146 τὸν
960 1095 1327 1165 Βαδιχαρίμου
1354 1098 1448 1150 καὶ
1494 1100 1722 1168 Ἀγάρου
1776 1101 2009 1170 πατέρα.
2046 1158 2049 1161 ,

424 1186 515 1239 τὸν
551 1186 649 1254 τῆς
700 1186 1021 1256 Θαλαόἀνης
1074 1187 1390 1258 λεγόμενον.
1434 1192 1525 1243 καὶ
1557 1192 1770 1244 λοιπὸν“
1796 1194 1945 1245 πᾶσα
1978 1194 2010 1261 ἠ

427 1278 757 1349 Παλαιστίνη
791 1283 885 1332 καὶ
936 1281 1164 1351 Ἀραϐία
1221 1283 1315 1335 καὶ
1351 1284 1567 1352 Φοινίκη
1601 1286 1801 1354 πολλῆς
1838 1286 2010 1354 γαλῆς

427 1386 521 1437 νης
551 1372 645 1422 καὶ
675 1371 896 1440 εἰρήνης
926 1371 1227 1440 ἀπήλαυον.
1267 1373 1355 1424 Ἐν
1381 1374 1784 1444 Νεοκαισαρεία
1815 1374 1925 1445 (92)
1953 1377 2009 1429 δὲ

430 1463 714 1530 μέλλοντος
744 1463 990 1531 γίνεσθαι
1024 1464 1302 1532 σεισμοῦμ
1326 1466 1667 1536 στρατιώτης
1697 1468 1896 1521 ὁδεύων
1930 1470 2006 1531 ὡς

424 1554 517 1605 δύο
555 1554 892 1623 στρατιώτας
944 1556 1243 1625 ἐπ’ίαὺτὴν
1274 1551 1414 1608 εἶδεν
1451 1557 1544 1610 καὶ
1585 1557 1809 1609 δπισθεν
1849 1558 2009 1610 ἄλλον

424 1645 723 1712 κράζοντα·
753 1645 1066 1708 Φινλὰξατε
1096 1645 1203 1698 τὸν
1224 1642 1411 1711 οἷκον,
1440 1648 1509 1699 ἑν
1536 1639 1637 1713 ᾧή
1674 1646 1828 1712 θήκη
1859 1650 2011 1715 Γρη-

423 1737 626 1804 γρρίου
670 1736 861 1789 ἐστίν.
905 1737 1199 1806 Γενομένου
1252 1738 1308 1790 δὲ
1361 1738 1571 1807 σειμοῦ,
1638 1739 1697 1791 τὸ
1754 1740 2007 1791 πλεῖστον

430 1828 593 1896 μέρος
613 1829 709 1899 τῆς
744 1829 953 1892 πόλεως
976 1829 1216 1900 ἐπτὼθη,
1237 1830 1375 1901 πλὴν
1400 1831 1491 1884 τοῦ
1521 1832 1566 1863 ⁸³
1597 1832 1780 1900 Ἀγίου
1794 1832 1839 1864 ⁸⁸
1864 1832 2005 1902 Γρη-

423 1922 628 1992 γορέου.
1030 1956 1047 1967 .

497 2016 559 2066 A.
596 2015 670 2068 M.
706 2014 865 2069 5996.
916 2043 989 2056 —
1020 2013 1207 2084 Τούτῳ
1249 2014 1325 2085 τῷ
1377 2015 1485 2069 ἔτει
1519 2017 1779 2085 Καὸἀδης
1828 2019 1855 2070 ὁ
1899 2017 2006 2069 τῶν

422 2106 651 2178 Περσῶν
713 2108 966 2177 βασιλεὺς
1002 2100 1113 2178 (95)
1172 2111 1431 2179 χρήματα
1492 2111 1690 2181 ἀπῄτει
1745 2111 2005 2164 ’Λναστάσ

423 2216 559 2254 σιον.
604 2200 664 2252 '0
683 2201 738 2253 δὲ
778 2200 1133 2264 Ἀναστάσιος
1160 2203 1228 2267 ’⁵,
1261 2206 1309 2255 εἰ
1356 2204 1455 2272 μὲν
1501 2203 1851 2256 δανείσασθαι
1884 2202 2006 2269 βού-

420 2293 582 2351 λοιτο.
615 2294 890 2365 ἔγγραφον
911 2292 1200 2364 ὁμολογίαν
1222 2296 1403 2365 ἔλεγεν
1432 2298 1678 2364 ποιῆσαι,
1703 2299 1750 2349 εἰ
1783 2297 1837 2361 δὲ
1864 2296 2006 2367 ἄλλῳ

418 2387 626 2456 τρόπῳ,
663 2387 735 2457 μὴ
768 2387 990 2441 διδόναι.
1035 2388 1199 2441 Ὅθεν
1216 2390 1680 2459 παρασπονδήσας
1708 2391 2006 2458 γενομένην

421 2480 556 2547 πρὸς
581 2480 861 2533 Θεοδόσιον
887 2480 975 2532 τὸν
1001 2481 1118 2533 νέον
1153 2480 1462 2551 ἔμπροσθεν
1499 2484 1742 2552 εἰρήνην,
1778 2483 2003 2552 ἐπέρχεο

421 2591 507 2625 ται
548 2572 685 2640 μετά
726 2571 963 2640 πλήθους
1021 2570 1215 2624 πολλοῦ
1271 2572 1542 2642 Περσικοῦ
1578 2591 1636 2625 τε
1692 2574 1782 2625 καὶ
1817 2574 2003 2625 ἐπεισ-

419 2665 607 2727 ἀκτου,
636 2664 899 2733 πρότερον
923 2664 1119 2733 μένεξς
1142 2665 1452 2733 Ἀρμενίαν,
1479 2667 1571 2719 καὶ
1591 2666 1857 2734 λαμϐάνει
1877 2667 2005 2725 Θεοτ-

419 2756 781 2819 δοσιούπολιν,
820 2755 1233 2827 Κωνσταντίνου
1264 2757 1552 2825 προδόντος
1591 2758 1778 2826 αὐτὴν,
1810 2757 2001 2825 ἀνδρὸς

421 2845 783 2913 συγκλητικοῦ
823 2863 879 2898 τε
938 2848 1034 2898 καὶ
1075 2845 1347 2913 ἰλλυρὲων
1402 2846 1665 2916 ἄρξαντος
1698 2847 1998 2915 τάγματος.

421 2932 549 2988 Εἶτα
585 2940 662 2998 εἰς
688 2937 1118 3006 Μεσοποταμίαν
1144 2936 1337 3001 ἐλθὼν,
1389 2938 1624 3006 Ἀμιδαν
1668 2939 1997 3009 ἐπολιόρκει,

431 3025 739 3093 Ῥωμαῖκοῦ
802 3025 1210 3095 στρατεύματος
1255 3024 1531 3092 ἀξιολόγου
1593 3026 1760 3095 μήπω
1797 3024 1843 3057 ⁸⁸
1891 3026 1998 3087 τοῖς

416 3120 601 3177 τόποις
654 3115 1035 3185 ἐνδημοῦντος,
1093 3114 1349 3169 ’Δλυπίου
1408 3117 1464 3168 δὲ
1529 3117 1691 3183 μόνου
1751 3115 2000 3185 βοήθειαν

419 3209 631 3278 ἔχοντος
664 3209 871 3277 ὀλίγην,
898 3207 1087 3275 ἀνδρὸς
1111 3207 1447 3277 πανταχόθεν
1470 3207 1751 3260 ἐπαινετοῦ
1786 3209 1879 3260 καὶ
1912 3225 1999 3275 φι-

416 3301 670 3368 λοσοφίας
696 3299 946 3369 ἐραστοῦ,
977 3300 1212 3368 μάλιστα
1266 3301 1365 3368 τὴν
1415 3300 1768 3369 ἐνδεχομένην
1798 3300 1841 3330 ⁸⁷
1871 3301 1997 3369 περί

416 3408 474 3443 τε
500 3394 598 3457 τὴν
648 3389 893 3459 φυλακὴν
941 3390 1051 3442 τῶν
1101 3390 1309 3443 πόλεων
1350 3391 1445 3443 καὶ
1488 3392 1557 3444 τὰ
1610 3392 1848 3443 ἀπόθετα
1893 3392 2001 3443 τῶν

413 3482 630 3551 τροςῶν
676 3482 995 3550 ἐπιμέλειαν
1045 3483 1392 3550 ποιουμένου.
1444 3483 1601 3554 ᾯκει
1658 3482 1715 3534 δὲ
1764 3482 1920 3543 ἐκτὸς
1956 3482 2002 3513 ⁸⁸

419 3575 857 3643 Κωνσταντίνηε,
895 3575 1153 3647 σταδξους
1172 3576 1219 3607 ⁹⁹
1248 3574 1323 3638 νζ¹
1351 3577 1491 3628 κατὰ
1506 3576 1657 3629 δύσιν
1682 3575 2003 3645 ἀφεστώσης

418 3666 648 3734 Νισίὃης
685 3668 723 3728 ¹,
763 3666 855 3718 καὶ
897 3666 1101 3734 Ἀμιδα
1154 3667 1282 3737 τρὸς
1322 3666 1546 3736 ἄρκτον,
1602 3667 1763 3721 Ἀλλά
1810 3669 2001 3738 χρόνου

417 3759 562 3821 τινὸς
603 3758 802 3828 μεταξὺ
837 3759 1149 3827 ῥεύσαντος,
1177 3761 1269 3812 καί
1291 3777 1452 3813 τινων
1486 3761 1728 3830 μερικῶν
1756 3762 2000 3830 συμπλο-

417 3852 531 3905 κὼν
569 3852 804 3921 Πέρσαις
846 3868 905 3903 τε
932 3851 1027 3904 καὶ
1066 3851 1362 3920 Ῥωμαίοις
1394 3854 1725 3921 γενομένων,
1766 3855 1889 3906 καθ’
1936 3854 2001 3917 ἃς

415 3944 545 3996 ποτέ
580 3944 678 4012 μὲν
697 3942 970 4005 ἐλάττους,
992 3942 1123 3995 ποτὲ
1150 3942 1205 3995 δέ
1230 3944 1680 4013 ἐπικρατέστεροι
1701 3944 1809 3997 τῶν
1836 3944 2004 3998 ἐθνῶν

416 4039 473 4088 ἐν
516 4035 793 4105 διαφόροις
830 4036 1122 4102 γεγόνασιν
1141 4036 1191 4088 ol.
1235 4035 1537 4105 Ῥωμαῖοιο
1579 4038 1731 4101 τέλος
1768 4037 2004 4107 ’Δμιδαν

414 4128 703 4197 προδίδωσί
735 4145 817 4188 τις
851 4128 871 4157 ²
914 4129 1026 4189 τοῖς
1088 4128 1346 4197 Πέρσαις,
1398 4128 1855 4203 πολιορκηθεῖσᾳν
1897 4131 1998 4205 μὲν

416 4221 557 4289 ὑπὲρ
584 4220 711 4282 τοὺς
739 4222 888 4289 τρεῖς
912 4218 1087 4287 μῆνας
1128 4222 1278 4290 παρά
1307 4220 1415 4273 τῶν
1460 4223 1480 4253 ³
1511 4222 1835 4292 Βαρόἀρων,
1865 4242 1997 4294 προ-

414 4309 663 4363 δοθεῖσαν
692 4309 746 4361 δέ
768 4308 984 4374 νύκτωρ
1032 4309 1089 4374 ἐξ
1120 4310 1237 4372 ἐνὸς
1285 4309 1394 4362 τῶν
1446 4311 1673 4381 πύργων
1698 4313 1803 4366 ὑπὸ
1838 4331 1999 4383 μονα-

2116 633 2327 688 sionem
2380 633 2431 686 in
2471 631 2746 705 Illyricum
2800 638 2855 683 et
2900 629 3194 684 Thraciam
3248 630 3517 697 fecerunt,
3563 649 3687 689 cum

2116 726 2359 781 nondum
2395 740 2586 779 eorum
2618 725 2769 778 natio
2798 723 3083 779 audiretur
3114 724 3181 779 de
3215 726 3456 781 nomine.

2186 822 2250 871 A.
2280 819 2338 872 C.
2375 817 2500 871 495.
2539 846 2607 857 --
2637 815 3127 887 Hierosolymorum
3160 818 3390 887 episcopi
3457 817 3688 875 Salustii

2115 926 2289 963 annus
2325 910 2550 976 primus.

2191 1000 2351 1073 124
2407 1001 2518 1055 Hoc
2572 1016 2716 1053 anno
2767 997 3100 1055 Anastasius
3133 1015 3258 1053 cum
3313 1001 3539 1062 Aretba,
3594 1002 3688 1071 qui

2068 1109 2084 1119 ’
2116 1091 2467 1145 Tbalabancs
2527 1090 2670 1145 filius
2735 1081 3029 1156 audiebat;
3069 1100 3121 1145 et
3175 1090 3541 1146 Badicbarimi
3592 1108 3690 1147 nce

2115 1200 2221 1237 non
2256 1184 2419 1253 Agari
2461 1194 2635 1253 pater,
2680 1181 2860 1235 foadus
2897 1182 3188 1251 percussit,
3223 1198 3285 1236 ac
3323 1182 3394 1235 ita
3428 1182 3691 1237 deinccos

2116 1276 2405 1345 Palarstiua
2471 1274 2675 1339 omnis,
2733 1273 2933 1326 Arabia
2982 1284 3035 1327 et
3084 1272 3367 1328 Phoenicia
3420 1273 3690 1341 profunda

2116 1366 2521 1435 tranquillitate
2600 1374 2654 1418 et
2722 1381 2866 1443 pace,
2909 1364 3255 1418 fruebantur.
3327 1365 3692 1418 Neoczesarem

2115 1475 2251 1514 vero
2314 1476 2438 1513 cum
2494 1470 2650 1511 terrae
2712 1467 2894 1511 motus
2942 1458 3168 1526 jamjam
3233 1466 3380 1511 esset
3452 1456 3686 1521 futurus,

2112 1554 2268 1608 miles
2309 1532 2533 1621 quidam
2586 1566 2749 1616 agens
2805 1551 2907 1603 iter
2959 1560 3215 1617 tauquam
3284 1550 3424 1607 duos
3488 1544 3690 1603 milites

2058 1632 2068 1639 ’
2113 1645 2320 1697 civitati
2373 1645 2521 1701 videt
2558 1642 2908 1695 imminentes
2960 1643 3240 1713 aliumque
3288 1657 3315 1693 a
3379 1653 3534 1709 tergo
3574 1642 3689 1695 cla-

2112 1746 2351 1789 mantem
2386 1753 2397 1786 :
2434 1734 2653 1789 Servate
2686 1736 2922 1790 domum.
2958 1734 3011 1784 in
3044 1750 3145 1802 qua
3186 1731 3423 1801 Gregorii
3456 1734 3686 1786 loculus.

2112 1828 2339 1896 Moxque
2376 1828 2631 1879 insecnto
2688 1833 2848 1878 terra:
2880 1824 3027 1876 motu
3082 1825 3234 1878 urbis
3286 1839 3413 1894 pars
3450 1806 3689 1894 plurima

2041 1904 2083 1957 Β
2112 1926 2343 1983 corruit,
2377 1930 2570 1989 praeter
2603 1918 2790 1972 Sancti
2820 1918 3060 1988 Gregorii
3104 1922 3388 1988 templum.

2178 2014 2243 2067 A.
2272 2013 2333 2067 C.
2355 2012 2561 2067 496.—
2584 2011 2695 2066 lloe
2714 2028 2858 2064 anno
2885 2011 3132 2064 Cabadcs
3155 2010 3444 2067 Persarum
3472 2026 3567 2065 rex
3596 2026 3691 2081 pc-

2108 2106 2301 2160 cunias
2324 2104 2573 2173 exigebat
2599 2103 2999 2157 abAnastasio.
3033 2104 3358 2157 Anastasius
3382 2104 3690 2156 cautionem

2109 2202 2349 2265 scribere
2379 2199 2564 2266 jussit,
2593 2199 2637 2250 si
2676 2198 2839 2250 modo
2870 2206 3116 2249 mutuum
3150 2201 3400 2266 accipere
3449 2198 3610 2251 vellet
3644 2216 3657 2252 :
3754 2220 3763 2229 κ

2110 2292 2316 2357 alioqui
2355 2307 2414 2345 se
2456 2284 2633 2343 nullas
2668 2291 2947 2367 daturum.
2990 2290 3062 2342 Ex
3086 2306 3195 2358 quo
3228 2291 3379 2361 pacis
3410 2289 3689 2359 quondam

2108 2402 2230 2440 cum
2262 2384 2812 2451 Theodosiojuuiore
2846 2385 3070 2440 firmata:
3100 2385 3318 2438 violatis
3353 2383 3676 2449 foederibus,

2107 2494 2231 2532 cum
2260 2491 2458 2545 magno
2498 2474 2788 2528 Persarum
2817 2484 2980 2544 atque
3028 2476 3379 2529 auxiliarium
3433 2478 3679 2531 evercitu

2107 2572 2340 2639 primum
2380 2570 2597 2638 quidem
2619 2568 2671 2621 in
2690 2567 3002 2621 Armeniam
3021 2568 3269 2637 irrumpit
3288 2568 3690 2622 etheodosio-

2106 2664 2294 2733 polim,
2325 2662 2695 2715 Constantino
2728 2661 2993 2715 senatorii
3035 2660 3248 2714 ordinis
3296 2662 3413 2714 viro
3448 2661 3691 2732 Illyrica-

2105 2770 2226 2808 rum
2285 2754 2567 2821 copiarum
2609 2752 2840 2806 ductore
2872 2768 2989 2805 eam
3022 2747 3312 2821 prodente,
3342 2754 3488 2823 cepit
3524 2771 3538 2807 :
3570 2764 3686 2808 tum

2103 2861 2235 2901 vero
2298 2853 2582 2914 penetrata
2633 2844 3053 2913 Mesopotamia,
3116 2844 3368 2900 Amidam
3442 2845 3687 2909 obsedit,

2103 2953 2227 2991 cum
2292 2953 2401 3016 non
2464 2938 2599 2992 satis
2654 2952 2950 2990 numeroso
3002 2937 3249 2990 exercitu
3307 2936 3463 2991 locus
3537 2944 3688 2991 esset

2103 3031 2370 3090 munitus;
2393 3030 2498 3082 imo
2518 3030 2668 3083 solus
2682 3029 2928 3098 Alypius,
2953 3028 3035 3080 vir
3056 3029 3257 3097 alioqui
3276 3028 3689 3085 Iaudatissimus

2102 3133 2152 3176 et
2182 3122 2540 3191 philosophiae
2573 3136 2783 3183 amans,
2813 3120 2904 3189 qui
2946 3118 3010 3173 ad
3036 3120 3251 3173 urbium
3298 3119 3690 3174 defensionem

2104 3229 2338 3266 annona:
2386 3206 2440 3266 et
2488 3224 2825 3266 commeatus
2858 3227 3043 3265 curam
3081 3211 3399 3266 conferebat
3448 3226 3688 3275 omnem,

2104 3322 2228 3359 cum
2250 3306 2444 3374 exigua
2464 3305 2761 3358 admodum
2789 3306 3027 3374 pra-sidii
3054 3320 3217 3358 manu
3243 3319 3362 3357 eam
3388 3312 3687 3359 tutaretur.

2101 3398 2397 3453 Habitabat
2426 3408 2605 3465 autem
2638 3398 2776 3451 baud
2824 3398 3013 3466 procul
3050 3413 3078 3450 a
3121 3397 3512 3458 Constantina.
3561 3412 3685 3467 qure

2099 3492 2312 3547 Nisibin
2366 3491 2433 3544 ad
2482 3500 2740 3544 occasum
2779 3506 2873 3544 sex
2921 3500 2974 3544 et
3014 3490 3416 3558 quinquaginta
3477 3489 3677 3544 stadiis

2103 3584 2443 3650 totidemque
2478 3583 2728 3635 Amidam
2767 3581 3199 3650 septentrionem
3246 3596 3440 3636 versus
3479 3581 3693 3636 distan-

2104 3685 2186 3729 tes
2211 3674 2394 3727 babct.
2429 3672 2628 3726 Verum
2655 3674 2923 3727 nonnullo
2952 3674 3214 3741 temporis
3244 3673 3423 3741 spatio
3465 3674 3686 3727 interim

2101 3766 2278 3834 lapso,
2324 3765 2670 3834 privatisque
2714 3766 3112 3819 certaminibus
3144 3765 3286 3828 inter
3328 3763 3530 3819 Persas
3582 3764 3691 3818 Hoc

2101 3873 2406 3925 manesque
2462 3859 2801 3923 commissis,
2838 3856 3045 3928 quibus
3118 3874 3515 3927 nonnunquam
3550 3856 3690 3912 infe-

2101 3953 2278 4005 riures
2312 3957 2366 4002 et
2405 3952 2700 4021 aliquando
2756 3953 3038 4022 gentilium
3092 3952 3330 4006 victores
3379 3965 3478 4019 pro
3530 3949 3683 4002 varia

2102 4042 2230 4096 belli
2272 4032 2492 4097 fortuna
2543 4053 2890 4098 recesserant
2932 4043 3188 4106 Romani.
3237 4042 3457 4096 tandem
3490 4041 3685 4096 Amida

2106 4145 2230 4203 post
2270 4138 2599 4191 trimestrem
2631 4136 2973 4191 obsidionem
3011 4135 3167 4205 125
3193 4150 3222 4189 a
3249 4134 3502 4188 Barbaris
3534 4132 3676 4187 bello

2106 4225 2351 4295 fatigata,
2408 4227 2478 4281 ab
2522 4228 2761 4281 turrium
2828 4241 2957 4291 una,
3015 4240 3178 4293 quam
3235 4222 3686 4295 pr0pugnandam

2108 4329 2469 4387 susceperant
2503 4318 2780 4380 monachi,
2820 4318 3109 4385 cujusdam
3141 4302 3473 4384 proditione,
3514 4324 3686 4368 noctu

416 4399 526 4469 χῶν
555 4397 957 4469 φυλαττομένου
1000 4402 1042 4465 δ,
1077 4399 1333 4470 κλίμαξιν
1372 4403 1392 4434 ⁵
1419 4401 1469 4453 οἱ
1500 4402 1751 4471 πολέμιοι
1787 4405 1995 4473 χρησά-
2031 4396 2073 4451 D
2102 4406 2156 4460 in

1933 4405 1995 4457 ἀ·
2031 4396 2073 4451 Ῐ)
2102 4406 2156 4460 in
2189 4409 2431 4462 hostium
2454 4410 2475 4481 (
2498 4411 2664 4466 scalis
2690 4418 2870 4463 autem
2900 4408 2967 4462 ad
2988 4410 3326 4463 invasionem
3354 4401 3681 4473 utebantur)

662 4498 681 4510 α
1697 4496 1935 4554 vanum.
1964 4499 2373 4558 LECTIONES.
3528 4502 3531 4505 ’

487 4566 531 4637 Ῥ
555 4565 849 4637 Βούλγαροι
884 4569 920 4621 A
959 4583 988 4621 e
1021 4569 1057 4629 Γ.
1088 4565 1419 4637 ὼυλγάρεις
1444 4568 1590 4637 νηιέ·

418 4636 539 4708 add.
586 4636 617 4708 ι)
650 4645 767 4703 post
787 4637 1108 4708 Γρηγορίου.

416 4704 711 4774 δεχομένην
734 4704 1159 4778 γυΙιζζπολὲμων
1183 4722 1253 4778 3.,

419 4777 562 4837 σιὸις
593 4780 735 4844 vulg.
786 4778 906 4841 ’τις
927 4777 1055 4831 add.
1079 4793 1144 4831 ex
1175 4777 1240 4829 Α.

416 4846 438 4879 ³
467 4846 722 4916 κλίμαξιν
750 4846 822 4919 οἱ]
869 4848 963 4901 καὶ
996 4846 1227 4918 μάζηνοι
1260 4847 1303 4900 A
1339 4864 1369 4903 e
1400 4846 1439 4901 f.

1338 4709 1384 4779 θ’
1406 4708 1561 4779 ἐκτὸς
1580 4710 1642 4779 Α.
1662 4709 1823 4770 αὐτὸς
1849 4712 1993 4779 vnlg,

2048 4764 2061 4772 .
2100 4714 2144 4744 "
2182 4714 2432 4774 σταδίους
2471 4714 2538 4780 A,
2574 4716 2809 4777 σταδίοις
2859 4718 3008 4783 vulg.

1332 4778 1353 4809 ³
1382 4777 1529 4855 παρά
1556 4776 1663 4830 τῶν
1693 4782 1758 4845 Λ,
1791 4782 1923 4850 παρ’
1942 4776 2286 4855 αὐτῶννιιιε.
2361 4785 2383 4816 ⁸
2410 4776 2813 4855 φυλαττομένου
2866 4787 2906 4839 A
2934 4776 3029 4846 εἴτ.
3070 4776 3491 4853 φυλαττομένων
3531 4779 3681 4850 vulg.

1689 4569 1737 4600 ⁸³
1755 4569 1900 4645 πλὴν
1940 4571 2045 4645 τοῦ
2074 4577 2115 4624 Λ
2143 4588 2172 4625 a
2194 4572 2245 4645 gf,
2280 4574 2418 4643 πλὴν
2447 4574 2541 4641 to;
2569 4575 2698 4628 ναοῦ
2725 4574 2818 4628 τοῦ
2850 4574 2998 4645 vnlg.
3072 4573 3121 4607 ”
3141 4574 3234 4627 τοῦ
3266 4568 3683 4645 θαυματουργοῦ

1187 4636 1233 4667 u
1278 4636 1624 4714 “laxbioy
1656 4638 1720 4714 Α,
1755 4636 2077 4714 Ἀθανάσιον
2118 4643 2264 4714 vulg.

3137 4646 3181 4676 "
3213 4639 3595 4712 ἐνδεχομένηνᾼ
3610 4639 3682 4712 Α,

2379 4646 2425 4676 ⁸⁸
2458 4646 2626 4715 μήπω
2674 4649 2783 4709 τοῖς
2833 4662 2943 4700 om.
2973 4646 3037 4699 A.
3137 4646 3181 4676 "
3213 4646 3569 4712 ἐνδεχομένην
3616 4646 3682 4702 Α,

2379 4733 2432 4774 ας
2471 4716 2538 4780 A,
2574 4716 2809 4777 σταδίοις
2859 4718 3008 4781 vulg.
3109 4714 3383 4781 ¹Νισίὸτις
3421 4712 3464 4768 Α
3496 4727 3548 4775 a,
3577 4708 3683 4781 Ni-

1771 4938 1913 4996 JAG.
1949 4940 2161 4997 GOARI
2210 4944 2440 5001 NOTAE.

492 5032 603 5101 (90)
638 5031 680 5085 Α
735 5032 900 5104 Volgo
940 5032 1195 5105 Scythico
1230 5033 1518 5105 ﬂuviohex
1570 5048 1679 5103 quo
1726 5044 1779 5089 et
1816 5037 1993 5103 patrie

428 5107 545 5160 solo
590 5102 920 5172 irruptiones
971 5102 1028 5157 in
1078 5104 1364 5172 imperimn
1426 5102 1733 5158 Romanum
1796 5102 1990 5161 fecere.

429 5176 699 5242 Augerius
727 5173 1070 5244 Busbequius
1102 5176 1156 5227 in
1188 5174 1508 5240 ltiuerario,
1551 5172 1791 5230 Ortelius
1834 5174 1994 5229 Vola-

429 5254 700 5298 terrauus.

492 5315 603 5383 (9|)
641 5312 1041 5368 Saracenorum
1074 5312 1350 5383 principes
1376 5312 1547 5367 Arene
1568 5314 1812 5383 nomine,
1845 5315 1991 5369 velut

418 5382 799 5454 Egyptiorum
822 5382 1115 5444 Ptolemaei.
1137 5382 1427 5454 insignitus
1450 5393 1683 5438 testatur
1717 5382 1981 5454 Scaliger,

416 5453 494 5506 De
527 5452 729 5507 emend.
769 5463 922 5522 temp.
958 5456 1071 5509 -lib.
1104 5470 1162 5508 ιι.
1223 5452 1298 5507 De
1350 5452 1679 5507 Ammonitis
1710 5452 1985 5509 Arabibus

420 5525 774 5594 alitersenlit
802 5525 1076 5578 Abraham
1117 5522 1506 5586 Eccbelleusis,
1559 5539 1680 5593 pag.
1720 5525 1839 5588 115,
1876 5541 1983 5594 qua

419 5609 541 5647 cum
591 5592 885 5647 Tbalabaln
936 5603 1218 5654 memoret.
1268 5595 1567 5661 principem
1620 5592 1977 5648 Arellium—ex

417 5664 540 5731 ejus
567 5665 713 5717 tribu
740 5675 919 5718 ortqu
958 5664 1116 5718 facile
1151 5665 1452 5732 putaverim
1479 5679 1493 5727 ;
1531 5666 1775 5733 adeoque
1808 5681 1913 5717 non
1948 5680 1977 5718 a

420 5744 593 5787 matre
625 5734 719 5788 sed
751 5750 779 5787 ιι
813 5735 958 5788 tribu
1008 5735 1213 5787 dictum
1245 5734 1639 5796 Tbalabancm,
1694 5735 1784 5801 qui
1814 5735 1978 5788 Badi-

416 5804 647 5859 cbarimi
700 5805 866 5869 tilias,
929 5804 1092 5876 Agari
1149 5814 1323 5874 pater,
1360 5802 1766 5861 'l'balabitarum
1818 5808 1980 5860 fuerit

2107 5041 2453 5095 eontribulis.

2174 5111 2284 5179 (92)
2325 5111 2447 5165 Haec
2481 5124 2616 5180 pcne
2647 5111 2814 5165 verbo
2845 5120 3003 5163 tenus
3030 5107 3355 5170 Theodorus
3379 5106 3575 5162 Lector
3608 5105 3677 5161 ad

2100 5181 2196 5234 lib.
2230 5197 2265 5234 ll
2299 5184 2523 5235 (lollect.
2568 5183 2755 5234 linem.

2172 5252 2281 5321 (95)
2313 5252 2596 5315 Amidam,
2636 5259 2792 5319 capta
2845 5247 3311 5321 'l‘beodosiopoli.
3377 5263 3407 5300 a
3460 5246 3679 5321 Cabade

2096 5318 2378 5375 obSessam
2432 5330 2487 5375 et
2531 5318 2739 5389 captam
2767 5361 2781 5380 ,
2828 5335 2891 5371 ex
2944 5318 3165 5389 Evagrii
3196 5318 3287 5371 lib.
3320 5333 3403 5389 ιιι,
3447 5332 3569 5385 cap.
3607 5318 3677 5389 38

2095 5392 2346 5445 scribunt
2390 5388 2734 5458 chronologi.
2767 5391 2983 5441 Annum
3020 5388 3085 5442 ex
3131 5388 3419 5458 Eustalbio
3470 5388 3678 5458 notavit

2095 5461 2361 5531 Evagrius
2406 5455 2685 5514 Anastasii
2735 5460 3144 5520 duodecimum,
3193 5457 3286 5531 qui
3316 5455 3671 5531 Tbeopbanis

2093 5547 2121 5583 ιι
2161 5526 2468 5600 scptembri
2521 5532 2858 5585 numerantis
2891 5531 3103 5583 decimo
3144 5530 3307 5600 tertio
3362 5526 3673 5600 coincidere

2092 5595 2293 5670 petes}.
2329 5598 2555 5671 Reliqua
2595 5601 2941 5671 Marcellinus
2982 5614 3181 5671 comes
3214 5596 3491 5671 Anastasii
3524 5595 3671 5671 cius-

2091 5663 2211 5723 ilcm
2243 5686 2387 5723 anno
2408 5663 2752 5733 duodecimo,
2796 5670 3119 5737 Praecpius,
3152 5668 3224 5721 De
3265 5665 3399 5720 bello
3429 5663 3667 5729 Persico,

2093 5743 2186 5797 lib.
2218 5759 2254 5805 ι,
2293 5743 2540 5797 nonnihil
2570 5742 2788 5811 attingit
2816 5740 3139 5795 Theodorus
3174 5738 3369 5793 Lector
3399 5738 3495 5791 lib.
3527 5750 3593 5790 ιι.
