4432 6434
698 394 802 459 367

2100 388 2591 450 THEOPHANIS

3860 387 3968 450 368

705 524 832 565 eum
883 502 1130 577 scripsit.
1168 500 1520 575 Perpendens
1546 515 1711 572 porro
1736 501 2062 557 Anastasius
2102 502 2281 557 Mace-
2311 508 2357 564 Α
2389 500 2455 571 μά

2216 517 2281 557 :e-
2311 508 2357 564 Α
2389 500 2662 571 μάρτυρες
2697 514 2788 552 και
2840 493 3147 565 κατήγοροι
3193 496 3361 564 ὄντες,
3401 496 3614 551 ἀπόντα
3644 497 3966 570 καθαιροῦσι

701 600 931 658 doninm
981 597 1184 653 indicta
1215 610 1378 650 causa
1412 595 1630 649 nullave
1675 593 2037 664 depositionis
2069 595 2121 648 in
2152 611 2277 649 eum

704 695 811 747 lata
843 689 1112 747 sententia
1154 689 1209 741 in
1240 687 1492 741 exsilium
1526 686 1783 754 ejectum,
1812 686 1983 741 misso
2018 686 2281 756 magistro

703 787 845 841 diem
896 785 944 839 ei
979 783 1117 837 dixit
1163 782 1302 835 ultra
1338 777 1741 848 Claudiopolim
1790 776 2120 832 llouoriadis
2155 792 2281 845 pro-

702 883 917 935 vincite.
949 879 1004 933 In
1036 893 1159 933 eum
1201 892 1330 931 vero
1362 875 1603 945 judices,
1639 882 1808 928 testes
1840 882 1895 926 et
1928 881 2281 929 accusatores

704 974 943 1029 instituti
976 970 1451 1042 tleporlatumjam
1479 974 1606 1021 ante
1629 966 1893 1036 judicium
1919 975 1972 1020 et
1999 966 2279 1021 absentem

705 1067 951 1120 muneris
993 1064 1349 1133 abrogatione
1398 1060 1663 1115 damnant
1694 1068 1746 1112 et
1780 1073 1875 1126 per
1913 1058 2204 1128 episcopos
2230 1069 2285 1113 et

706 1158 1086 1229 presbyterum
1152 1153 1484 1224 Cyzicenum
1532 1149 1893 1219 depositionis
1952 1150 2281 1205 sententiam

706 1252 950 1305 mittunt.
1018 1241 1177 1319 134
1222 1249 1368 1313 Quos
1421 1246 1515 1300 ubi
1563 1245 1852 1314 conspexit
1906 1244 2281 1312 Macedonius,

703 1344 870 1398 etiam
918 1352 1045 1394 ante
1108 1338 1381 1394 sermonis
1422 1337 1707 1391 exordium
1765 1337 2107 1407 interrogat,
2151 1353 2281 1392 num

702 1433 1204 1490 Chalcedonensetn
1231 1430 1497 1499 synodum
1525 1428 1855 1481 admittunt?
1882 1426 2285 1497 Respondenti-

703 1530 808 1583 bus
837 1528 943 1581 illis
977 1543 991 1580 :
1031 1524 1107 1578 Tu
1145 1523 1261 1593 quis
1300 1537 1352 1574 es
1388 1520 1577 1575 ?dixit
1633 1520 1791 1588 ipse:
1831 1518 2146 1574 Sabbatiani
2192 1528 2287 1572 aut

706 1613 1100 1676 Macedoniaui,
1147 1612 1192 1663 si
1249 1609 1379 1664 mihi
1430 1608 1773 1677 depositionis
1822 1608 2107 1677 deferrent,
2164 1626 2285 1663 sen-

705 1708 925 1760 tentiam
988 1720 1068 1758 me
1114 1703 1396 1756 admittere
1445 1707 1728 1767 oporteret.
1766 1698 1829 1753 Et
1882 1699 1954 1753 ita
1990 1715 2049 1753 re
2085 1698 2285 1754 infecta

704 1800 906 1854 reversi
949 1806 1117 1852 sunt:
1170 1799 1285 1865 ipse
1316 1808 1445 1848 vero
1485 1792 1810 1846 Eucliailam
1855 1792 2134 1861 profectus
2179 1801 2285 1847 est.

2381 594 2473 645 τὸν
2503 590 2836 661 ἐκϐληθέντα
2859 588 2966 660 πρὸ
3000 580 3260 657 κρίσεως,
3279 592 3373 644 καὶ
3401 590 3468 643 δι’
3483 592 3800 645 ἐπισκόπων
3828 592 3970 663 πέμ-

2383 702 2544 738 πουσι
2578 684 2675 754 τὴν
2703 682 3024 753 καθαίρεσιν
3064 684 3159 734 καὶ
3204 682 3580 754 πρεσϐυτέρου
3628 682 3967 754 Κυζικηνοῦ.

2384 776 2618 841 Τούτους
2649 778 2695 809 ⁸⁸
2728 775 2851 829 ίδὼν
2900 773 3257 840 Μακεδόνιος,
3314 776 3444 845 πρὶν
3475 777 3674 839 αὐτοὺς
3714 775 3968 847 λαλῆᾶαι,

2382 866 2591 938 ἠρώτα,
2648 870 2697 920 εί
2746 867 2991 937 δέχονται
3020 867 3068 899 ⁴⁸
3098 868 3199 938 τὴν
3252 870 3310 921 ὲν
3346 869 3653 939 Χαλκηδόνι
3713 872 3969 925 σύνοδον⁸

2384 956 2491 1009 τῶν
2519 956 2575 1009 δὲ
2606 956 2866 1009 εἰπόντων
2890 972 2903 986 ·
2943 957 3038 1022 Τίς
3070 956 3117 986 ⁸⁸
3147 958 3255 1025 γὰρ
3282 953 3338 1010 εἷ
3355 974 3374 1021 ;
3408 958 3527 1011 τότε
3554 959 3596 990 ⁸⁷
3638 960 3800 1023 αὐτὸς
3824 960 3926 1031 ἔφη
3952 973 3967 987 ⁸

2386 1048 2775 1103 Σαϐϐατιανοὶ
2805 1047 2842 1113 ἢ
2885 1048 3345 1115 Μακεδονιανοὶ,
3377 1052 3430 1104 εὶ
3469 1051 3688 1120 ἔφερόν
3709 1070 3811 1120 μοι
3842 1055 3975 1106 καθ·

2385 1141 2640 1209 αἰρεσιν,
2676 1140 2798 1194 ἔδει
2840 1159 2918 1212 με
2946 1143 3259 1207 δέξασθαι.
3294 1144 3399 1197 Καὶ
3427 1144 3599 1207 οὓτως
3627 1146 3973 1217 ὑπέστρεψαν

2386 1235 2656 1304 ἄπρακτοι
2675 1250 2687 1262 ·
2717 1234 2812 1289 καὶ
2852 1235 3015 1298 αὐτὸς
3036 1236 3305 1289 κατέλαϐε
3335 1236 3435 1307 τὴν
3472 1239 3739 1308 Εὐχαῖταν
3760 1241 3806 1271 ⁸⁸
3838 1240 3972 1310 (58).

2387 1326 2520 1379 Τότε
2551 1328 2643 1379 καὶ
2666 1327 2964 1381 Φλαϐιανὸν
3001 1329 3306 1382 ἐσπούδασε
3338 1330 3453 1399 (59)
3500 1330 3592 1383 τοῦ
3626 1331 3819 1402 θρόνου
3856 1332 3977 1387 Ἀν-

2386 1418 2622 1486 τιοχείας
2669 1418 2921 1472 ἐκϐαλεῖν
2954 1420 2983 1471 6
3017 1420 3334 1487 παράνομος
3372 1420 3648 1489 βασιλεὺς,
3686 1425 3780 1475 καὶ
3812 1422 3980 1494 Σευῆ-

2391 1527 2482 1579 ρον
2517 1510 2607 1562 τὸν
2647 1512 2900 1582 προφανῆ
2950 1511 3046 1580 τῆς
3085 1510 3344 1581 ἀληθείας
3376 1511 3570 1584 ἐχθρὸν
3603 1515 3975 1582 ἀντεισάγειν.

2400 1602 2691 1655 Ἐπέθεντο
2714 1603 2770 1657 δὲ
2800 1603 3239 1674 κατηγοροῦντες
3271 1605 3433 1659 αὑτὸν
3457 1607 3539 1659 ὅτι
3560 1608 3786 1675 στόματι
3819 1609 3979 1677 μόνον

2388 1694 2486 1765 τὴν
2519 1694 2734 1748 σύνοδον
2764 1696 3174 1766 ἀνεθεμάτισεν,
3197 1698 3291 1750 καὶ
3318 1698 3378 1751 οὐ
3408 1699 3625 1770 καρδίᾳ.
3658 1701 3858 1753 Λοιπὸν
3885 1702 3980 1753 καὶ

2393 1786 2841 1841 συνεϐουλεύοντο
2872 1790 2920 1841 οῖ
2967 1788 3315 1859 πεμφθέντες
3370 1791 3631 1859 ἄρχοντες
3677 1791 3825 1861 παρὰ
3886 1791 3978 1844 τοῦ

703 1888 906 1943 Eadem
958 1859 1554 1957 quoque-tempestate
1600 1859 1920 1936 Flavianum
1978 1883 2287 1937 Antiochia:
2322 1859 2362 1914 Β
2396 1877 2453 1948 βα

2227 1886 2287 1937 ia:
2322 1859 2362 1914 Β
2396 1877 2661 1948 βασιλέως
2699 1879 2794 1933 τοῦ
2820 1878 3049 1945 ὲξεῶσαι
3087 1882 3270 1946 αὑτὸν,
3308 1883 3401 1935 καὶ
3422 1882 3605 1951 ὀλίγον
3626 1859 3977 1954 ὑποχωρῆσαι

704 1982 904 2035 throno
933 1979 1173 2049 dejicere
1226 1977 1455 2031 tentavit
1493 1974 1715 2044 iniquus
1770 1974 2092 2041 imperator,
2147 1988 2199 2032 et
2230 1978 2284 2032 in

703 2072 825 2139 ejus
854 2072 1036 2124 locum
1088 2068 1349 2121 Severum
1385 2076 1631 2134 apertum
1668 2064 1915 2119 veritatis
1950 2066 2162 2120 hostem
2203 2068 2287 2121 in-

704 2163 944 2217 trudere.
980 2159 1095 2214 Hoc
1124 2174 1290 2213 unmn
1319 2156 1716 2213 insimulabant
1735 2168 2110 2223 accusatores,
2138 2159 2283 2229 quod

703 2273 800 2311 ore
839 2254 977 2319 solo,
1026 2267 1135 2307 non
1166 2251 1351 2306 cordis
1399 2264 1565 2304 sensu
1598 2250 1887 2304 anathema
1924 2250 1977 2303 in
2016 2251 2286 2320 synodum

708 2347 1148 2419 pronuntiasset.
1187 2342 1491 2399 Consilium
1541 2342 1774 2396 subinde
1834 2342 2040 2396 dabant
2079 2345 2172 2413 qui
2220 2344 2289 2398 ad

705 2458 831 2495 eum
866 2435 1247 2508 expellendum
1275 2436 1343 2488 ab
1372 2435 1705 2503 imperatore
1723 2433 1876 2486 missi
1919 2432 2137 2488 fuerant
2175 2449 2288 2487 ma-

709 2535 990 2602 gistratus,
1036 2537 1096 2583 ut
1123 2528 1194 2582 ob
1232 2538 1423 2582 enatos
1465 2526 1736 2580 tumultus
1768 2527 1834 2579 ad
1870 2525 2036 2580 breve
2076 2535 2292 2595 tempus

707 2626 1009 2679 secederet.
1044 2621 1341 2690 llloitaque
1373 2618 1439 2673 ad
1472 2618 1736 2674 Platanos
1761 2618 2031 2688 profecto,
2063 2618 2291 2687 impium

710 2720 972 2773 Severum
1022 2716 1080 2769 in
1116 2713 1599 2769 sebismaticorum
1646 2713 1980 2765 monasterio
2021 2712 2085 2764 ad
2133 2708 2291 2766 Gazae

711 2808 1005 2876 Majumani
1047 2804 1203 2875 prius
1241 2803 1570 2857 monachum
1604 2808 1852 2869 agentem
1882 2800 2173 2855 confestim
2203 2816 2294 2855 or—

711 2901 1044 2954 dinaverunt
1091 2897 1458 2966 episc0pnm:
1529 2891 1853 2947 Flavianum
1916 2909 2047 2948 vero
2107 2894 2297 2950 Petras

712 2993 877 3049 simul
912 3006 1037 3045 cum
1069 2990 1195 3045 aliis
1237 2987 1487 3059 pluribus
1516 2986 1815 3057 episcopis,
1854 2986 2072 3042 clericis
2100 3000 2153 3042 et
2178 3004 2301 3041 mo-

2394 1971 2483 2025 διὰ
2507 1973 2598 2025 τὸν
2625 1973 2886 2044 τάραχον.
2911 1974 3115 2028 Τούτου
3133 1975 3188 2029 δὲ
3211 1978 3290 2038 εἰς
3318 1976 3626 2039 Πλατάνους
3654 1975 3979 2041 ἐξελθόντος,

2394 2066 2596 2129 εὐθέως
2645 2067 2736 2119 τὸν
2770 2068 3004 2139 δυσσεϐῆ
3056 2069 3293 2140 Σευῆρον
3326 2069 3741 2141 ἐχειροτόνησαν
3774 2088 3981 2141 προμο-

2395 2160 2631 2213 νάσαντα
2680 2160 2739 2212 ὲν
2765 2162 2829 2230 τῇ
2874 2164 3008 2231 μονῇ
3058 2160 3165 2213 τῶν
3218 2161 3568 2230 ἀποσχιστῶν
3616 2161 3842 2232 πλησίον
3888 2162 3983 2216 τοῦ

2394 2254 2656 2323 Μαῖουμᾶ
2682 2251 3193 2320 Γάζης.Φλ.αϐιανὸν
3220 2253 3274 2306 δὲ
3303 2257 3361 2307 ἐν
3396 2255 3628 2324 Πέτραις
3654 2255 3765 2325 (40)
3792 2255 3983 2327 ἐξώρι-

2399 2363 2520 2410 σαν,
2580 2346 2676 2398 καὶ
2734 2346 2929 2408 ἄλλους
2986 2347 3218 2411 πολλοὺς
3286 2348 3621 2411 ἐπισκόπους
3679 2349 3986 2420 σιδηρωμέ-

2398 2455 2519 2500 νου;
2538 2437 2582 2470 ⁸⁸
2609 2439 2722 2508 (Μ)
2748 2439 2844 2492 καὶ
2876 2439 3176 2512 κληρικοὺς
3210 2442 3306 2494 καὶ
3339 2442 3627 2513 μοναχούς.
3661 2444 3847 2508 Ἠλίας
3876 2445 3930 2497 δὲ
3958 2446 3986 2495 6

2410 2529 2801 2602 Ἱεροσολύμων
2838 2533 3283 2616 ἀναγκρζόμενος
3315 2535 3416 2588 ὑπὸ
3444 2536 3537 2589 τοῦ
3590 2537 3853 2605 βασιλέως
3879 2538 3911 2607 ῆ
3939 2538 3985 2569 ⁸⁸

2406 2624 2630 2695 Σευήρῳ
2684 2628 3033 2696 κοινωνῆσαι,
3075 2627 3241 2698 ἢτῆς
3272 2629 3580 2699 ἐπισκοπῆς
3632 2630 3982 2700 ἐκϐληθῆναι,

2401 2714 2507 2767 τῶν
2546 2718 2797 2787 μοναχῶν
2854 2720 3249 2790 όχυρωσάντων
3302 2721 3486 2785 αὐτὸν,
3536 2725 3632 2791 τῆς
3684 2724 3990 2794 ἐπισκοπῆς

2403 2810 2603 2878 μᾶλλον
2665 2811 2959 2882 ᾑρετίσατο
3026 2812 3396 2885 ἐκϐληθῆναι,
3452 2815 3544 2868 καὶ
3611 2817 3990 2887 ἐχειροτονήθη

2409 2902 2661 2973 Ἰωάννης
2685 2906 2795 2959 dat-‘1
2818 2908 3277 2977 σταυροιρυλάκων
3304 2909 3440 2975 (ΛΞ),
3462 2908 3787 2977 συνθέμενος
3808 2912 3989 2961 ποιεῖν

2399 2994 2497 3047 ὅσα
2558 2995 2790 3052 θέλουσι.
2843 2997 3262 3068 Χειροτονηθεὶς
3312 2998 3369 3051 δὲ
3417 2999 3526 3053 οὐδ’
3566 3000 3753 3069 ἕτερον
3807 3000 3995 3070 ἐποίη-

714 3086 906 3140 uacliis
956 3084 1107 3137 ferro
1158 3081 1376 3137 onustis
1433 3081 1839 3150 relegavcrunt.
1886 3080 2034 3134 Elias
2079 3081 2296 3135 demum
2327 3074 2368 3130 C
2404 3103 2517 3142 σεν.

712 3175 1244 3247 Hierosolymitanus
1273 3185 1366 3227 aut
1410 3188 1533 3227 eum
1582 3172 1784 3227 Severo
1828 3175 2274 3231 communionem
2319 3194 2531 3249 gerere,
2602 3192 2697 3237 aut
2728 3183 2962 3239 abdicati
3021 3184 3372 3254 episc0patus
3436 3184 3657 3239 multam
3722 3187 3994 3241 sustinere

712 3287 810 3342 per
840 3269 948 3322 vim
986 3268 1056 3321 ab
1098 3267 1436 3335 imperatore
1478 3264 1821 3332 compulsus,
1871 3264 2157 3319 monachis
2222 3266 2341 3336 ejus
2416 3270 2660 3326 animum
2703 3274 3145 3338 obllrmautibus,
3195 3275 3516 3344 episcopatu
3566 3276 3746 3345 potius
3799 3278 3991 3347 depelli

713 3362 875 3430 elegit
905 3376 918 3411 ε
947 3358 1000 3413 in
1036 3357 1195 3426 cujus
1229 3356 1406 3409 locum
1439 3353 1701 3409 sull‘ectus
1726 3363 1809 3409 est
1843 3354 2063 3423 quidam
2106 3354 2350 3415 Joannes
2389 3376 2419 3414 e
2475 3373 2680 3418 sanctae
2729 3366 2911 3421 crucis
2957 3366 3278 3421 custodibus
3320 3383 3483 3431 unus,
3550 3367 3644 3437 qui
3699 3370 3883 3424 omnia
3928 3368 3994 3422 all

716 3458 934 3511 illorum
995 3450 1286 3505 arbitrium
1338 3464 1405 3504 se
1454 3448 1729 3503 facturum
1797 3449 2076 3519 pollicitus
2127 3458 2211 3506 est
2270 3454 2469 3524 :quod
2508 3466 2660 3513 certe
2707 3469 2977 3529 occupata
3016 3468 3141 3530 post
3198 3459 3600 3515 ordinationem
3667 3460 3798 3516 sede
3866 3477 3996 3524 nus-

716 3563 881 3619 quam
919 3547 1190 3617 praestitit.

788 3644 853 3694 A.
884 3640 948 3695 C.
1007 3636 1133 3692 505.
1163 3667 1234 3681 --
1265 3634 1489 3706 Cpoleos
1538 3637 1766 3707 episcopi
1812 3637 2071 3691 Timothei
2128 3653 2304 3693 annus

720 3737 947 3805 primus.

796 3827 1292 3898 Hierosolymorum
1328 3823 1558 3880 Joannis
1590 3840 1759 3878 annus
1792 3824 2019 3893 primus.

795 3921 1087 3977 Antiochia:
1117 3918 1295 3973 Severi
1336 3934 1509 3971 emus
1542 3919 1768 3986 primus.

796 4012 913 4068 Hoc
978 4026 1123 4067 anno
1180 4009 1509 4063 Vitalianum
1567 4006 1846 4061 Patricioli
1892 4004 2308 4061 Foederatorum

724 4104 943 4159 comitis
992 4102 1165 4157 lilium
1241 4099 1480 4170 Scythia:
1539 4096 1833 4169 Mysiaque
1880 4105 2311 4165 caeterarumque

730 4198 1015 4266 regionum
1048 4195 1249 4249 incola:
1290 4192 1358 4246 ad
1398 4207 1549 4245 arma
1585 4192 1850 4246 adversus
1891 4190 2116 4261 impium
2163 4188 2308 4244 Ana-

726 4289 959 4343 stasium
1010 4285 1278 4342 sumenda
1325 4284 1699 4339 concitabant.
1753 4280 1803 4337 ls
1852 4283 1924 4335 ita
1976 4289 2309 4351 provocatus

2485 3641 2549 3692 A.
2580 3640 2654 3693 M.
2684 3636 2845 3693 6005.
2864 3640 3643 3705 -Κωνσταντινουπόλεως
3662 3638 3996 3696 ἐπισκόπου

2422 3734 2701 3804 Τιμοθέου
2730 3734 2867 3800 ἔτος
2891 3733 2964 3787 α’.

2496 3828 2924 3898 Ἱεροσολύμων
2955 3828 3235 3883 Ἰωάννου
3260 3830 3395 3897 ἔτος
3424 3831 3496 3887 α’.

2500 3922 2851 3990 Ἀντιοχείας
2879 3923 3145 3991 Σευήρου
3170 3924 3305 3988 ἔτος
3341 3931 3414 3978 α’.

2489 4012 2677 4083 Τούτῳ
2709 4011 2786 4083 τῷ
2818 4011 2927 4064 ἔτει
2958 4011 3271 4065 Βιταλιανὺν
3298 4012 3389 4065 τὸν
3418 4012 3530 4066 υἱὸν
3563 4014 3675 4083 (45)
3708 4016 4000 4086 Πιτρικιό-

2418 4103 2511 4156 λου
2547 4104 2785 4174 κόμητος
2840 4104 3177 4174 Φοιδεράτων
3209 4103 3322 4173 (Η)
3347 4106 3395 4156 oi
3453 4106 3511 4158 ὲν
3537 4106 3738 4178 Σκυθίᾳ
3762 4110 3854 4160 καὶ
3880 4109 3999 4161 Μυ-

2422 4194 2513 4265 σίᾳ
2548 4196 2641 4248 καὶ
2670 4195 2884 4257 λοιπαῖς
2912 4193 3119 4264 χώραις
3152 4193 3422 4263 όρθόδοξοι
3454 4197 3801 4266 παρεκάλουν
3846 4214 4000 4265 κινηο

2419 4284 2579 4353 θῆναι
2600 4286 2743 4337 κατὰ
2758 4284 3112 4337 Ἀναστασίου
3136 4285 3229 4338 τοῦ
3246 4286 3556 4349 δυσσεϐοῦς.
3586 4287 3642 4339 '0
3665 4287 3717 4339 δὲ
3739 4287 3996 4357 κινηθεὶς,

732 4382 998 4435 inﬁnitam
1053 4392 1282 4449 prorsus
1326 4378 1699 4441 exercituum,
1735 4375 1828 4445 qui
1871 4375 1974 4430 sub
2020 4375 2315 4430 Anastasio
2342 4383 2395 4443 1)
2423 4393 2482 4428 πι

2253 4375 2315 4428 ιὶο
2342 4383 2395 4443 D
2423 4376 2625 4439 πολλὰς
2674 4376 2940 4447 μυριάδας
2987 4378 3195 4432 ἀνεῖλεν
3244 4378 3474 4449 στρατοῦ
3510 4379 3617 4432 τῶν
3668 4380 3807 4449 ὑπὲρ
3850 4379 4003 4430 Ἀνα-

2009 4506 2246 4563 νΑιιιιΕ
2299 4508 2704 4569 LECTIONES.

807 4613 851 4644 “
877 4606 1122 4680 τούτους]
1155 4606 1249 4670 οὒς
1278 4605 1318 4680 f.
1394 4604 1441 4680 ξ’
1479 4603 1725 4680 δέχονται
1754 4600 1820 4663 Α,
1845 4599 2285 4680 δέχωνται-ξιιμ.

2362 4601 2407 4633 ⁵⁸
2425 4604 2516 4676 ,τίς
2542 4606 2604 4667 Α,
2638 4606 2691 4658 τί
2732 4606 2876 4675 vnlg.
2896 4605 2940 4636 ⁸⁷
2972 4603 3116 4676 τότε]
3142 4605 3333 4659 τούτου
3354 4604 3418 4658 Α.

3497 4605 3543 4636 ⁸⁸
3572 4607 3644 4659 τὰ
3669 4605 3907 4677 Εύχάῖτα
3947 4607 4001 4669 b.

731 4685 829 4755 τὴν
864 4670 1134 4751 noxam;
1165 4679 1231 4731 A.
1307 4675 1352 4708 “
1395 4675 1520 4729 fort.
1540 4670 2040 4743 σεσιδηρωμένσυς.
2116 4670 2161 4702 ³⁸
2193 4670 2381 4741 ﬂante
2420 4675 2645 4746 Σευήρῳ
2676 4676 2802 4730 add.
2828 4670 2902 4730 ex
2924 4676 2979 4731 b.

2030 4762 2175 4818 JAC.
2206 4763 2341 4819 (ἓοΑ
2353 4764 2420 4820 ιιι
2473 4766 2712 4822 NOTE.

805 4868 918 4938 (38)
948 4866 1089 4920 Alibi
1139 4863 1210 4915 τὰ
1257 4861 1537 4938 Εὐχάῖτα,
1596 4857 1860 4938 [λίιιιγιιίιο
1903 4856 2125 4938 urbem;
2163 4855 2316 4938 prius

735 4923 1143 5008 lle‘leu'opnlim,
1176 4949 1238 4986 ac
1276 4923 1551 5002 quondam
1604 4923 1949 5008 Drepauuﬂm,
1983 4923 2313 5005 ex.0rtelio.

810 5010 922 5081 (39)
949 4998 1066 5081 Sub
1100 4998 1148 5059 id
1173 4998 1420 5081 tempus,
1463 5016 1570 5055 nnn
1614 5002 1803 5081 eodem
1850 4998 2106 5081 fortassis
2149 5010 2313 5081 anno,

735 5067 859 5150 qua:
891 5067 1142 5133 videlicet
1173 5075 1227 5128 in
1274 5067 1477 5150 annum
1523 5071 1791 5150 praesenti
1813 5067 2227 5150 succedentem,
2261 5075 2316 5150 et

739 5138 792 5204 iii
830 5154 1037 5203 huncce
1069 5163 1132 5198 ex
1162 5154 1314 5213 parte
1344 5138 1715 5195 incurrentem
1749 5138 2309 5213 Marcellinusnrelert.

738 5221 969 5287 lteliqua
1000 5218 1067 5271 ab
1092 5205 1317 5269 auctore
1341 5210 1909 5287 boc_aun_ogreceiisita
1938 5222 2063 5261 cum
2096 5205 2313 5287 Evagrii

739 5277 1111 5359 scrip'iisslib.
1140 5301 1228 5359 ιιι,
1264 5298 1420 5359 capp_.
1452 5283 1542 5341 3|.
1575 5279 1714 5359 ὄζοι
1744 5280 1811 5333 55
1845 5277 2238 5359 comparanda.

809 5346 925 5429 (ἱο)
958 5358 1305 5429 Marcellinus
1331 5346 1781 5429 ΞξΙη-οοειειιιιιη,
1825 5350 1964 5429 quod
1991 5346 2151 5429 Ifetr‘a

742 5414 869 5485 tur:
897 5431 964 5485 de
993 5443 1101 5499 quo
1128 5424 1431 5495 Procopius
1460 5426 1554 5477 lib.
1595 5437 1631 5477 ll
1656 5414 1888 5475 exeunte
1924 5417 1993 5470 De
2019 5418 2153 5470 bello
2184 5414 2313 5468 l’er-

743 5518 871 5556 8160.

815 5571 927 5637 (41)
959 5566 1181 5639 Vulgari
1207 5559 1970 5639 dialecto_,_osciquwpévou;
2004 5558 2142 5639 vice.

814 5632 924 5711 (ΑΞ)
958 5632 1174 5693 Sanctae
1205 5638 1387 5711 crucis
1437 5632 1831 5701 Hierosolymis
1884 5638 2180 5684 asservatae
2213 5640 2313 5681 cu—

743 5706 929 5765 stodes
965 5706 1432 5780 σταυροφύλακες·
1556 5773 1567 5780 _
1764 5768 1805 5780 ,.
2123 5769 2153 5780 ..

814 5780 926 5850 (63)
949 5781 1005 5835 ln
1034 5768 1208 5833 annos
1240 5768 1532 5850 sequentes
1556 5773 1669 5826 haec
1701 5786 1729 5823 a
1762 5768 2077 5850 stare-ellum
2103 5769 2308 5848 dilata;

743 5839 1040 5923 dc‘quibus
1067 5839 1351 5918 Evagriui,
1382 5846 1474 5899 lib.
1504 5860 1585 5909 ιιι,
1618 5857 1737 5911 cap.
1770 5843 1850 5894 45.
1881 5841 1993 5894 Hoc
2022 5856 2194 5903 anno,
2220 5839 2315 5893 aui

2425 4858 2706 4913 Anastasii
2735 4858 3034 4913 vicesimus
3069 4857 3371 4921 secundus,
3409 4857 3742 4911 Vitalianum
3777 4860 3999 4914 seditio.

2428 4945 2549 4984 nem
2587 4930 2823 4984 movisse
2856 4927 3188 4994 Jornandes,
3220 4929 3291 4982 De
3320 4946 3464 4998 regii.
3502 4946 3564 4981 ac
3597 4941 3751 4995 temp.
3773 4947 3999 4985 success.

2428 5000 2522 5053 lib.
2563 5000 2891 5061 conﬁrmat,
2946 5003 3143 5053 bellum
3184 5001 3315 5053 illud
3362 5002 3523 5051 civile
3571 5015 3665 5067 per
3704 5016 3877 5055 annos
3907 5017 4001 5057 sex

2425 5078 2552 5123 ante
2615 5070 2968 5140 imperatoris
3025 5072 3236 5124 obitum
3288 5084 3317 5122 a
3367 5067 3641 5124 \‘italiano
3681 5084 3885 5124 motum
3923 5083 4001 5127 te-

2422 5147 2620 5195 status.

2493 5211 2858 5283 (44)_Scyth:e
2896 5209 3319 5283 Transisti-iani
3373 5208 3559 5283 Gottlii
3626 5210 4001 5279 appellantur,

2422 5278 2561 5336 teste
2586 5278 2824 5334 'Zosimo
2852 5282 2946 5335 lib.
2969 5298 3041 5335 tv.
3076 5281 3259 5334 Ascita
3286 5278 3549 5333 Romanis
3578 5283 3770 5333 horum
3802 5283 4001 5334 auxilia

2424 5350 2832 5406 Fmderatornm
2892 5354 3182 5404 obtinuere
3234 5366 3453 5412 nomen,
3497 5364 3560 5402 ex
3611 5352 3825 5404 eodem.
3866 5350 4001 5405 Hinc

2420 5421 2683 5476 Jnrnand.
2710 5422 2784 5475 De
2809 5423 2960 5475 rebus
2985 5420 3125 5475 Get.:
3160 5441 3176 5470 ι
3208 5420 3474 5475 Defuncto
3492 5421 3848 5483 Athanarico,
3868 5438 4004 5473 cun-

2420 5504 2545 5547 ctus
2577 5494 2855 5547 exercitus
2891 5495 2943 5545 in
2994 5491 3224 5546 servitio
3273 5492 3622 5560 imperatoiis
3672 5490 3999 5559 perduratus.

2422 5562 2670 5616 liomauo
2726 5578 2787 5617 se
2838 5563 3074 5630 imperio
3125 5562 3386 5619 subdens.
3443 5576 3566 5615 cum
3624 5563 3797 5615 milite
3852 5562 4003 5616 velut

2417 5649 2584 5686 unum
2612 5648 2813 5699 corpus
2849 5634 3036 5692 cllicit,
3066 5633 3345 5699 milliaque
3380 5632 3469 5684 illa
3497 5630 3699 5684 dudum
3736 5632 3836 5685 sub
3858 5630 4000 5683 Con-

2418 5705 2661 5757 stantino
2714 5704 2963 5773 principe
3017 5702 3431 5757 Ftedcratoium
3482 5709 3779 5766 renovata,
3816 5709 3869 5756 et
3897 5702 3999 5773 ipsi

2417 5775 2547 5827 dit-ti
2586 5783 2712 5828 sunt
2749 5772 3038 5828 limtlerati.
3075 5791 3093 5822 ι
