4432 6434
718 380 827 444 375

2108 379 2521 443 ΤΗΕΟΡΗΑΝ
2534 383 2602 443 IS

3881 382 3989 448 3Ἰὸ

723 490 938 563 llypatii
982 501 1155 561 pater,
1186 490 1250 545 ad
1284 490 1542 545 Vitaliani
1581 475 1743 561 pedes
1770 494 2080 560 procidens,
2112 491 2301 548 multis
2331 499 2375 555 Α
2406 494 2473 547 τις

2239 492 2301 548 iis
2331 499 2375 555 Α
2406 494 2495 549 τὸν
2525 496 2655 549 ἴδιον
2678 496 2790 551 υίδν
2810 496 2875 551 ἐκ
2908 493 3022 551 τῶν
3051 482 3112 546 ἐν
3142 496 3324 572 Μυσία
3349 499 3564 571 δεσμῶν
3592 496 3989 563 ζῶνταάπέλα-

722 586 978 657 Iacrymis
1001 585 1283 656 llypatium
1305 585 1770 656 propriuintilium
1804 600 1867 639 ex
1900 584 2154 652 vinculis,
2174 585 2299 655 qui-

723 679 824 733 bus
857 678 1138 732 tenebatur
1168 678 1222 731 iu
1250 676 1443 748 Mysia,
1486 679 1715 731 liberum
1754 683 1807 730 et
1839 676 2047 732 salvum
2072 679 2297 748 recepit.

721 766 985 823 Cmterum
1006 765 1326 824 llormisdas
1339 769 1619 822 Romanus
1632 767 1923 838 cpiscopus
1938 782 1968 820 a
1991 765 2301 821 Theuderi-

723 865 828 930 eho
858 861 1206 926 sollicitatus,
1258 862 1349 930 qui
1397 859 1677 913 Vitaliauo
1746 859 1983 923 favebat,
2028 856 2299 912 Euodium

723 955 1038 1023 episcopum
1078 961 1133 1008 et
1174 950 1502 1006 Vitalianum
1558 951 2042 1018 archidiaconum,
2094 950 2303 1005 indicto

726 1046 1001 1101 Heracleae
1034 1045 1197 1115 138
1214 1044 1469 1109 concilio,
1493 1046 1701 1114 legatos
1735 1042 1902 1099 misit.
1935 1041 2303 1098 Accesserunt

724 1124 1023 1193 etiamnum
1051 1154 1116 1193 ex
1145 1137 1379 1205 diversis
1395 1137 1531 1192 locis
1549 1137 1785 1207 episcopi
1807 1136 2030 1191 circiter
2048 1135 2301 1203 ducenti;

716 1225 820 1300 ἠιιὶ
855 1243 963 1284 tam
1005 1246 1034 1284 a
1084 1230 1318 1286 scelesto
1366 1232 1713 1300 imperatore,
1745 1244 1908 1300 quam
1949 1244 1979 1283 a
2014 1228 2303 1283 Timotheo

725 1323 959 1392 Cpoleos
995 1323 1254 1393 episcopo
1280 1321 1549 1387 delusi,re
1572 1321 1771 1377 infecta
1802 1322 2308 1391 recessere.lmpius

728 1417 997 1487 siquidem
1027 1417 1343 1486 imperator,
1376 1417 1551 1485 pactis
1568 1415 1806 1482 violatis,
1830 1415 1895 1470 ad
1914 1430 2104 1485 papam
2124 1414 2309 1470 Romae

728 1525 794 1564 ne
826 1509 1069 1563 venirent
1085 1507 1222 1561 clam
1253 1506 1613 1577 signiﬁcavit;
1651 1507 1869 1562 aliunde
1886 1522 2016 1561 vero
2035 1506 2307 1561 \‘italiano

727 1615 942 1655 sacram
975 1599 1162 1654 Romae
1205 1599 1524 1654 mittendam
1578 1599 1823 1665 dederat,
1864 1614 1970 1670 qua
2003 1614 2195 1667 papam
2238 1598 2305 1653 ad

729 1693 1024 1749 concilium
1075 1691 1348 1746 Heraclea:
1379 1690 1763 1745 celebrandum
1799 1700 1857 1744 ut
1908 1691 2192 1745 accederet
2211 1690 2308 1744 do-

732 1784 847 1838 lose
866 1783 1152 1837 invitabat.
1178 1780 1339 1836 Plebs
1358 1791 1537 1837 autem
1562 1781 1740 1835 omnis
1754 1790 1805 1836 et
1833 1789 2057 1836 senatus
2090 1780 2309 1837 univer-

2403 589 2515 643 6sv.
2547 589 2838 660 Ὀρμίσδας
2854 590 2909 643 δὲ
2923 591 2950 644 ὁ
2964 582 3267 657 ἐπίσκοπος
3300 592 3518 662 Ῥώμης
3532 590 3689 661 ὀχλού
3699 607 3856 660 μενος
3886 590 3990 642 ὑπὸ

2402 683 2725 755 Θευδερίχου
2756 684 3116 755 χαριζομένου
3133 686 3180 717 ⁷⁸
3199 686 3522 755 Βιταλιανῷ,
3547 684 3659 755 (55)
3685 684 3903 737 Εὐόδιον
3922 683 3988 713 ⁷⁸⁸

2402 775 2495 827 τὸν
2508 775 2818 829 -ἐπίσκοπον
2856 774 3104 847 ἐπεμψεν
3131 777 3229 836 καὶ
3257 778 3349 831 τὸν
3392 776 3712 830 Βιταλιανδν
3742 773 3991 846 ἀρχιδιά·

2408 885 2568 921 κονον
2597 870 2655 922 ἐν
2683 868 2762 939 τῷ
2801 870 2846 901 ⁷⁷
2878 870 3215 940 κροτηθῆναι
3268 870 3368 940 τὴν
3417 872 3476 923 ἐν
3520 868 3818 937 Ἡρακλεία
3863 866 3990 919 σύν-

2402 956 2750 1014 οδονίἯλθον
2771 961 2826 1014 δὲ
2852 965 2945 1015 καὶ
2966 961 3254 1015 ἐπίσκοποι
3273 962 3349 1025 ὡς
3374 962 3419 994 ⁷⁸
3448 960 3708 1015 διακόσιοι
3727 963 3790 1013 ἐκ
3808 958 3992 1025 διαφό-

2407 1070 2515 1122 ρων
2544 1054 2754 1109 τόπωνο
2782 1055 2979 1117 οἵτινες
3000 1054 3397 1124 ἐμπαιχθὲντες
3426 1040 3643 1107 ὐπδτοῦ
3670 1051 3990 1122 παρανόμου

2407 1146 2673 1216 βασιλέως
2702 1147 2796 1201 καὶ
2828 1147 3091 1217 Τιμοθέου
3128 1149 3430 1201 ἐπισκόπου
3469 1143 3988 1200 Κωνσταντινουπό-

2405 1233 2541 1298 λεως
2571 1220 2927 1305 ἀνεχώρησαν
2952 1238 3321 1307 ἇπρακτοι.⁹υ
3351 1237 3460 1304 γὰρ
3504 1234 3705 1305 ἀσεϐὴς
3734 1228 3991 1304 βασιλεὺς

2406 1325 2660 1395 παραϐὰς
2688 1327 2787 1389 τὰς
2800 1326 3098 1396 συνθήκας,
3115 1327 3292 1399 λάθρα
3318 1328 3589 1397 ἐδήλωσεν
3621 1325 3700 1396 τῷ
3727 1326 3929 1393 πάππα
3947 1324 3989 1355 τ’

2418 1420 2641 1491 Ῥώμης
2692 1422 2767 1491 μὴ
2813 1423 3222 1493 παραγενέσθαι
3274 1423 3341 1479 ⁸ο.
3385 1422 3475 1492 Τῷ
3530 1423 3640 1492 γὰρ
3690 1418 3994 1488 Βιταλιανῷ

2410 1514 2622 1585 σάκραν
2666 1510 2735 1585 ἦν
2790 1515 3013 1586 πέμψας
3055 1516 3148 1569 τοῦ
3188 1507 3597 1590 πέμψαιαιξτὴν
3643 1506 3734 1577 εἶς’
3763 1510 3987 1581 Ῥώμην

2410 1608 2546 1679 πρὸς
2571 1608 2633 1661 τὸ
2665 1608 3077 1680 παραγενέσθαι
3096 1609 3186 1662 τὸν
3203 1610 3434 1663 πάππαν
3459 1608 3553 1661 ἐπὶ
3577 1608 3635 1661 τὸ
3656 1606 3988 1678 κροτηθῆναι

2411 1699 2629 1754 σύνοδον
2666 1702 2723 1755 ἐν
2760 1701 3082 1772 Ἡρακλεία.
3150 1702 3265 1765 Πᾶς
3302 1701 3358 1753 δὲ
3387 1703 3415 1754 ὁ
3446 1698 3489 1731 ⁸⁷
3520 1700 3645 1763 λαὸς
3681 1701 3773 1752 καὶ
3798 1701 3830 1768 ἡ
3857 1697 3988 1765 σύγ-

2412 1791 2609 1862 κλητος
2642 1794 2926 1864 παρρησίᾳ
2969 1793 3269 1864 ἐλοιδόρουν
3304 1792 3657 1847 Ἀναστάσιον
3688 1792 3762 1855 ὡς
3801 1790 3995 1859 ἐπίορ-

732 1891 829 1931 sus
863 1874 1213 1931 Anastasium
1260 1889 1359 1928 ceu
1401 1874 1681 1943 perjurum
1708 1874 2307 1944 conviciisimpetebat.
2340 1850 2385 1906 Β
2419 1901 2482 1937 κο

2241 1885 2307 1927 N-
2340 1850 2385 1906 Β
2419 1850 2532 1937 κον.
2580 1850 2638 1938 'i)
2665 1850 2735 1938 δὲ.
2762 1850 3097 1956 ’παρανόμοις
3144 1850 3378 1951 ,ἀναιδῶς
3424 1886 3609 1954 ἔλεγεν
3648 1850 3812 1955 νόμον
3840 1850 3991 1935 ἐἶναι

733 1968 813 2022 Ad
845 1983 967 2038 quae
1002 1966 1247 2022 nefarius
1280 1966 1370 2021 ille
1416 1965 1890 2035 impudentissime
1922 1965 2175 2030 dicebat,
2206 1966 2308 2034 ha-

738 2064 851 2118 beri
890 2064 1083 2133 legem,
1111 2077 1232 2132 qure
1279 2061 1660 2130 imperatorem
1710 2060 1764 2113 in
1804 2061 2136 2116 necessitate
2177 2076 2311 2116 con-

736 2156 989 2209 stitutum
1036 2153 1278 2223 peierare
1310 2167 1377 2207 ac
1418 2151 1868 2221 mentirijubeat.
1897 2151 2021 2207 Haec
2045 2152 2134 2209 ille
2186 2168 2310 2209 sce-

735 2251 909 2305 lestus
938 2246 1358 2301 Manichaeorum
1400 2246 1724 2315 discipulus.

805 2361 871 2416 Δ.
900 2360 961 2416 C.
1008 2361 1131 2416 507.
1156 2390 1229 2403 —-
1264 2360 1374 2414 Hoc
1405 2374 1549 2414 anno
1586 2359 1859 2415 Anastasii
1894 2359 2154 2430 periuriis
2184 2360 2312 2415 irri-

738 2452 1201 2510 tatusVitalianus
1236 2455 1291 2508 in
1316 2454 1436 2523 ejus
1458 2453 1797 2521 exercitus'et
1817 2454 2079 2524 reliquam
2096 2468 2313 2509 omnem

739 2547 1131 2617 rempublicam
1164 2548 1330 2601 multa
1371 2547 1512 2601 mala
1550 2546 1833 2612 exercuit;
1878 2546 2120 2601 caedibus
2146 2547 2310 2611 enim,

739 2641 951 2710 rapinis
981 2650 1035 2693 ct
1100 2640 1331 2693 militum
1379 2639 1922 2695 exauctorationibus
1956 2654 2051 2695 eos
2090 2654 2313 2706 vexans,

743 2731 808 2785 ad
843 2730 1187 2801 irrogandam
1218 2732 1434 2785 demum
1469 2730 1728 2797 majorem
1767 2730 2313 2796 contnmeliam,sin-

740 2822 882 2903 gulis
909 2820 1131 2875 follibus
1163 2822 1406 2891 singulos
1434 2821 1633 2877 milites
1662 2820 2006 2875 divendebat.

814 2933 877 2985 Α.
899 2932 961 2987 C.
978 2932 1177 2988 508.—
1195 2931 1307 2987 lloc
1336 2946 1478 2985 anno
1494 2930 1660 2997 Unni,
1680 2930 1879 3001 quibus
1900 2930 2318 2999 Saberappella-

746 3028 846 3088 tio,
872 3026 1194 3096 Caspiarum
1236 3035 1515 3095 portarum
1551 3024 1817 3079 limitibus
1842 3022 2098 3087 emensis,
2126 3023 2315 3077 Arme-

746 3115 890 3169 niam
919 3115 1034 3169 suis
1055 3113 1465 3169 incursionibus
1493 3112 1830 3167 infestarunt
1850 3131 1864 3179 ;
1884 3111 2319 3182 Cappadociam-

2418 1977 2711 2031 κελεύοντα
2784 1977 3010 2047 βασιλέα
3077 1978 3197 2032 κατ’
3248 1978 3496 2049 ἀνάγκην
3560 1978 3840 2049 ἐπιορκεῖν
3894 1977 3989 2029 καὶ

2417 2069 2728 2141 ψεύδεσθαι.
2755 2068 2943 2124 Ταῦτα
2972 2071 3000 2123 ὁ
3035 2068 3503 2162 παρανομώτατος
3538 2068 3994 2141 Μανιχαιόφρων.

2494 2365 2560 2420 Α.
2588 2361 2664 2416 Μ.
2684 2359 2851 2415 6007.
2876 2390 2948 2400 —
2972 2359 3252 2432 Τούτῳτῷ
3284 2360 3402 2437 ,ἔτει
3432 2358 3750 2425 Βιταλιανδς
3771 2359 3998 2427 ’ἀγαναο

2421 2457 2631 2526 κτήσας
2657 2453 2799 2507 κατὰ
2824 2452 3179 2507 Ἀναστασὶου
3202 2453 3289 2507 διὰ
3304 2453 3403 2524 τὴν
3432 2454 3476 2485 ⁸⁷
3495 2453 3802 2524 ἐπιορκίαν,
3829 2450 3999 2506 πολλὰ

2423 2547 2572 2602 κακὰ
2596 2550 2708 2611 τοῖς
2763 2548 2869 2601 ὑπὸ
2913 2547 3268 2601 Ἀναστὰσιον
3308 2547 3356 2579 ⁸³
3384 2547 3768 2618 στρατοπέδοις
3802 2547 3897 2600 καί
3932 2548 3997 2616 τῇ

2422 2638 2581 2708 λοιπῇ
2613 2638 2858 2708 πολιτείᾳ
2903 2636 3273 2701 ἐπεδείκνυτο,
3307 2637 3550 2707 ἀναιρῶν
3597 2639 3691 2691 καὶ
3738 2634 4003 2707 ἁρπάζων

2423 2726 2519 2780 καὶ
2540 2726 2873 2794 ἁφλοπίζων,
2908 2726 3002 2779 καὶ
3030 2725 3181 2788 τέλος
3217 2728 3353 2795 πρὸς
3394 2726 3549 2797 ὓϐριν
3574 2727 3803 2779 ’ἑκαστον
3836 2741 4002 2804 στρα-

2425 2819 2626 2887 τιώτην
2654 2818 2782 2887 μιᾶς
2813 2817 3049 2887 φόλλεως
3080 2817 3127 2848 ⁸³
3166 2816 3279 2888 (56)
3315 2818 3681 2888 ἐπίπρασκεν.
4024 2797 4037 2808 ’

2496 2935 2558 2987 Α.
2590 2933 2667 2988 Μ.
2710 2932 2869 2989 6008.
2898 2962 2967 2979 -ε-
3004 2932 3190 3002 Τούτῳ
3218 2931 3296 3002 τῷ
3330 2932 3441 2985 ἔτει
3481 2933 3670 2987 Οὖννοι
3695 2935 3763 2986 oi‘
3783 2933 3828 2965 ⁸⁵
3854 2932 3980 2999 λεγό
4057 2975 4066 2983 .

2431 3041 2578 3094 μενοι
2614 3023 2800 3093 Σαδὴρ
2830 3024 2876 3055 ⁸⁸
2911 3024 3021 3090 (5'7)
3049 3024 3385 3093 περάσαντες
3412 3024 3511 3087 τὰς
3551 3024 3808 3087 Κασπίας
3832 3024 4006 3087 πύλας

2424 3116 2525 3183 τὴν
2552 3114 2845 3185 Ἀρμενίαν
2878 3115 3195 3183 ἐξέδραμον,
3241 3115 3639 3168 Καππαδοκίαν
3676 3133 3735 3168 τε
3780 3118 3871 3169 καὶ
3899 3118 4006 3168 Γα-

750 3220 858 3274 que
887 3212 939 3259 et
974 3204 1240 3259 Galatiam
1272 3214 1323 3258 et
1346 3202 1578 3257 Pontum
1609 3203 1941 3272 depopulati,
1970 3203 2032 3257 ad
2063 3202 2326 3257 Euchaita
2352 3215 2396 3280 ρ
2428 3205 2500 3258 λα

2254 3204 2326 3256 ita
2352 3215 2396 3280 ρ
2428 3205 2619 3258 λατίαν
2664 3205 2759 3257 καὶ
2798 3206 2994 3257 Πόντον
3046 3205 3378 3275 ληϊζόμενοι,
3428 3208 3502 3269 ὡς
3538 3208 3631 3259 καὶ
3662 3208 3933 3275 Εὑχαῖταν
3959 3203 4003 3236 ⁸⁷

750 3312 944 3367 ιιειιιιε,
963 3312 1083 3366 qua:
1096 3302 1306 3350 tantum
1326 3295 1464 3348 haud
1487 3294 1843 3361 subegerunt,
1869 3295 2144 3364 progressi
2165 3300 2328 3349 sunt:

748 3390 1022 3459 aquibus
1073 3388 1288 3459 fugiens
1343 3402 1500 3441 sacer
1551 3370 1928 3453 Macedonius,
1982 3395 2037 3443 et
2097 3387 2164 3443 de
2218 3388 2332 3442 vita

749 3482 956 3551 ubique
1005 3495 1102 3549 per
1134 3480 1273 3532 viam
1310 3465 1652 3546 periclitans,
1701 3477 1888 3532 salvus
1935 3477 2154 3531 tandem
2183 3475 2332 3531 Gan-

751 3588 904 3640 grani
940 3588 998 3627 se
1035 3573 1259 3639 recepit.
1295 3568 1413 3623 Viri
1454 3570 1686 3625 salutem
1733 3584 1881 3638 aegre
1929 3569 2137 3624 audivit
2187 3571 2335 3624 Ana-

751 3663 976 3728 stasius,
1025 3672 1080 3718 et.
1115 3664 1218 3717 sub
1249 3660 1577 3730 rigidissima
1627 3659 1877 3715 custodia
1928 3660 2101 3713 teneri
2133 3658 2322 3729 jussit,

754 3756 922 3811 misso
961 3754 1147 3819 etiam,
1176 3763 1236 3810 ut
1265 3754 1469 3834 ferunt,
1497 3754 1589 3824 qui
1621 3768 1746 3808 eum
1802 3752 2017 3807 tolleret
2056 3766 2086 3805 e
2120 3750 2320 3806 medio.

755 3849 828 3902 Ita
861 3854 1305 3914 consummatus,
1340 3844 1569 3917 Gangrze
1600 3846 1654 3901 in
1684 3845 1882 3914 templo
1910 3844 2081 3899 sancti
2117 3852 2324 3914 marty-

2433 3296 2629 3367 μικροῦ
2655 3297 2764 3349 δεῖν
2798 3298 3276 3367 παραστήσασθαι.
3296 3298 3459 3352 Ὅθεν
3477 3299 3572 3351 καὶ
3602 3299 3788 3368 φυγὼν
3814 3301 3840 3352 ὁ
3865 3297 4009 3366 ἱερὸς

2428 3388 2760 3451 Μακεδόνιος
2783 3389 3109 3445 κινδυνεύων
3136 3391 3322 3459 σχεδὸν
3357 3392 3436 3454 εἰς
3467 3391 3725 3462 Γάγγραν
3749 3389 4003 3458 διεσώθη.

2432 3479 2569 3531 Ὄπε
2579 3496 2609 3549 ρ
2630 3478 2816 3548 μαθὼν
2837 3481 3186 3543 Ἀναστὰσιος
3200 3482 3413 3550 πικρῶς
3432 3481 3763 3551 προσέταξεν
3779 3482 3941 3534 αὑτὸν
3963 3481 4008 3512 ⁸³

2431 3572 2547 3624 ἐκεῖ
2588 3571 2633 3604 ⁸⁸
2680 3571 3070 3639 φυλάττεσθαι,
3128 3573 3369 3642 πέμψας,
3426 3574 3499 3636 ὦς
3556 3591 3708 3641 φασι.
3768 3572 3861 3633 καὶ
3918 3573 4009 3625 τὸν

2432 3657 2760 3732 ἀναιροῦντα
2800 3663 2984 3717 αὐτόν.
3021 3662 3339 3727 Τελειωθε“ις
3382 3666 3438 3717 δὲ
3484 3667 3541 3717 ἐν
3571 3666 3846 3734 Γάγγραις
3874 3681 4008 3717 κατ-

2444 3752 2623 3821 ετέθη»
2648 3754 2703 3806 ἐν
2733 3753 2811 3825 τῷ
2840 3753 2955 3825 ναῷ
2983 3754 3077 3807 τοῦ
3114 3754 3295 3822 Ἀγίου
3338 3755 3650 3825 μάρτυρος
3683 3754 4010 3808 Καλλινίκου

2433 3843 2660 3913 ἔγγιστα
2688 3844 2797 3897 τῶν
2816 3844 3087 3915 λειψάνων
3107 3845 3270 3899 αὑτοῦ
3295 3845 3494 3909 πολλὰς
3524 3847 3691 3909 ἰάσεις
3723 3845 4008 3901 ἐπιτελῶν.

2026 3986 2255 4043 νΑειιίΕ
2294 3987 2701 4078 ιΕρτιοΜξε.

832 4133 878 4163 τι
912 4130 1277 4203 χαριζομένῳ
1304 4130 1432 4203 Ali,
1462 4130 1819 4203 χαριζόμενος
1844 4130 1990 4203 vulg.

760 4202 817 4255 lt.
845 4204 882 4257 ι.
914 4201 985 4257 ἐι
1032 4202 1169 4256 infra
1196 4201 1261 4255 A.

758 4275 908 4343 vulg.
984 4274 1030 4305 ⁸³
1061 4273 1203 4342 ὑπὲρ

758 4342 950 4414 Σαμξὴν
979 4342 1129 4413 vulg.

1230 4272 1450 4325 Ἀναστ.
1482 4274 1522 4324 Α
1551 4287 1601 4327 c.

1233 4342 1273 4374 ⁸⁷
1305 4341 1574 4411 Εὐχαῖταν
1604 4344 1646 4394 Α
1677 4342 1710 4394 1)
1733 4357 1783 4407 e,
1811 4340 2051 4410 Εὐχαῖτα
2080 4342 2229 4411 vulg.

2067 4130 2131 4162 ⁷⁸⁸
2162 4130 2393 4203 Ὲνόδιον
2426 4130 2524 4203 Δ.ᾃ
2566 4131 2611 4163 ⁷⁷
2644 4132 2701 4203 ἐν
2723 4130 2823 4203 τῷ]
2848 4131 2927 4203 είς
2952 4131 3014 4183 τὸ
3046 4147 3137 4203 κρ.
3172 4130 3273 4203 A.“
3312 4129 3699 4203 7'_ti);70m._A.

1365 4200 1412 4233 ⁸⁰
1440 4200 1957 4282 παραγενέσθαιηΑ,
2002 4201 2402 4282 παραγίνεσθαι
2438 4201 2585 4282 v_ttlg.

1698 4270 1743 4301 ⁸⁸
1778 4270 2018 4338 φόλλεως
2061 4272 2127 4331 Α.
2164 4272 2369 4338 φύλεως
2390 4270 2555 4339 νιιιεί
2644 4271 2689 4303 ’³⁸
2724 4275 2775 4325 οί
2808 4272 2932 4326 add.
2954 4287 3017 4325 ex
3046 4274 3111 4324 A.
3199 4272 3247 4305 ⁸⁸
3274 4270 3461 4340 Σαόὴρ

1698 4357 1783 4407 ιο,
1811 4340 2051 4410 Εὐχαῖτα
2080 4342 2229 4411 vulg.
2304 4341 2350 4372 ⁸⁸
2379 4343 2541 4395 αὑτὸν
2577 4341 2703 4396 add.
2729 4357 2794 4396 ex
2825 4344 2893 4396 A.
2965 4341 3010 4375 ⁸⁸
3041 4340 3180 4413 ἐκεῖ]
3213 4341 3399 4404 κακῶς
3431 4342 3485 4396 b.

3777 4131 3818 4162 ⁷⁸
3853 4130 4012 4201 πᾶπᾳ

3239 4201 3287 4233 ⁸⁷
3310 4200 3399 4253 διὰ
3443 4202 3543 4268 τὴν
3588 4199 3630 4252 Α
3663 4215 3713 4265 e,
3742 4200 3810 4251 δι’
3841 4199 4013 4268 αὐτὴν

3199 4272 3247 4305 ⁸⁸
3274 4270 3461 4340 Σαόὴρ
3491 4270 3534 4325 Α
3566 4286 3617 4335 a,
3650 4269 3896 4340 Σαόῆρες
3953 4272 4007 4337 b;

2684 4202 2729 4233 ⁸⁷
2761 4201 2942 4255 dadd.
2970 4216 3033 4254 ex
3067 4202 3131 4254 Δ.

2644 4271 2689 4303 ⁵³⁵
2724 4275 2775 4325 ot
2808 4272 2932 4326 add.
2954 4287 3017 4325 ex
3046 4274 3111 4324 A.

2076 4462 2215 4517 JAC.
2250 4462 2463 4519 GOARI
2499 4462 2733 4518 ΝΟΤΑΞ.

833 4589 948 4653 (55)
973 4587 1039 4644 Ut
1064 4588 1332 4646 signiﬁcet
1352 4602 1494 4654 :egre
1514 4585 1818 4640 Romanum
1850 4587 2159 4656 pontiﬁcem
2189 4588 2332 4640 lior-
2366 4592 2410 4648 ῐ)
2438 4587 2577 4640 milit

1181 4588 1332 4641 iﬁcet
1352 4602 1494 4654 :egre
1514 4585 1818 4640 Romanum
1850 4587 2159 4656 pontiﬁcem
2189 4588 2332 4640 lior-
2366 4592 2410 4648 ῐ)
2438 4578 2671 4640 ιιιίιὶιιιιιι
2736 4585 2893 4656 ὕϐρις
2918 4624 2931 4646 .

762 4661 994 4715 misdam
1050 4658 1244 4712 adduci
1307 4658 1588 4730 potuisse,_
1619 4668 1677 4711 ut
1722 4660 1988 4730 synodum
2025 4659 2332 4730 generalem

760 4730 1025 4785 celebrari
1067 4730 1306 4792 sineret;
1356 4728 1518 4796 idque
1571 4727 1715 4794 jure,
1757 4727 1893 4781 eum
1935 4728 2157 4782 han-esis
2200 4728 2335 4781 adeo

763 4802 817 4852 in
853 4799 1074 4856 Oriente
1100 4798 1303 4867 vigeret
1342 4800 1442 4851 sub
1494 4797 1749 4851 liaaretieo
1778 4799 2044 4867 principe.
2082 4810 2336 4866 essetque

762 4871 1091 4937 periculum.
1123 4884 1193 4922 ne
1218 4867 1440 4922 Patrum
1468 4868 1746 4937 suffragiis
1789 4883 1899 4922 non
1941 4869 2075 4924 satis
2112 4878 2334 4923 cautum

761 4946 903 4995 esset
932 4942 1220 4995 Couesns.

838 5012 949 5080 (36)
980 5010 1085 5080 Alii
1128 5008 1309 5080 φόλλιν
1338 5008 1606 5080 scribunt,
1657 5018 1712 5080 et
1764 5008 2069 5080 masculam
2129 5008 2337 5063 faciunt

765 5078 976 5136 vocem.
1042 5078 1207 5133 Follis
1238 5078 1468 5147 pretium
1503 5093 1637 5147 pene
1673 5079 1964 5133 incertum.
1994 5078 2332 5134 Vilissimum

764 5150 1047 5205 exstitisse
1069 5148 1343 5202 Anastasii
1378 5157 1536 5203 aetate
1565 5159 1804 5217 arguunt
1830 5150 2178 5217 Theophanis
2210 5164 2336 5203 ver-

769 5225 857 5283 ba,
894 5221 1139 5298 singulos
1166 5218 1365 5298 milites
1390 5219 1622 5298 singulis
1649 5219 1867 5273 follibus
1894 5218 2160 5298 ei;_i36p_w
2191 5222 2336 5273 aesti-

773 5303 949 5342 matos
990 5288 1329 5344 scribentis:
1367 5288 1497 5341 mihi
1548 5296 1726 5342 tamen
1768 5306 1873 5344 non
1932 5288 2219 5344 adeo'leve
2276 5298 2337 5342 ut

768 5361 950 5423 obolO,
983 5360 1065 5413 vel
1096 5357 1926 5429 aeriiminutioriadaequandum
1950 5361 2213 5429 judicent.
2244 5358 2345 5414 Rc-

770 5429 1112 5494 centioribus
1168 5428 1374 5482 Graecis
1441 5428 1642 5494 φόλλις,
1708 5430 1790 5484 vel
1861 5438 1921 5484 ut
1990 5430 2346 5499 pronuntiant

772 5500 971 5567 φύλλα,
1030 5500 1240 5554 decima
1298 5501 1529 5569 septima
1583 5514 1709 5567 pars
1756 5511 1841 5555 est
1868 5502 2045 5569 asperi
2098 5499 2343 5554 Turcici.

773 5574 978 5638 Aspera
1030 5569 1283 5630 Turciea,
1352 5576 1574 5624 centum
1606 5572 1997 5623 commutando
2056 5571 2348 5639 Hispanico

777 5642 970 5706 regali,
1004 5641 1120 5696 sive
1155 5656 1378 5694 nummo
1431 5648 1710 5709 argenteo,
1759 5656 1845 5695 me
1883 5641 2023 5709 apud
2056 5658 2149 5696 eos
2196 5657 2349 5709 pere-

776 5712 1046 5779 grinante.
1106 5711 1550 5764 numerabantur.
1632 5710 1831 5765 Suidas
1887 5712 2071 5779 φόλλιν
2118 5712 2342 5779 exponit

776 5782 1018 5834 obolum.
1072 5780 1143 5851 lu
1196 5795 1474 5851 nummum
1518 5784 1699 5849 itaque
1735 5784 1880 5837 mille
1928 5792 1981 5836 et
2012 5783 2339 5851 septingenti

783 5851 980 5906 milites
1012 5865 1039 5904 a
1070 5850 1336 5907 Vitaliauo
1366 5850 1594 5908 fuissent
1630 5854 1822 5910 censiti
1855 5871 1863 5905 :
1894 5870 2012 5925 quae
2040 5850 2186 5910 certe
2231 5870 2337 5908 non

2868 4603 2932 4647 ;.
2985 4584 3080 4638 sed
3148 4585 3324 4654 ipsius
3374 4582 3631 4638 Vitaliani
3699 4592 4019 4638 censeretur

2440 4656 2736 4714 stoliditas.
2779 4654 2946 4710 Follis
2976 4654 3219 4719 Petavio,
3265 4670 3368 4709 ms.
3405 4654 3690 4722 cujusdam
3717 4654 3869 4722 Regii
3899 4670 4020 4709 ver-

2444 4728 2527 4781 bis
2552 4727 2768 4792 edocto,
2810 4741 3068 4780 nummus
3101 4736 3186 4780 est
3212 4741 3278 4779 ex
3310 4725 3529 4779 duobus
3570 4728 3843 4793 argenteis
3866 4740 4020 4778 com-

2442 4798 2675 4866 positus,
2694 4813 2832 4867 quos
2854 4795 3214 4857 Miliarenses,
3239 4797 3334 4860 ait,
3365 4796 3755 4867 intelligimus:
3788 4809 4021 4867 quorum

2445 4862 2643 4938 singuli
2678 4862 2960 4929 denarios,
2995 4882 3100 4919 non
3121 4874 3337 4938 veteres
3371 4874 3431 4938 _et
3462 4862 3762 4938 Romanos,
3919 4864 4023 4917 mi-

2444 4934 2608 4993 nor'es
2636 4937 2951 4991 nummulos
2985 4937 3268 4990 continent
3294 4954 3306 4988 :
3353 4934 3422 4989 de
3449 4935 3649 5004 quibus
3674 4934 3764 4988 ille
3796 4935 3877 4987 vir
3898 4950 4025 4987 eru-

2446 5009 2593 5062 ditus
2627 5009 2692 5061 ad
2736 5008 2997 5076 integram
3050 5006 3217 5059 animi
3254 5006 3583 5066 satietatem,
3642 5004 3915 5076 luculenta
3960 5004 4026 5076 de

2446 5079 2574 5132 folle
2623 5074 2936 5133 Milliarensi
2988 5091 3050 5129 ac
3083 5090 3433 5129 nummorum
3480 5076 3727 5129 minutiis
3782 5074 4025 5127 Diatriba

2444 5149 2511 5201 ad
2537 5148 2906 5203 animadvers.
2963 5145 3018 5200 in
3062 5144 3427 5217 Epiphanium
3473 5145 3742 5200 Demens.
3785 5156 3833 5198 et
3864 5144 4024 5212 poud.

2445 5220 2713 5273 annosita.

2480 5235 2893 5357 p?§;)Ili'l.unnos
2927 5285 3184 5340 Vitaliani
3215 5286 3510 5357 auxiliares
3533 5291 3766 5357 testatur
3793 5283 4030 5337 Jornan-

2445 5353 2558 5421 des,
2601 5353 2671 5428 De
2696 5375 2838 5428 regn.
2865 5370 2912 5411 et
2938 5370 3093 5424 temp.
3125 5372 3351 5428 success.
3384 5354 3629 5428 iSaberoﬁs
3660 5353 3883 5428 iluunos
3915 5368 4029 5407 me-

2445 5437 2622 5498 morat
2653 5424 2953 5498 Procopius
2978 5430 3070 5481 lib.
3095 5443 3145 5489 v,
3173 5425 3264 5498 pe
3293 5427 3425 5478 bello
3454 5424 3665 5498 Persico
3697 5427 3761 5498 ad
3798 5425 4025 5498 calcem.

2448 5496 2641 5552 Varias
2660 5495 2847 5551 eorum
2883 5502 3137 5551 nationes
3168 5495 3399 5549 Maeotim
3438 5496 3685 5559 palo-lem
3724 5495 4027 5546 incidentes

2448 5577 2705 5623 numerat
2738 5568 3006 5635 Agathias
3044 5569 3140 5620 lib.
3167 5583 3216 5626 ν,
3256 5568 3393 5620 alios
3420 5565 3795 5635 Neplithalitas
3823 5563 4024 5615 Proco-

2448 5644 2589 5705 pius,
2623 5640 2711 5693 lib.
2748 5655 2760 5691 ι
2792 5634 3039 5692 ineunte.
3120 5636 3308 5690 Utrum
3334 5653 3360 5687 a
3393 5636 3670 5701 Sabergau
3697 5634 4021 5687 Hounorum

2448 5710 2586 5762 dure
2616 5708 2797 5761 lluuni
2831 5709 3061 5761 Sabori?
3098 5709 3225 5759 mihi
3266 5706 3510 5759 dubium.
3573 5705 3891 5759 Hunnorum
3942 5705 4023 5754 iu-

2449 5781 2760 5833 cursioneiu
2807 5779 2973 5832 refert
3027 5778 3371 5830 Mareelliuus
3408 5792 3549 5830 anim
3604 5774 3874 5831 Anastasii
3933 5772 4022 5836 24.

2450 5851 2538 5921 qui
2582 5867 2609 5905 ιι
2642 5848 2940 5921 Septembri
2973 5849 3042 5903 2:3
3071 5858 3152 5904 est
3189 5847 3523 5918 'lhcophani.
