  <div class='ocr_page' id='page_1' title='image "/cluster/home/n/w/nwhite01/storage/ocr_20150623/108/nnc1.0046979921/225.png"; bbox 0 0 4432 6434; ppageno 0'>
   <div class='ocr_carea' id='block_1_1' title="bbox 801 373 898 438">
    <p class='ocr_par' dir='ltr' id='par_1_1' title="bbox 801 373 898 438">
     <span class='ocr_line' id='line_1_1' title="bbox 801 373 898 438; baseline 0 0"><span class='ocrx_word' id='word_1_1' title='bbox 801 373 898 438; x_wconf 65' lang='lat' dir='ltr'><strong>L31</strong></span> 
     </span>
    </p>
   </div>
   <div class='ocr_carea' id='block_1_2' title="bbox 2173 365 2659 426">
    <p class='ocr_par' dir='ltr' id='par_1_2' title="bbox 2173 365 2659 426">
     <span class='ocr_line' id='line_1_2' title="bbox 2173 365 2659 426; baseline 0.002 -2"><span class='ocrx_word' id='word_1_2' title='bbox 2173 365 2580 426; x_wconf 74' lang='lat' dir='ltr'><strong>&#39;l‘ilEOI’IIAN</strong></span> <span class='ocrx_word' id='word_1_3' title='bbox 2595 367 2659 425; x_wconf 84' lang='lat' dir='ltr'><strong>lS</strong></span> 
     </span>
    </p>
   </div>
   <div class='ocr_carea' id='block_1_3' title="bbox 3951 376 4062 445">
    <p class='ocr_par' dir='ltr' id='par_1_3' title="bbox 3951 376 4062 445">
     <span class='ocr_line' id='line_1_3' title="bbox 3951 376 4062 445; baseline -0.027 0"><span class='ocrx_word' id='word_1_4' title='bbox 3951 376 4062 445; x_wconf 66' lang='grc'><strong>432</strong></span> 
     </span>
    </p>
   </div>
   <div class='ocr_carea' id='block_1_4' title="bbox 802 467 2552 565">
    <p class='ocr_par' dir='ltr' id='par_1_4' title="bbox 802 467 2552 552">
     <span class='ocr_line' id='line_1_4' title="bbox 802 467 2552 552; baseline -0.003 -15"><span class='ocrx_word' id='word_1_5' title='bbox 802 485 876 537; x_wconf 91' lang='lat' dir='ltr'><strong>tia</strong></span> <span class='ocrx_word' id='word_1_6' title='bbox 907 479 1256 552; x_wconf 84' lang='lat' dir='ltr'><strong>conspicuus.</strong></span> <span class='ocrx_word' id='word_1_7' title='bbox 1294 467 1385 550; x_wconf 85' lang='lat' dir='ltr'><strong>qui</strong></span> <span class='ocrx_word' id='word_1_8' title='bbox 1408 492 1517 534; x_wconf 87' lang='lat' dir='ltr'><strong>nec</strong></span> <span class='ocrx_word' id='word_1_9' title='bbox 1544 478 1598 534; x_wconf 90' lang='lat' dir='ltr'><strong>in</strong></span> <span class='ocrx_word' id='word_1_10' title='bbox 1631 477 1973 536; x_wconf 86' lang='lat' dir='ltr'><strong>Christianos</strong></span> <span class='ocrx_word' id='word_1_11' title='bbox 1997 479 2373 535; x_wconf 79' lang='lat' dir='ltr'><strong>carnificinam</strong></span> <span class='ocrx_word' id='word_1_12' title='bbox 2408 489 2449 542; x_wconf 75' lang='grc' dir='ltr'>Α</span> <span class='ocrx_word' id='word_1_13' title='bbox 2480 483 2552 536; x_wconf 78' lang='grc' dir='ltr'><strong>τοὶ</strong></span> 
     </span>
    </p>
   </div>
   <div class='ocr_carea' id='block_1_5' title="bbox 2307 467 4057 565">
    <p class='ocr_par' dir='ltr' id='par_1_5' title="bbox 2307 482 4057 565">
     <span class='ocr_line' id='line_1_5' title="bbox 2307 482 4057 565; baseline 0.009 -32"><span class='ocrx_word' id='word_1_14' title='bbox 2307 494 2373 534; x_wconf 76' lang='lat' dir='ltr'><strong>im</strong></span> <span class='ocrx_word' id='word_1_15' title='bbox 2408 489 2449 542; x_wconf 75' lang='grc' dir='ltr'>Α</span> <span class='ocrx_word' id='word_1_16' title='bbox 2480 482 2573 536; x_wconf 82' lang='grc' dir='ltr'>τοῦ</span> <span class='ocrx_word' id='word_1_17' title='bbox 2607 482 2753 537; x_wconf 83' lang='grc' dir='ltr'>θείον</span> <span class='ocrx_word' id='word_1_18' title='bbox 2794 484 2982 551; x_wconf 74' lang='grc' dir='ltr'>αὑτοῦ,</span> <span class='ocrx_word' id='word_1_19' title='bbox 3034 486 3126 540; x_wconf 80' lang='grc' dir='ltr'>καὶ</span> <span class='ocrx_word' id='word_1_20' title='bbox 3188 489 3358 545; x_wconf 72' lang='grc' dir='ltr'>πολλὰ</span> <span class='ocrx_word' id='word_1_21' title='bbox 3397 490 3658 563; x_wconf 81' lang='grc' dir='ltr'>χρήματα</span> <span class='ocrx_word' id='word_1_22' title='bbox 3709 492 3846 565; x_wconf 68' lang='grc' dir='ltr'>πρὸς</span> <span class='ocrx_word' id='word_1_23' title='bbox 3894 496 4057 550; x_wconf 67' lang='grc' dir='ltr'>αὐτὸν</span> 
     </span>
    </p>
   </div>
   <div class='ocr_carea' id='block_1_6' title="bbox 801 574 2375 637">
    <p class='ocr_par' dir='ltr' id='par_1_6' title="bbox 801 574 2375 637">
     <span class='ocr_line' id='line_1_6' title="bbox 801 574 2375 637; baseline 0 -8"><span class='ocrx_word' id='word_1_24' title='bbox 801 584 894 629; x_wconf 88' lang='lat' dir='ltr'><strong>aut</strong></span> <span class='ocrx_word' id='word_1_25' title='bbox 931 575 1097 630; x_wconf 89' lang='lat' dir='ltr'><strong>animi</strong></span> <span class='ocrx_word' id='word_1_26' title='bbox 1132 574 1486 629; x_wconf 73' lang='lat' dir='ltr'><strong>severitatem</strong></span> <span class='ocrx_word' id='word_1_27' title='bbox 1509 574 1672 628; x_wconf 84' lang='lat' dir='ltr'><strong>ullam</strong></span> <span class='ocrx_word' id='word_1_28' title='bbox 1707 574 1980 637; x_wconf 75' lang='lat' dir='ltr'><strong>ostendit;</strong></span> <span class='ocrx_word' id='word_1_29' title='bbox 2012 583 2067 627; x_wconf 91' lang='lat' dir='ltr'><strong>at</strong></span> <span class='ocrx_word' id='word_1_30' title='bbox 2100 574 2251 628; x_wconf 86' lang='lat' dir='ltr'><strong>circa</strong></span> <span class='ocrx_word' id='word_1_31' title='bbox 2288 589 2375 629; x_wconf 86' lang='lat' dir='ltr'><strong>res</strong></span> 
     </span>
    </p>
   </div>
   <div class='ocr_carea' id='block_1_7' title="bbox 791 662 2375 731">
    <p class='ocr_par' dir='ltr' id='par_1_7' title="bbox 791 662 2375 731">
     <span class='ocr_line' id='line_1_7' title="bbox 791 662 2375 731; baseline -0.003 -10"><span class='ocrx_word' id='word_1_32' title='bbox 791 665 1023 721; x_wconf 82' lang='lat' dir='ltr'><strong>bellicas</strong></span> <span class='ocrx_word' id='word_1_33' title='bbox 1063 663 1243 719; x_wconf 86' lang='lat' dir='ltr'><strong>mollis</strong></span> <span class='ocrx_word' id='word_1_34' title='bbox 1271 662 1565 718; x_wconf 85' lang='lat' dir='ltr'><strong>admodum</strong></span> <span class='ocrx_word' id='word_1_35' title='bbox 1606 672 1660 719; x_wconf 88' lang='lat' dir='ltr'><strong>ct</strong></span> <span class='ocrx_word' id='word_1_36' title='bbox 1700 664 1943 731; x_wconf 87' lang='lat' dir='ltr'><strong>dejectus</strong></span> <span class='ocrx_word' id='word_1_37' title='bbox 1967 704 1980 728; x_wconf 89' lang='lat'><strong>,</strong></span> <span class='ocrx_word' id='word_1_38' title='bbox 2018 664 2154 718; x_wconf 87' lang='lat' dir='ltr'><strong>adeo</strong></span> <span class='ocrx_word' id='word_1_39' title='bbox 2183 673 2241 717; x_wconf 93' lang='lat' dir='ltr'><strong>ut</strong></span> <span class='ocrx_word' id='word_1_40' title='bbox 2277 679 2375 718; x_wconf 85' lang='lat' dir='ltr'><strong>nec</strong></span> 
     </span>
    </p>
   </div>
   <div class='ocr_carea' id='block_1_8' title="bbox 800 755 2374 825">
    <p class='ocr_par' dir='ltr' id='par_1_8' title="bbox 800 755 2374 825">
     <span class='ocr_line' id='line_1_8' title="bbox 800 755 2374 825; baseline -0.002 -13"><span class='ocrx_word' id='word_1_41' title='bbox 800 758 928 814; x_wconf 87' lang='lat' dir='ltr'><strong>belli</strong></span> <span class='ocrx_word' id='word_1_42' title='bbox 973 771 1155 812; x_wconf 88' lang='lat' dir='ltr'><strong>vocem</strong></span> <span class='ocrx_word' id='word_1_43' title='bbox 1208 756 1403 812; x_wconf 85' lang='lat' dir='ltr'><strong>audire</strong></span> <span class='ocrx_word' id='word_1_44' title='bbox 1456 756 1776 811; x_wconf 75' lang='lat' dir='ltr'><strong>sustineret.</strong></span> <span class='ocrx_word' id='word_1_45' title='bbox 1828 756 1990 811; x_wconf 81' lang='lat' dir='ltr'><strong>Amer</strong></span> <span class='ocrx_word' id='word_1_46' title='bbox 2033 764 2213 811; x_wconf 81' lang='lat' dir='ltr'><strong>autem</strong></span> <span class='ocrx_word' id='word_1_47' title='bbox 2255 755 2374 825; x_wconf 79' lang='lat' dir='ltr'><strong>ejus</strong></span> 
     </span>
    </p>
   </div>
   <div class='ocr_carea' id='block_1_9' title="bbox 792 847 2373 917">
    <p class='ocr_par' dir='ltr' id='par_1_9' title="bbox 792 847 2373 917">
     <span class='ocr_line' id='line_1_9' title="bbox 792 847 2373 917; baseline 0.003 -18"><span class='ocrx_word' id='word_1_48' title='bbox 792 849 1185 913; x_wconf 73' lang='lat' dir='ltr'><strong>consobrinus,</strong></span> <span class='ocrx_word' id='word_1_49' title='bbox 1216 847 1298 902; x_wconf 78' lang='lat' dir='ltr'><strong>vir</strong></span> <span class='ocrx_word' id='word_1_50' title='bbox 1334 850 1509 903; x_wconf 91' lang='lat' dir='ltr'><strong>bonus</strong></span> <span class='ocrx_word' id='word_1_51' title='bbox 1552 863 1618 904; x_wconf 88' lang='lat' dir='ltr'><strong>ac</strong></span> <span class='ocrx_word' id='word_1_52' title='bbox 1663 858 1967 917; x_wconf 74' lang='lat' dir='ltr'><strong>praestans,</strong></span> <span class='ocrx_word' id='word_1_53' title='bbox 2016 863 2103 903; x_wconf 88' lang='lat' dir='ltr'><strong>res</strong></span> <span class='ocrx_word' id='word_1_54' title='bbox 2150 848 2373 903; x_wconf 85' lang='lat' dir='ltr'><strong>bellicas</strong></span> 
     </span>
    </p>
   </div>
   <div class='ocr_carea' id='block_1_10' title="bbox 796 938 2374 1011">
    <p class='ocr_par' dir='ltr' id='par_1_10' title="bbox 796 938 2374 1011">
     <span class='ocr_line' id='line_1_10' title="bbox 796 938 2374 1011; baseline 0.001 -18"><span class='ocrx_word' id='word_1_55' title='bbox 796 954 988 994; x_wconf 85' lang='lat' dir='ltr'><strong>omnes</strong></span> <span class='ocrx_word' id='word_1_56' title='bbox 1031 940 1172 1009; x_wconf 90' lang='lat' dir='ltr'><strong>apud</strong></span> <span class='ocrx_word' id='word_1_57' title='bbox 1216 938 1490 996; x_wconf 83' lang='lat' dir='ltr'><strong>Vandalos</strong></span> <span class='ocrx_word' id='word_1_58' title='bbox 1532 941 1987 1005; x_wconf 76' lang='lat' dir='ltr'><strong>administrabat,</strong></span> <span class='ocrx_word' id='word_1_59' title='bbox 2019 956 2181 1011; x_wconf 89' lang='lat' dir='ltr'><strong>quem</strong></span> <span class='ocrx_word' id='word_1_60' title='bbox 2211 956 2274 994; x_wconf 88' lang='lat' dir='ltr'><strong>ea</strong></span> <span class='ocrx_word' id='word_1_61' title='bbox 2308 941 2374 995; x_wconf 89' lang='lat' dir='ltr'><strong>de</strong></span> 
     </span>
    </p>
   </div>
   <div class='ocr_carea' id='block_1_11' title="bbox 793 1030 2374 1104">
    <p class='ocr_par' dir='ltr' id='par_1_11' title="bbox 793 1030 2374 1104">
     <span class='ocr_line' id='line_1_11' title="bbox 793 1030 2374 1104; baseline 0.005 -20"><span class='ocrx_word' id='word_1_62' title='bbox 793 1045 961 1085; x_wconf 86' lang='lat' dir='ltr'><strong>causa</strong></span> <span class='ocrx_word' id='word_1_63' title='bbox 985 1030 1374 1102; x_wconf 85' lang='lat' dir='ltr'><strong>nuncupabant</strong></span> <span class='ocrx_word' id='word_1_64' title='bbox 1390 1032 1673 1087; x_wconf 76' lang='lat' dir='ltr'><strong>Achillem.</strong></span> <span class='ocrx_word' id='word_1_65' title='bbox 1695 1031 1865 1087; x_wconf 87' lang='lat' dir='ltr'><strong>Porro</strong></span> <span class='ocrx_word' id='word_1_66' title='bbox 1891 1031 2190 1089; x_wconf 84' lang='lat' dir='ltr'><strong>llderichus</strong></span> <span class='ocrx_word' id='word_1_67' title='bbox 2216 1035 2374 1104; x_wconf 80' lang='lat'><strong>160</strong></span> 
     </span>
    </p>
   </div>
   <div class='ocr_carea' id='block_1_12' title="bbox 799 1123 2371 1196">
    <p class='ocr_par' dir='ltr' id='par_1_12' title="bbox 799 1123 2371 1196">
     <span class='ocr_line' id='line_1_12' title="bbox 799 1123 2371 1196; baseline 0.001 -16"><span class='ocrx_word' id='word_1_68' title='bbox 799 1127 1010 1181; x_wconf 86' lang='lat' dir='ltr'><strong>amicus</strong></span> <span class='ocrx_word' id='word_1_69' title='bbox 1024 1123 1474 1192; x_wconf 74' lang='lat' dir='ltr'><strong>fuitalustiniano,</strong></span> <span class='ocrx_word' id='word_1_70' title='bbox 1495 1140 1617 1181; x_wconf 88' lang='lat' dir='ltr'><strong>cum</strong></span> <span class='ocrx_word' id='word_1_71' title='bbox 1638 1127 1883 1196; x_wconf 84' lang='lat' dir='ltr'><strong>privatus</strong></span> <span class='ocrx_word' id='word_1_72' title='bbox 1910 1126 2091 1181; x_wconf 80' lang='lat' dir='ltr'><strong>adhuc</strong></span> <span class='ocrx_word' id='word_1_73' title='bbox 2119 1128 2223 1182; x_wconf 87' lang='lat' dir='ltr'><strong>sub</strong></span> <span class='ocrx_word' id='word_1_74' title='bbox 2274 1126 2371 1181; x_wconf 81' lang='lat' dir='ltr'><strong>Ju-</strong></span> 
     </span>
    </p>
   </div>
   <div class='ocr_carea' id='block_1_13' title="bbox 797 1218 2370 1282">
    <p class='ocr_par' dir='ltr' id='par_1_13' title="bbox 797 1218 2370 1282">
     <span class='ocr_line' id='line_1_13' title="bbox 797 1218 2370 1282; baseline 0 -10"><span class='ocrx_word' id='word_1_75' title='bbox 797 1220 947 1272; x_wconf 84' lang='lat' dir='ltr'><strong>stino</strong></span> <span class='ocrx_word' id='word_1_76' title='bbox 974 1219 1247 1273; x_wconf 73' lang='lat' dir='ltr'><strong>avunculo</strong></span> <span class='ocrx_word' id='word_1_77' title='bbox 1300 1226 1623 1282; x_wconf 86' lang='lat' dir='ltr'><strong>mereretur,</strong></span> <span class='ocrx_word' id='word_1_78' title='bbox 1682 1229 1737 1272; x_wconf 90' lang='lat' dir='ltr'><strong>ct</strong></span> <span class='ocrx_word' id='word_1_79' title='bbox 1762 1219 2015 1273; x_wconf 77' lang='lat' dir='ltr'><strong>amicitia:</strong></span> <span class='ocrx_word' id='word_1_80' title='bbox 2040 1218 2107 1272; x_wconf 90' lang='lat' dir='ltr'><strong>ad</strong></span> <span class='ocrx_word' id='word_1_81' title='bbox 2139 1220 2370 1274; x_wconf 88' lang='lat' dir='ltr'><strong>invicem</strong></span> 
     </span>
    </p>
   </div>
   <div class='ocr_carea' id='block_1_14' title="bbox 796 1309 2369 1380">
    <p class='ocr_par' dir='ltr' id='par_1_14' title="bbox 796 1309 2369 1380">
     <span class='ocr_line' id='line_1_14' title="bbox 796 1309 2369 1380; baseline 0.001 -17"><span class='ocrx_word' id='word_1_82' title='bbox 796 1309 1184 1365; x_wconf 66' lang='lat' dir='ltr'><strong>confirmandae</strong></span> <span class='ocrx_word' id='word_1_83' title='bbox 1219 1310 1404 1365; x_wconf 79' lang='lat' dir='ltr'><strong>missis</strong></span> <span class='ocrx_word' id='word_1_84' title='bbox 1425 1317 1480 1364; x_wconf 92' lang='lat' dir='ltr'><strong>et</strong></span> <span class='ocrx_word' id='word_1_85' title='bbox 1506 1310 1745 1380; x_wconf 86' lang='lat' dir='ltr'><strong>acceptis</strong></span> <span class='ocrx_word' id='word_1_86' title='bbox 1775 1309 2096 1365; x_wconf 86' lang='lat' dir='ltr'><strong>muneribus</strong></span> <span class='ocrx_word' id='word_1_87' title='bbox 2119 1311 2369 1380; x_wconf 84' lang='lat' dir='ltr'><strong>plurimis</strong></span> 
     </span>
    </p>
   </div>
   <div class='ocr_carea' id='block_1_15' title="bbox 794 1400 2368 1472">
    <p class='ocr_par' dir='ltr' id='par_1_15' title="bbox 794 1400 2368 1472">
     <span class='ocr_line' id='line_1_15' title="bbox 794 1400 2368 1472; baseline 0.003 -17"><span class='ocrx_word' id='word_1_88' title='bbox 794 1417 915 1458; x_wconf 89' lang='lat' dir='ltr'><strong>sese</strong></span> <span class='ocrx_word' id='word_1_89' title='bbox 943 1400 1287 1472; x_wconf 80' lang='lat' dir='ltr'><strong>fi&#39;equentius</strong></span> <span class='ocrx_word' id='word_1_90' title='bbox 1317 1404 1713 1472; x_wconf 88' lang='lat' dir='ltr'><strong>provocabant.</strong></span> <span class='ocrx_word' id='word_1_91' title='bbox 1755 1402 1882 1458; x_wconf 84' lang='lat' dir='ltr'><strong>Fuit</strong></span> <span class='ocrx_word' id='word_1_92' title='bbox 1915 1413 2094 1459; x_wconf 89' lang='lat' dir='ltr'><strong>autem</strong></span> <span class='ocrx_word' id='word_1_93' title='bbox 2120 1421 2183 1459; x_wconf 83' lang='lat' dir='ltr'><strong>ex</strong></span> <span class='ocrx_word' id='word_1_94' title='bbox 2209 1404 2368 1460; x_wconf 82' lang='lat' dir='ltr'><strong>Gizc-</strong></span> 
     </span>
    </p>
   </div>
   <div class='ocr_carea' id='block_1_16' title="bbox 794 1495 2366 1567">
    <p class='ocr_par' dir='ltr' id='par_1_16' title="bbox 794 1495 2366 1567">
     <span class='ocr_line' id='line_1_16' title="bbox 794 1495 2366 1567; baseline 0.002 -19"><span class='ocrx_word' id='word_1_95' title='bbox 794 1495 931 1549; x_wconf 88' lang='lat' dir='ltr'><strong>richi</strong></span> <span class='ocrx_word' id='word_1_96' title='bbox 968 1510 1163 1564; x_wconf 81' lang='lat' dir='ltr'><strong>genere</strong></span> <span class='ocrx_word' id='word_1_97' title='bbox 1193 1496 1413 1565; x_wconf 84' lang='lat' dir='ltr'><strong>quidam</strong></span> <span class='ocrx_word' id='word_1_98' title='bbox 1453 1496 1716 1567; x_wconf 79' lang='lat' dir='ltr'><strong>originem</strong></span> <span class='ocrx_word' id='word_1_99' title='bbox 1749 1496 1976 1561; x_wconf 88' lang='lat' dir='ltr'><strong>ducens,</strong></span> <span class='ocrx_word' id='word_1_100' title='bbox 2013 1497 2103 1552; x_wconf 90' lang='lat' dir='ltr'><strong>cui</strong></span> <span class='ocrx_word' id='word_1_101' title='bbox 2128 1496 2366 1552; x_wconf 89' lang='lat' dir='ltr'><strong>Gelimcr</strong></span> 
     </span>
    </p>
   </div>
   <div class='ocr_carea' id='block_1_17' title="bbox 791 1589 2363 1659">
    <p class='ocr_par' dir='ltr' id='par_1_17' title="bbox 791 1589 2363 1659">
     <span class='ocr_line' id='line_1_17' title="bbox 791 1589 2363 1659; baseline 0.003 -18"><span class='ocrx_word' id='word_1_102' title='bbox 791 1602 1012 1652; x_wconf 90' lang='lat' dir='ltr'><strong>nomen,</strong></span> <span class='ocrx_word' id='word_1_103' title='bbox 1053 1591 1137 1642; x_wconf 84' lang='lat' dir='ltr'><strong>vir</strong></span> <span class='ocrx_word' id='word_1_104' title='bbox 1168 1602 1399 1657; x_wconf 90' lang='lat' dir='ltr'><strong>nequam</strong></span> <span class='ocrx_word' id='word_1_105' title='bbox 1440 1597 1492 1643; x_wconf 91' lang='lat' dir='ltr'><strong>et</strong></span> <span class='ocrx_word' id='word_1_106' title='bbox 1530 1589 1710 1659; x_wconf 83' lang='lat' dir='ltr'><strong>pravis</strong></span> <span class='ocrx_word' id='word_1_107' title='bbox 1756 1590 2003 1645; x_wconf 82' lang='lat' dir='ltr'><strong>muribus</strong></span> <span class='ocrx_word' id='word_1_108' title='bbox 2036 1590 2363 1655; x_wconf 84' lang='lat' dir='ltr'><strong>instructus,</strong></span> 
     </span>
    </p>
   </div>
   <div class='ocr_carea' id='block_1_18' title="bbox 792 1679 2365 1746">
    <p class='ocr_par' dir='ltr' id='par_1_18' title="bbox 792 1679 2365 1746">
     <span class='ocr_line' id='line_1_18' title="bbox 792 1679 2365 1746; baseline 0.004 -14"><span class='ocrx_word' id='word_1_109' title='bbox 792 1694 972 1733; x_wconf 86' lang='lat' dir='ltr'><strong>rerum</strong></span> <span class='ocrx_word' id='word_1_110' title='bbox 1003 1680 1434 1734; x_wconf 72' lang='lat' dir='ltr'><strong>innovandar‘um</strong></span> <span class='ocrx_word' id='word_1_111' title='bbox 1454 1680 1756 1746; x_wconf 89' lang='lat' dir='ltr'><strong>studiosus,</strong></span> <span class='ocrx_word' id='word_1_112' title='bbox 1777 1688 1832 1735; x_wconf 93' lang='lat' dir='ltr'><strong>et</strong></span> <span class='ocrx_word' id='word_1_113' title='bbox 1856 1679 2208 1736; x_wconf 78' lang='lat' dir='ltr'><strong>facultatibus</strong></span> <span class='ocrx_word' id='word_1_114' title='bbox 2236 1682 2365 1738; x_wconf 87' lang='lat' dir='ltr'><strong>alie-</strong></span> 
     </span>
    </p>
   </div>
   <div class='ocr_carea' id='block_1_19' title="bbox 793 1771 2361 1844">
    <p class='ocr_par' dir='ltr' id='par_1_19' title="bbox 793 1771 2361 1844">
     <span class='ocr_line' id='line_1_19' title="bbox 793 1771 2361 1844; baseline 0.003 -20"><span class='ocrx_word' id='word_1_115' title='bbox 793 1771 880 1827; x_wconf 90' lang='lat' dir='ltr'><strong>nis</strong></span> <span class='ocrx_word' id='word_1_116' title='bbox 899 1771 1111 1826; x_wconf 86' lang='lat' dir='ltr'><strong>inhiare</strong></span> <span class='ocrx_word' id='word_1_117' title='bbox 1132 1772 1348 1828; x_wconf 88' lang='lat' dir='ltr'><strong>solitus.</strong></span> <span class='ocrx_word' id='word_1_118' title='bbox 1370 1771 1470 1826; x_wconf 89' lang='lat' dir='ltr'><strong>llic</strong></span> <span class='ocrx_word' id='word_1_119' title='bbox 1487 1772 1749 1827; x_wconf 87' lang='lat' dir='ltr'><strong>adversus</strong></span> <span class='ocrx_word' id='word_1_120' title='bbox 1770 1771 2057 1827; x_wconf 86' lang='lat' dir='ltr'><strong>lldericum</strong></span> <span class='ocrx_word' id='word_1_121' title='bbox 2076 1772 2361 1844; x_wconf 88' lang='lat' dir='ltr'><strong>septennio</strong></span> 
     </span>
    </p>
   </div>
   <div class='ocr_carea' id='block_1_20' title="bbox 795 1864 2362 1935">
    <p class='ocr_par' dir='ltr' id='par_1_20' title="bbox 795 1864 2362 1935">
     <span class='ocr_line' id='line_1_20' title="bbox 795 1864 2362 1935; baseline 0.002 -18"><span class='ocrx_word' id='word_1_122' title='bbox 795 1864 913 1930; x_wconf 89' lang='lat' dir='ltr'><strong>jam</strong></span> <span class='ocrx_word' id='word_1_123' title='bbox 960 1879 1125 1934; x_wconf 87' lang='lat' dir='ltr'><strong>regno</strong></span> <span class='ocrx_word' id='word_1_124' title='bbox 1163 1865 1392 1934; x_wconf 87' lang='lat' dir='ltr'><strong>potitum</strong></span> <span class='ocrx_word' id='word_1_125' title='bbox 1442 1878 1506 1919; x_wconf 85' lang='lat' dir='ltr'><strong>ac</strong></span> <span class='ocrx_word' id='word_1_126' title='bbox 1549 1865 1830 1935; x_wconf 87' lang='lat' dir='ltr'><strong>proprium</strong></span> <span class='ocrx_word' id='word_1_127' title='bbox 1877 1878 2037 1919; x_wconf 91' lang='lat' dir='ltr'><strong>suum</strong></span> <span class='ocrx_word' id='word_1_128' title='bbox 2080 1864 2362 1920; x_wconf 92' lang='lat' dir='ltr'><strong>dominum</strong></span> 
     </span>
    </p>
   </div>
   <div class='ocr_carea' id='block_1_21' title="bbox 789 1956 2361 2028">
    <p class='ocr_par' dir='ltr' id='par_1_21' title="bbox 789 1956 2361 2028">
     <span class='ocr_line' id='line_1_21' title="bbox 789 1956 2361 2028; baseline 0.002 -19"><span class='ocrx_word' id='word_1_129' title='bbox 789 1956 1073 2024; x_wconf 83' lang='lat' dir='ltr'><strong>tyrannide</strong></span> <span class='ocrx_word' id='word_1_130' title='bbox 1099 1958 1353 2020; x_wconf 79' lang='lat' dir='ltr'><strong>excitata,</strong></span> <span class='ocrx_word' id='word_1_131' title='bbox 1382 1972 1509 2028; x_wconf 87' lang='lat' dir='ltr'><strong>rege</strong></span> <span class='ocrx_word' id='word_1_132' title='bbox 1557 1964 1717 2027; x_wconf 86' lang='lat' dir='ltr'><strong>capto</strong></span> <span class='ocrx_word' id='word_1_133' title='bbox 1745 1964 1800 2011; x_wconf 92' lang='lat' dir='ltr'><strong>et</strong></span> <span class='ocrx_word' id='word_1_134' title='bbox 1828 1957 1883 2011; x_wconf 92' lang='lat' dir='ltr'><strong>in</strong></span> <span class='ocrx_word' id='word_1_135' title='bbox 1921 1972 2197 2013; x_wconf 87' lang='lat' dir='ltr'><strong>carcerem</strong></span> <span class='ocrx_word' id='word_1_136' title='bbox 2236 1973 2361 2013; x_wconf 91' lang='lat' dir='ltr'><strong>cum</strong></span> 
     </span>
    </p>
   </div>
   <div class='ocr_carea' id='block_1_22' title="bbox 788 2046 2362 2117">
    <p class='ocr_par' dir='ltr' id='par_1_22' title="bbox 788 2046 2362 2117">
     <span class='ocr_line' id='line_1_22' title="bbox 788 2046 2362 2117; baseline 0.001 -16"><span class='ocrx_word' id='word_1_137' title='bbox 788 2064 956 2102; x_wconf 83' lang='lat' dir='ltr'><strong>uxore</strong></span> <span class='ocrx_word' id='word_1_138' title='bbox 1006 2048 1389 2117; x_wconf 81' lang='lat' dir='ltr'><strong>Amalaphrida</strong></span> <span class='ocrx_word' id='word_1_139' title='bbox 1430 2048 1718 2117; x_wconf 87' lang='lat' dir='ltr'><strong>conjecto,</strong></span> <span class='ocrx_word' id='word_1_140' title='bbox 1760 2046 1994 2104; x_wconf 81' lang='lat' dir='ltr'><strong>Gotthos</strong></span> <span class='ocrx_word' id='word_1_141' title='bbox 2032 2064 2224 2104; x_wconf 84' lang='lat' dir='ltr'><strong>omnes</strong></span> <span class='ocrx_word' id='word_1_142' title='bbox 2278 2050 2362 2103; x_wconf 88' lang='lat' dir='ltr'><strong>in-</strong></span> 
     </span>
    </p>
   </div>
   <div class='ocr_carea' id='block_1_23' title="bbox 786 2139 2361 2212">
    <p class='ocr_par' dir='ltr' id='par_1_23' title="bbox 786 2139 2361 2212">
     <span class='ocr_line' id='line_1_23' title="bbox 786 2139 2361 2212; baseline 0.003 -19"><span class='ocrx_word' id='word_1_143' title='bbox 786 2139 1022 2202; x_wconf 86' lang='lat' dir='ltr'><strong>terfecit,</strong></span> <span class='ocrx_word' id='word_1_144' title='bbox 1055 2151 1103 2194; x_wconf 91' lang='lat' dir='ltr'><strong>et</strong></span> <span class='ocrx_word' id='word_1_145' title='bbox 1151 2140 1401 2195; x_wconf 78' lang='lat' dir='ltr'><strong>Amerem</strong></span> <span class='ocrx_word' id='word_1_146' title='bbox 1430 2148 1485 2195; x_wconf 88' lang='lat' dir='ltr'><strong>et</strong></span> <span class='ocrx_word' id='word_1_147' title='bbox 1519 2141 1745 2195; x_wconf 81' lang='lat' dir='ltr'><strong>fratrem</strong></span> <span class='ocrx_word' id='word_1_148' title='bbox 1775 2140 1898 2210; x_wconf 85' lang='lat' dir='ltr'><strong>ejus</strong></span> <span class='ocrx_word' id='word_1_149' title='bbox 1929 2140 2223 2212; x_wconf 84' lang='lat' dir='ltr'><strong>Euagetem</strong></span> <span class='ocrx_word' id='word_1_150' title='bbox 2257 2143 2361 2198; x_wconf 89' lang='lat' dir='ltr'><strong>sub</strong></span> 
     </span>
    </p>
   </div>
   <div class='ocr_carea' id='block_1_24' title="bbox 785 2229 2359 2303">
    <p class='ocr_par' dir='ltr' id='par_1_24' title="bbox 785 2229 2359 2303">
     <span class='ocr_line' id='line_1_24' title="bbox 785 2229 2359 2303; baseline 0.003 -17"><span class='ocrx_word' id='word_1_151' title='bbox 785 2230 1034 2287; x_wconf 87' lang='lat' dir='ltr'><strong>custodia</strong></span> <span class='ocrx_word' id='word_1_152' title='bbox 1076 2232 1335 2287; x_wconf 79' lang='lat' dir='ltr'><strong>servavit.</strong></span> <span class='ocrx_word' id='word_1_153' title='bbox 1364 2229 1634 2286; x_wconf 73' lang='lat' dir='ltr'><strong>Caeterum</strong></span> <span class='ocrx_word' id='word_1_154' title='bbox 1682 2247 1823 2287; x_wconf 80' lang='lat' dir='ltr'><strong>nova</strong></span> <span class='ocrx_word' id='word_1_155' title='bbox 1866 2232 2153 2303; x_wconf 86' lang='lat' dir='ltr'><strong>tyrannide</strong></span> <span class='ocrx_word' id='word_1_156' title='bbox 2181 2234 2359 2290; x_wconf 92' lang='lat' dir='ltr'><strong>elatus</strong></span> 
     </span>
    </p>
   </div>
   <div class='ocr_carea' id='block_1_25' title="bbox 787 2324 2358 2396">
    <p class='ocr_par' dir='ltr' id='par_1_25' title="bbox 787 2324 2358 2396">
     <span class='ocr_line' id='line_1_25' title="bbox 787 2324 2358 2396; baseline 0.003 -17"><span class='ocrx_word' id='word_1_157' title='bbox 787 2340 894 2379; x_wconf 89' lang='lat' dir='ltr'><strong>non</strong></span> <span class='ocrx_word' id='word_1_158' title='bbox 926 2324 1104 2396; x_wconf 91' lang='lat' dir='ltr'><strong>potuit</strong></span> <span class='ocrx_word' id='word_1_159' title='bbox 1145 2324 1400 2395; x_wconf 78' lang='lat' dir='ltr'><strong>praesenti</strong></span> <span class='ocrx_word' id='word_1_160' title='bbox 1438 2339 1620 2379; x_wconf 88' lang='lat' dir='ltr'><strong>rerum</strong></span> <span class='ocrx_word' id='word_1_161' title='bbox 1655 2332 1802 2380; x_wconf 87' lang='lat' dir='ltr'><strong>statu</strong></span> <span class='ocrx_word' id='word_1_162' title='bbox 1831 2333 2124 2381; x_wconf 90' lang='lat' dir='ltr'><strong>contentus</strong></span> <span class='ocrx_word' id='word_1_163' title='bbox 2152 2326 2358 2383; x_wconf 90' lang='lat' dir='ltr'><strong>diutius</strong></span> 
     </span>
    </p>
   </div>
   <div class='ocr_carea' id='block_1_26' title="bbox 787 2416 2356 2489">
    <p class='ocr_par' dir='ltr' id='par_1_26' title="bbox 787 2416 2356 2489">
     <span class='ocr_line' id='line_1_26' title="bbox 787 2416 2356 2489; baseline 0.002 -19"><span class='ocrx_word' id='word_1_164' title='bbox 787 2419 989 2474; x_wconf 81' lang='lat' dir='ltr'><strong>vivere.</strong></span> <span class='ocrx_word' id='word_1_165' title='bbox 1021 2416 1389 2484; x_wconf 84' lang='lat' dir='ltr'><strong>Quamobrem</strong></span> <span class='ocrx_word' id='word_1_166' title='bbox 1435 2416 1812 2473; x_wconf 80' lang='lat' dir='ltr'><strong>defensionem</strong></span> <span class='ocrx_word' id='word_1_167' title='bbox 1847 2433 1947 2487; x_wconf 90' lang='lat' dir='ltr'><strong>pro</strong></span> <span class='ocrx_word' id='word_1_168' title='bbox 1986 2434 2044 2474; x_wconf 82' lang='lat' dir='ltr'><strong>se</strong></span> <span class='ocrx_word' id='word_1_169' title='bbox 2069 2418 2137 2473; x_wconf 89' lang='lat' dir='ltr'><strong>ad</strong></span> <span class='ocrx_word' id='word_1_170' title='bbox 2184 2419 2356 2489; x_wconf 87' lang='lat' dir='ltr'><strong>impe-</strong></span> 
     </span>
    </p>
   </div>
   <div class='ocr_carea' id='block_1_27' title="bbox 786 2506 2359 2580">
    <p class='ocr_par' dir='ltr' id='par_1_27' title="bbox 786 2506 2359 2580">
     <span class='ocr_line' id='line_1_27' title="bbox 786 2506 2359 2580; baseline 0.002 -18"><span class='ocrx_word' id='word_1_171' title='bbox 786 2518 1021 2564; x_wconf 87' lang='lat' dir='ltr'><strong>ratorem</strong></span> <span class='ocrx_word' id='word_1_172' title='bbox 1052 2506 1423 2564; x_wconf 74' lang='lat' dir='ltr'><strong>Iustinianum</strong></span> <span class='ocrx_word' id='word_1_173' title='bbox 1456 2509 1705 2579; x_wconf 87' lang='lat' dir='ltr'><strong>scripsit,</strong></span> <span class='ocrx_word' id='word_1_174' title='bbox 1755 2509 2016 2563; x_wconf 88' lang='lat' dir='ltr'><strong>nimirum</strong></span> <span class='ocrx_word' id='word_1_175' title='bbox 2044 2509 2110 2564; x_wconf 88' lang='lat' dir='ltr'><strong>ad</strong></span> <span class='ocrx_word' id='word_1_176' title='bbox 2153 2525 2211 2565; x_wconf 89' lang='lat' dir='ltr'><strong>se</strong></span> <span class='ocrx_word' id='word_1_177' title='bbox 2234 2525 2359 2580; x_wconf 88' lang='lat' dir='ltr'><strong>reg-</strong></span> 
     </span>
    </p>
   </div>
   <div class='ocr_carea' id='block_1_28' title="bbox 783 2596 2354 2670">
    <p class='ocr_par' dir='ltr' id='par_1_28' title="bbox 783 2596 2354 2670">
     <span class='ocr_line' id='line_1_28' title="bbox 783 2596 2354 2670; baseline -0.001 -16"><span class='ocrx_word' id='word_1_178' title='bbox 783 2613 914 2654; x_wconf 85' lang='lat' dir='ltr'><strong>num</strong></span> <span class='ocrx_word' id='word_1_179' title='bbox 941 2599 1064 2668; x_wconf 87' lang='lat' dir='ltr'><strong>jure</strong></span> <span class='ocrx_word' id='word_1_180' title='bbox 1084 2599 1390 2667; x_wconf 88' lang='lat' dir='ltr'><strong>pertinere,</strong></span> <span class='ocrx_word' id='word_1_181' title='bbox 1420 2613 1544 2653; x_wconf 91' lang='lat' dir='ltr'><strong>cum</strong></span> <span class='ocrx_word' id='word_1_182' title='bbox 1578 2596 1879 2655; x_wconf 86' lang='lat' dir='ltr'><strong>lldericbus</strong></span> <span class='ocrx_word' id='word_1_183' title='bbox 1906 2599 2084 2670; x_wconf 88' lang='lat' dir='ltr'><strong>ipsum</strong></span> <span class='ocrx_word' id='word_1_184' title='bbox 2116 2599 2354 2654; x_wconf 88' lang='lat' dir='ltr'><strong>admini-</strong></span> 
     </span>
    </p>
   </div>
   <div class='ocr_carea' id='block_1_29' title="bbox 784 2689 2354 2760">
    <p class='ocr_par' dir='ltr' id='par_1_29' title="bbox 784 2689 2354 2760">
     <span class='ocr_line' id='line_1_29' title="bbox 784 2689 2354 2760; baseline 0.001 -16"><span class='ocrx_word' id='word_1_185' title='bbox 784 2700 959 2745; x_wconf 88' lang='lat' dir='ltr'><strong>strare</strong></span> <span class='ocrx_word' id='word_1_186' title='bbox 1008 2689 1229 2744; x_wconf 89' lang='lat' dir='ltr'><strong>minime</strong></span> <span class='ocrx_word' id='word_1_187' title='bbox 1287 2697 1491 2760; x_wconf 87' lang='lat' dir='ltr'><strong>posset.</strong></span> <span class='ocrx_word' id='word_1_188' title='bbox 1554 2690 1628 2744; x_wconf 84' lang='lat' dir='ltr'><strong>Ea</strong></span> <span class='ocrx_word' id='word_1_189' title='bbox 1685 2690 1753 2744; x_wconf 90' lang='lat' dir='ltr'><strong>de</strong></span> <span class='ocrx_word' id='word_1_190' title='bbox 1814 2705 1871 2745; x_wconf 89' lang='lat' dir='ltr'><strong>re</strong></span> <span class='ocrx_word' id='word_1_191' title='bbox 1926 2691 2128 2746; x_wconf 87' lang='lat' dir='ltr'><strong>certior</strong></span> <span class='ocrx_word' id='word_1_192' title='bbox 2177 2690 2354 2745; x_wconf 87' lang='lat' dir='ltr'><strong>factus</strong></span> 
     </span>
    </p>
   </div>
   <div class='ocr_carea' id='block_1_30' title="bbox 783 2781 2355 2852">
    <p class='ocr_par' dir='ltr' id='par_1_30' title="bbox 783 2781 2355 2852">
     <span class='ocr_line' id='line_1_30' title="bbox 783 2781 2355 2852; baseline 0.001 -16"><span class='ocrx_word' id='word_1_193' title='bbox 783 2781 1123 2837; x_wconf 84' lang='lat' dir='ltr'><strong>Justinianus</strong></span> <span class='ocrx_word' id='word_1_194' title='bbox 1145 2781 1415 2837; x_wconf 84' lang='lat' dir='ltr'><strong>Gelimero</strong></span> <span class='ocrx_word' id='word_1_195' title='bbox 1438 2782 1740 2852; x_wconf 86' lang='lat' dir='ltr'><strong>rescripsit,</strong></span> <span class='ocrx_word' id='word_1_196' title='bbox 1758 2797 1816 2837; x_wconf 92' lang='lat' dir='ltr'><strong>se</strong></span> <span class='ocrx_word' id='word_1_197' title='bbox 1837 2781 1995 2838; x_wconf 87' lang='lat' dir='ltr'><strong>istam</strong></span> <span class='ocrx_word' id='word_1_198' title='bbox 2026 2781 2146 2851; x_wconf 80' lang='lat' dir='ltr'><strong>ejus</strong></span> <span class='ocrx_word' id='word_1_199' title='bbox 2169 2790 2355 2852; x_wconf 81' lang='lat' dir='ltr'><strong>tyran-</strong></span> 
     </span>
    </p>
   </div>
   <div class='ocr_carea' id='block_1_31' title="bbox 784 2873 2354 2946">
    <p class='ocr_par' dir='ltr' id='par_1_31' title="bbox 784 2873 2354 2946">
     <span class='ocr_line' id='line_1_31' title="bbox 784 2873 2354 2946; baseline 0.002 -19"><span class='ocrx_word' id='word_1_200' title='bbox 784 2873 965 2929; x_wconf 88' lang='lat' dir='ltr'><strong>nidem</strong></span> <span class='ocrx_word' id='word_1_201' title='bbox 1006 2874 1318 2930; x_wconf 87' lang='lat' dir='ltr'><strong>nullatenus</strong></span> <span class='ocrx_word' id='word_1_202' title='bbox 1369 2874 1620 2946; x_wconf 85' lang='lat' dir='ltr'><strong>probare.</strong></span> <span class='ocrx_word' id='word_1_203' title='bbox 1652 2874 1722 2927; x_wconf 80' lang='lat' dir='ltr'><strong>At</strong></span> <span class='ocrx_word' id='word_1_204' title='bbox 1771 2876 1859 2929; x_wconf 89' lang='lat' dir='ltr'><strong>ille</strong></span> <span class='ocrx_word' id='word_1_205' title='bbox 1894 2874 2159 2944; x_wconf 75' lang='lat' dir='ltr'><strong>neglectis</strong></span> <span class='ocrx_word' id='word_1_206' title='bbox 2204 2875 2354 2930; x_wconf 84' lang='lat' dir='ltr'><strong>hisce</strong></span> 
     </span>
    </p>
   </div>
   <div class='ocr_carea' id='block_1_32' title="bbox 784 2964 2355 3037">
    <p class='ocr_par' dir='ltr' id='par_1_32' title="bbox 784 2964 2355 3037">
     <span class='ocr_line' id='line_1_32' title="bbox 784 2964 2355 3037; baseline -0.001 -16"><span class='ocrx_word' id='word_1_207' title='bbox 784 2968 1097 3037; x_wconf 88' lang='lat' dir='ltr'><strong>responsis,</strong></span> <span class='ocrx_word' id='word_1_208' title='bbox 1127 2968 1376 3023; x_wconf 80' lang='lat' dir='ltr'><strong>Amerem</strong></span> <span class='ocrx_word' id='word_1_209' title='bbox 1415 2966 1706 3022; x_wconf 70' lang='lat' dir='ltr'><strong>excazcavit</strong></span> <span class='ocrx_word' id='word_1_210' title='bbox 1725 3009 1739 3033; x_wconf 92' lang='lat'><strong>,</strong></span> <span class='ocrx_word' id='word_1_211' title='bbox 1784 2964 2111 3021; x_wconf 69' lang='lat' dir='ltr'><strong>llilerichum</strong></span> <span class='ocrx_word' id='word_1_212' title='bbox 2140 2982 2271 3022; x_wconf 82' lang='lat' dir='ltr'><strong>vero</strong></span> <span class='ocrx_word' id='word_1_213' title='bbox 2300 2975 2355 3022; x_wconf 91' lang='lat' dir='ltr'><strong>et</strong></span> 
     </span>
    </p>
   </div>
   <div class='ocr_carea' id='block_1_33' title="bbox 784 3058 2352 3131">
    <p class='ocr_par' dir='ltr' id='par_1_33' title="bbox 784 3058 2352 3131">
     <span class='ocr_line' id='line_1_33' title="bbox 784 3058 2352 3131; baseline 0.001 -19"><span class='ocrx_word' id='word_1_214' title='bbox 784 3058 1075 3131; x_wconf 83' lang='lat' dir='ltr'><strong>Euagetem</strong></span> <span class='ocrx_word' id='word_1_215' title='bbox 1103 3059 1417 3129; x_wconf 84' lang='lat' dir='ltr'><strong>diligentius</strong></span> <span class='ocrx_word' id='word_1_216' title='bbox 1447 3059 1753 3114; x_wconf 92' lang='lat' dir='ltr'><strong>custoditos</strong></span> <span class='ocrx_word' id='word_1_217' title='bbox 1789 3060 1842 3113; x_wconf 91' lang='lat' dir='ltr'><strong>in</strong></span> <span class='ocrx_word' id='word_1_218' title='bbox 1867 3073 2142 3115; x_wconf 83' lang='lat' dir='ltr'><strong>carcerem</strong></span> <span class='ocrx_word' id='word_1_219' title='bbox 2174 3058 2352 3113; x_wconf 85' lang='lat' dir='ltr'><strong>inclu-</strong></span> 
     </span>
    </p>
   </div>
   <div class='ocr_carea' id='block_1_34' title="bbox 782 3149 2421 3239">
    <p class='ocr_par' dir='ltr' id='par_1_34' title="bbox 782 3149 2421 3239">
     <span class='ocr_line' id='line_1_34' title="bbox 782 3149 2421 3239; baseline -0.001 -35"><span class='ocrx_word' id='word_1_220' title='bbox 782 3152 874 3204; x_wconf 89' lang='lat' dir='ltr'><strong>sit.</strong></span> <span class='ocrx_word' id='word_1_221' title='bbox 908 3149 1061 3217; x_wconf 85' lang='lat' dir='ltr'><strong>Quod</strong></span> <span class='ocrx_word' id='word_1_222' title='bbox 1094 3150 1184 3205; x_wconf 88' lang='lat' dir='ltr'><strong>ubi</strong></span> <span class='ocrx_word' id='word_1_223' title='bbox 1214 3150 1436 3205; x_wconf 73' lang='lat' dir='ltr'><strong>rescivit</strong></span> <span class='ocrx_word' id='word_1_224' title='bbox 1480 3149 1764 3205; x_wconf 84' lang='lat' dir='ltr'><strong>Justianus</strong></span> <span class='ocrx_word' id='word_1_225' title='bbox 1785 3191 1799 3215; x_wconf 94' lang='lat'><strong>,</strong></span> <span class='ocrx_word' id='word_1_226' title='bbox 1832 3149 2097 3204; x_wconf 91' lang='lat' dir='ltr'><strong>continuo</strong></span> <span class='ocrx_word' id='word_1_227' title='bbox 2129 3149 2351 3218; x_wconf 78' lang='lat' dir='ltr'><strong>expedi-</strong></span> <span class='ocrx_word' id='word_1_228' title='bbox 2380 3184 2421 3239; x_wconf 63' lang='grc' dir='ltr'>Ο</span> 
     </span>
    </p>
   </div>
   <div class='ocr_carea' id='block_1_35' title="bbox 782 3240 2350 3314">
    <p class='ocr_par' dir='ltr' id='par_1_35' title="bbox 782 3240 2350 3314">
     <span class='ocr_line' id='line_1_35' title="bbox 782 3240 2350 3314; baseline -0.002 -16"><span class='ocrx_word' id='word_1_229' title='bbox 782 3244 986 3299; x_wconf 88' lang='lat' dir='ltr'><strong>tionem</strong></span> <span class='ocrx_word' id='word_1_230' title='bbox 1020 3244 1073 3297; x_wconf 91' lang='lat' dir='ltr'><strong>in</strong></span> <span class='ocrx_word' id='word_1_231' title='bbox 1115 3243 1336 3314; x_wconf 83' lang='lat' dir='ltr'><strong>Libyam</strong></span> <span class='ocrx_word' id='word_1_232' title='bbox 1372 3244 1647 3309; x_wconf 85' lang='lat' dir='ltr'><strong>decrevit,</strong></span> <span class='ocrx_word' id='word_1_233' title='bbox 1700 3242 1874 3308; x_wconf 91' lang='lat' dir='ltr'><strong>bello,</strong></span> <span class='ocrx_word' id='word_1_234' title='bbox 1910 3240 2056 3312; x_wconf 89' lang='lat' dir='ltr'><strong>quod</strong></span> <span class='ocrx_word' id='word_1_235' title='bbox 2098 3242 2150 3295; x_wconf 90' lang='lat' dir='ltr'><strong>in</strong></span> <span class='ocrx_word' id='word_1_236' title='bbox 2178 3240 2350 3296; x_wconf 78' lang='lat' dir='ltr'><strong>Media</strong></span> 
     </span>
    </p>
   </div>
   <div class='ocr_carea' id='block_1_36' title="bbox 784 3330 2353 3404">
    <p class='ocr_par' dir='ltr' id='par_1_36' title="bbox 784 3330 2353 3404">
     <span class='ocr_line' id='line_1_36' title="bbox 784 3330 2353 3404; baseline -0.001 -16"><span class='ocrx_word' id='word_1_237' title='bbox 784 3346 896 3389; x_wconf 90' lang='lat' dir='ltr'><strong>tum</strong></span> <span class='ocrx_word' id='word_1_238' title='bbox 942 3334 1198 3404; x_wconf 84' lang='lat' dir='ltr'><strong>gerebat,</strong></span> <span class='ocrx_word' id='word_1_239' title='bbox 1249 3334 1541 3403; x_wconf 82' lang='lat' dir='ltr'><strong>dirempto,</strong></span> <span class='ocrx_word' id='word_1_240' title='bbox 1592 3340 1669 3399; x_wconf 89' lang='lat' dir='ltr'><strong>et,</strong></span> <span class='ocrx_word' id='word_1_241' title='bbox 1719 3342 1972 3387; x_wconf 87' lang='lat' dir='ltr'><strong>revocato</strong></span> <span class='ocrx_word' id='word_1_242' title='bbox 2015 3346 2083 3386; x_wconf 79' lang='lat' dir='ltr'><strong>ex</strong></span> <span class='ocrx_word' id='word_1_243' title='bbox 2130 3330 2353 3386; x_wconf 89' lang='lat' dir='ltr'><strong>Oriente</strong></span> 
     </span>
    </p>
   </div>
   <div class='ocr_carea' id='block_1_37' title="bbox 783 3419 2349 3489">
    <p class='ocr_par' dir='ltr' id='par_1_37' title="bbox 783 3419 2349 3489">
     <span class='ocr_line' id='line_1_37' title="bbox 783 3419 2349 3489; baseline -0.001 -11"><span class='ocrx_word' id='word_1_244' title='bbox 783 3423 1066 3489; x_wconf 88' lang='lat' dir='ltr'><strong>Belisario,</strong></span> <span class='ocrx_word' id='word_1_245' title='bbox 1093 3434 1342 3478; x_wconf 83' lang='lat' dir='ltr'><strong>senatum</strong></span> <span class='ocrx_word' id='word_1_246' title='bbox 1374 3438 1435 3480; x_wconf 84' lang='lat' dir='ltr'><strong>ea</strong></span> <span class='ocrx_word' id='word_1_247' title='bbox 1457 3419 1529 3478; x_wconf 86' lang='lat' dir='ltr'><strong>de</strong></span> <span class='ocrx_word' id='word_1_248' title='bbox 1560 3438 1619 3477; x_wconf 86' lang='lat' dir='ltr'><strong>re</strong></span> <span class='ocrx_word' id='word_1_249' title='bbox 1649 3424 1946 3478; x_wconf 89' lang='lat' dir='ltr'><strong>consuluit.</strong></span> <span class='ocrx_word' id='word_1_250' title='bbox 1978 3421 2211 3478; x_wconf 90' lang='lat' dir='ltr'><strong>Senatus</strong></span> <span class='ocrx_word' id='word_1_251' title='bbox 2237 3439 2349 3478; x_wconf 89' lang='lat' dir='ltr'><strong>rem</strong></span> 
     </span>
    </p>
   </div>
   <div class='ocr_carea' id='block_1_38' title="bbox 781 3515 2351 3586">
    <p class='ocr_par' dir='ltr' id='par_1_38' title="bbox 781 3515 2351 3586">
     <span class='ocr_line' id='line_1_38' title="bbox 781 3515 2351 3586; baseline -0.001 -13"><span class='ocrx_word' id='word_1_252' title='bbox 781 3515 1052 3573; x_wconf 81' lang='lat' dir='ltr'><strong>difficilem</strong></span> <span class='ocrx_word' id='word_1_253' title='bbox 1086 3525 1141 3571; x_wconf 88' lang='lat' dir='ltr'><strong>et</strong></span> <span class='ocrx_word' id='word_1_254' title='bbox 1173 3516 1535 3586; x_wconf 88' lang='lat' dir='ltr'><strong>periculosam</strong></span> <span class='ocrx_word' id='word_1_255' title='bbox 1583 3516 1822 3579; x_wconf 88' lang='lat' dir='ltr'><strong>censuit,</strong></span> <span class='ocrx_word' id='word_1_256' title='bbox 1858 3530 2120 3573; x_wconf 86' lang='lat' dir='ltr'><strong>revocans</strong></span> <span class='ocrx_word' id='word_1_257' title='bbox 2149 3518 2204 3570; x_wconf 91' lang='lat' dir='ltr'><strong>in</strong></span> <span class='ocrx_word' id='word_1_258' title='bbox 2242 3532 2351 3571; x_wconf 88' lang='lat' dir='ltr'><strong>me-</strong></span> 
     </span>
    </p>
   </div>
   <div class='ocr_carea' id='block_1_39' title="bbox 784 3608 2349 3680">
    <p class='ocr_par' dir='ltr' id='par_1_39' title="bbox 784 3608 2349 3680">
     <span class='ocr_line' id='line_1_39' title="bbox 784 3608 2349 3680; baseline -0.001 -16"><span class='ocrx_word' id='word_1_259' title='bbox 784 3613 1013 3665; x_wconf 88' lang='lat' dir='ltr'><strong>moriam</strong></span> <span class='ocrx_word' id='word_1_260' title='bbox 1056 3610 1485 3665; x_wconf 79' lang='lat' dir='ltr'><strong>infelicissimam</strong></span> <span class='ocrx_word' id='word_1_261' title='bbox 1537 3608 1735 3665; x_wconf 88' lang='lat' dir='ltr'><strong>Leonis</strong></span> <span class='ocrx_word' id='word_1_262' title='bbox 1768 3609 2116 3680; x_wconf 85' lang='lat' dir='ltr'><strong>imperatoris</strong></span> <span class='ocrx_word' id='word_1_263' title='bbox 2154 3608 2349 3664; x_wconf 87' lang='lat' dir='ltr'><strong>adver-</strong></span> 
     </span>
    </p>
   </div>
   <div class='ocr_carea' id='block_1_40' title="bbox 781 3702 2348 3773">
    <p class='ocr_par' dir='ltr' id='par_1_40' title="bbox 781 3702 2348 3773">
     <span class='ocr_line' id='line_1_40' title="bbox 781 3702 2348 3773; baseline 0 -16"><span class='ocrx_word' id='word_1_264' title='bbox 781 3718 876 3759; x_wconf 89' lang='lat' dir='ltr'><strong>sus</strong></span> <span class='ocrx_word' id='word_1_265' title='bbox 909 3702 1181 3759; x_wconf 79' lang='lat' dir='ltr'><strong>Vandalos</strong></span> <span class='ocrx_word' id='word_1_266' title='bbox 1213 3704 1455 3758; x_wconf 87' lang='lat' dir='ltr'><strong>navalem</strong></span> <span class='ocrx_word' id='word_1_267' title='bbox 1478 3703 1901 3773; x_wconf 80' lang='lat' dir='ltr'><strong>expeditionem,</strong></span> <span class='ocrx_word' id='word_1_268' title='bbox 1926 3712 2272 3773; x_wconf 88' lang='lat' dir='ltr'><strong>quantusque</strong></span> <span class='ocrx_word' id='word_1_269' title='bbox 2296 3703 2348 3757; x_wconf 90' lang='lat' dir='ltr'><strong>in</strong></span> 
     </span>
    </p>
   </div>
   <div class='ocr_carea' id='block_1_41' title="bbox 780 3793 2349 3864">
    <p class='ocr_par' dir='ltr' id='par_1_41' title="bbox 780 3793 2349 3864">
     <span class='ocr_line' id='line_1_41' title="bbox 780 3793 2349 3864; baseline 0 -15"><span class='ocrx_word' id='word_1_270' title='bbox 780 3811 845 3849; x_wconf 83' lang='lat' dir='ltr'><strong>ea</strong></span> <span class='ocrx_word' id='word_1_271' title='bbox 895 3793 1154 3850; x_wconf 88' lang='lat' dir='ltr'><strong>Basilisco</strong></span> <span class='ocrx_word' id='word_1_272' title='bbox 1185 3794 1323 3850; x_wconf 90' lang='lat' dir='ltr'><strong>duce</strong></span> <span class='ocrx_word' id='word_1_273' title='bbox 1369 3796 1601 3849; x_wconf 87' lang='lat' dir='ltr'><strong>militum</strong></span> <span class='ocrx_word' id='word_1_274' title='bbox 1640 3809 1901 3849; x_wconf 85' lang='lat' dir='ltr'><strong>numerus</strong></span> <span class='ocrx_word' id='word_1_275' title='bbox 1952 3793 2243 3864; x_wconf 87' lang='lat' dir='ltr'><strong>periisset,</strong></span> <span class='ocrx_word' id='word_1_276' title='bbox 2297 3804 2349 3849; x_wconf 89' lang='lat' dir='ltr'><strong>et</strong></span> 
     </span>
    </p>
   </div>
   <div class='ocr_carea' id='block_1_42' title="bbox 782 3884 2342 3959">
    <p class='ocr_par' dir='ltr' id='par_1_42' title="bbox 782 3884 2342 3959">
     <span class='ocr_line' id='line_1_42' title="bbox 782 3884 2342 3959; baseline 0.004 -22"><span class='ocrx_word' id='word_1_277' title='bbox 782 3895 986 3953; x_wconf 85' lang='lat' dir='ltr'><strong>quanta</strong></span> <span class='ocrx_word' id='word_1_278' title='bbox 1045 3887 1399 3957; x_wconf 85' lang='lat' dir='ltr'><strong>pecuniarum</strong></span> <span class='ocrx_word' id='word_1_279' title='bbox 1450 3886 1533 3942; x_wconf 84' lang='lat' dir='ltr'><strong>vis</strong></span> <span class='ocrx_word' id='word_1_280' title='bbox 1584 3887 1639 3941; x_wconf 93' lang='lat' dir='ltr'><strong>in</strong></span> <span class='ocrx_word' id='word_1_281' title='bbox 1687 3902 1751 3941; x_wconf 89' lang='lat' dir='ltr'><strong>ea</strong></span> <span class='ocrx_word' id='word_1_282' title='bbox 1796 3884 2001 3942; x_wconf 89' lang='lat' dir='ltr'><strong>frustra</strong></span> <span class='ocrx_word' id='word_1_283' title='bbox 2046 3887 2342 3959; x_wconf 87' lang='lat' dir='ltr'><strong>insumpta.</strong></span> 
     </span>
    </p>
   </div>
   <div class='ocr_carea' id='block_1_43' title="bbox 782 3978 2349 4050">
    <p class='ocr_par' dir='ltr' id='par_1_43' title="bbox 782 3978 2349 4050">
     <span class='ocr_line' id='line_1_43' title="bbox 782 3978 2349 4050; baseline 0.004 -21"><span class='ocrx_word' id='word_1_284' title='bbox 782 3979 963 4043; x_wconf 80' lang='lat' dir='ltr'><strong>Quare</strong></span> <span class='ocrx_word' id='word_1_285' title='bbox 1013 3993 1279 4049; x_wconf 82' lang='lat' dir='ltr'><strong>perpensa</strong></span> <span class='ocrx_word' id='word_1_286' title='bbox 1328 3978 1555 4047; x_wconf 88' lang='lat' dir='ltr'><strong>periculi</strong></span> <span class='ocrx_word' id='word_1_287' title='bbox 1604 3978 2006 4049; x_wconf 82' lang='lat' dir='ltr'><strong>magnitudine,</strong></span> <span class='ocrx_word' id='word_1_288' title='bbox 2058 3995 2126 4035; x_wconf 89' lang='lat' dir='ltr'><strong>ne</strong></span> <span class='ocrx_word' id='word_1_289' title='bbox 2169 3980 2349 4050; x_wconf 89' lang='lat' dir='ltr'><strong>ipsum</strong></span> 
     </span>
    </p>
   </div>
   <div class='ocr_carea' id='block_1_44' title="bbox 784 4070 2349 4146">
    <p class='ocr_par' dir='ltr' id='par_1_44' title="bbox 784 4070 2349 4146">
     <span class='ocr_line' id='line_1_44' title="bbox 784 4070 2349 4146; baseline 0.006 -24"><span class='ocrx_word' id='word_1_290' title='bbox 784 4070 1105 4126; x_wconf 82' lang='lat' dir='ltr'><strong>Belisarium</strong></span> <span class='ocrx_word' id='word_1_291' title='bbox 1138 4070 1347 4127; x_wconf 79' lang='lat' dir='ltr'><strong>navalis</strong></span> <span class='ocrx_word' id='word_1_292' title='bbox 1383 4071 1544 4141; x_wconf 84' lang='lat' dir='ltr'><strong>hujus</strong></span> <span class='ocrx_word' id='word_1_293' title='bbox 1571 4072 1936 4141; x_wconf 81' lang='lat' dir='ltr'><strong>expeditionis</strong></span> <span class='ocrx_word' id='word_1_294' title='bbox 1962 4073 2152 4129; x_wconf 90' lang='lat' dir='ltr'><strong>ducem</strong></span> <span class='ocrx_word' id='word_1_295' title='bbox 2181 4074 2349 4146; x_wconf 86' lang='lat' dir='ltr'><strong>elige-</strong></span> 
     </span>
    </p>
   </div>
   <div class='ocr_carea' id='block_1_45' title="bbox 784 4163 2348 4238">
    <p class='ocr_par' dir='ltr' id='par_1_45' title="bbox 784 4163 2348 4238">
     <span class='ocr_line' id='line_1_45' title="bbox 784 4163 2348 4238; baseline 0.004 -20"><span class='ocrx_word' id='word_1_296' title='bbox 784 4174 865 4220; x_wconf 88' lang='lat' dir='ltr'><strong>ret</strong></span> <span class='ocrx_word' id='word_1_297' title='bbox 895 4164 1208 4234; x_wconf 88' lang='lat' dir='ltr'><strong>imperator,</strong></span> <span class='ocrx_word' id='word_1_298' title='bbox 1244 4164 1575 4221; x_wconf 87' lang='lat' dir='ltr'><strong>metuebant.</strong></span> <span class='ocrx_word' id='word_1_299' title='bbox 1600 4163 1840 4222; x_wconf 84' lang='lat' dir='ltr'><strong>Joannes</strong></span> <span class='ocrx_word' id='word_1_300' title='bbox 1870 4178 2052 4222; x_wconf 89' lang='lat' dir='ltr'><strong>autem</strong></span> <span class='ocrx_word' id='word_1_301' title='bbox 2085 4169 2348 4238; x_wconf 89' lang='lat' dir='ltr'><strong>patricius</strong></span> 
     </span>
    </p>
   </div>
   <div class='ocr_carea' id='block_1_46' title="bbox 783 4256 2347 4330">
    <p class='ocr_par' dir='ltr' id='par_1_46' title="bbox 783 4256 2347 4330">
     <span class='ocr_line' id='line_1_46' title="bbox 783 4256 2347 4330; baseline 0.004 -19"><span class='ocrx_word' id='word_1_302' title='bbox 783 4258 838 4311; x_wconf 89' lang='lat' dir='ltr'><strong>in</strong></span> <span class='ocrx_word' id='word_1_303' title='bbox 863 4256 1100 4309; x_wconf 89' lang='lat' dir='ltr'><strong>medium</strong></span> <span class='ocrx_word' id='word_1_304' title='bbox 1123 4256 1457 4310; x_wconf 86' lang='lat' dir='ltr'><strong>descendens</strong></span> <span class='ocrx_word' id='word_1_305' title='bbox 1478 4257 1779 4314; x_wconf 87' lang='lat' dir='ltr'><strong>orationem</strong></span> <span class='ocrx_word' id='word_1_306' title='bbox 1800 4257 2116 4330; x_wconf 88' lang='lat' dir='ltr'><strong>hujusmodi</strong></span> <span class='ocrx_word' id='word_1_307' title='bbox 2137 4260 2347 4317; x_wconf 87' lang='lat' dir='ltr'><strong>habuit:</strong></span> 
     </span>
    </p>
   </div>
   <div class='ocr_carea' id='block_1_47' title="bbox 781 4348 2351 4423">
    <p class='ocr_par' dir='ltr' id='par_1_47' title="bbox 781 4348 2351 4423">
     <span class='ocr_line' id='line_1_47' title="bbox 781 4348 2351 4423; baseline 0.004 -20"><span class='ocrx_word' id='word_1_308' title='bbox 781 4352 888 4404; x_wconf 75' lang='lat' dir='ltr'><strong>Nos</strong></span> <span class='ocrx_word' id='word_1_309' title='bbox 919 4348 1147 4420; x_wconf 82' lang='lat' dir='ltr'><strong>quidem,</strong></span> <span class='ocrx_word' id='word_1_310' title='bbox 1198 4365 1227 4402; x_wconf 95' lang='lat' dir='ltr'><strong>o</strong></span> <span class='ocrx_word' id='word_1_311' title='bbox 1252 4349 1486 4412; x_wconf 87' lang='lat' dir='ltr'><strong>domine,</strong></span> <span class='ocrx_word' id='word_1_312' title='bbox 1511 4350 1679 4419; x_wconf 86' lang='lat' dir='ltr'><strong>jussis</strong></span> <span class='ocrx_word' id='word_1_313' title='bbox 1704 4350 1807 4406; x_wconf 89' lang='lat' dir='ltr'><strong>tuis</strong></span> <span class='ocrx_word' id='word_1_314' title='bbox 1828 4352 2125 4420; x_wconf 81' lang='lat' dir='ltr'><strong>parebimus</strong></span> <span class='ocrx_word' id='word_1_315' title='bbox 2147 4396 2161 4420; x_wconf 92' lang='lat'><strong>,</strong></span> <span class='ocrx_word' id='word_1_316' title='bbox 2188 4370 2351 4423; x_wconf 80' lang='lat' dir='ltr'><strong>neque</strong></span> 
     </span>
    </p>
   </div>
   <div class='ocr_carea' id='block_1_48' title="bbox 781 4443 2348 4515">
    <p class='ocr_par' dir='ltr' id='par_1_48' title="bbox 781 4443 2348 4515">
     <span class='ocr_line' id='line_1_48' title="bbox 781 4443 2348 4515; baseline 0.001 -18"><span class='ocrx_word' id='word_1_317' title='bbox 781 4445 912 4511; x_wconf 86' lang='lat' dir='ltr'><strong>ipsis</strong></span> <span class='ocrx_word' id='word_1_318' title='bbox 947 4443 1194 4497; x_wconf 86' lang='lat' dir='ltr'><strong>obsistere</strong></span> <span class='ocrx_word' id='word_1_319' title='bbox 1227 4443 1503 4497; x_wconf 83' lang='lat' dir='ltr'><strong>consilium</strong></span> <span class='ocrx_word' id='word_1_320' title='bbox 1555 4459 1788 4512; x_wconf 87' lang='lat' dir='ltr'><strong>unquam</strong></span> <span class='ocrx_word' id='word_1_321' title='bbox 1829 4445 1927 4514; x_wconf 75' lang='lat' dir='ltr'><strong>fuit</strong></span> <span class='ocrx_word' id='word_1_322' title='bbox 1960 4461 1978 4499; x_wconf 92' lang='lat'><strong><em>:</em></strong></span> <span class='ocrx_word' id='word_1_323' title='bbox 2016 4460 2223 4515; x_wconf 64' lang='lat' dir='ltr'><strong>aequum</strong></span> <span class='ocrx_word' id='word_1_324' title='bbox 2262 4454 2348 4500; x_wconf 90' lang='lat' dir='ltr'><strong>ta-</strong></span> 
     </span>
    </p>
   </div>
   <div class='ocr_carea' id='block_1_49' title="bbox 781 4517 2531 4603">
    <p class='ocr_par' dir='ltr' id='par_1_49' title="bbox 781 4517 2531 4603">
     <span class='ocr_line' id='line_1_49' title="bbox 781 4517 2531 4603; baseline 0 -17"><span class='ocrx_word' id='word_1_325' title='bbox 781 4552 897 4588; x_wconf 81' lang='lat' dir='ltr'><strong>men</strong></span> <span class='ocrx_word' id='word_1_326' title='bbox 936 4544 1034 4596; x_wconf 79' lang='lat' dir='ltr'><strong>est,</strong></span> <span class='ocrx_word' id='word_1_327' title='bbox 1080 4536 1389 4588; x_wconf 82' lang='lat' dir='ltr'><strong>immensam</strong></span> <span class='ocrx_word' id='word_1_328' title='bbox 1442 4534 1539 4588; x_wconf 75' lang='lat' dir='ltr'><strong>vite</strong></span> <span class='ocrx_word' id='word_1_329' title='bbox 1580 4533 1977 4603; x_wconf 81' lang='lat' dir='ltr'><strong>longitudinem,</strong></span> <span class='ocrx_word' id='word_1_330' title='bbox 2020 4545 2222 4603; x_wconf 85' lang='lat' dir='ltr'><strong>quanta</strong></span> <span class='ocrx_word' id='word_1_331' title='bbox 2260 4537 2347 4589; x_wconf 87' lang='lat' dir='ltr'><strong>ni-</strong></span> <span class='ocrx_word' id='word_1_332' title='bbox 2374 4517 2427 4576; x_wconf 82' lang='lat' dir='ltr'><strong>D</strong></span> <span class='ocrx_word' id='word_1_333' title='bbox 2451 4532 2531 4603; x_wconf 83' lang='grc' dir='ltr'><strong>δβ</strong></span> 
     </span>
    </p>
   </div>
   <div class='ocr_carea' id='block_1_50' title="bbox 2271 4517 4021 4603">
    <p class='ocr_par' dir='ltr' id='par_1_50' title="bbox 2271 4517 4021 4603">
     <span class='ocr_line' id='line_1_50' title="bbox 2271 4517 4021 4603; baseline -0.003 -14"><span class='ocrx_word' id='word_1_334' title='bbox 2271 4537 2347 4589; x_wconf 74' lang='lat' dir='ltr'><strong>ni-</strong></span> <span class='ocrx_word' id='word_1_335' title='bbox 2374 4517 2427 4576; x_wconf 82' lang='lat' dir='ltr'><strong>D</strong></span> <span class='ocrx_word' id='word_1_336' title='bbox 2451 4535 2480 4586; x_wconf 85' lang='grc' dir='ltr'><strong>δ</strong></span> <span class='ocrx_word' id='word_1_337' title='bbox 2506 4532 2758 4603; x_wconf 69' lang='grc' dir='ltr'>βασιλεὺς</span> <span class='ocrx_word' id='word_1_338' title='bbox 2803 4530 3043 4594; x_wconf 84' lang='grc' dir='ltr'>ἀκούσας</span> <span class='ocrx_word' id='word_1_339' title='bbox 3096 4530 3348 4600; x_wconf 73' lang='grc' dir='ltr'><strong>κατέχειν</strong></span> <span class='ocrx_word' id='word_1_340' title='bbox 3391 4530 3491 4602; x_wconf 80' lang='grc' dir='ltr'>τὴν</span> <span class='ocrx_word' id='word_1_341' title='bbox 3522 4531 3758 4584; x_wconf 76' lang='grc' dir='ltr'>διάνοιαν</span> <span class='ocrx_word' id='word_1_342' title='bbox 3799 4533 3896 4584; x_wconf 67' lang='grc' dir='ltr'><strong>οὐκ</strong></span> <span class='ocrx_word' id='word_1_343' title='bbox 3944 4532 4021 4584; x_wconf 77' lang='grc' dir='ltr'>ἔτι</span> 
     </span>
    </p>
   </div>
   <div class='ocr_carea' id='block_1_51' title="bbox 783 4627 2344 4697">
    <p class='ocr_par' dir='ltr' id='par_1_51' title="bbox 783 4627 2344 4697">
     <span class='ocr_line' id='line_1_51' title="bbox 783 4627 2344 4697; baseline 0.003 -18"><span class='ocrx_word' id='word_1_344' title='bbox 783 4633 972 4681; x_wconf 84' lang='lat' dir='ltr'><strong>mirum</strong></span> <span class='ocrx_word' id='word_1_345' title='bbox 1028 4629 1191 4679; x_wconf 89' lang='lat' dir='ltr'><strong>maris</strong></span> <span class='ocrx_word' id='word_1_346' title='bbox 1236 4627 1432 4692; x_wconf 85' lang='lat' dir='ltr'><strong>spatia,</strong></span> <span class='ocrx_word' id='word_1_347' title='bbox 1483 4638 1531 4679; x_wconf 90' lang='lat' dir='ltr'><strong>et</strong></span> <span class='ocrx_word' id='word_1_348' title='bbox 1573 4643 1732 4697; x_wconf 86' lang='lat' dir='ltr'><strong>quam</strong></span> <span class='ocrx_word' id='word_1_349' title='bbox 1776 4643 2027 4697; x_wconf 87' lang='lat' dir='ltr'><strong>magnum</strong></span> <span class='ocrx_word' id='word_1_350' title='bbox 2079 4630 2344 4684; x_wconf 83' lang='lat' dir='ltr'><strong>terrestris</strong></span> 
     </span>
    </p>
   </div>
   <div class='ocr_carea' id='block_1_52' title="bbox 781 4718 2343 4789">
    <p class='ocr_par' dir='ltr' id='par_1_52' title="bbox 781 4718 2343 4789">
     <span class='ocr_line' id='line_1_52' title="bbox 781 4718 2343 4789; baseline 0.003 -20"><span class='ocrx_word' id='word_1_351' title='bbox 781 4718 985 4770; x_wconf 83' lang='lat' dir='ltr'><strong>itineris</strong></span> <span class='ocrx_word' id='word_1_352' title='bbox 1016 4718 1369 4783; x_wconf 72' lang='lat' dir='ltr'><strong>intervallum,</strong></span> <span class='ocrx_word' id='word_1_353' title='bbox 1409 4719 1546 4787; x_wconf 85' lang='lat' dir='ltr'><strong>quod</strong></span> <span class='ocrx_word' id='word_1_354' title='bbox 1568 4733 1658 4785; x_wconf 88' lang='lat' dir='ltr'><strong>per</strong></span> <span class='ocrx_word' id='word_1_355' title='bbox 1680 4728 1886 4772; x_wconf 83' lang='lat' dir='ltr'><strong>centum</strong></span> <span class='ocrx_word' id='word_1_356' title='bbox 1908 4728 1958 4773; x_wconf 79' lang='lat' dir='ltr'><strong>et</strong></span> <span class='ocrx_word' id='word_1_357' title='bbox 1989 4719 2343 4789; x_wconf 82' lang='lat' dir='ltr'><strong>quadraginta</strong></span> 
     </span>
    </p>
   </div>
   <div class='ocr_carea' id='block_1_53' title="bbox 782 4808 2342 4878">
    <p class='ocr_par' dir='ltr' id='par_1_53' title="bbox 782 4808 2342 4878">
     <span class='ocr_line' id='line_1_53' title="bbox 782 4808 2342 4878; baseline 0.002 -17"><span class='ocrx_word' id='word_1_358' title='bbox 782 4812 889 4862; x_wconf 77' lang='lat' dir='ltr'><strong>dics</strong></span> <span class='ocrx_word' id='word_1_359' title='bbox 934 4810 1019 4861; x_wconf 75' lang='lat' dir='ltr'><strong>vix</strong></span> <span class='ocrx_word' id='word_1_360' title='bbox 1062 4808 1246 4875; x_wconf 83' lang='lat' dir='ltr'><strong>conﬁci</strong></span> <span class='ocrx_word' id='word_1_361' title='bbox 1292 4810 1477 4874; x_wconf 71' lang='lat' dir='ltr'><strong>possit,</strong></span> <span class='ocrx_word' id='word_1_362' title='bbox 1518 4818 1771 4878; x_wconf 77' lang='lat' dir='ltr'><strong>prwterea</strong></span> <span class='ocrx_word' id='word_1_363' title='bbox 1820 4825 1978 4878; x_wconf 85' lang='lat' dir='ltr'><strong>quam</strong></span> <span class='ocrx_word' id='word_1_364' title='bbox 2022 4810 2088 4863; x_wconf 86' lang='lat' dir='ltr'><strong>sit</strong></span> <span class='ocrx_word' id='word_1_365' title='bbox 2140 4812 2342 4865; x_wconf 86' lang='lat' dir='ltr'><strong>incerta</strong></span> 
     </span>
    </p>
   </div>
   <div class='ocr_carea' id='block_1_54' title="bbox 784 4898 2343 4967">
    <p class='ocr_par' dir='ltr' id='par_1_54' title="bbox 784 4898 2343 4967">
     <span class='ocr_line' id='line_1_54' title="bbox 784 4898 2343 4967; baseline 0.002 -17"><span class='ocrx_word' id='word_1_366' title='bbox 784 4900 904 4951; x_wconf 79' lang='lat' dir='ltr'><strong>belli</strong></span> <span class='ocrx_word' id='word_1_367' title='bbox 944 4898 1155 4952; x_wconf 83' lang='lat' dir='ltr'><strong>ineundi</strong></span> <span class='ocrx_word' id='word_1_368' title='bbox 1202 4899 1458 4962; x_wconf 71' lang='lat' dir='ltr'><strong>uictoria,</strong></span> <span class='ocrx_word' id='word_1_369' title='bbox 1502 4898 1639 4951; x_wconf 84' lang='lat' dir='ltr'><strong>vinci</strong></span> <span class='ocrx_word' id='word_1_370' title='bbox 1684 4910 1857 4952; x_wconf 78' lang='lat' dir='ltr'><strong>autem</strong></span> <span class='ocrx_word' id='word_1_371' title='bbox 1899 4915 2056 4967; x_wconf 84' lang='lat' dir='ltr'><strong>quam</strong></span> <span class='ocrx_word' id='word_1_372' title='bbox 2095 4902 2343 4955; x_wconf 86' lang='lat' dir='ltr'><strong>miserum</strong></span> 
     </span>
    </p>
   </div>
   <div class='ocr_carea' id='block_1_55' title="bbox 2475 575 4055 658">
    <p class='ocr_par' dir='ltr' id='par_1_55' title="bbox 2475 575 4055 658">
     <span class='ocr_line' id='line_1_55' title="bbox 2475 575 4055 658; baseline 0.009 -32"><span class='ocrx_word' id='word_1_373' title='bbox 2475 575 2689 644; x_wconf 77' lang='grc' dir='ltr'>ἐπεμπέ</span> <span class='ocrx_word' id='word_1_374' title='bbox 2725 594 2784 629; x_wconf 87' lang='grc' dir='ltr'><strong>τε</strong></span> <span class='ocrx_word' id='word_1_375' title='bbox 2811 579 2903 631; x_wconf 67' lang='grc' dir='ltr'>καὶ</span> <span class='ocrx_word' id='word_1_376' title='bbox 2932 578 3144 649; x_wconf 84' lang='grc' dir='ltr'>ἐδέχετο</span> <span class='ocrx_word' id='word_1_377' title='bbox 3166 582 3295 650; x_wconf 84' lang='grc' dir='ltr'>παρ’</span> <span class='ocrx_word' id='word_1_378' title='bbox 3317 582 3482 636; x_wconf 81' lang='grc' dir='ltr'>αὑτοῦ</span> <span class='ocrx_word' id='word_1_379' title='bbox 3508 585 3608 653; x_wconf 73' lang='grc' dir='ltr'>τὴν</span> <span class='ocrx_word' id='word_1_380' title='bbox 3629 584 3675 617; x_wconf 76' lang='grc'><strong>⁷⁸</strong></span> <span class='ocrx_word' id='word_1_381' title='bbox 3707 584 3887 654; x_wconf 72' lang='grc' dir='ltr'>φιλίαν</span> <span class='ocrx_word' id='word_1_382' title='bbox 3918 604 4055 658; x_wconf 84' lang='grc' dir='ltr'>κρα-</span> 
     </span>
    </p>
   </div>
   <div class='ocr_carea' id='block_1_56' title="bbox 2474 663 4060 745">
    <p class='ocr_par' dir='ltr' id='par_1_56' title="bbox 2474 663 4060 745">
     <span class='ocr_line' id='line_1_56' title="bbox 2474 663 4060 745; baseline 0.009 -26"><span class='ocrx_word' id='word_1_383' title='bbox 2474 667 2671 723; x_wconf 86' lang='grc' dir='ltr'>τύνων.</span> <span class='ocrx_word' id='word_1_384' title='bbox 2709 663 2817 721; x_wconf 77' lang='grc' dir='ltr'><strong>Ἦν</strong></span> <span class='ocrx_word' id='word_1_385' title='bbox 2838 670 2895 723; x_wconf 86' lang='grc' dir='ltr'><em>δέ</em></span> <span class='ocrx_word' id='word_1_386' title='bbox 2925 688 3007 734; x_wconf 87' lang='grc' dir='ltr'><strong>τις</strong></span> <span class='ocrx_word' id='word_1_387' title='bbox 3036 672 3222 725; x_wconf 84' lang='grc' dir='ltr'>τούτου</span> <span class='ocrx_word' id='word_1_388' title='bbox 3256 674 3521 745; x_wconf 83' lang='grc' dir='ltr'>συγγενὴς</span> <span class='ocrx_word' id='word_1_389' title='bbox 3538 677 3601 729; x_wconf 80' lang='grc' dir='ltr'>ὲκ</span> <span class='ocrx_word' id='word_1_390' title='bbox 3636 676 3728 729; x_wconf 77' lang='grc' dir='ltr'>τοῦ</span> <span class='ocrx_word' id='word_1_391' title='bbox 3751 678 3942 745; x_wconf 78' lang='grc' dir='ltr'><strong>γένους</strong></span> <span class='ocrx_word' id='word_1_392' title='bbox 3969 680 4060 733; x_wconf 75' lang='grc' dir='ltr'><strong>Γιο</strong></span> 
     </span>
    </p>
   </div>
   <div class='ocr_carea' id='block_1_57' title="bbox 2476 759 4053 836">
    <p class='ocr_par' dir='ltr' id='par_1_57' title="bbox 2476 759 4053 836">
     <span class='ocr_line' id='line_1_57' title="bbox 2476 759 4053 836; baseline 0.01 -27"><span class='ocrx_word' id='word_1_393' title='bbox 2476 759 2714 829; x_wconf 75' lang='grc' dir='ltr'>ζερίχου,</span> <span class='ocrx_word' id='word_1_394' title='bbox 2739 761 2969 832; x_wconf 78' lang='grc' dir='ltr'>Γελίμερ</span> <span class='ocrx_word' id='word_1_395' title='bbox 2998 763 3244 833; x_wconf 74' lang='grc' dir='ltr'>ὀνόματι,</span> <span class='ocrx_word' id='word_1_396' title='bbox 3299 766 3437 836; x_wconf 81' lang='grc' dir='ltr'>ἀνὴρ</span> <span class='ocrx_word' id='word_1_397' title='bbox 3472 768 3644 831; x_wconf 64' lang='grc' dir='ltr'>δεινος</span> <span class='ocrx_word' id='word_1_398' title='bbox 3680 770 3727 799; x_wconf 85' lang='grc'><strong>⁷³</strong></span> <span class='ocrx_word' id='word_1_399' title='bbox 3756 772 3847 823; x_wconf 75' lang='grc' dir='ltr'><strong>καὶ</strong></span> <span class='ocrx_word' id='word_1_400' title='bbox 3886 787 4053 824; x_wconf 86' lang='grc' dir='ltr'>κακο-</span> 
     </span>
    </p>
   </div>
   <div class='ocr_carea' id='block_1_58' title="bbox 2474 850 4056 930">
    <p class='ocr_par' dir='ltr' id='par_1_58' title="bbox 2474 850 4056 930">
     <span class='ocr_line' id='line_1_58' title="bbox 2474 850 4056 930; baseline 0.009 -27"><span class='ocrx_word' id='word_1_401' title='bbox 2474 850 2629 920; x_wconf 72' lang='grc' dir='ltr'>ήθης,</span> <span class='ocrx_word' id='word_1_402' title='bbox 2663 853 2755 903; x_wconf 77' lang='grc' dir='ltr'><strong>καὶ</strong></span> <span class='ocrx_word' id='word_1_403' title='bbox 2810 854 3100 924; x_wconf 75' lang='grc' dir='ltr'>πράγμασι</span> <span class='ocrx_word' id='word_1_404' title='bbox 3130 856 3417 927; x_wconf 78' lang='grc' dir='ltr'><strong>νεωτέροις</strong></span> <span class='ocrx_word' id='word_1_405' title='bbox 3468 860 3561 911; x_wconf 73' lang='grc' dir='ltr'><strong>καὶ</strong></span> <span class='ocrx_word' id='word_1_406' title='bbox 3592 861 3870 930; x_wconf 76' lang='grc' dir='ltr'>χρήμασιν</span> <span class='ocrx_word' id='word_1_407' title='bbox 3902 862 4056 916; x_wconf 84' lang='grc' dir='ltr'>ἀλλο-</span> 
     </span>
    </p>
   </div>
   <div class='ocr_carea' id='block_1_59' title="bbox 2473 944 4055 1026">
    <p class='ocr_par' dir='ltr' id='par_1_59' title="bbox 2473 944 4055 1026">
     <span class='ocr_line' id='line_1_59' title="bbox 2473 944 4055 1026; baseline 0.009 -31"><span class='ocrx_word' id='word_1_408' title='bbox 2473 944 2643 1013; x_wconf 78' lang='grc' dir='ltr'>τρίοις</span> <span class='ocrx_word' id='word_1_409' title='bbox 2676 946 3012 999; x_wconf 76' lang='grc' dir='ltr'><strong>ἐπιτίθεσθαι</strong></span> <span class='ocrx_word' id='word_1_410' title='bbox 3058 948 3440 1018; x_wconf 73' lang='grc' dir='ltr'>ἐπιστάμενος.</span> <span class='ocrx_word' id='word_1_411' title='bbox 3493 946 3661 1016; x_wconf 70' lang='grc' dir='ltr'>Οὗτος</span> <span class='ocrx_word' id='word_1_412' title='bbox 3712 956 4055 1026; x_wconf 67' lang='grc' dir='ltr'>τυραννήσας</span> 
     </span>
    </p>
   </div>
   <div class='ocr_carea' id='block_1_60' title="bbox 2471 1036 4051 1117">
    <p class='ocr_par' dir='ltr' id='par_1_60' title="bbox 2471 1036 4051 1117">
     <span class='ocr_line' id='line_1_60' title="bbox 2471 1036 4051 1117; baseline 0.008 -30"><span class='ocrx_word' id='word_1_413' title='bbox 2471 1036 2610 1088; x_wconf 76' lang='grc' dir='ltr'>κατᾶ</span> <span class='ocrx_word' id='word_1_414' title='bbox 2647 1036 2741 1090; x_wconf 77' lang='grc' dir='ltr'>τοῦ</span> <span class='ocrx_word' id='word_1_415' title='bbox 2773 1038 2904 1091; x_wconf 79' lang='grc' dir='ltr'>ἰδίου</span> <span class='ocrx_word' id='word_1_416' title='bbox 2933 1038 3191 1093; x_wconf 76' lang='grc' dir='ltr'><strong>δεσπότου</strong></span> <span class='ocrx_word' id='word_1_417' title='bbox 3222 1042 3514 1113; x_wconf 80' lang='grc' dir='ltr'>Ἰλδερίχον</span> <span class='ocrx_word' id='word_1_418' title='bbox 3565 1046 3861 1099; x_wconf 74' lang='grc' dir='ltr'><strong>ἑπταετίαν</strong></span> <span class='ocrx_word' id='word_1_419' title='bbox 3892 1047 4051 1117; x_wconf 82' lang='grc' dir='ltr'>βασι-</span> 
     </span>
    </p>
   </div>
   <div class='ocr_carea' id='block_1_61' title="bbox 2472 1127 4051 1207">
    <p class='ocr_par' dir='ltr' id='par_1_61' title="bbox 2472 1127 4051 1207">
     <span class='ocr_line' id='line_1_61' title="bbox 2472 1127 4051 1207; baseline 0.009 -29"><span class='ocrx_word' id='word_1_420' title='bbox 2472 1127 2759 1192; x_wconf 86' lang='grc' dir='ltr'>λεύσαντος</span> <span class='ocrx_word' id='word_1_421' title='bbox 2782 1130 2849 1195; x_wconf 77' lang='grc'><strong>⁷⁸,</strong></span> <span class='ocrx_word' id='word_1_422' title='bbox 2875 1130 3061 1184; x_wconf 76' lang='grc' dir='ltr'>τοῦτον</span> <span class='ocrx_word' id='word_1_423' title='bbox 3092 1136 3390 1203; x_wconf 74' lang='grc' dir='ltr'><strong>κρατήσας,</strong></span> <span class='ocrx_word' id='word_1_424' title='bbox 3429 1138 3509 1199; x_wconf 82' lang='grc' dir='ltr'><strong>είς</strong></span> <span class='ocrx_word' id='word_1_425' title='bbox 3536 1136 3781 1207; x_wconf 77' lang='grc' dir='ltr'>φυλακὴν</span> <span class='ocrx_word' id='word_1_426' title='bbox 3822 1138 4051 1192; x_wconf 78' lang='grc' dir='ltr'>ἀπέθετο</span> 
     </span>
    </p>
   </div>
   <div class='ocr_carea' id='block_1_62' title="bbox 2473 1219 4049 1296">
    <p class='ocr_par' dir='ltr' id='par_1_62' title="bbox 2473 1219 4049 1296">
     <span class='ocr_line' id='line_1_62' title="bbox 2473 1219 4049 1296; baseline 0.008 -27"><span class='ocrx_word' id='word_1_427' title='bbox 2473 1219 2566 1271; x_wconf 75' lang='grc' dir='ltr'>σὺν</span> <span class='ocrx_word' id='word_1_428' title='bbox 2592 1221 2658 1289; x_wconf 81' lang='grc' dir='ltr'>τῇ</span> <span class='ocrx_word' id='word_1_429' title='bbox 2688 1221 2907 1287; x_wconf 76' lang='grc' dir='ltr'>γυναικὶ</span> <span class='ocrx_word' id='word_1_430' title='bbox 2937 1222 3317 1296; x_wconf 73' lang='grc' dir='ltr'>Ἀμαλαφρίδῃ</span> <span class='ocrx_word' id='word_1_431' title='bbox 3340 1266 3353 1290; x_wconf 89' lang='grc'><strong>,</strong></span> <span class='ocrx_word' id='word_1_432' title='bbox 3402 1226 3496 1278; x_wconf 72' lang='grc' dir='ltr'>καὶ</span> <span class='ocrx_word' id='word_1_433' title='bbox 3546 1227 3671 1289; x_wconf 77' lang='grc' dir='ltr'>τοὺς</span> <span class='ocrx_word' id='word_1_434' title='bbox 3710 1227 3940 1291; x_wconf 74' lang='grc' dir='ltr'>Γότθους</span> <span class='ocrx_word' id='word_1_435' title='bbox 3968 1229 4049 1281; x_wconf 87' lang='grc' dir='ltr'>δι-</span> 
     </span>
    </p>
   </div>
   <div class='ocr_carea' id='block_1_63' title="bbox 2469 1310 4049 1390">
    <p class='ocr_par' dir='ltr' id='par_1_63' title="bbox 2469 1310 4049 1390">
     <span class='ocr_line' id='line_1_63' title="bbox 2469 1310 4049 1390; baseline 0.008 -28"><span class='ocrx_word' id='word_1_436' title='bbox 2469 1310 2720 1381; x_wconf 81' lang='grc' dir='ltr'>έφθειρεν</span> <span class='ocrx_word' id='word_1_437' title='bbox 2744 1311 3009 1380; x_wconf 78' lang='grc' dir='ltr'>ἅπαντας,</span> <span class='ocrx_word' id='word_1_438' title='bbox 3038 1315 3129 1367; x_wconf 73' lang='grc' dir='ltr'><strong>καὶ</strong></span> <span class='ocrx_word' id='word_1_439' title='bbox 3158 1317 3377 1387; x_wconf 79' lang='grc' dir='ltr'>Ἀμερα</span> <span class='ocrx_word' id='word_1_440' title='bbox 3400 1319 3492 1372; x_wconf 72' lang='grc' dir='ltr'>καὶ</span> <span class='ocrx_word' id='word_1_441' title='bbox 3517 1318 3607 1371; x_wconf 72' lang='grc' dir='ltr'><strong>τὸν</strong></span> <span class='ocrx_word' id='word_1_442' title='bbox 3637 1320 3800 1373; x_wconf 75' lang='grc' dir='ltr'>αὑτοῦ</span> <span class='ocrx_word' id='word_1_443' title='bbox 3825 1321 4049 1390; x_wconf 59' lang='grc' dir='ltr'>ἁδελςςὸν</span> 
     </span>
    </p>
   </div>
   <div class='ocr_carea' id='block_1_64' title="bbox 2469 1390 4049 1482">
    <p class='ocr_par' dir='ltr' id='par_1_64' title="bbox 2469 1390 4049 1482">
     <span class='ocr_line' id='line_1_64' title="bbox 2469 1390 4049 1482; baseline 0.007 -28"><span class='ocrx_word' id='word_1_444' title='bbox 2469 1402 2750 1474; x_wconf 78' lang='grc' dir='ltr'>Εὑαγέτην</span> <span class='ocrx_word' id='word_1_445' title='bbox 2780 1404 2823 1435; x_wconf 84' lang='grc'><strong>⁷⁸</strong></span> <span class='ocrx_word' id='word_1_446' title='bbox 2854 1406 2912 1456; x_wconf 76' lang='grc' dir='ltr'>ἐν</span> <span class='ocrx_word' id='word_1_447' title='bbox 2968 1390 3181 1479; x_wconf 55' lang='grc' dir='ltr'>(βολακῇ</span> <span class='ocrx_word' id='word_1_448' title='bbox 3226 1408 3404 1478; x_wconf 75' lang='grc' dir='ltr'>ἔσχεν.</span> <span class='ocrx_word' id='word_1_449' title='bbox 3435 1410 3729 1481; x_wconf 70' lang='grc' dir='ltr'>Ἐπαρθεὶς</span> <span class='ocrx_word' id='word_1_450' title='bbox 3755 1412 3810 1465; x_wconf 75' lang='grc' dir='ltr'>δὲ</span> <span class='ocrx_word' id='word_1_451' title='bbox 3842 1416 3905 1482; x_wconf 80' lang='grc' dir='ltr'>τῇ</span> <span class='ocrx_word' id='word_1_452' title='bbox 3958 1432 4049 1467; x_wconf 82' lang='grc' dir='ltr'><strong>τυ-</strong></span> 
     </span>
    </p>
   </div>
   <div class='ocr_carea' id='block_1_65' title="bbox 2469 1495 4045 1574">
    <p class='ocr_par' dir='ltr' id='par_1_65' title="bbox 2469 1495 4045 1574">
     <span class='ocr_line' id='line_1_65' title="bbox 2469 1495 4045 1574; baseline 0.006 -24"><span class='ocrx_word' id='word_1_453' title='bbox 2469 1495 2699 1565; x_wconf 84' lang='grc' dir='ltr'>ραννίδι,</span> <span class='ocrx_word' id='word_1_454' title='bbox 2747 1497 2847 1551; x_wconf 82' lang='grc' dir='ltr'><strong>οὐκ</strong></span> <span class='ocrx_word' id='word_1_455' title='bbox 2898 1498 3127 1570; x_wconf 77' lang='grc' dir='ltr'>ἠδύνατο</span> <span class='ocrx_word' id='word_1_456' title='bbox 3183 1503 3240 1553; x_wconf 82' lang='grc' dir='ltr'><strong>ἐν</strong></span> <span class='ocrx_word' id='word_1_457' title='bbox 3283 1501 3360 1570; x_wconf 84' lang='grc' dir='ltr'><strong>τῷ</strong></span> <span class='ocrx_word' id='word_1_458' title='bbox 3417 1502 3716 1556; x_wconf 75' lang='grc' dir='ltr'><strong>καθεστῶτι</strong></span> <span class='ocrx_word' id='word_1_459' title='bbox 3760 1504 4045 1574; x_wconf 77' lang='grc' dir='ltr'><strong>βιοτεύειν.</strong></span> 
     </span>
    </p>
   </div>
   <div class='ocr_carea' id='block_1_66' title="bbox 2466 1584 4047 1663">
    <p class='ocr_par' dir='ltr' id='par_1_66' title="bbox 2466 1584 4047 1663">
     <span class='ocr_line' id='line_1_66' title="bbox 2466 1584 4047 1663; baseline 0.007 -26"><span class='ocrx_word' id='word_1_460' title='bbox 2466 1584 2675 1655; x_wconf 62' lang='grc' dir='ltr'>Γράψει</span> <span class='ocrx_word' id='word_1_461' title='bbox 2714 1586 2893 1639; x_wconf 84' lang='grc' dir='ltr'>τοίνυν</span> <span class='ocrx_word' id='word_1_462' title='bbox 2922 1588 3058 1659; x_wconf 78' lang='grc' dir='ltr'>πρὸς</span> <span class='ocrx_word' id='word_1_463' title='bbox 3088 1588 3309 1656; x_wconf 80' lang='grc' dir='ltr'>βασιλέα</span> <span class='ocrx_word' id='word_1_464' title='bbox 3346 1591 3723 1645; x_wconf 82' lang='grc' dir='ltr'>Ίουστινιανὸν</span> <span class='ocrx_word' id='word_1_465' title='bbox 3751 1595 4047 1663; x_wconf 81' lang='grc' dir='ltr'>ἀπολογού-</span> 
     </span>
    </p>
   </div>
   <div class='ocr_carea' id='block_1_67' title="bbox 2469 1677 4043 1754">
    <p class='ocr_par' dir='ltr' id='par_1_67' title="bbox 2469 1677 4043 1754">
     <span class='ocr_line' id='line_1_67' title="bbox 2469 1677 4043 1754; baseline 0.008 -27"><span class='ocrx_word' id='word_1_466' title='bbox 2469 1692 2648 1745; x_wconf 87' lang='grc' dir='ltr'>μενος,</span> <span class='ocrx_word' id='word_1_467' title='bbox 2673 1677 2748 1740; x_wconf 84' lang='grc' dir='ltr'>ὡς</span> <span class='ocrx_word' id='word_1_468' title='bbox 2777 1678 2821 1709; x_wconf 84' lang='grc'><strong>⁷⁸</strong></span> <span class='ocrx_word' id='word_1_469' title='bbox 2848 1678 3046 1749; x_wconf 79' lang='grc' dir='ltr'>αύτῷή</span> <span class='ocrx_word' id='word_1_470' title='bbox 3075 1680 3319 1750; x_wconf 84' lang='grc' dir='ltr'>βασιλεία</span> <span class='ocrx_word' id='word_1_471' title='bbox 3345 1684 3582 1753; x_wconf 81' lang='grc' dir='ltr'>ἐννόμως</span> <span class='ocrx_word' id='word_1_472' title='bbox 3614 1686 3911 1754; x_wconf 74' lang='grc' dir='ltr'>προσῆκεν,</span> <span class='ocrx_word' id='word_1_473' title='bbox 3942 1687 4043 1740; x_wconf 86' lang='grc' dir='ltr'><strong>Ἰλ-</strong></span> 
     </span>
    </p>
   </div>
   <div class='ocr_carea' id='block_1_68' title="bbox 2463 1766 4043 1848">
    <p class='ocr_par' dir='ltr' id='par_1_68' title="bbox 2463 1766 4043 1848">
     <span class='ocr_line' id='line_1_68' title="bbox 2463 1766 4043 1848; baseline 0.008 -27"><span class='ocrx_word' id='word_1_474' title='bbox 2463 1766 2681 1838; x_wconf 79' lang='grc' dir='ltr'>δερίχου</span> <span class='ocrx_word' id='word_1_475' title='bbox 2716 1769 2790 1840; x_wconf 84' lang='grc' dir='ltr'>μὴ</span> <span class='ocrx_word' id='word_1_476' title='bbox 2847 1771 3129 1841; x_wconf 79' lang='grc' dir='ltr'><strong>ἰσχύοντος</strong></span> <span class='ocrx_word' id='word_1_477' title='bbox 3161 1772 3329 1845; x_wconf 76' lang='grc' dir='ltr'>αὐτὴν</span> <span class='ocrx_word' id='word_1_478' title='bbox 3361 1775 3401 1805; x_wconf 89' lang='grc'><strong>⁷⁷</strong></span> <span class='ocrx_word' id='word_1_479' title='bbox 3432 1776 3717 1848; x_wconf 79' lang='grc' dir='ltr'>διοικῆσαι.</span> <span class='ocrx_word' id='word_1_480' title='bbox 3757 1780 3938 1833; x_wconf 70' lang='grc' dir='ltr'>Ταῦτα</span> <span class='ocrx_word' id='word_1_481' title='bbox 3986 1781 4043 1833; x_wconf 73' lang='grc' dir='ltr'>δὲ</span> 
     </span>
    </p>
   </div>
   <div class='ocr_carea' id='block_1_69' title="bbox 2479 1858 4041 1936">
    <p class='ocr_par' dir='ltr' id='par_1_69' title="bbox 2479 1858 4041 1936">
     <span class='ocr_line' id='line_1_69' title="bbox 2479 1858 4041 1936; baseline 0.008 -25"><span class='ocrx_word' id='word_1_482' title='bbox 2479 1858 2853 1923; x_wconf 77' lang='grc' dir='ltr'>Ἰουστινιανὸς</span> <span class='ocrx_word' id='word_1_483' title='bbox 2890 1861 3096 1929; x_wconf 85' lang='grc' dir='ltr'>μαθὼν,</span> <span class='ocrx_word' id='word_1_484' title='bbox 3162 1862 3399 1933; x_wconf 62' lang='grc' dir='ltr'>ἔγραψεν</span> <span class='ocrx_word' id='word_1_485' title='bbox 3450 1869 3585 1936; x_wconf 67' lang='grc' dir='ltr'>πρὸς</span> <span class='ocrx_word' id='word_1_486' title='bbox 3621 1869 3803 1934; x_wconf 70' lang='grc' dir='ltr'>αὐτὸν,</span> <span class='ocrx_word' id='word_1_487' title='bbox 3866 1869 3940 1932; x_wconf 82' lang='grc' dir='ltr'>ὡς</span> <span class='ocrx_word' id='word_1_488' title='bbox 3981 1873 4041 1923; x_wconf 70' lang='grc' dir='ltr'>οὔ</span> 
     </span>
    </p>
   </div>
   <div class='ocr_carea' id='block_1_70' title="bbox 2465 1950 4042 2033">
    <p class='ocr_par' dir='ltr' id='par_1_70' title="bbox 2465 1950 4042 2033">
     <span class='ocr_line' id='line_1_70' title="bbox 2465 1950 4042 2033; baseline 0.007 -31"><span class='ocrx_word' id='word_1_489' title='bbox 2465 1950 2817 2018; x_wconf 79' lang='grc' dir='ltr'>καταδέξεται</span> <span class='ocrx_word' id='word_1_490' title='bbox 2871 1952 3076 2024; x_wconf 83' lang='grc' dir='ltr'>ταύτην</span> <span class='ocrx_word' id='word_1_491' title='bbox 3122 1956 3220 2024; x_wconf 81' lang='grc' dir='ltr'>τὴν</span> <span class='ocrx_word' id='word_1_492' title='bbox 3273 1957 3582 2027; x_wconf 66' lang='grc' dir='ltr'>τυραννίδα.</span> <span class='ocrx_word' id='word_1_493' title='bbox 3644 1960 3814 2023; x_wconf 75' lang='grc' dir='ltr'>Αὐτὸς</span> <span class='ocrx_word' id='word_1_494' title='bbox 3867 1962 3922 2014; x_wconf 76' lang='grc' dir='ltr'><strong>δὲ</strong></span> <span class='ocrx_word' id='word_1_495' title='bbox 3966 1964 4042 2033; x_wconf 82' lang='grc' dir='ltr'>μὴ</span> 
     </span>
    </p>
   </div>
   <div class='ocr_carea' id='block_1_71' title="bbox 2462 2041 4041 2122">
    <p class='ocr_par' dir='ltr' id='par_1_71' title="bbox 2462 2041 4041 2122">
     <span class='ocr_line' id='line_1_71' title="bbox 2462 2041 4041 2122; baseline 0.008 -28"><span class='ocrx_word' id='word_1_496' title='bbox 2462 2041 2721 2113; x_wconf 81' lang='grc' dir='ltr'>προσχὼν</span> <span class='ocrx_word' id='word_1_497' title='bbox 2771 2047 2884 2108; x_wconf 87' lang='grc' dir='ltr'>τοῖς</span> <span class='ocrx_word' id='word_1_498' title='bbox 2927 2047 3353 2116; x_wconf 78' lang='grc' dir='ltr'>γεγραμμένοις,</span> <span class='ocrx_word' id='word_1_499' title='bbox 3404 2048 3496 2101; x_wconf 85' lang='grc' dir='ltr'><strong>τόν</strong></span> <span class='ocrx_word' id='word_1_500' title='bbox 3524 2066 3584 2102; x_wconf 89' lang='grc' dir='ltr'><strong>τε</strong></span> <span class='ocrx_word' id='word_1_501' title='bbox 3619 2051 3832 2122; x_wconf 78' lang='grc' dir='ltr'>Ἀμερα</span> <span class='ocrx_word' id='word_1_502' title='bbox 3859 2054 4041 2119; x_wconf 76' lang='grc' dir='ltr'>ἐξετύ-</span> 
     </span>
    </p>
   </div>
   <div class='ocr_carea' id='block_1_72' title="bbox 2462 2134 4039 2214">
    <p class='ocr_par' dir='ltr' id='par_1_72' title="bbox 2462 2134 4039 2214">
     <span class='ocr_line' id='line_1_72' title="bbox 2462 2134 4039 2214; baseline 0.009 -29"><span class='ocrx_word' id='word_1_503' title='bbox 2462 2134 2673 2203; x_wconf 81' lang='grc' dir='ltr'>φλωσεν</span> <span class='ocrx_word' id='word_1_504' title='bbox 2695 2176 2709 2200; x_wconf 89' lang='grc'><strong>,</strong></span> <span class='ocrx_word' id='word_1_505' title='bbox 2737 2136 2830 2190; x_wconf 85' lang='grc' dir='ltr'>τόν</span> <span class='ocrx_word' id='word_1_506' title='bbox 2868 2154 2927 2189; x_wconf 87' lang='grc' dir='ltr'><strong>τε</strong></span> <span class='ocrx_word' id='word_1_507' title='bbox 2958 2137 3247 2208; x_wconf 81' lang='grc' dir='ltr'>Ἰλδέριχον</span> <span class='ocrx_word' id='word_1_508' title='bbox 3288 2140 3385 2193; x_wconf 78' lang='grc' dir='ltr'>σὺν</span> <span class='ocrx_word' id='word_1_509' title='bbox 3442 2141 3708 2208; x_wconf 84' lang='grc' dir='ltr'>Εὑαγέτει</span> <span class='ocrx_word' id='word_1_510' title='bbox 3753 2148 3811 2197; x_wconf 83' lang='grc' dir='ltr'>ἐν</span> <span class='ocrx_word' id='word_1_511' title='bbox 3835 2146 4039 2214; x_wconf 73' lang='grc' dir='ltr'>μείζονι</span> 
     </span>
    </p>
   </div>
   <div class='ocr_carea' id='block_1_73' title="bbox 2460 2226 4042 2302">
    <p class='ocr_par' dir='ltr' id='par_1_73' title="bbox 2460 2226 4042 2302">
     <span class='ocr_line' id='line_1_73' title="bbox 2460 2226 4042 2302; baseline 0.008 -23"><span class='ocrx_word' id='word_1_512' title='bbox 2460 2226 2673 2298; x_wconf 75' lang='grc' dir='ltr'>φυλακῇ</span> <span class='ocrx_word' id='word_1_513' title='bbox 2700 2227 3044 2283; x_wconf 81' lang='grc' dir='ltr'>ἀπέκλεισεν.</span> <span class='ocrx_word' id='word_1_514' title='bbox 3076 2230 3262 2284; x_wconf 76' lang='grc' dir='ltr'>Ταῦτα</span> <span class='ocrx_word' id='word_1_515' title='bbox 3283 2232 3469 2302; x_wconf 83' lang='grc' dir='ltr'>μαθὼν</span> <span class='ocrx_word' id='word_1_516' title='bbox 3498 2233 3869 2301; x_wconf 73' lang='grc' dir='ltr'>Ἰουστινιανδς</span> <span class='ocrx_word' id='word_1_517' title='bbox 3899 2239 4042 2293; x_wconf 80' lang='grc' dir='ltr'>κατᾶ</span> 
     </span>
    </p>
   </div>
   <div class='ocr_carea' id='block_1_74' title="bbox 2459 2318 4040 2397">
    <p class='ocr_par' dir='ltr' id='par_1_74' title="bbox 2459 2318 4040 2397">
     <span class='ocr_line' id='line_1_74' title="bbox 2459 2318 4040 2397; baseline 0.008 -27"><span class='ocrx_word' id='word_1_518' title='bbox 2459 2318 2664 2389; x_wconf 81' lang='grc' dir='ltr'>Λιϐύης</span> <span class='ocrx_word' id='word_1_519' title='bbox 2699 2321 3077 2391; x_wconf 81' lang='grc' dir='ltr'>ἐστράτευσεν,</span> <span class='ocrx_word' id='word_1_520' title='bbox 3109 2324 3422 2389; x_wconf 74' lang='grc' dir='ltr'>καταλύσας</span> <span class='ocrx_word' id='word_1_521' title='bbox 3469 2327 3557 2379; x_wconf 73' lang='grc' dir='ltr'>τὸν</span> <span class='ocrx_word' id='word_1_522' title='bbox 3605 2329 3848 2397; x_wconf 80' lang='grc' dir='ltr'>Μηδικὸν</span> <span class='ocrx_word' id='word_1_523' title='bbox 3883 2332 4040 2384; x_wconf 75' lang='grc' dir='ltr'>πόλε-</span> 
     </span>
    </p>
   </div>
   <div class='ocr_carea' id='block_1_75' title="bbox 2461 2412 4037 2490">
    <p class='ocr_par' dir='ltr' id='par_1_75' title="bbox 2461 2412 4037 2490">
     <span class='ocr_line' id='line_1_75' title="bbox 2461 2412 4037 2490; baseline 0.008 -28"><span class='ocrx_word' id='word_1_524' title='bbox 2461 2427 2581 2480; x_wconf 87' lang='grc' dir='ltr'>μον,</span> <span class='ocrx_word' id='word_1_525' title='bbox 2636 2412 2732 2465; x_wconf 72' lang='grc' dir='ltr'><strong>καὶ</strong></span> <span class='ocrx_word' id='word_1_526' title='bbox 2786 2413 3283 2484; x_wconf 74' lang='grc' dir='ltr'>μεταπεμψάμενος</span> <span class='ocrx_word' id='word_1_527' title='bbox 3339 2416 3384 2447; x_wconf 81' lang='grc'><strong>⁷⁸</strong></span> <span class='ocrx_word' id='word_1_528' title='bbox 3446 2417 3761 2489; x_wconf 72' lang='grc' dir='ltr'>Βελισάριον</span> <span class='ocrx_word' id='word_1_529' title='bbox 3819 2420 3882 2473; x_wconf 83' lang='grc' dir='ltr'>ὲκ</span> <span class='ocrx_word' id='word_1_530' title='bbox 3941 2422 4037 2490; x_wconf 75' lang='grc' dir='ltr'>τῆς</span> 
     </span>
    </p>
   </div>
   <div class='ocr_carea' id='block_1_76' title="bbox 2472 2502 4037 2586">
    <p class='ocr_par' dir='ltr' id='par_1_76' title="bbox 2472 2502 4037 2586">
     <span class='ocr_line' id='line_1_76' title="bbox 2472 2502 4037 2586; baseline 0.008 -31"><span class='ocrx_word' id='word_1_531' title='bbox 2472 2502 2662 2572; x_wconf 79' lang='grc' dir='ltr'>Ἐῴας,</span> <span class='ocrx_word' id='word_1_532' title='bbox 2694 2505 3010 2559; x_wconf 76' lang='grc' dir='ltr'>ἐϐουλεύετο</span> <span class='ocrx_word' id='word_1_533' title='bbox 3033 2509 3160 2586; x_wconf 64' lang='grc' dir='ltr'>περὶ</span> <span class='ocrx_word' id='word_1_534' title='bbox 3178 2507 3389 2561; x_wconf 74' lang='grc' dir='ltr'>τούτου.</span> <span class='ocrx_word' id='word_1_535' title='bbox 3409 2508 3472 2561; x_wconf 88' lang='grc' dir='ltr'><strong>Ἦ</strong></span> <span class='ocrx_word' id='word_1_536' title='bbox 3487 2509 3540 2563; x_wconf 84' lang='grc' dir='ltr'>δὲ</span> <span class='ocrx_word' id='word_1_537' title='bbox 3564 2510 3860 2582; x_wconf 70' lang='grc' dir='ltr'>σύγκλητος</span> <span class='ocrx_word' id='word_1_538' title='bbox 3882 2513 4037 2567; x_wconf 76' lang='grc' dir='ltr'>ἐδυσ-</span> 
     </span>
    </p>
   </div>
   <div class='ocr_carea' id='block_1_77' title="bbox 2455 2595 4038 2673">
    <p class='ocr_par' dir='ltr' id='par_1_77' title="bbox 2455 2595 4038 2673">
     <span class='ocr_line' id='line_1_77' title="bbox 2455 2595 4038 2673; baseline 0.006 -27"><span class='ocrx_word' id='word_1_539' title='bbox 2455 2595 2706 2665; x_wconf 84' lang='grc' dir='ltr'>χέραινεν</span> <span class='ocrx_word' id='word_1_540' title='bbox 2764 2596 3265 2669; x_wconf 80' lang='grc' dir='ltr'>ἀναμιμνήσκουσα</span> <span class='ocrx_word' id='word_1_541' title='bbox 3289 2600 3383 2653; x_wconf 77' lang='grc' dir='ltr'>τοῦ</span> <span class='ocrx_word' id='word_1_542' title='bbox 3413 2619 3470 2655; x_wconf 87' lang='grc' dir='ltr'><strong>τε</strong></span> <span class='ocrx_word' id='word_1_543' title='bbox 3503 2602 3730 2666; x_wconf 75' lang='grc' dir='ltr'>Λέοντος</span> <span class='ocrx_word' id='word_1_544' title='bbox 3768 2604 4038 2673; x_wconf 66' lang='lat'><strong>105,323:-</strong></span> 
     </span>
    </p>
   </div>
   <div class='ocr_carea' id='block_1_78' title="bbox 2455 2685 4035 2761">
    <p class='ocr_par' dir='ltr' id='par_1_78' title="bbox 2455 2685 4035 2761">
     <span class='ocr_line' id='line_1_78' title="bbox 2455 2685 4035 2761; baseline 0.006 -24"><span class='ocrx_word' id='word_1_545' title='bbox 2455 2685 2590 2748; x_wconf 82' lang='grc' dir='ltr'>λέως</span> <span class='ocrx_word' id='word_1_546' title='bbox 2630 2686 2815 2740; x_wconf 86' lang='grc' dir='ltr'>στόλον</span> <span class='ocrx_word' id='word_1_547' title='bbox 2844 2688 2937 2740; x_wconf 80' lang='grc' dir='ltr'><strong>τὸν</strong></span> <span class='ocrx_word' id='word_1_548' title='bbox 2972 2689 3114 2741; x_wconf 72' lang='grc' dir='ltr'>κατὰ</span> <span class='ocrx_word' id='word_1_549' title='bbox 3143 2688 3463 2761; x_wconf 83' lang='grc' dir='ltr'>υύανδήλων</span> <span class='ocrx_word' id='word_1_550' title='bbox 3502 2692 3906 2761; x_wconf 80' lang='grc' dir='ltr'>στρατεύσαντα</span> <span class='ocrx_word' id='word_1_551' title='bbox 3939 2696 4035 2746; x_wconf 64' lang='grc' dir='ltr'><strong>σὺν</strong></span> 
     </span>
    </p>
   </div>
   <div class='ocr_carea' id='block_1_79' title="bbox 2453 2776 4034 2855">
    <p class='ocr_par' dir='ltr' id='par_1_79' title="bbox 2453 2776 4034 2855">
     <span class='ocr_line' id='line_1_79' title="bbox 2453 2776 4034 2855; baseline 0.006 -29"><span class='ocrx_word' id='word_1_552' title='bbox 2453 2776 2531 2845; x_wconf 80' lang='grc' dir='ltr'>τῷ</span> <span class='ocrx_word' id='word_1_553' title='bbox 2563 2777 2869 2847; x_wconf 84' lang='grc' dir='ltr'>Βασιλίσκῳ</span> <span class='ocrx_word' id='word_1_554' title='bbox 2907 2781 3001 2833; x_wconf 76' lang='grc' dir='ltr'><strong>καὶ</strong></span> <span class='ocrx_word' id='word_1_555' title='bbox 3052 2781 3393 2847; x_wconf 76' lang='grc' dir='ltr'><strong>ἀπολωλότα,</strong></span> <span class='ocrx_word' id='word_1_556' title='bbox 3451 2783 3566 2836; x_wconf 83' lang='grc' dir='ltr'>ὅσοι</span> <span class='ocrx_word' id='word_1_557' title='bbox 3600 2800 3658 2836; x_wconf 91' lang='grc' dir='ltr'><strong>τε</strong></span> <span class='ocrx_word' id='word_1_558' title='bbox 3708 2786 4034 2855; x_wconf 75' lang='grc' dir='ltr'>στρατιῶται</span> 
     </span>
    </p>
   </div>
   <div class='ocr_carea' id='block_1_80' title="bbox 2455 2870 4034 2944">
    <p class='ocr_par' dir='ltr' id='par_1_80' title="bbox 2455 2870 4034 2944">
     <span class='ocr_line' id='line_1_80' title="bbox 2455 2870 4034 2944; baseline 0.006 -23"><span class='ocrx_word' id='word_1_559' title='bbox 2455 2870 2743 2934; x_wconf 78' lang='grc' dir='ltr'>ἀπέθανον,</span> <span class='ocrx_word' id='word_1_560' title='bbox 2785 2873 2877 2924; x_wconf 73' lang='grc' dir='ltr'><strong>καὶ</strong></span> <span class='ocrx_word' id='word_1_561' title='bbox 2900 2874 3000 2925; x_wconf 85' lang='grc' dir='ltr'><strong>ὅσα</strong></span> <span class='ocrx_word' id='word_1_562' title='bbox 3030 2875 3289 2944; x_wconf 81' lang='grc' dir='ltr'>χρήματα</span> <span class='ocrx_word' id='word_1_563' title='bbox 3311 2874 3667 2944; x_wconf 80' lang='grc' dir='ltr'><strong>ἀνηλώθησαν</strong></span> <span class='ocrx_word' id='word_1_564' title='bbox 3684 2892 3695 2905; x_wconf 75' lang='grc' dir='ltr'><strong>ο</strong></span> <span class='ocrx_word' id='word_1_565' title='bbox 3731 2876 3958 2939; x_wconf 77' lang='grc' dir='ltr'>δεδιότες</span> <span class='ocrx_word' id='word_1_566' title='bbox 3978 2879 4034 2931; x_wconf 85' lang='grc' dir='ltr'>δὲ</span> 
     </span>
    </p>
   </div>
   <div class='ocr_carea' id='block_1_81' title="bbox 2453 2960 4035 3037">
    <p class='ocr_par' dir='ltr' id='par_1_81' title="bbox 2453 2960 4035 3037">
     <span class='ocr_line' id='line_1_81' title="bbox 2453 2960 4035 3037; baseline -0.008 -26"><span class='ocrx_word' id='word_1_567' title='bbox 2453 2960 2546 3011; x_wconf 72' lang='grc' dir='ltr'>τοῦ</span> <span class='ocrx_word' id='word_1_568' title='bbox 2571 2961 2814 3014; x_wconf 81' lang='grc' dir='ltr'>κινδύνου</span> <span class='ocrx_word' id='word_1_569' title='bbox 2857 2963 2917 3016; x_wconf 78' lang='grc' dir='ltr'><strong>τὸ</strong></span> <span class='ocrx_word' id='word_1_570' title='bbox 2967 2963 3195 3032; x_wconf 79' lang='grc' dir='ltr'>μέγεθος</span> <span class='ocrx_word' id='word_1_571' title='bbox 3244 2964 3375 3034; x_wconf 66' lang='lat'><strong>(29.),</strong></span> <span class='ocrx_word' id='word_1_572' title='bbox 3414 2965 3490 3036; x_wconf 75' lang='grc' dir='ltr'>μὴ</span> <span class='ocrx_word' id='word_1_573' title='bbox 3525 2967 3687 3019; x_wconf 53' lang='grc' dir='ltr'>αὑτὸν</span> <span class='ocrx_word' id='word_1_574' title='bbox 3736 2970 4035 3037; x_wconf 52' lang='grc' dir='ltr'>στρατηγὸν</span> 
     </span>
    </p>
   </div>
   <div class='ocr_carea' id='block_1_82' title="bbox 2454 3052 4037 3129">
    <p class='ocr_par' dir='ltr' id='par_1_82' title="bbox 2454 3052 4037 3129">
     <span class='ocr_line' id='line_1_82' title="bbox 2454 3052 4037 3129; baseline 0.008 -26"><span class='ocrx_word' id='word_1_575' title='bbox 2454 3052 2654 3123; x_wconf 87' lang='grc' dir='ltr'>ταύτης</span> <span class='ocrx_word' id='word_1_576' title='bbox 2682 3055 2780 3124; x_wconf 71' lang='grc' dir='ltr'>τῆς</span> <span class='ocrx_word' id='word_1_577' title='bbox 2817 3056 3105 3125; x_wconf 75' lang='grc' dir='ltr'>στρατείας</span> <span class='ocrx_word' id='word_1_578' title='bbox 3138 3056 3409 3120; x_wconf 82' lang='grc' dir='ltr'>ὲκλέξοιτο</span> <span class='ocrx_word' id='word_1_579' title='bbox 3438 3058 3482 3089; x_wconf 76' lang='grc'><strong>⁷³</strong></span> <span class='ocrx_word' id='word_1_580' title='bbox 3514 3060 3541 3110; x_wconf 88' lang='grc' dir='ltr'>ὁ</span> <span class='ocrx_word' id='word_1_581' title='bbox 3576 3059 3851 3127; x_wconf 83' lang='grc' dir='ltr'>βασιλεύς.</span> <span class='ocrx_word' id='word_1_582' title='bbox 3892 3063 4037 3129; x_wconf 82' lang='grc' dir='ltr'>Παρ-</span> 
     </span>
    </p>
   </div>
   <div class='ocr_carea' id='block_1_83' title="bbox 2456 3141 4026 3215">
    <p class='ocr_par' dir='ltr' id='par_1_83' title="bbox 2456 3141 4026 3215">
     <span class='ocr_line' id='line_1_83' title="bbox 2456 3141 4026 3215; baseline 0.008 -23"><span class='ocrx_word' id='word_1_583' title='bbox 2456 3141 2625 3194; x_wconf 85' lang='grc' dir='ltr'>ελθὼν</span> <span class='ocrx_word' id='word_1_584' title='bbox 2655 3143 2709 3195; x_wconf 79' lang='grc' dir='ltr'>δὲ</span> <span class='ocrx_word' id='word_1_585' title='bbox 2738 3144 2988 3214; x_wconf 81' lang='grc' dir='ltr'>Ἰωάννης</span> <span class='ocrx_word' id='word_1_586' title='bbox 3010 3147 3296 3215; x_wconf 82' lang='grc' dir='ltr'>πατρίκιος</span> <span class='ocrx_word' id='word_1_587' title='bbox 3324 3148 3403 3209; x_wconf 85' lang='grc' dir='ltr'><strong>είς</strong></span> <span class='ocrx_word' id='word_1_588' title='bbox 3433 3148 3493 3199; x_wconf 85' lang='grc' dir='ltr'>τὺ</span> <span class='ocrx_word' id='word_1_589' title='bbox 3517 3149 3681 3215; x_wconf 84' lang='grc' dir='ltr'>μέσον</span> <span class='ocrx_word' id='word_1_590' title='bbox 3705 3148 3848 3214; x_wconf 77' lang='grc' dir='ltr'>ἔλεξε</span> <span class='ocrx_word' id='word_1_591' title='bbox 3876 3151 4026 3204; x_wconf 73' lang='grc' dir='ltr'>τάδε·</span> 
     </span>
    </p>
   </div>
   <div class='ocr_carea' id='block_1_84' title="bbox 2464 3231 4026 3309">
    <p class='ocr_par' dir='ltr' id='par_1_84' title="bbox 2464 3231 4026 3309">
     <span class='ocr_line' id='line_1_84' title="bbox 2464 3231 4026 3309; baseline 0.004 -21"><span class='ocrx_word' id='word_1_592' title='bbox 2464 3232 2655 3302; x_wconf 81' lang='grc' dir='ltr'><strong>Ἡμεῖς</strong></span> <span class='ocrx_word' id='word_1_593' title='bbox 2688 3234 2819 3302; x_wconf 75' lang='grc' dir='ltr'>μὲν,</span> <span class='ocrx_word' id='word_1_594' title='bbox 2871 3231 2918 3289; x_wconf 86' lang='grc' dir='ltr'><strong>ὦ</strong></span> <span class='ocrx_word' id='word_1_595' title='bbox 2964 3236 3251 3301; x_wconf 79' lang='grc' dir='ltr'>δέσποτα,</span> <span class='ocrx_word' id='word_1_596' title='bbox 3284 3236 3406 3303; x_wconf 84' lang='grc' dir='ltr'>τοῖς</span> <span class='ocrx_word' id='word_1_597' title='bbox 3433 3238 3568 3301; x_wconf 83' lang='grc' dir='ltr'>σοῖς</span> <span class='ocrx_word' id='word_1_598' title='bbox 3606 3240 4026 3309; x_wconf 72' lang='grc' dir='ltr'>προστάγμασι</span> 
     </span>
    </p>
   </div>
   <div class='ocr_carea' id='block_1_85' title="bbox 2451 3326 4031 3398">
    <p class='ocr_par' dir='ltr' id='par_1_85' title="bbox 2451 3326 4031 3398">
     <span class='ocr_line' id='line_1_85' title="bbox 2451 3326 4031 3398; baseline 0.003 -15"><span class='ocrx_word' id='word_1_599' title='bbox 2451 3326 2790 3395; x_wconf 81' lang='grc' dir='ltr'>πειθόμεθα,</span> <span class='ocrx_word' id='word_1_600' title='bbox 2816 3328 2913 3381; x_wconf 80' lang='grc' dir='ltr'>καὶ</span> <span class='ocrx_word' id='word_1_601' title='bbox 2944 3330 3056 3382; x_wconf 77' lang='grc' dir='ltr'>οὐκ</span> <span class='ocrx_word' id='word_1_602' title='bbox 3073 3328 3482 3398; x_wconf 81' lang='grc' dir='ltr'><strong>ἀντιτείνομεν</strong></span> <span class='ocrx_word' id='word_1_603' title='bbox 3499 3332 3564 3385; x_wconf 82' lang='grc'><strong>⁸⁸.</strong></span> <span class='ocrx_word' id='word_1_604' title='bbox 3599 3330 3780 3387; x_wconf 77' lang='grc' dir='ltr'>Ἀλλὰ</span> <span class='ocrx_word' id='word_1_605' title='bbox 3797 3332 4031 3387; x_wconf 73' lang='grc' dir='ltr'>δίκαιόν</span> 
     </span>
    </p>
   </div>
   <div class='ocr_carea' id='block_1_86' title="bbox 2451 3420 4026 3492">
    <p class='ocr_par' dir='ltr' id='par_1_86' title="bbox 2451 3420 4026 3492">
     <span class='ocr_line' id='line_1_86' title="bbox 2451 3420 4026 3492; baseline 0.003 -17"><span class='ocrx_word' id='word_1_606' title='bbox 2451 3422 2584 3475; x_wconf 84' lang='grc' dir='ltr'>ἐστι</span> <span class='ocrx_word' id='word_1_607' title='bbox 2616 3421 2980 3489; x_wconf 77' lang='grc' dir='ltr'>λογίσασθαί</span> <span class='ocrx_word' id='word_1_608' title='bbox 3006 3437 3080 3473; x_wconf 85' lang='grc' dir='ltr'><strong>σε</strong></span> <span class='ocrx_word' id='word_1_609' title='bbox 3108 3421 3175 3473; x_wconf 89' lang='grc' dir='ltr'>τό</span> <span class='ocrx_word' id='word_1_610' title='bbox 3201 3436 3265 3474; x_wconf 82' lang='grc' dir='ltr'><strong>τε</strong></span> <span class='ocrx_word' id='word_1_611' title='bbox 3292 3420 3397 3490; x_wconf 83' lang='grc' dir='ltr'>τῆς</span> <span class='ocrx_word' id='word_1_612' title='bbox 3420 3422 3565 3477; x_wconf 82' lang='grc' dir='ltr'>ὀδοῦ</span> <span class='ocrx_word' id='word_1_613' title='bbox 3590 3424 3785 3492; x_wconf 76' lang='grc' dir='ltr'>μῆκος</span> <span class='ocrx_word' id='word_1_614' title='bbox 3831 3427 3927 3480; x_wconf 80' lang='grc' dir='ltr'><strong>καί</strong></span> <span class='ocrx_word' id='word_1_615' title='bbox 3957 3428 4026 3481; x_wconf 81' lang='grc' dir='ltr'>τὰ</span> 
     </span>
    </p>
   </div>
   <div class='ocr_carea' id='block_1_87' title="bbox 2452 3511 4029 3584">
    <p class='ocr_par' dir='ltr' id='par_1_87' title="bbox 2452 3511 4029 3584">
     <span class='ocr_line' id='line_1_87' title="bbox 2452 3511 4029 3584; baseline 0.002 -16"><span class='ocrx_word' id='word_1_616' title='bbox 2452 3513 2561 3582; x_wconf 79' lang='grc' dir='ltr'>τῆς</span> <span class='ocrx_word' id='word_1_617' title='bbox 2583 3511 2901 3579; x_wconf 75' lang='grc' dir='ltr'>θαλάσσης</span> <span class='ocrx_word' id='word_1_618' title='bbox 2927 3512 3179 3581; x_wconf 77' lang='grc' dir='ltr'>πελάγη,</span> <span class='ocrx_word' id='word_1_619' title='bbox 3215 3513 3313 3566; x_wconf 80' lang='grc' dir='ltr'>καὶ</span> <span class='ocrx_word' id='word_1_620' title='bbox 3355 3513 3421 3567; x_wconf 87' lang='grc' dir='ltr'>τὸ</span> <span class='ocrx_word' id='word_1_621' title='bbox 3469 3514 3565 3569; x_wconf 81' lang='grc' dir='ltr'>διὰ</span> <span class='ocrx_word' id='word_1_622' title='bbox 3595 3517 3781 3584; x_wconf 80' lang='grc' dir='ltr'>ξηρᾶς</span> <span class='ocrx_word' id='word_1_623' title='bbox 3815 3519 4029 3573; x_wconf 72' lang='grc' dir='ltr'>ἐκατέν</span> 
     </span>
    </p>
   </div>
   <div class='ocr_carea' id='block_1_88' title="bbox 2451 3604 4025 3679">
    <p class='ocr_par' dir='ltr' id='par_1_88' title="bbox 2451 3604 4025 3679">
     <span class='ocr_line' id='line_1_88' title="bbox 2451 3604 4025 3679; baseline 0.003 -20"><span class='ocrx_word' id='word_1_624' title='bbox 2451 3605 2908 3673; x_wconf 75' lang='grc' dir='ltr'>τεσσαράκοντα</span> <span class='ocrx_word' id='word_1_625' title='bbox 2956 3604 3194 3673; x_wconf 70' lang='grc' dir='ltr'>ἡμερῶν</span> <span class='ocrx_word' id='word_1_626' title='bbox 3226 3605 3371 3659; x_wconf 83' lang='grc' dir='ltr'>ὀδοῦ</span> <span class='ocrx_word' id='word_1_627' title='bbox 3414 3606 3457 3637; x_wconf 74' lang='grc'><strong>⁸³</strong></span> <span class='ocrx_word' id='word_1_628' title='bbox 3509 3607 3807 3677; x_wconf 81' lang='grc' dir='ltr'>διάστημα</span> <span class='ocrx_word' id='word_1_629' title='bbox 3859 3611 4025 3679; x_wconf 79' lang='grc' dir='ltr'>ἔχον,</span> 
     </span>
    </p>
   </div>
   <div class='ocr_carea' id='block_1_89' title="bbox 2450 3694 4028 3764">
    <p class='ocr_par' dir='ltr' id='par_1_89' title="bbox 2450 3694 4028 3764">
     <span class='ocr_line' id='line_1_89' title="bbox 2450 3694 4028 3764; baseline 0.001 -14"><span class='ocrx_word' id='word_1_630' title='bbox 2450 3697 2549 3751; x_wconf 78' lang='grc' dir='ltr'>καὶ</span> <span class='ocrx_word' id='word_1_631' title='bbox 2582 3695 2694 3764; x_wconf 80' lang='grc' dir='ltr'>τῆς</span> <span class='ocrx_word' id='word_1_632' title='bbox 2741 3696 2920 3762; x_wconf 79' lang='grc' dir='ltr'>νίκης</span> <span class='ocrx_word' id='word_1_633' title='bbox 2947 3695 3013 3747; x_wconf 84' lang='grc' dir='ltr'>τὸ</span> <span class='ocrx_word' id='word_1_634' title='bbox 3038 3694 3289 3761; x_wconf 77' lang='grc' dir='ltr'>ἄδηλον,</span> <span class='ocrx_word' id='word_1_635' title='bbox 3324 3695 3421 3748; x_wconf 83' lang='grc' dir='ltr'>καὶ</span> <span class='ocrx_word' id='word_1_636' title='bbox 3468 3696 3575 3763; x_wconf 84' lang='grc' dir='ltr'>τῆς</span> <span class='ocrx_word' id='word_1_637' title='bbox 3614 3697 3798 3764; x_wconf 78' lang='grc' dir='ltr'>ἥττης</span> <span class='ocrx_word' id='word_1_638' title='bbox 3830 3700 3891 3750; x_wconf 74' lang='grc' dir='ltr'>τὸ</span> <span class='ocrx_word' id='word_1_639' title='bbox 3933 3701 4028 3751; x_wconf 72' lang='grc' dir='ltr'><strong>ἐπ-</strong></span> 
     </span>
    </p>
   </div>
   <div class='ocr_carea' id='block_1_90' title="bbox 2449 3785 4028 3855">
    <p class='ocr_par' dir='ltr' id='par_1_90' title="bbox 2449 3785 4028 3855">
     <span class='ocr_line' id='line_1_90' title="bbox 2449 3785 4028 3855; baseline -0.001 -11"><span class='ocrx_word' id='word_1_640' title='bbox 2449 3788 2812 3852; x_wconf 76' lang='grc' dir='ltr'>ώδυνον,καὶ</span> <span class='ocrx_word' id='word_1_641' title='bbox 2834 3785 2940 3854; x_wconf 82' lang='grc' dir='ltr'>τῆς</span> <span class='ocrx_word' id='word_1_642' title='bbox 2966 3788 3352 3855; x_wconf 84' lang='grc' dir='ltr'>μεταμελείας</span> <span class='ocrx_word' id='word_1_643' title='bbox 3377 3788 3442 3841; x_wconf 78' lang='grc' dir='ltr'>τό</span> <span class='ocrx_word' id='word_1_644' title='bbox 3467 3789 3839 3855; x_wconf 76' lang='lat' dir='ltr'><strong>drdrntor“.</strong></span> <span class='ocrx_word' id='word_1_645' title='bbox 3872 3793 4028 3845; x_wconf 79' lang='grc' dir='ltr'>Ἀποο</span> 
     </span>
    </p>
   </div>
   <div class='ocr_carea' id='block_1_91' title="bbox 2451 3879 4023 3956">
    <p class='ocr_par' dir='ltr' id='par_1_91' title="bbox 2451 3879 4023 3956">
     <span class='ocr_line' id='line_1_91' title="bbox 2451 3879 4023 3956; baseline -0.001 -19"><span class='ocrx_word' id='word_1_646' title='bbox 2451 3882 2742 3953; x_wconf 78' lang='grc' dir='ltr'>δεξάμενος</span> <span class='ocrx_word' id='word_1_647' title='bbox 2769 3881 2824 3933; x_wconf 83' lang='grc' dir='ltr'>δὲ</span> <span class='ocrx_word' id='word_1_648' title='bbox 2844 3882 2870 3933; x_wconf 87' lang='grc' dir='ltr'>ὀ</span> <span class='ocrx_word' id='word_1_649' title='bbox 2902 3879 3272 3956; x_wconf 66' lang='grc' dir='ltr'>βασιλεὺςτὸν</span> <span class='ocrx_word' id='word_1_650' title='bbox 3294 3879 3473 3949; x_wconf 81' lang='grc' dir='ltr'>λόγον,</span> <span class='ocrx_word' id='word_1_651' title='bbox 3507 3881 3603 3953; x_wconf 73' lang='grc' dir='ltr'>τὴν</span> <span class='ocrx_word' id='word_1_652' title='bbox 3631 3884 3709 3946; x_wconf 81' lang='grc' dir='ltr'><strong>είς</strong></span> <span class='ocrx_word' id='word_1_653' title='bbox 3741 3883 3832 3935; x_wconf 66' lang='grc' dir='ltr'>τὸν</span> <span class='ocrx_word' id='word_1_654' title='bbox 3867 3886 4023 3937; x_wconf 77' lang='grc' dir='ltr'>πόλε-</span> 
     </span>
    </p>
   </div>
   <div class='ocr_carea' id='block_1_92' title="bbox 2453 3972 4025 4048">
    <p class='ocr_par' dir='ltr' id='par_1_92' title="bbox 2453 3972 4025 4048">
     <span class='ocr_line' id='line_1_92' title="bbox 2453 3972 4025 4048; baseline -0.001 -19"><span class='ocrx_word' id='word_1_655' title='bbox 2453 3994 2552 4047; x_wconf 89' lang='grc' dir='ltr'><strong>μον</strong></span> <span class='ocrx_word' id='word_1_656' title='bbox 2609 3973 2918 4048; x_wconf 79' lang='grc' dir='ltr'>προθυμίαν</span> <span class='ocrx_word' id='word_1_657' title='bbox 2969 3972 3332 4027; x_wconf 81' lang='grc' dir='ltr'>κατέπαυσεν.</span> <span class='ocrx_word' id='word_1_658' title='bbox 3372 3974 3702 4037; x_wconf 79' lang='grc' dir='ltr'>Ἐπίσκοπος</span> <span class='ocrx_word' id='word_1_659' title='bbox 3731 3975 3785 4027; x_wconf 83' lang='grc' dir='ltr'>δέ</span> <span class='ocrx_word' id='word_1_660' title='bbox 3814 3993 3896 4038; x_wconf 79' lang='grc' dir='ltr'><strong>τις</strong></span> <span class='ocrx_word' id='word_1_661' title='bbox 3930 3978 4025 4045; x_wconf 74' lang='grc' dir='ltr'>τῆς</span> 
     </span>
    </p>
   </div>
   <div class='ocr_carea' id='block_1_93' title="bbox 2459 4065 4027 4139">
    <p class='ocr_par' dir='ltr' id='par_1_93' title="bbox 2459 4065 4027 4139">
     <span class='ocr_line' id='line_1_93' title="bbox 2459 4065 4027 4139; baseline -0.002 -17"><span class='ocrx_word' id='word_1_662' title='bbox 2459 4066 2634 4139; x_wconf 82' lang='grc' dir='ltr'>Ἐῴας</span> <span class='ocrx_word' id='word_1_663' title='bbox 2654 4068 2748 4122; x_wconf 83' lang='grc' dir='ltr'><strong>τὸν</strong></span> <span class='ocrx_word' id='word_1_664' title='bbox 2774 4066 2996 4136; x_wconf 80' lang='grc' dir='ltr'>βασιλέα</span> <span class='ocrx_word' id='word_1_665' title='bbox 3026 4067 3423 4135; x_wconf 81' lang='grc' dir='ltr'>ἀνεπτέρωσεν,</span> <span class='ocrx_word' id='word_1_666' title='bbox 3456 4065 3627 4133; x_wconf 74' lang='grc' dir='ltr'>λέγων</span> <span class='ocrx_word' id='word_1_667' title='bbox 3658 4066 3721 4118; x_wconf 79' lang='grc' dir='ltr'>ἐκ</span> <span class='ocrx_word' id='word_1_668' title='bbox 3742 4066 3875 4118; x_wconf 72' lang='grc' dir='ltr'>Θεοῦ</span> <span class='ocrx_word' id='word_1_669' title='bbox 3912 4068 4027 4119; x_wconf 76' lang='grc' dir='ltr'>ἑπι-</span> 
     </span>
    </p>
   </div>
   <div class='ocr_carea' id='block_1_94' title="bbox 2452 4158 4023 4233">
    <p class='ocr_par' dir='ltr' id='par_1_94' title="bbox 2452 4158 4023 4233">
     <span class='ocr_line' id='line_1_94' title="bbox 2452 4158 4023 4233; baseline -0.004 -16"><span class='ocrx_word' id='word_1_670' title='bbox 2452 4162 2657 4233; x_wconf 76' lang='grc' dir='ltr'>σκῆψαι</span> <span class='ocrx_word' id='word_1_671' title='bbox 2687 4160 2838 4232; x_wconf 77' lang='grc' dir='ltr'>αὑτῷ</span> <span class='ocrx_word' id='word_1_672' title='bbox 2881 4161 3014 4229; x_wconf 80' lang='grc' dir='ltr'>δναρ</span> <span class='ocrx_word' id='word_1_673' title='bbox 3046 4158 3271 4213; x_wconf 83' lang='grc' dir='ltr'>κελεῦον</span> <span class='ocrx_word' id='word_1_674' title='bbox 3294 4159 3456 4212; x_wconf 71' lang='grc' dir='ltr'>αὐτὸν</span> <span class='ocrx_word' id='word_1_675' title='bbox 3509 4158 3643 4228; x_wconf 75' lang='grc' dir='ltr'>πρὸς</span> <span class='ocrx_word' id='word_1_676' title='bbox 3676 4158 3764 4211; x_wconf 81' lang='grc' dir='ltr'>τὸν</span> <span class='ocrx_word' id='word_1_677' title='bbox 3804 4158 4023 4229; x_wconf 74' lang='grc' dir='ltr'>βασιλέα</span> 
     </span>
    </p>
   </div>
   <div class='ocr_carea' id='block_1_95' title="bbox 2450 4253 4023 4326">
    <p class='ocr_par' dir='ltr' id='par_1_95' title="bbox 2450 4253 4023 4326">
     <span class='ocr_line' id='line_1_95' title="bbox 2450 4253 4023 4326; baseline -0.003 -15"><span class='ocrx_word' id='word_1_678' title='bbox 2450 4256 2728 4326; x_wconf 79' lang='grc' dir='ltr'>γενέσθαι,</span> <span class='ocrx_word' id='word_1_679' title='bbox 2754 4256 2847 4309; x_wconf 76' lang='grc' dir='ltr'><strong>καὶ</strong></span> <span class='ocrx_word' id='word_1_680' title='bbox 2876 4254 3201 4325; x_wconf 76' lang='grc' dir='ltr'>αἰτήσασθαι</span> <span class='ocrx_word' id='word_1_681' title='bbox 3234 4253 3395 4308; x_wconf 80' lang='grc' dir='ltr'>αὐτὸν</span> <span class='ocrx_word' id='word_1_682' title='bbox 3435 4253 3561 4315; x_wconf 64' lang='grc' dir='ltr'>τοῦς</span> <span class='ocrx_word' id='word_1_683' title='bbox 3591 4254 3648 4305; x_wconf 84' lang='grc' dir='ltr'>ὲν</span> <span class='ocrx_word' id='word_1_684' title='bbox 3680 4254 3855 4324; x_wconf 72' lang='grc' dir='ltr'>Λιϐύῃ</span> <span class='ocrx_word' id='word_1_685' title='bbox 3887 4256 4023 4325; x_wconf 78' lang='grc' dir='ltr'>Χρι-</span> 
     </span>
    </p>
   </div>
   <div class='ocr_carea' id='block_1_96' title="bbox 2452 4346 4025 4419">
    <p class='ocr_par' dir='ltr' id='par_1_96' title="bbox 2452 4346 4025 4419">
     <span class='ocr_line' id='line_1_96' title="bbox 2452 4346 4025 4419; baseline -0.002 -16"><span class='ocrx_word' id='word_1_686' title='bbox 2452 4350 2702 4412; x_wconf 73' lang='grc' dir='ltr'>στιανοὺς</span> <span class='ocrx_word' id='word_1_687' title='bbox 2733 4346 3001 4419; x_wconf 79' lang='grc' dir='ltr'>ῥύσασθαι</span> <span class='ocrx_word' id='word_1_688' title='bbox 3046 4348 3111 4399; x_wconf 81' lang='grc' dir='ltr'>ὲκ</span> <span class='ocrx_word' id='word_1_689' title='bbox 3141 4347 3250 4400; x_wconf 82' lang='grc' dir='ltr'>τῶν</span> <span class='ocrx_word' id='word_1_690' title='bbox 3308 4347 3605 4416; x_wconf 79' lang='grc' dir='ltr'><strong>τυράννων·</strong></span> <span class='ocrx_word' id='word_1_691' title='bbox 3645 4346 3816 4414; x_wconf 69' lang='grc' dir='ltr'><strong>Κάγὼ</strong></span> <span class='ocrx_word' id='word_1_692' title='bbox 3866 4348 4025 4413; x_wconf 71' lang='grc' dir='ltr'>αὐτῷ</span> 
     </span>
    </p>
   </div>
   <div class='ocr_carea' id='block_1_97' title="bbox 2452 4436 4024 4509">
    <p class='ocr_par' dir='ltr' id='par_1_97' title="bbox 2452 4436 4024 4509">
     <span class='ocr_line' id='line_1_97' title="bbox 2452 4436 4024 4509; baseline -0.002 -13"><span class='ocrx_word' id='word_1_693' title='bbox 2452 4440 2868 4509; x_wconf 67' lang='grc' dir='ltr'>συλλήψομαι,</span> <span class='ocrx_word' id='word_1_694' title='bbox 2893 4438 2993 4492; x_wconf 73' lang='grc' dir='ltr'><strong>καί</strong></span> <span class='ocrx_word' id='word_1_695' title='bbox 3030 4438 3253 4505; x_wconf 79' lang='grc' dir='ltr'>Λιϐύης</span> <span class='ocrx_word' id='word_1_696' title='bbox 3293 4439 3501 4506; x_wconf 76' lang='grc' dir='ltr'>κύριον</span> <span class='ocrx_word' id='word_1_697' title='bbox 3527 4436 3803 4507; x_wconf 77' lang='grc' dir='ltr'>θήσομαι.</span> <span class='ocrx_word' id='word_1_698' title='bbox 3839 4440 3880 4492; x_wconf 89' lang='grc' dir='ltr'><strong>Τ</strong></span> <span class='ocrx_word' id='word_1_699' title='bbox 3888 4439 4024 4493; x_wconf 75' lang='grc' dir='ltr'>αὗτα</span> 
     </span>
    </p>
   </div>
   <div class='ocr_carea' id='block_1_98' title="bbox 3946 4532 3967 4558">
    <p class='ocr_par' dir='ltr' id='par_1_98' title="bbox 3946 4532 3967 4558">
     <span class='ocr_line' id='line_1_98' title="bbox 3946 4532 3967 4558; baseline 0 0"><span class='ocrx_word' id='word_1_700' title='bbox 3946 4532 3967 4558; x_wconf 77' lang='grc' dir='ltr'><strong><em>ι</em></strong></span> 
     </span>
    </p>
   </div>
   <div class='ocr_carea' id='block_1_99' title="bbox 2452 4621 4023 4696">
    <p class='ocr_par' dir='ltr' id='par_1_99' title="bbox 2452 4621 4023 4696">
     <span class='ocr_line' id='line_1_99' title="bbox 2452 4621 4023 4696; baseline -0.002 -19"><span class='ocrx_word' id='word_1_701' title='bbox 2452 4625 2705 4696; x_wconf 75' lang='grc' dir='ltr'>ἠδύνατο,</span> <span class='ocrx_word' id='word_1_702' title='bbox 2735 4622 2869 4677; x_wconf 74' lang='grc' dir='ltr'>ἀλλὰ</span> <span class='ocrx_word' id='word_1_703' title='bbox 2899 4623 2997 4693; x_wconf 86' lang='grc' dir='ltr'>τήν</span> <span class='ocrx_word' id='word_1_704' title='bbox 3025 4639 3084 4675; x_wconf 86' lang='grc' dir='ltr'><strong>τε</strong></span> <span class='ocrx_word' id='word_1_705' title='bbox 3112 4621 3369 4693; x_wconf 74' lang='grc' dir='ltr'>στρατιὰν</span> <span class='ocrx_word' id='word_1_706' title='bbox 3399 4623 3492 4674; x_wconf 76' lang='grc' dir='ltr'><strong>καὶ</strong></span> <span class='ocrx_word' id='word_1_707' title='bbox 3516 4623 3610 4683; x_wconf 71' lang='grc' dir='ltr'><strong>τὰς</strong></span> <span class='ocrx_word' id='word_1_708' title='bbox 3643 4622 3770 4685; x_wconf 78' lang='grc' dir='ltr'>ναῦς</span> <span class='ocrx_word' id='word_1_709' title='bbox 3801 4623 4023 4686; x_wconf 53' lang='lat' dir='ltr'><strong>sitim}:-</strong></span> 
     </span>
    </p>
   </div>
   <div class='ocr_carea' id='block_1_100' title="bbox 2452 4713 4023 4785">
    <p class='ocr_par' dir='ltr' id='par_1_100' title="bbox 2452 4713 4023 4785">
     <span class='ocr_line' id='line_1_100' title="bbox 2452 4713 4023 4785; baseline -0.003 -16"><span class='ocrx_word' id='word_1_710' title='bbox 2452 4718 2564 4783; x_wconf 80' lang='grc' dir='ltr'>ζεν,</span> <span class='ocrx_word' id='word_1_711' title='bbox 2589 4715 2725 4769; x_wconf 82' lang='grc' dir='ltr'>ὅπλα</span> <span class='ocrx_word' id='word_1_712' title='bbox 2751 4731 2810 4768; x_wconf 89' lang='grc' dir='ltr'><strong>τε</strong></span> <span class='ocrx_word' id='word_1_713' title='bbox 2842 4715 2937 4767; x_wconf 70' lang='grc' dir='ltr'><strong>καὶ</strong></span> <span class='ocrx_word' id='word_1_714' title='bbox 2960 4713 3105 4767; x_wconf 80' lang='grc' dir='ltr'>σιτία</span> <span class='ocrx_word' id='word_1_715' title='bbox 3130 4714 3176 4747; x_wconf 83' lang='grc'><strong><em>⁸³</em></strong></span> <span class='ocrx_word' id='word_1_716' title='bbox 3207 4714 3518 4784; x_wconf 75' lang='grc' dir='ltr'>ἡτοίμαζεν.</span> <span class='ocrx_word' id='word_1_717' title='bbox 3570 4714 3677 4766; x_wconf 74' lang='grc' dir='ltr'><strong>Καὶ</strong></span> <span class='ocrx_word' id='word_1_718' title='bbox 3712 4715 4023 4785; x_wconf 71' lang='grc' dir='ltr'>Βελισάριον</span> 
     </span>
    </p>
   </div>
   <div class='ocr_carea' id='block_1_101' title="bbox 2449 4800 4025 4876">
    <p class='ocr_par' dir='ltr' id='par_1_101' title="bbox 2449 4800 4025 4876">
     <span class='ocr_line' id='line_1_101' title="bbox 2449 4800 4025 4876; baseline 0 -17"><span class='ocrx_word' id='word_1_719' title='bbox 2449 4806 2868 4876; x_wconf 81' lang='grc' dir='ltr'>ὲμπαράσκευον</span> <span class='ocrx_word' id='word_1_720' title='bbox 2902 4805 3183 4858; x_wconf 75' lang='grc' dir='ltr'>ἐκέλευσεν</span> <span class='ocrx_word' id='word_1_721' title='bbox 3215 4800 3373 4867; x_wconf 79' lang='grc' dir='ltr'>εἶναι,</span> <span class='ocrx_word' id='word_1_722' title='bbox 3416 4805 3489 4866; x_wconf 82' lang='grc' dir='ltr'>ὡς</span> <span class='ocrx_word' id='word_1_723' title='bbox 3540 4806 3596 4855; x_wconf 73' lang='grc' dir='ltr'><strong>ἐν</strong></span> <span class='ocrx_word' id='word_1_724' title='bbox 3631 4806 3803 4876; x_wconf 73' lang='grc' dir='ltr'>Λιϐύῃ</span> <span class='ocrx_word' id='word_1_725' title='bbox 3830 4822 4025 4875; x_wconf 71' lang='grc' dir='ltr'>στρατ-</span> 
     </span>
    </p>
   </div>
   <div class='ocr_carea' id='block_1_102' title="bbox 2453 4896 4022 4970">
    <p class='ocr_par' dir='ltr' id='par_1_102' title="bbox 2453 4896 4022 4970">
     <span class='ocr_line' id='line_1_102' title="bbox 2453 4896 4022 4970; baseline -0.001 -19"><span class='ocrx_word' id='word_1_726' title='bbox 2453 4899 2750 4970; x_wconf 83' lang='grc' dir='ltr'>ηγήσοντα.</span> <span class='ocrx_word' id='word_1_727' title='bbox 2814 4897 3133 4958; x_wconf 77' lang='grc' dir='ltr'>Πουδέντιος</span> <span class='ocrx_word' id='word_1_728' title='bbox 3168 4896 3225 4950; x_wconf 80' lang='grc' dir='ltr'><strong>δὲ</strong></span> <span class='ocrx_word' id='word_1_729' title='bbox 3258 4896 3418 4960; x_wconf 66' lang='grc' dir='ltr'>εὐθὺς</span> <span class='ocrx_word' id='word_1_730' title='bbox 3440 4898 3794 4967; x_wconf 69' lang='grc' dir='ltr'>τυραννήσας,</span> <span class='ocrx_word' id='word_1_731' title='bbox 3822 4898 4022 4967; x_wconf 64' lang='lat' dir='ltr'><strong>T95119-</strong></span> 
     </span>
    </p>
   </div>
   <div class='ocr_carea' id='block_1_103' title="bbox 2032 5033 2701 5093">
    <p class='ocr_par' dir='ltr' id='par_1_103' title="bbox 2032 5033 2701 5093">
     <span class='ocr_line' id='line_1_103' title="bbox 2032 5033 2701 5093; baseline 0.004 -6"><span class='ocrx_word' id='word_1_732' title='bbox 2032 5033 2267 5091; x_wconf 64' lang='lat' dir='ltr'><strong>VARIIE</strong></span> <span class='ocrx_word' id='word_1_733' title='bbox 2294 5035 2701 5093; x_wconf 82' lang='lat' dir='ltr'><strong>LECTIONES.</strong></span> 
     </span>
    </p>
   </div>
   <div class='ocr_carea' id='block_1_104' title="bbox 876 5170 2254 5244">
    <p class='ocr_par' dir='ltr' id='par_1_104' title="bbox 876 5170 2254 5244">
     <span class='ocr_line' id='line_1_104' title="bbox 876 5170 2254 5244; baseline 0 -18"><span class='ocrx_word' id='word_1_734' title='bbox 876 5175 922 5205; x_wconf 83' lang='lat'>&quot;</span> <span class='ocrx_word' id='word_1_735' title='bbox 948 5175 1046 5244; x_wconf 84' lang='grc' dir='ltr'>τὴν</span> <span class='ocrx_word' id='word_1_736' title='bbox 1078 5174 1201 5227; x_wconf 79' lang='lat' dir='ltr'><strong>add.</strong></span> <span class='ocrx_word' id='word_1_737' title='bbox 1233 5190 1296 5227; x_wconf 81' lang='lat' dir='ltr'><strong>ex</strong></span> <span class='ocrx_word' id='word_1_738' title='bbox 1333 5176 1397 5227; x_wconf 82' lang='lat' dir='ltr'><strong>A.</strong></span> <span class='ocrx_word' id='word_1_739' title='bbox 1509 5174 1553 5204; x_wconf 83' lang='lat'>&quot;</span> <span class='ocrx_word' id='word_1_740' title='bbox 1578 5171 1744 5244; x_wconf 76' lang='grc' dir='ltr'>δεινὸς</span> <span class='ocrx_word' id='word_1_741' title='bbox 1777 5170 1841 5233; x_wconf 81' lang='grc' dir='ltr'>Α,</span> <span class='ocrx_word' id='word_1_742' title='bbox 1862 5171 2053 5244; x_wconf 47' lang='lat' dir='ltr'><strong>uano;</strong></span> <span class='ocrx_word' id='word_1_743' title='bbox 2110 5174 2254 5241; x_wconf 83' lang='lat' dir='ltr'><strong>vulg.</strong></span> 
     </span>
    </p>
   </div>
   <div class='ocr_carea' id='block_1_105' title="bbox 784 5241 1761 5315">
    <p class='ocr_par' dir='ltr' id='par_1_105' title="bbox 784 5241 1761 5315">
     <span class='ocr_line' id='line_1_105' title="bbox 784 5241 1761 5315; baseline -0.004 -16"><span class='ocrx_word' id='word_1_744' title='bbox 784 5256 849 5308; x_wconf 76' lang='grc' dir='ltr'>Α,</span> <span class='ocrx_word' id='word_1_745' title='bbox 901 5241 1112 5315; x_wconf 64' lang='grc' dir='ltr'>Εὺγέην</span> <span class='ocrx_word' id='word_1_746' title='bbox 1142 5247 1286 5314; x_wconf 84' lang='lat' dir='ltr'><strong>vulg.</strong></span> <span class='ocrx_word' id='word_1_747' title='bbox 1314 5247 1367 5298; x_wconf 75' lang='lat' dir='ltr'><strong>li.</strong></span> <span class='ocrx_word' id='word_1_748' title='bbox 1411 5245 1454 5315; x_wconf 69' lang='lat' dir='ltr'><strong>l.</strong></span> <span class='ocrx_word' id='word_1_749' title='bbox 1489 5252 1543 5296; x_wconf 87' lang='lat' dir='ltr'><strong>et</strong></span> <span class='ocrx_word' id='word_1_750' title='bbox 1601 5241 1761 5315; x_wconf 85' lang='lat' dir='ltr'><strong>infra.</strong></span> 
     </span>
    </p>
   </div>
   <div class='ocr_carea' id='block_1_106' title="bbox 2340 5172 3550 5244">
    <p class='ocr_par' dir='ltr' id='par_1_106' title="bbox 2340 5172 3550 5244">
     <span class='ocr_line' id='line_1_106' title="bbox 2340 5172 3550 5244; baseline -0.001 -16"><span class='ocrx_word' id='word_1_751' title='bbox 2340 5174 2385 5244; x_wconf 53' lang='grc'><strong>7⁵</strong></span> <span class='ocrx_word' id='word_1_752' title='bbox 2422 5173 2843 5244; x_wconf 77' lang='grc' dir='ltr'>βασιλεύσαντος</span> <span class='ocrx_word' id='word_1_753' title='bbox 2872 5174 2939 5237; x_wconf 78' lang='grc' dir='ltr'>Α,</span> <span class='ocrx_word' id='word_1_754' title='bbox 2974 5172 3374 5243; x_wconf 79' lang='grc' dir='ltr'>βασιλεύσαντα</span> <span class='ocrx_word' id='word_1_755' title='bbox 3407 5176 3550 5244; x_wconf 81' lang='lat' dir='ltr'><strong>vulg.</strong></span> 
     </span>
    </p>
   </div>
   <div class='ocr_carea' id='block_1_107' title="bbox 1850 5240 2419 5311">
    <p class='ocr_par' dir='ltr' id='par_1_107' title="bbox 1850 5240 2419 5311">
     <span class='ocr_line' id='line_1_107' title="bbox 1850 5240 2419 5311; baseline 0.009 -19"><span class='ocrx_word' id='word_1_756' title='bbox 1850 5241 1894 5272; x_wconf 74' lang='grc'><strong>⁷⁸</strong></span> <span class='ocrx_word' id='word_1_757' title='bbox 1929 5240 2004 5303; x_wconf 70' lang='grc' dir='ltr'>ὡς</span> <span class='ocrx_word' id='word_1_758' title='bbox 2030 5243 2095 5299; x_wconf 81' lang='grc' dir='ltr'><strong>Δ.</strong></span> <span class='ocrx_word' id='word_1_759' title='bbox 2127 5240 2243 5304; x_wconf 75' lang='grc' dir='ltr'><strong>πῶς</strong></span> <span class='ocrx_word' id='word_1_760' title='bbox 2272 5243 2419 5311; x_wconf 84' lang='lat' dir='ltr'><strong>vulg.</strong></span> 
     </span>
    </p>
   </div>
   <div class='ocr_carea' id='block_1_108' title="bbox 788 5311 2443 5385">
    <p class='ocr_par' dir='ltr' id='par_1_108' title="bbox 788 5311 2443 5385">
     <span class='ocr_line' id='line_1_108' title="bbox 788 5311 2443 5385; baseline 0 -18"><span class='ocrx_word' id='word_1_761' title='bbox 788 5332 835 5367; x_wconf 75' lang='grc' dir='ltr'>ιι.</span> <span class='ocrx_word' id='word_1_762' title='bbox 928 5316 974 5346; x_wconf 78' lang='grc'><strong>’⁸</strong></span> <span class='ocrx_word' id='word_1_763' title='bbox 996 5311 1286 5385; x_wconf 71' lang='grc' dir='ltr'>στρατείας</span> <span class='ocrx_word' id='word_1_764' title='bbox 1314 5314 1584 5377; x_wconf 80' lang='grc' dir='ltr'>ὲκλέξοιτο</span> <span class='ocrx_word' id='word_1_765' title='bbox 1609 5314 1672 5385; x_wconf 68' lang='grc' dir='ltr'>Α,</span> <span class='ocrx_word' id='word_1_766' title='bbox 1704 5315 1964 5385; x_wconf 70' lang='grc' dir='ltr'>στρατιᾶς</span> <span class='ocrx_word' id='word_1_767' title='bbox 1988 5311 2281 5385; x_wconf 60' lang='grc' dir='ltr'>ὲξελέξοιτο</span> <span class='ocrx_word' id='word_1_768' title='bbox 2298 5316 2443 5384; x_wconf 85' lang='lat' dir='ltr'><strong>vulg.</strong></span> 
     </span>
    </p>
   </div>
   <div class='ocr_carea' id='block_1_109' title="bbox 786 5382 2789 5455">
    <p class='ocr_par' dir='ltr' id='par_1_109' title="bbox 786 5382 2789 5455">
     <span class='ocr_line' id='line_1_109' title="bbox 786 5382 2789 5455; baseline -0.001 -16"><span class='ocrx_word' id='word_1_769' title='bbox 786 5386 830 5416; x_wconf 88' lang='grc'><strong><em>⁸²</em></strong></span> <span class='ocrx_word' id='word_1_770' title='bbox 858 5382 1110 5455; x_wconf 82' lang='grc' dir='ltr'>ἀνόνητον</span> <span class='ocrx_word' id='word_1_771' title='bbox 1137 5402 1186 5451; x_wconf 86' lang='lat' dir='ltr'><strong>e,</strong></span> <span class='ocrx_word' id='word_1_772' title='bbox 1223 5386 1445 5453; x_wconf 81' lang='grc' dir='ltr'>ἀνόητον</span> <span class='ocrx_word' id='word_1_773' title='bbox 1482 5399 1532 5450; x_wconf 86' lang='lat' dir='ltr'><strong>a,</strong></span> <span class='ocrx_word' id='word_1_774' title='bbox 1575 5383 1847 5450; x_wconf 82' lang='grc' dir='ltr'>ἀνώνητον</span> <span class='ocrx_word' id='word_1_775' title='bbox 1882 5382 2023 5449; x_wconf 77' lang='lat' dir='ltr'><strong>vulg.</strong></span> <span class='ocrx_word' id='word_1_776' title='bbox 2094 5382 2139 5413; x_wconf 82' lang='grc'><strong>⁸³</strong></span> <span class='ocrx_word' id='word_1_777' title='bbox 2170 5383 2315 5436; x_wconf 87' lang='grc' dir='ltr'>σιτία</span> <span class='ocrx_word' id='word_1_778' title='bbox 2344 5382 2411 5447; x_wconf 81' lang='grc' dir='ltr'>Α,</span> <span class='ocrx_word' id='word_1_779' title='bbox 2445 5386 2618 5437; x_wconf 88' lang='grc' dir='ltr'>σιτεία</span> <span class='ocrx_word' id='word_1_780' title='bbox 2646 5385 2789 5452; x_wconf 80' lang='lat' dir='ltr'><strong>vulg.</strong></span> 
     </span>
    </p>
   </div>
   <div class='ocr_carea' id='block_1_110' title="bbox 3662 5176 4018 5247">
    <p class='ocr_par' dir='ltr' id='par_1_110' title="bbox 3662 5176 4018 5247">
     <span class='ocr_line' id='line_1_110' title="bbox 3662 5176 4018 5247; baseline 0 -19"><span class='ocrx_word' id='word_1_781' title='bbox 3662 5176 3706 5207; x_wconf 70' lang='grc'><strong>⁷³</strong></span> <span class='ocrx_word' id='word_1_782' title='bbox 3741 5177 4018 5247; x_wconf 60' lang='grc' dir='ltr'>Εὐαγέττςν</span> 
     </span>
    </p>
   </div>
   <div class='ocr_carea' id='block_1_111' title="bbox 2510 5243 4021 5315">
    <p class='ocr_par' dir='ltr' id='par_1_111' title="bbox 2510 5243 4021 5315">
     <span class='ocr_line' id='line_1_111' title="bbox 2510 5243 4021 5315; baseline 0.003 -19"><span class='ocrx_word' id='word_1_783' title='bbox 2510 5243 2751 5315; x_wconf 14' lang='grc' dir='ltr'>’ἶναύτὴν</span> <span class='ocrx_word' id='word_1_784' title='bbox 2798 5245 2864 5315; x_wconf 64' lang='grc' dir='ltr'>Α,</span> <span class='ocrx_word' id='word_1_785' title='bbox 2893 5245 3097 5315; x_wconf 80' lang='grc' dir='ltr'>ταύτην</span> <span class='ocrx_word' id='word_1_786' title='bbox 3142 5245 3289 5315; x_wconf 77' lang='lat' dir='ltr'><strong>vulg.</strong></span> <span class='ocrx_word' id='word_1_787' title='bbox 3377 5246 3420 5276; x_wconf 85' lang='grc'><strong>⁷³</strong></span> <span class='ocrx_word' id='word_1_788' title='bbox 3448 5245 3925 5315; x_wconf 68' lang='grc' dir='ltr'>προκαλεσάμενος</span> <span class='ocrx_word' id='word_1_789' title='bbox 3975 5243 4021 5300; x_wconf 60' lang='grc' dir='ltr'><strong>’Β</strong></span> 
     </span>
    </p>
   </div>
   <div class='ocr_carea' id='block_1_112' title="bbox 2529 5313 4013 5386">
    <p class='ocr_par' dir='ltr' id='par_1_112' title="bbox 2529 5313 4013 5386">
     <span class='ocr_line' id='line_1_112' title="bbox 2529 5313 4013 5386; baseline 0.005 -22"><span class='ocrx_word' id='word_1_790' title='bbox 2529 5313 2576 5344; x_wconf 71' lang='grc' dir='ltr'><strong>⁸ο</strong></span> <span class='ocrx_word' id='word_1_791' title='bbox 2604 5314 2975 5386; x_wconf 85' lang='grc' dir='ltr'>ἀντιτείνομεν</span> <span class='ocrx_word' id='word_1_792' title='bbox 3005 5314 3071 5378; x_wconf 83' lang='lat' dir='ltr'><strong>A,</strong></span> <span class='ocrx_word' id='word_1_793' title='bbox 3104 5314 3457 5384; x_wconf 79' lang='grc' dir='ltr'>ἁνατείνομεν</span> <span class='ocrx_word' id='word_1_794' title='bbox 3486 5313 3629 5384; x_wconf 69' lang='lat' dir='ltr'><strong>vulg.</strong></span> <span class='ocrx_word' id='word_1_795' title='bbox 3710 5318 3751 5346; x_wconf 77' lang='grc'><strong>⁵⁸</strong></span> <span class='ocrx_word' id='word_1_796' title='bbox 3785 5319 3919 5386; x_wconf 69' lang='grc' dir='ltr'>ὁμοῦ</span> <span class='ocrx_word' id='word_1_797' title='bbox 3950 5321 4013 5371; x_wconf 74' lang='grc' dir='ltr'><strong>Α.</strong></span> 
     </span>
    </p>
   </div>
   <div class='ocr_carea' id='block_1_113' title="bbox 2068 5502 2714 5562">
    <p class='ocr_par' dir='ltr' id='par_1_113' title="bbox 2068 5502 2714 5562">
     <span class='ocr_line' id='line_1_113' title="bbox 2068 5502 2714 5562; baseline 0.008 -6"><span class='ocrx_word' id='word_1_798' title='bbox 2068 5502 2207 5557; x_wconf 81' lang='lat' dir='ltr'><strong>JAC.</strong></span> <span class='ocrx_word' id='word_1_799' title='bbox 2242 5503 2456 5559; x_wconf 82' lang='lat' dir='ltr'><strong>GOARI</strong></span> <span class='ocrx_word' id='word_1_800' title='bbox 2485 5506 2714 5562; x_wconf 71' lang='grc' dir='ltr'><strong>ΝΟΤᾹΣ.</strong></span> 
     </span>
    </p>
   </div>
   <div class='ocr_carea' id='block_1_114' title="bbox 862 5596 2348 5669">
    <p class='ocr_par' dir='ltr' id='par_1_114' title="bbox 862 5596 2348 5669">
     <span class='ocr_line' id='line_1_114' title="bbox 862 5596 2348 5669; baseline -0.002 -16"><span class='ocrx_word' id='word_1_801' title='bbox 862 5600 969 5667; x_wconf 61' lang='grc' dir='ltr'>(οε)</span> <span class='ocrx_word' id='word_1_802' title='bbox 1002 5599 1176 5655; x_wconf 84' lang='lat' dir='ltr'><strong>Locus</strong></span> <span class='ocrx_word' id='word_1_803' title='bbox 1232 5599 1492 5669; x_wconf 82' lang='lat' dir='ltr'><strong>injuriosc</strong></span> <span class='ocrx_word' id='word_1_804' title='bbox 1555 5597 1815 5669; x_wconf 81' lang='lat' dir='ltr'><strong>Belisario</strong></span> <span class='ocrx_word' id='word_1_805' title='bbox 1861 5596 2125 5660; x_wconf 76' lang='lat' dir='ltr'><strong>redditus,</strong></span> <span class='ocrx_word' id='word_1_806' title='bbox 2192 5598 2348 5669; x_wconf 57' lang='lat' dir='ltr'><strong>quasi</strong></span> 
     </span>
    </p>
   </div>
   <div class='ocr_carea' id='block_1_115' title="bbox 786 5667 2347 5739">
    <p class='ocr_par' dir='ltr' id='par_1_115' title="bbox 786 5667 2347 5739">
     <span class='ocr_line' id='line_1_115' title="bbox 786 5667 2347 5739; baseline -0.001 -19"><span class='ocrx_word' id='word_1_807' title='bbox 786 5688 910 5721; x_wconf 66' lang='lat' dir='ltr'><strong>vnzu</strong></span> <span class='ocrx_word' id='word_1_808' title='bbox 941 5671 1132 5723; x_wconf 80' lang='lat' dir='ltr'><strong>ducent</strong></span> <span class='ocrx_word' id='word_1_809' title='bbox 1168 5667 1366 5739; x_wconf 65' lang='lat' dir='ltr'><strong>prsclici</strong></span> <span class='ocrx_word' id='word_1_810' title='bbox 1410 5671 1738 5739; x_wconf 82' lang='lat' dir='ltr'><strong>peculiarius</strong></span> <span class='ocrx_word' id='word_1_811' title='bbox 1779 5668 2055 5739; x_wconf 82' lang='lat' dir='ltr'><strong>timerent,</strong></span> <span class='ocrx_word' id='word_1_812' title='bbox 2099 5682 2160 5720; x_wconf 86' lang='lat' dir='ltr'><strong>ac</strong></span> <span class='ocrx_word' id='word_1_813' title='bbox 2195 5667 2347 5720; x_wconf 81' lang='lat' dir='ltr'><strong>velut</strong></span> 
     </span>
    </p>
   </div>
   <div class='ocr_carea' id='block_1_116' title="bbox 789 5738 2344 5812">
    <p class='ocr_par' dir='ltr' id='par_1_116' title="bbox 789 5738 2344 5812">
     <span class='ocr_line' id='line_1_116' title="bbox 789 5738 2344 5812; baseline -0.003 -21"><span class='ocrx_word' id='word_1_814' title='bbox 789 5745 966 5812; x_wconf 78' lang='lat' dir='ltr'><strong>ipsum</strong></span> <span class='ocrx_word' id='word_1_815' title='bbox 1002 5738 1216 5810; x_wconf 77' lang='lat' dir='ltr'><strong>negotio</strong></span> <span class='ocrx_word' id='word_1_816' title='bbox 1257 5738 1558 5810; x_wconf 77' lang='lat' dir='ltr'><strong>imparem;</strong></span> <span class='ocrx_word' id='word_1_817' title='bbox 1590 5754 1718 5812; x_wconf 83' lang='lat' dir='ltr'><strong>non</strong></span> <span class='ocrx_word' id='word_1_818' title='bbox 1777 5738 2011 5804; x_wconf 77' lang='lat' dir='ltr'><strong>quiSquc</strong></span> <span class='ocrx_word' id='word_1_819' title='bbox 2056 5748 2344 5812; x_wconf 64' lang='lat' dir='ltr'><strong>metueret,</strong></span> 
     </span>
    </p>
   </div>
   <div class='ocr_carea' id='block_1_117' title="bbox 790 5806 2344 5868">
    <p class='ocr_par' dir='ltr' id='par_1_117' title="bbox 790 5806 2344 5868">
     <span class='ocr_line' id='line_1_117' title="bbox 790 5806 2344 5868; baseline -0.003 -3"><span class='ocrx_word' id='word_1_820' title='bbox 790 5806 855 5866; x_wconf 76' lang='lat' dir='ltr'><strong>ne</strong></span> <span class='ocrx_word' id='word_1_821' title='bbox 886 5812 991 5868; x_wconf 83' lang='lat' dir='ltr'><strong>sibi</strong></span> <span class='ocrx_word' id='word_1_822' title='bbox 1020 5806 1217 5867; x_wconf 73' lang='lat' dir='ltr'><strong>munus</strong></span> <span class='ocrx_word' id='word_1_823' title='bbox 1254 5806 1354 5865; x_wconf 68' lang='lat' dir='ltr'><strong>hoc</strong></span> <span class='ocrx_word' id='word_1_824' title='bbox 1404 5811 1839 5865; x_wconf 83' lang='lat' dir='ltr'><strong>connuitteretur</strong></span> <span class='ocrx_word' id='word_1_825' title='bbox 1866 5817 2027 5862; x_wconf 71' lang='lat' dir='ltr'><strong>tantae</strong></span> <span class='ocrx_word' id='word_1_826' title='bbox 2079 5812 2227 5861; x_wconf 69' lang='lat' dir='ltr'><strong>aleae.</strong></span> <span class='ocrx_word' id='word_1_827' title='bbox 2253 5806 2344 5861; x_wconf 83' lang='lat' dir='ltr'><strong>Sic</strong></span> 
     </span>
    </p>
   </div>
   <div class='ocr_carea' id='block_1_118' title="bbox 2449 5602 4019 5673">
    <p class='ocr_par' dir='ltr' id='par_1_118' title="bbox 2449 5602 4019 5673">
     <span class='ocr_line' id='line_1_118' title="bbox 2449 5602 4019 5673; baseline 0 -18"><span class='ocrx_word' id='word_1_828' title='bbox 2449 5602 2653 5655; x_wconf 71' lang='lat' dir='ltr'><strong>clanius</strong></span> <span class='ocrx_word' id='word_1_829' title='bbox 2677 5602 2928 5672; x_wconf 78' lang='lat' dir='ltr'><strong>Procop.,</strong></span> <span class='ocrx_word' id='word_1_830' title='bbox 2961 5604 3190 5668; x_wconf 82' lang='grc' dir='ltr'>δεδιότες</span> <span class='ocrx_word' id='word_1_831' title='bbox 3221 5605 3278 5657; x_wconf 79' lang='grc' dir='ltr'><strong>δὲ</strong></span> <span class='ocrx_word' id='word_1_832' title='bbox 3317 5606 3566 5667; x_wconf 75' lang='grc' dir='ltr'>ἕκαστος,</span> <span class='ocrx_word' id='word_1_833' title='bbox 3633 5621 3750 5657; x_wconf 81' lang='lat' dir='ltr'><strong>rum</strong></span> <span class='ocrx_word' id='word_1_834' title='bbox 3804 5606 4019 5673; x_wconf 85' lang='lat' dir='ltr'><strong>quisque</strong></span> 
     </span>
    </p>
   </div>
   <div class='ocr_carea' id='block_1_119' title="bbox 2444 5673 4013 5744">
    <p class='ocr_par' dir='ltr' id='par_1_119' title="bbox 2444 5673 4013 5744">
     <span class='ocr_line' id='line_1_119' title="bbox 2444 5673 4013 5744; baseline 0.003 -21"><span class='ocrx_word' id='word_1_835' title='bbox 2444 5675 2668 5738; x_wconf 82' lang='lat' dir='ltr'><strong>periculi</strong></span> <span class='ocrx_word' id='word_1_836' title='bbox 2699 5673 3114 5744; x_wconf 81' lang='lat' dir='ltr'><strong>magnitudinem</strong></span> <span class='ocrx_word' id='word_1_837' title='bbox 3152 5677 3378 5744; x_wconf 79' lang='lat' dir='ltr'><strong>timeret,</strong></span> <span class='ocrx_word' id='word_1_838' title='bbox 3414 5691 3477 5727; x_wconf 85' lang='lat' dir='ltr'><strong>ne</strong></span> <span class='ocrx_word' id='word_1_839' title='bbox 3506 5676 3642 5742; x_wconf 81' lang='lat' dir='ltr'><strong>forte</strong></span> <span class='ocrx_word' id='word_1_840' title='bbox 3671 5692 3787 5728; x_wconf 82' lang='lat' dir='ltr'><strong>eum</strong></span> <span class='ocrx_word' id='word_1_841' title='bbox 3826 5676 4013 5742; x_wconf 81' lang='lat' dir='ltr'><strong>imper.</strong></span> 
     </span>
    </p>
   </div>
   <div class='ocr_carea' id='block_1_120' title="bbox 2444 5743 3584 5814">
    <p class='ocr_par' dir='ltr' id='par_1_120' title="bbox 2444 5743 3584 5814">
     <span class='ocr_line' id='line_1_120' title="bbox 2444 5743 3584 5814; baseline 0.003 -18"><span class='ocrx_word' id='word_1_842' title='bbox 2444 5745 2707 5797; x_wconf 68' lang='lat' dir='ltr'><strong>exercitus</strong></span> <span class='ocrx_word' id='word_1_843' title='bbox 2732 5743 2915 5798; x_wconf 83' lang='lat' dir='ltr'><strong>ducem</strong></span> <span class='ocrx_word' id='word_1_844' title='bbox 2940 5745 3255 5814; x_wconf 71' lang='lat' dir='ltr'><strong>prwﬁceret.</strong></span> <span class='ocrx_word' id='word_1_845' title='bbox 3296 5743 3584 5801; x_wconf 74' lang='lat' dir='ltr'><strong>Connsrts.</strong></span> 
     </span>
    </p>
   </div>
  </div>
