4432 6434
694 411 801 476 135

2090 408 2581 470 THEOPIIANIS

3858 406 3968 474 436

686 528 1019 599 Procopium
1056 525 1382 595 scriptorem
1433 522 1738 596 Syracusas
1778 523 2071 579 destinavit
2129 538 2277 592 quac-
2312 526 2356 580 Α
2386 539 2436 593 pc

2208 538 2277 577 ιιι-
2312 526 2356 580 A
2386 539 2470 593 ροι
2509 522 2662 587 τινας
2689 523 3061 596 ὁδηγήσοντας
3111 524 3273 581 αύτδν
3322 526 3399 592 είς
3432 526 3639 600 Διϐύην
3669 528 3732 582 ἐκ
3762 528 3853 584 τοῦ
3880 536 3958 587 αξ-

689 625 880 685 sitnm,
915 624 960 676 si
1000 635 1107 690 qua
1159 628 1309 674 sorte
1356 620 1457 674 vias
1508 620 1766 674 ductores
1798 618 2147 688 comperiret,
2180 616 2272 686 qui

690 717 929 771 classem
960 728 1022 767 ex
1061 712 1362 781 improviso
1392 712 1459 767 ad
1490 711 1709 784 Libycae
1740 720 1898 766 terrae
1928 726 2053 765 oras
2081 710 2272 765 admo-

689 812 906 862 verent.
938 817 1047 873 quo
1081 802 1350 859 militares
1415 819 1549 860 suas
1608 804 1798 874 c0pias
1874 802 2139 875 (regionis
2195 810 2277 858 et-

692 898 840 954 enim
882 896 1093 951 incolas
1131 896 1383 950 hostibus
1419 896 1629 951 auxilio
1666 896 1782 950 fore
1808 895 2116 965 verebatur)
2143 893 2278 949 faci-

690 991 798 1047 lius
852 989 918 1043 ad
960 988 1136 1045 solum
1177 988 1461 1045 educeret.
1502 989 1659 1060 162
1711 988 1931 1043 Interim
1966 989 2080 1057 ipse
2138 986 2279 1042 Cau-

693 1083 893 1149 cltana,
934 1096 1109 1153 pagus
1142 1081 1189 1137 is
1226 1081 1329 1136 fuit
1381 1082 1633 1138 ducentis
1672 1084 1864 1139 stadiis
1904 1099 1933 1137 a
1988 1082 2279 1153 Syracusis

693 1182 964 1238 remotus,
992 1181 1104 1227 tota
1134 1171 1310 1227 classe
1339 1173 1476 1227 mari
1505 1172 1684 1228 delata
1716 1173 1945 1244 appulit.
1978 1171 2280 1243 Procopius

694 1266 1004 1338 Syracusas
1040 1266 1347 1334 ingressus,
1391 1266 1460 1321 ab
1488 1266 1883 1321 Amalasunthe
1918 1266 2281 1322 Tlteuderichi

693 1359 948 1429 conjuge,
982 1359 1323 1413 Athalarichi
1361 1375 1491 1415 vero
1532 1359 1698 1416 italiae
1728 1360 1871 1429 regis
1902 1369 2075 1416 matre
2103 1366 2283 1430 (erant

693 1447 750 1503 hi
805 1449 915 1504 duo
981 1464 1107 1504 cum
1160 1446 1471 1504 Justiniano
1522 1449 1732 1504 foedere
1774 1449 2080 1519 conjuncti)
2129 1450 2284 1505 cibos

694 1541 861 1607 emit;
893 1550 947 1596 et
974 1541 1263 1611 inopinato
1295 1542 1348 1595 in
1384 1543 1562 1595 virum
1593 1557 1623 1594 a
1655 1542 1843 1612 pueris
1911 1542 2151 1597 amicitia
2182 1543 2285 1599 sibi

695 1632 1012 1687 devinctum
1044 1632 1265 1696 incidit,
1300 1632 1392 1702 qui
1436 1632 1619 1704 Libya:
1663 1633 1937 1701 marisque
1977 1635 2093 1689 loca
2146 1650 2285 1687 cun-

699 1735 786 1784 cta
853 1727 1317 1799 l'requentioribus
1385 1726 1775 1797 experimentis
1836 1725 2069 1780 habebat
2137 1736 2287 1791 nota,

696 1821 792 1890 qui
847 1823 1028 1878 tribus
1069 1836 1177 1876 non
1216 1820 1451 1890 amplius
1477 1819 1671 1874 diebus
1721 1818 2050 1888 Carthagine
2080 1818 2289 1874 disces-

700 1923 870 1969 serat.
907 1913 955 1970 ls
979 1913 1307 1984 profundam
1343 1912 1798 1983 tranquillitatem
1838 1910 2109 1967 Vandalus
2158 1926 2287 1981 age-

701 2024 783 2071 re,
831 2007 1038 2061 nullam
1073 2006 1246 2062 aciem
1287 2005 1551 2061 adversus
1578 2022 1637 2060 sc
1673 2005 2001 2059 instructam
2036 2005 2291 2074 suspica-

698 2100 770 2163 ri,
822 2098 1001 2168 ipsum
1037 2097 1363 2153 Gelimerem
1422 2107 1661 2167 quatuor
1706 2111 1734 2149 a
1786 2096 1923 2150 tnari
1960 2096 2293 2151 stationibus

698 2207 913 2247 moram
951 2192 1005 2247 in
1048 2190 1305 2262 praesenti
1347 2190 1527 2245 facere
1583 2189 1887 2244 asserebat.
1920 2186 2056 2242 Eum
2104 2201 2292 2243 secum

701 2295 1046 2356 assumptum
1082 2286 1372 2340 Cauchana
1399 2283 1464 2337 ad
1518 2280 1841 2337 Belisarium
1879 2280 2123 2335 adduxit.
2153 2278 2294 2334 Beli-

702 2378 884 2438 sarius
930 2378 1016 2433 his
1081 2376 1285 2431 auditis
1351 2384 1474 2445 post
1518 2373 1739 2428 tertium
1794 2372 1937 2427 diem
1998 2370 2067 2425 ad
2107 2370 2292 2441 Libya:

700 2489 829 2530 oras
855 2470 1145 2542 applicuit,
1177 2470 1243 2524 ad
1278 2468 1484 2530 locum,
1516 2466 1604 2520 cui
1654 2463 1829 2535 Caput
1859 2463 2028 2519 Breve
2068 2478 2286 2518 nomen.

702 2566 984 2622 Descensu
1023 2580 1054 2619 ο
1106 2562 1343 2617 navibus
1397 2560 1565 2623 facto,
1631 2574 1755 2613 mox
1811 2558 1959 2613 fossa
2025 2556 2293 2627 profunde

702 2659 891 2721 ducta,
938 2657 1194 2726 valloque
1256 2654 1469 2708 circum
1540 2652 1801 2715 excitato,
1861 2666 1972 2705 uno
2034 2652 2151 2705 solo
2204 2650 2293 2707 die

702 2759 889 2807 castra
948 2752 1135 2803 metati
1198 2754 1348 2802 sunt.
1404 2745 1539 2812 Illic,
1588 2744 1719 2798 dum
1789 2758 1952 2813 agger
2013 2741 2289 2808 cll'oditur,

704 2858 957 2915 magnam
994 2856 1149 2913 aquae
1184 2840 1579 2910 scaturiginem
1626 2850 1820 2909 sponte
1872 2838 2035 2892 tellus
2088 2837 2289 2905 emisit,

702 2949 830 2991 cum
870 2933 1117 3003 alioquin
1165 2939 1313 2987 totus
1361 2944 1628 2999 aquarum
1667 2929 1894 2998 penuria
1940 2927 2097 2981 locus
2137 2926 2290 2982 labo-

706 3038 891 3084 raret:
928 3042 1049 3098 qua!
1085 3026 1151 3081 ad
1217 3023 1566 3080 necessarios
1595 3022 1968 3090 iumentorum
2019 3020 2296 3086 totinSque

706 3117 986 3173 exercitus
1062 3130 1198 3171 usus
1273 3111 1509 3169 suﬂ‘ecit.
1565 3109 1826 3181 Sequenti
1886 3109 2007 3164 lnce
2064 3108 2296 3178 populus

707 3206 1034 3277 populatum
1069 3203 1363 3275 processit.
1400 3201 1701 3256 Prml‘ectus
1730 3201 2004 3256 exercitus
2048 3200 2294 3260 severius

709 3298 767 3352 in
822 3313 916 3354 eos
968 3296 1427 3360 animadvertens,
1484 3296 1647 3351 verba
1694 3294 1914 3350 demum
1972 3291 2287 3361 ltujusmodi

710 3389 936 3444 habuit:
977 3386 1243 3442 Violentia
1277 3386 1486 3457 quidem
1515 3386 1615 3449 uti,
1650 3395 1698 3439 et
1730 3385 1915 3438 alienis
1948 3385 2090 3455 furto
2120 3384 2290 3451 raptis

710 3482 879 3538 vivere
910 3482 1055 3536 omni
1102 3491 1332 3550 tempore
1367 3480 1733 3549 nefas,,quam
1779 3479 2010 3532 maxime
2057 3475 2292 3545 periculo

710 3571 1037 3626 imminente.
1094 3570 1209 3641 Ego
1254 3586 1372 3625 vero
1427 3569 1524 3622 hoc
1563 3568 1678 3623 solo
1712 3568 1945 3635 conlisus
1990 3567 2058 3621 ad
2096 3576 2293 3619 terram

710 3664 869 3718 istam
900 3680 989 3717 vos
1019 3663 1339 3732 exposui,ut
1366 3662 1580 3731 justitia
1608 3670 1656 3715 et
1690 3661 2028 3729 beneﬁcentia
2058 3660 2295 3713 divinum

714 3772 908 3809 numen
938 3756 1088 3809 nobis
1121 3754 1504 3819 demereamur,
1536 3765 1587 3808 et
1620 3752 1808 3824 Libyes
1843 3757 1911 3807 ad
1960 3770 2054 3808 nos
2080 3754 2296 3808 allicia-

715 3863 853 3901 mus.
900 3845 1031 3901 thc
1054 3855 1229 3900 autem
1260 3853 1435 3900 vestra
1466 3844 1765 3914 petulantia
1786 3856 1834 3899 et
1862 3844 2063 3899 vivendi
2084 3845 2299 3899 licentia

715 3956 799 3993 res
833 3940 889 3993 in
932 3923 1264 3994 contrarium
1299 3946 1483 4003 vertet,
1523 3947 1573 3992 et
1627 3936 1811 4006 Libyes
1854 3936 2109 3992 Vandalis
2149 3954 2299 4006 opem

719 4035 858 4100 ferre
918 4031 1211 4100 compellet.
1262 4029 1455 4085 Verum
1500 4030 1741 4084 consiliis
1794 4030 2018 4098 praebete
2078 4046 2297 4097 morem,

718 4124 887 4193 pretio
913 4124 1053 4177 cibos
1080 4132 1404 4191 comparate,
1450 4132 1507 4176 ut
1556 4139 1719 4191 neque
1756 4122 1839 4191 fas
1881 4133 1926 4176 et
1954 4122 2047 4190 jus
2082 4122 2299 4187 violare,

721 4232 885 4285 neque
916 4215 1137 4286 Libyam
1176 4215 1423 4284 aﬂ'ectum
1449 4215 1504 4267 in
1535 4214 1752 4269 hostiles
1784 4214 1986 4269 animos
2006 4227 2305 4270 convertere

724 4307 804 4365 vel
832 4310 1100 4378 inﬂectere
1131 4307 1435 4361 videamini.
1475 4305 1637 4375 Opem
1673 4307 1851 4376 itaque
1878 4305 1975 4360 Dei
2001 4306 2145 4362 vobis
2175 4306 2304 4375 ipsis

726 4399 1085 4463 conciliaturi,
1122 4396 1177 4451 in
1216 4398 1394 4452 aliena
1428 4396 1665 4450 involare
1701 4396 1959 4462 desistite,
2002 4406 2051 4451 et
2099 4395 2304 4452 lucrum

724 4502 930 4547 scatens
961 4490 1305 4561 undequaque
1328 4490 1576 4559 periculis
1623 4488 1858 4543 labentes
1888 4497 2140 4546 amovete.
2164 4488 2305 4545 Tum

2380 614 2585 682 φνιδίου
2618 614 3098 686 προσορμίσασθαι
3136 621 3203 688 τῇ
3241 620 3336 690 γῇ,
3363 618 3459 673 καὶ
3488 619 3579 673 τὸν
3621 619 3751 674 λαὸν
3776 622 3972 690 ἐξαγα-

2378 710 2496 776 γεῖν
2550 708 2760 763 δεδιότα
2788 710 2889 781 τὴν
2940 710 3281 782 συμμαχίαν.
3342 712 3514 775 Αὐτὸς
3547 713 3604 765 δὲ
3661 712 3755 767 τὸν
3787 716 3971 769 στόλον

2378 800 2656 872 ἀράμενος
2683 803 2764 864 είς
2809 802 3075 873 Καύχανα
3101 805 3147 837 ’⁸
3176 802 3288 875 (28)
3316 805 3378 856 τὸ
3407 804 3609 874 χωρίον
3648 806 3971 877 προσώρμι-

2382 912 2493 960 σεν,
2554 895 2851 960 διακοσίοις
2898 897 3137 961 σταδίοις
3203 898 3301 967 τῆς
3332 897 3689 968 Συρακούσης
3742 898 3969 969 ἀπέχον.

2380 988 2689 1059 Προκόπιος
2728 990 2785 1043 δὲ
2838 990 2895 1043 ἐν
2938 990 3263 1061 Συρακούση
3319 989 3599 1056 εἰσελθὼν,
3651 991 3856 1062 τροιράς
3911 1008 3971 1045 τε

2381 1082 2628 1153 ὠνήσατο
2662 1083 2813 1152 παρά
2838 1082 3285 1153 ’Δμαλασούνθης
3328 1083 3428 1153 τῆς
3486 1084 3746 1153 γυναικὸς
3779 1085 3975 1138 Θευδε-

2386 1174 2559 1245 ρίχου,
2616 1175 2823 1247 μητρὸς
2883 1174 2940 1228 δὲ
2974 1175 3333 1247 Ἀταλαρίχου
3393 1176 3658 1245 βασιλέως
3716 1177 3973 1242 Ἰταλίας,

2385 1268 2569 1336 φιλίαν
2620 1268 2759 1338 πρὸς
2833 1270 3214 1323 Ἰουστινιανὸν
3271 1269 3535 1339 ἐχόντων’
3599 1269 3863 1339 ἐπέτυχεν
3914 1287 3974 1322 τε

2385 1361 2704 1432 παραδόξως
2736 1362 2829 1415 καὶ
2854 1362 3067 1433 ἀνδρὸς,
3098 1361 3255 1429 φίλου
3321 1363 3417 1432 μὲν
3451 1362 3597 1431 αὐτῷ
3638 1364 3976 1432 ὑπάρχοντος

2387 1454 2452 1506 ὲκ
2478 1453 2689 1518 παιδὸς,
2734 1454 3141 1524 πεπειραμένον
3189 1454 3244 1507 δὲ
3280 1455 3378 1524 τῆς
3412 1453 3617 1523 Λιϐύης
3672 1454 3852 1506 τόπων
3884 1455 3977 1508 καὶ

2386 1545 2488 1613 τῆς
2546 1545 2843 1611 Θαλάσσης,
2891 1544 3083 1614 τρίτην
3131 1545 3345 1613 ἔχοντος
3380 1546 3595 1614 ἡμέραν
3652 1547 3715 1597 ὲκ
3753 1546 3978 1615 Καρχη-

2389 1636 2536 1700 δόνος
2557 1636 2891 1706 ἀφικομένου
2926 1637 2991 1701 ⁸³,
3039 1636 3133 1689 καὶ
3160 1636 3529 1689 διεϐεϐαιοῦτο
3566 1639 3749 1690 πᾶσαν
3779 1638 3977 1707 ἀμερι-

2395 1728 2551 1799 μνίαν
2585 1728 2730 1799 ἔχειν
2770 1730 2986 1793 αὐτοὺς,
3045 1729 3136 1781 καὶ
3192 1728 3266 1798 μὴ
3324 1728 3653 1782 ὑποπτεύειν
3701 1729 3821 1782 τινὰ
3860 1730 3977 1781 κατ’

2393 1821 2570 1875 αὐτῶν
2600 1820 3014 1891 στρατεύεσθαι,
3044 1819 3185 1873 ὥστε
3220 1820 3327 1872 ἀπὸ
3351 1820 3631 1890 τεσσάρων
3664 1819 3839 1889 μονῶν
3866 1818 3979 1887 (Ξ9)

2392 1915 2489 1982 τῆς
2527 1914 2803 1983 Θαλάσσης
2848 1913 2939 1968 τὸν
2971 1913 3244 1984 Γελίμερα
3290 1912 3629 1977 αὐλίζεσθαι.
3658 1912 3860 1966 Τοῦτον
3889 1911 3980 1965 οὗ)

2389 2006 2570 2059 λαϐὼν
2631 2006 2937 2077 ῐιροκόπιος
3001 2007 3081 2070 είς
3153 2004 3420 2076 Καύχανα
3470 2004 3605 2076 πρὸς
3663 2004 3982 2075 Βελισάριον

2389 2100 2701 2167 ἀπήγαγεν.
2768 2098 2879 2151 Καὶ
2927 2095 3101 2151 ταῦτα
3140 2097 3329 2167 μαθὼν
3359 2099 3386 2151 ὁ
3415 2096 3735 2167 Βελισάριος
3770 2099 3837 2167 τῇ
3880 2096 3983 2165 τῆς

2391 2193 2598 2260 Λιϐύης
2630 2194 2770 2263 ἀκτῇ
2795 2192 2840 2226 ’⁸
2874 2195 3120 2262 τριταῖος
3156 2192 3546 2264 προσὼρμισεν
3572 2194 3617 2225 ’⁸
3656 2194 3735 2255 εἰς
3760 2193 3979 2263 χωρίον,

2392 2286 2420 2338 ὅ
2451 2285 2707 2355 Κεφαλὴν
2732 2285 2977 2355 Βράχους
3000 2286 3112 2357 (50)
3135 2286 3411 2340 καλοῦσιν.
3436 2285 3768 2348 ’Λποϐἀντες
3794 2286 3850 2338 δὲ
3876 2285 3985 2339 τῶν

2392 2375 2560 2445 νηῶν,
2592 2375 2813 2445 χάρακά
2861 2393 2919 2429 τε
2967 2376 3061 2430 καὶ
3111 2377 3318 2448 τάφρον
3359 2377 3579 2447 βαθεῖαν
3633 2377 3982 2445 ποιήσαντες,

2393 2470 2952 2540 ἐστρατοπεδεύσαντο
2978 2471 3034 2522 ἐν
3057 2472 3241 2541 ἡμέρα
3279 2473 3395 2541 μιᾷ,
3424 2470 3549 2524 ἔνθα
3570 2470 3660 2522 καὶ
3686 2469 3875 2532 ὓδατος
3894 2487 3987 2522 πο·

2393 2560 2455 2613 λύ
2479 2577 2532 2613 τι
2555 2562 2742 2630 χάσμα
2770 2562 2868 2631 τῆς
2898 2563 3108 2637 τάφρου
3140 2563 3185 2593 ’³⁸
3208 2563 3565 2631 ὀρυττόμενον
3594 2562 3625 2630 ἡ
3655 2564 3723 2630 γῆ
3758 2560 3986 2629 ἀνῆκεν,

2391 2654 2487 2706 τοῦ
2502 2655 2670 2707 τόπον
2687 2653 2917 2724 ἀνύδρου
2940 2654 3114 2718 ὄντος,
3133 2655 3229 2708 καὶ
3252 2657 3331 2717 είς
3365 2656 3546 2707 πᾶσαν
3572 2653 3759 2723 χρείαν
3785 2655 3898 2715 τοῖς
3924 2669 3984 2704 τε

2395 2743 2555 2810 ζώοις
2582 2745 2675 2798 καὶ
2699 2744 2776 2814 τῷ
2805 2744 3025 2816 στρατῷ
3051 2747 3297 2814 γέγονεν.
3330 2746 3408 2816 Τῇ
3452 2745 3507 2797 δὲ
3546 2746 3780 2817 ἐπιούσῃ
3810 2747 3836 2796 ὁ
3860 2743 3988 2806 λαὸς

2395 2836 2534 2907 πρὸς
2568 2837 2800 2907 πραίδαν
2829 2837 3125 2907 ὲχώρει.’0
3155 2838 3211 2890 δὲ
3248 2839 3554 2908 στρατηγὸς
3594 2836 3821 2899 τούτους
3852 2835 3978 2905 ᾐκί-

2397 2947 2549 2997 σατο,
2576 2930 2753 2999 λέγων
2785 2931 2924 3000 πρὸς
2954 2931 3154 2991 αύτοὶις
3200 2930 3325 2985 τάδε
3349 2947 3361 2959 ·
3414 2929 3485 2984 Τὸ
3516 2930 3632 2998 μὲν
3677 2927 3989 2993 βιάζεσθαι

2396 3024 2493 3076 καὶ
2523 3022 2649 3088 τοῖς
2676 3024 3018 3091 ἀλλοτρίοις
3044 3023 3088 3055 ⁹⁷
3124 3022 3450 3084 σιτίζεσθαι
3486 3021 3697 3074 ἄδικόν
3723 3021 3895 3073 ἐστιν
3921 3019 3992 3071 ἐν

2397 3112 2578 3166 παντί
2600 3111 2802 3181 καιρῷ,
2824 3113 2918 3166 καὶ
2950 3112 3219 3181 μάλιστα
3246 3111 3315 3163 ἐν
3340 3110 3464 3175 τοῖς
3488 3109 3818 3173 κινδύνοις.
3847 3104 3995 3173 Ἐῖὼ

2323 3232 2367 3295 C
2397 3204 2508 3273 τὰρ
2536 3204 2746 3270 ἐκείνῳ
2770 3204 2816 3237 ’⁸
2838 3205 3032 3282 μόνον
3064 3204 3129 3256 τὸ
3158 3201 3396 3270 θαρῤεῖν
3422 3201 3579 3268 ἔχων
3617 3201 3699 3265 είς
3738 3198 3850 3265 τὴν
3877 3196 3995 3295 γῆν

2396 3296 2625 3363 ταύτην
2648 3294 2804 3363 ὑμᾶς
2834 3295 3194 3359 ἀπεϐίϐασα,
3216 3293 3376 3358 ὅπως
3409 3291 3482 3359 τῇ
3509 3290 3867 3355 δικαιοσύνῃ
3894 3286 3993 3340 καί

2393 3387 2753 3456 ἁταθοεργίᾳ
2786 3387 2978 3440 τόντε
3015 3384 3166 3439 Θεὸν
3198 3382 3683 3452 θεραπεύσαιμεν,
3719 3380 3815 3433 καὶ
3851 3378 3994 3451 τοὺς

2394 3481 2622 3545 Λίϐυας
2652 3479 2802 3547 πρὸς
2828 3477 2988 3548 ἡμᾶς
3013 3476 3505 3544 ἐπισπασώμεθα.
3541 3474 3700 3539 Αὕτη
3729 3472 3797 3524 δὲ
3828 3470 3996 3540 ὑμῶν

2395 3575 2435 3643 ἠ
2491 3574 2773 3644 ἀκράτεια
2800 3572 2848 3605 θ’
2889 3574 2976 3639 είς
3038 3569 3397 3625 τούναντίον
3451 3566 3595 3635 ἡμῖν
3656 3562 3991 3634 μεταϐήσε-

2394 3682 2514 3727 ται,
2548 3665 2648 3721 καὶ
2701 3663 2845 3729 τοὺς
2891 3662 3116 3727 Λίϐυας
3148 3656 3548 3729 συμμαχῆσαι
3592 3658 3607 3688 ⁸
3650 3654 3775 3721 τοῖς
3806 3657 3995 3707 Oti-aro

2398 3754 2612 3821 ϐήλοις
2684 3751 3159 3821 παρασκευάσει.
3243 3749 3429 3804 Ἀλλὰ
3507 3748 3845 3814 πειθόμενοι
3918 3740 3997 3804 τῷ

2398 3844 2518 3914 ἐμῷ
2543 3846 2723 3912 λόγῳ,
2752 3842 3076 3911 ὠνούμενοι
3113 3840 3216 3906 τὰς
3254 3838 3478 3907 τροφὰς
3513 3835 3839 3905 κομίζεσθε,
3898 3831 3996 3886 καὶ

2395 3937 2549 4007 μήτε
2577 3937 2775 3991 ἄδικοι
2818 3934 3037 4001 δόξητε
3062 3929 3240 3995 εἶναι,
3268 3923 3434 4000 μήτε
3464 3928 3579 3995 τὴν
3624 3930 3831 3996 φιλίαν
3880 3925 4000 3979 τῶν

2402 4029 2637 4084 Λιϐύων
2664 4029 2752 4093 εὶς
2778 4025 3005 4095 ἔχθραν
3033 4022 3430 4093 μεταϐάλητε,
3466 4020 3566 4074 καὶ
3604 4019 3713 4072 τὸν
3736 4020 3884 4071 Θεὸν
3911 4021 4000 4071 de-

2395 4124 2748 4194 punctiones
2791 4122 2834 4176 ².
2865 4119 3191 4173 Παύσασθε
3236 4115 3359 4181 τοῖς
3407 4114 3751 4181 ἀλλοτρίοις
3785 4111 4000 4178 ἐπιπη-

2404 4215 2646 4281 δῶντες,
2696 4211 2795 4266 καὶ
2828 4210 3041 4280 κέρδος
3086 4208 3505 4263 ἀποσείσασθε
3555 4203 3855 4257 κινδύνων
3894 4216 3998 4271 με·

2404 4312 2578 4365 στόν.
2612 4304 2968 4367 Ἀποστείλας
2999 4319 3062 4355 τε
3091 4300 3410 4371 Βελισάριος
3435 4298 3529 4351 ἐπὶ
3555 4296 3857 4350 Σύλλεκτον
3903 4294 4000 4364 τὴν

2408 4401 2564 4457 πόλιν
2621 4397 2888 4470 στρατὸν,
2944 4395 3150 4465 ταύτην
3200 4393 3223 4425 ³
3267 4390 3503 4461 ἀπονητὶ
3544 4388 3875 4459 παρέλαϐεν.
3908 4387 4000 4440 Ἐν

2409 4492 2563 4547 νυκτὶ
2588 4490 2697 4562 γὰρ
2725 4489 2861 4561 πρὸς
2890 4487 3061 4557 αὐτὴν
3083 4484 3408 4554 ἀφικόμενοι
3428 4483 3524 4535 σὺν
3556 4482 3675 4543 ταῖς
3706 4478 4000 4541 είσιούσαις

724 4582 1029 4640 Belisarius
1084 4582 1153 4637 ad
1207 4581 1503 4653 Syllectum
1574 4581 1764 4637 urbem
1830 4581 2074 4636 exercitu
2135 4581 2474 4655 missonp

2246 4585 2648 4655 εοΒάμάξαις
2691 4581 2800 4636 τῶν
2852 4579 3128 4652 ἀγροίκων
3180 4576 3537 4639 εἰσελθόντες,
3585 4572 3787 4644 ταύτην
3819 4572 3996 4640 ἔσχον.

725 4691 846 4733 eam
875 4676 1028 4732 nullo
1061 4675 1249 4731 labore
1281 4675 1641 4746 comparavit.
1677 4673 1793 4729 Sub
1827 4682 2045 4729 noctem
2071 4674 2217 4729 enim
2240 4674 2310 4729 ad

727 4782 848 4823 eam
885 4766 1139 4837 profecti,
1170 4767 1581 4823 rusticanorum
1622 4765 1882 4820 curribus
1938 4765 1991 4819 in
2044 4779 2163 4820 eam
2223 4768 2309 4820 in-

729 4858 1109 4929 gredientibus
1160 4857 1404 4923 admisti,
1463 4865 1899 4929 occupaverunt.
1952 4856 2315 4913 lllncescente

2406 4676 2519 4732 Καὶ
2548 4674 2737 4744 ἐπειδὴ
2776 4672 2959 4744 ἡμέρα
2994 4671 3233 4739 ἐγένετο,
3282 4668 3375 4721 τόν
3428 4683 3486 4720 τε
3541 4665 3694 4737 ἱερέα
3742 4664 3838 4716 καὶ
3872 4661 4000 4723 τοὺς

2407 4765 2583 4838 ταύτῃ
2612 4765 2865 4835 πρώτους
2897 4762 3176 4825 λαϐόντες,
3201 4759 3340 4830 πρὸς
3367 4758 3463 4811 τὸν
3499 4754 3807 4825 στρατηγὸν
3833 4754 3995 4822 51:51.1.-

2408 4857 2539 4927 ψαν.
2574 4857 2652 4927 Τῇ
2688 4856 2743 4909 δὲ
2772 4855 2909 4924 αὐτῇ
2941 4853 3127 4923 ἡμέρᾳ
3155 4852 3247 4905 καὶ
3277 4854 3303 4903 ὁ
3352 4848 3445 4903 τοῦ
3485 4848 3749 4918 δημοσίου
3799 4846 4000 4916 δρόμου

730 4950 850 5006 sole
876 4949 1218 5006 sacerdotem
1251 4957 1307 5004 et
1334 4961 1565 5004 caeteros
1610 4949 1854 5004 civitatis
1884 4948 2153 5017 primores
2196 4963 2318 5018 cap—
2411 4951 2480 5003 ἐπ

2241 4963 2318 5018 ιι)-
2411 4947 2863 5019 ὲπιμελούμενος,
2909 4943 3284 5015 ηὐτομόλησεν
3337 4940 3614 5010 παραδοὺς
3660 4940 3783 5002 τοὺς
3831 4938 3991 5007 δημο-

732 5049 819 5098 tos
848 5041 914 5096 ad
952 5040 1274 5113 praelectum
1312 5041 1602 5097 miserunt.
1639 5039 1842 5096 Eodem
1874 5041 1963 5095 die
1993 5040 2084 5109 qui
2116 5054 2317 5096 cursus

2416 5043 2569 5105 σίουέ
2598 5041 2818 5103 ἵππους.
2857 5036 3173 5107 Συνελήφθη
3227 5035 3283 5088 δὲ
3329 5035 3423 5088 καὶ
3469 5035 3496 5087 ὁ
3552 5032 3651 5096 τὰς
3709 5028 3997 5100 βασιλικὰς

2005 5198 2230 5253 νΑιιιΑῑ
2266 5200 2670 5257 LECTIONES.

788 5310 837 5390 °_°
872 5311 1140 5390 Katjguga
1162 5314 1227 5390 Α.
1287 5313 1333 5346 ³³
1364 5314 1699 5390 ἀφικομένου
1739 5313 1806 5390 Α..
1838 5316 2174 5390 ἀφικόμενος
2194 5319 2349 5390 vulg.
2406 5320 2453 5352 "‘
2487 5317 2650 5390 ἀκτῇ]
2674 5319 2807 5388 δκτῇ
2835 5317 3002 5390 vulg,
3029 5316 3074 5347 ”
3102 5310 3585 5390 τροεὼρμιςενᾉν
3605 5307 4002 5390 πέθσώρμῖδὲν

736 5381 883 5451 vulg.

695 5484 717 5503 .
739 5466 825 5504 σαι
865 5454 929 5518 Α,
960 5458 1268 5523 συμμαχεῖν
1304 5457 1449 5526 vulg.

968 5383 1015 5414 “
1038 5384 1138 5453 τῆς
1171 5384 1473 5459 τάφρουᾉ,
1502 5383 1672 5459 τοῦᾂτ.
1708 5386 1852 5459 vulg.
1892 5383 1898 5384 ⁷
1934 5383 2126 5459 ’ζτοίις
2153 5383 2472 5459 ἀλλοὲρίους
2497 5394 2560 5444 Α.

2670 5377 2953 5441 ’κὲιὶἐίνονῖ
2982 5389 3046 5439 Α.
3123 5377 3168 5417 ³⁵
3211 5377 3451 5455 ἀκρασία
3486 5383 3547 5435 Α.
3649 5385 3662 5410 ³
3701 5377 4000 5448 συμμαχῆ-

1538 5458 1557 5486 ³
1588 5455 1989 5529 θεραπεύσητε]
2026 5455 2382 5531 ἁναπαύσητε
2414 5462 2456 5515 Λ
2490 5460 2524 5514 f.
2604 5461 2624 5491 ⁸
2656 5460 2833 5530 ταύτῃ
2862 5459 2927 5524 Α,
2957 5456 3161 5527 ταύτης
3188 5457 3333 5526 “1‘8-

2006 5574 2149 5631 JAC.
2172 5575 2381 5634 GOARI
2416 5576 2643 5636 ΝΟΤᾹΞ.

814 5689 928 5756 (28)
965 5690 1296 5745 Caucunent.

813 5761 928 5828 (‘29)
964 5759 1195 5831 Procop.
1229 5777 1242 5814 :
1288 5761 1375 5812 Ἐν
1417 5759 1659 5831 Ἐρμίονι
1694 5761 1791 5828 τὴν
1834 5761 2119 5831 διατριϐὴν
2151 5757 2319 5831 εἶχεν,

744 5829 779 5896 ἧ
810 5831 959 5901 ἔστιν
996 5832 1053 5901 εν
1074 5830 1328 5901 Βυζακῄρ
1368 5830 1590 5899 ἡμερῶν
1626 5831 1908 5901 τεσσάρων
1944 5829 2049 5900 6δῷ
2076 5832 2175 5900 τῆς
2204 5829 2321 5901 ﬁte-

749 5916 837 5964 νος
864 5899 1218 5971 διαφέρουσα·
1255 5899 1481 5957 Celinter
1511 5899 2028 5957 Hermione-moram
2052 5899 2312 5969 trahebat,

2425 5709 2542 5763 quae
2592 5702 2671 5747 est
2726 5694 2841 5763 agri
2907 5689 3191 5763 Byzaceni,
3223 5697 3454 5763 quatuor
3497 5685 3703 5763 dierum
3754 5684 3935 5735 itinere
3968 5699 3998 5734 α

2430 5754 2570 5818 mari
2603 5754 2845 5826 distans;
2874 5754 3126 5831 ad'quod
3153 5754 3577 5827 eratCarthago.
3603 5754 3893 5810 ϐοιιεεειε.

2501 5836 2614 5907 (50)
2642 5835 2817 5905 Caput
2846 5832 3014 5889 Vada.
