4432 6434
425 433 533 498 445

1732 424 2409 490 (ΣΗΗΟΝΟΟΒΛΡΙΙΙᾹ.

3590 426 3698 491 MO

420 536 735 607 στράτευμα
794 532 1085 605 Ῥωμαίων
1131 532 1223 587 τὸν
1278 533 1520 605 ποταμὸν
1577 535 1859 599 διαϐάντες
1906 538 1999 591 ἐπὶ
2028 548 2074 603 Α
2106 544 2170 612 ριι

1941 538 1999 591 7:".
2028 548 2074 603 Α
2106 544 2361 612 pluribus
2398 559 2461 598 ex
2505 543 2753 598 Belisarii
2815 542 3075 599 satellitio
3130 543 3372 613 acceptis
3428 543 3479 597 in
3535 544 3691 615 167

415 630 543 690 τοὺς
574 627 873 697 πολεμίους
921 625 1234 697 ἐχώρησαν,
1265 628 1359 681 καὶ
1383 630 1607 691 τούτους
1648 630 2003 700 τρεψάμενοι,

420 718 584 791 μέχρι
611 717 706 773 τοῦ
736 720 1101 790 στρατοπέδου
1133 718 1359 784 ἐδίωξαν
1389 720 1433 751 ⁷⁵
1454 737 1467 750 ·
1502 720 1596 774 καὶ
1623 720 2005 793 ὑποστρέψαν-

420 827 512 874 τες
557 811 688 874 τοὺς
715 810 947 882 νεκροὺς
990 810 1246 877 ἀπέδυον,
1271 810 1389 863 ὅσοι
1432 810 1664 881 μάλιστα
1705 811 2007 882 ἐχρυσοφό-

426 919 575 972 ρουν,
607 902 705 955 καὶ
733 904 813 964 είς
859 901 921 954 τὸ
950 901 1161 954 ἑαυτῶν
1209 904 1572 973 στρατόπεδον
1619 904 2005 976 ὑπεχώρησαν.

430 996 727 1050 Ἀπέθανον
762 996 819 1049 δὲ
848 996 907 1048 ἐν
952 996 1127 1069 ταύτῃ
1178 1000 1243 1067 τῇ
1286 998 1437 1070 μάχη
1481 997 1768 1068 Ῥωμαίων
1805 1000 2006 1069 πεντή-

418 1104 603 1150 κοντα,
631 1087 953 1157 Οὺανδήλων
980 1089 1023 1119 ⁷⁷
1056 1088 1113 1141 δὲ
1138 1090 1472 1145 ὀκτακόσιοι.
1501 1091 1845 1145 Καταλαϐὼν
1874 1093 1930 1146 δὲ
1958 1093 2005 1124 τ’*

419 1179 737 1251 Βελισὰριος
791 1180 888 1233 σὺν
939 1181 1053 1243 τοῖς
1099 1181 1286 1245 πεζοῖς
1338 1184 1404 1253 τῇ
1436 1182 1765 1255 δείλῃξπρδς
1824 1184 2005 1253 ὀψίαν,

419 1272 558 1344 ἄρας
574 1274 619 1306 τ’
652 1272 785 1344 (56),
808 1273 884 1336 ὡς
908 1269 1021 1342 εἶχε
1048 1274 1271 1344 τάχους,
1298 1274 1395 1327 σὺν
1424 1276 1588 1327 παντὶ
1617 1274 1697 1345 τῷ
1729 1275 1946 1346 στρατῷ
1964 1278 2009 1308 ao

418 1364 512 1416 ἐπὶ
548 1365 608 1417 τὸ
639 1364 746 1417 τῶν
780 1364 1103 1434 υύανδήὶκον
1140 1367 1504 1437 στρατόπεδον
1535 1367 1731 1437 ᾤχετο.
1774 1369 2010 1439 Γελίμερ

418 1457 476 1509 δὲ
522 1457 684 1525 γνοὺς
736 1456 1056 1529 Βελισὰριον
1098 1459 1347 1526 παρόντα
1400 1460 1496 1512 σὺν
1529 1464 1642 1523 τοῖς
1689 1461 1875 1525 πεζοῖς
1919 1462 2011 1514 καὶ

420 1550 582 1602 παντὶ
620 1549 698 1621 τῷ
744 1549 982 1621 στρατῷ.
1017 1550 1214 1612 ὲπιδᾶς
1241 1551 1318 1621 τῷ
1352 1551 1505 1623 ἵππῳ
1546 1553 1711 1624 μηδὲν
1758 1554 2012 1618 διαταξῴ

423 1659 585 1712 μενος
617 1641 873 1713 ἀκρατῶς
910 1643 1002 1695 ἐπὶ
1028 1642 1071 1674 ⁸⁸
1104 1644 1408 1715 Νουμιδίαν
1436 1645 1636 1713 ἔφυγεν
1670 1646 1788 1716 μετ’
1816 1646 2011 1715 ὀλίγων

423 1734 700 1803 συγγενῶν
726 1736 820 1790 καὶ
836 1737 1061 1790 οἰκετῶν
1080 1737 1250 1791 ἀύτοῦ
1275 1738 1824 1810 καταπεπληγμένος.
1858 1741 2012 1793 Ἐπεὶ

420 1829 474 1881 δὲ
507 1829 667 1881 αὐτὸν
701 1830 943 1898 φυγόντα
969 1829 1197 1900 ᾔσθοντο
1229 1831 1278 1882 οἱ
1312 1831 1609 1901 Ούανδῆλοι
1644 1832 1739 1884 καὶ
1768 1833 1815 1884 οί
1846 1832 2010 1885 πολέ-

2113 636 2441 690 'l‘zatzonem
2469 651 2593 690 enm
2624 637 2865 691 clamore
2898 645 2949 689 et
2980 636 3217 704 strepitu
3244 636 3441 691 insiliit
3479 655 3491 691 :
3523 653 3698 691 acrus-
3783 672 3785 675 τ

2111 743 2218 798 que
2268 743 2446 797 pugna
2482 728 2608 783 inde
2664 727 2903 782 conﬂata
2940 734 3048 792 est,
3086 741 3196 796 qua
3226 726 3492 795 Tzatzon,
3544 727 3697 783 Geli-

2112 816 2281 870 meris
2312 815 2501 881 frater,
2530 816 2752 872 cecidit.
2788 814 2926 873 Tum
2955 832 3086 873 vero
3117 818 3370 873 universa
3415 818 3694 890 Romano-

2112 923 2233 961 rum
2280 910 2426 965 aeies
2466 909 2667 966 flumen
2709 910 2990 981 trajiciens
3039 912 3094 966 in
3133 910 3323 967 hostes
3371 913 3594 983 irrupit,
3641 920 3697 968 et

2115 1004 2166 1056 in
2191 1004 2369 1069 fugam
2394 1013 2546 1059 actos
2576 1005 2643 1059 ad
2668 1013 2849 1059 castra
2880 1019 3057 1075 usque
3079 1018 3255 1060 caesos
3281 1004 3547 1059 insectata
3575 1013 3694 1060 est:

2117 1108 2279 1167 atque
2332 1098 2458 1153 inde
2501 1114 2657 1155 versa
2694 1098 2832 1154 facie
2882 1098 3075 1168 pedem
3111 1097 3378 1162 referens,
3436 1099 3697 1163 mortuis,

2035 1242 2047 1255 ,
2115 1193 2353 1248 maxime
2403 1193 2495 1264 qui
2564 1208 2699 1248 auro
2755 1202 2913 1249 erant
2971 1192 3306 1258 ornatiores,
3367 1192 3571 1259 exutis,
3629 1190 3697 1244 ad

2112 1295 2294 1338 castra
2350 1286 2689 1356 remigravit.
2739 1284 2879 1341 Caesi
2917 1293 3047 1340 sunt
3081 1286 3134 1338 in
3172 1300 3235 1340 ea
3284 1300 3463 1356 pugna
3499 1283 3700 1339 Roma-

2116 1393 2311 1429 norum
2379 1377 2806 1446 quinquaginta,
2880 1393 2945 1433 ex
3026 1376 3291 1431 Vandalis
3372 1376 3698 1446 octingenti.

2118 1467 2234 1522 Sub
2268 1484 2551 1539 vesperam
2581 1481 2760 1524 autem
2795 1470 3058 1525 inclinata
3104 1470 3219 1539 jam
3257 1468 3365 1533 die,
3401 1467 3699 1523 Belisarius

2115 1577 2238 1616 cum
2290 1562 2568 1631 peditibus
2630 1579 2889 1619 reversus
2934 1579 3041 1633 qua
3091 1578 3291 1617 cursus
3347 1562 3701 1617 contentione

2122 1656 2324 1725 potuit,
2394 1671 2519 1710 cum
2584 1659 2845 1713 universo
2910 1656 3158 1712 exercitu
3219 1656 3274 1709 in
3334 1655 3699 1709 Vandalornm

2117 1760 2300 1803 castra
2359 1751 2618 1820 perrexit.
2658 1750 2898 1806 Gelimer
2944 1750 3268 1804 Belisarium
3321 1765 3446 1803 cum
3500 1746 3701 1817 pediti-

2118 1839 2223 1895 bus
2282 1849 2336 1894 et
2401 1841 2682 1907 agminum
2744 1840 2976 1910 reliquis
3058 1840 3253 1894 adesse
3332 1838 3699 1908 pet-sentiens,

425 1937 538 1992 μιοι
571 1921 673 1992 ἥδη
705 1922 978 1992 ἑωρῶντο,
1019 1923 1141 1975 τότε
1174 1923 1238 1994 δὴ
1283 1922 1422 1977 οἵτε
1460 1924 1655 1994 ἄνδρες
1699 1925 1793 1979 καὶ
1822 1926 2006 1994 γυναί-
2043 1909 2088 1967 Β
2120 1949 2175 1988 re

1952 1926 2006 1976 »ἶ-
2043 1909 2088 1967 Β
2120 1934 2315 1988 relicto
2338 1933 2589 1987 exercitu
2627 1932 3013 2002 incomposito,
3050 1931 3226 1987 effuso
3257 1948 3422 1986 cursu
3473 1934 3702 2001 ipsoque

422 2030 515 2077 κες
543 2013 639 2067 καὶ
688 2013 757 2067 τὰ
802 2012 993 2070 παιδία
1044 2014 1407 2085 ἐθορυϐοῦντο
1434 2015 1479 2047 ⁸¹
1524 2017 1618 2069 καὶ
1671 2014 1916 2070 ἐκώκυον
1942 2017 2009 2083 ⁸³,

421 2106 517 2159 καὶ
546 2103 670 2159 οὔτε
719 2105 1022 2177 χρημάτων
1071 2106 1456 2176 μετεποιοῦντο
1504 2106 1626 2161 οὔτε
1668 2108 1776 2160 τῶν
1810 2108 1856 2139 ⁸³
1888 2107 2011 2177 φιλ-

419 2199 597 2253 τάτων
623 2198 985 2270 ὀδυρομένων,
1013 2198 1128 2252 ἀλλ’
1159 2199 1385 2262 ἕκαστος
1414 2199 1615 2268 ἔφυγεν
1640 2201 1776 2253 ὅπου
1808 2199 1853 2231 ⁸⁵
1886 2198 2013 2268 ἡδύ-

421 2308 572 2343 νατο.
610 2289 960 2354 Ἐπελθόντες
989 2290 1045 2343 δὲ
1077 2291 1127 2343 οἱ
1167 2290 1430 2361 Ῥωμαῖοι
1465 2291 1525 2343 τό
1555 2307 1613 2344 τε
1647 2291 2012 2362 στρατόπεδον

424 2384 704 2455 αἴρουσιν,
743 2384 837 2438 καὶ
872 2381 1257 2448 ἐπιδιώξαντες
1295 2384 1394 2455 τὴν
1426 2385 1598 2439 νύκτα
1633 2385 1784 2453 ὃλην,
1814 2385 2014 2456 ἄνδρας

426 2477 524 2547 μὲν
557 2479 704 2540 ὅσοις
747 2476 1001 2546 ἐνέτυχον
1032 2476 1078 2508 ⁸⁸
1128 2475 1400 2538 ἔκτειναν,
1436 2477 1629 2539 παῖδας
1679 2476 1737 2529 δὲ
1785 2477 1881 2528 καὶ
1912 2493 2015 2544 γυ-

422 2573 618 2633 ναῖκας
654 2572 713 2624 ὲν
738 2570 1090 2642 ἀνδραπόδων
1137 2568 1282 2639 λόγῳ
1318 2568 1618 2623 ἐποιοῦντο.
1652 2569 1929 2639 Χρήματα
1958 2568 2015 2621 δὲ

423 2670 662 2724 τοσαῦτα
690 2670 750 2723 τὸ
780 2669 987 2739 πλῆθος
1017 2664 1195 2740 εὗρον,
1225 2669 1325 2722 ὅσα
1358 2669 1614 2722 ούδέποτε
1639 2670 1695 2722 ἐν
1716 2667 1795 2721 ἐνὶ
1830 2667 2014 2738 χωρίῳ

422 2765 721 2833 τετύχηκεν
750 2762 794 2795 ⁸⁷
838 2756 1002 2816 εἶναι.
1036 2762 1147 2833 Τὴν
1192 2761 1302 2834 γὰρ
1339 2760 1629 2830 Ῥωμαίων
1675 2760 1850 2830 ἀρχὴν
1898 2759 2016 2829 ληϊ-

425 2855 675 2925 σὲιμενοι,
720 2853 981 2924 χρήματα
1027 2854 1108 2916 εἰς
1156 2851 1367 2920 Λιϐύην
1414 2850 1584 2904 πολλά
1640 2853 2013 2920 μετήνεγκανο

424 2945 521 3001 καὶ
552 2946 653 3015 τῆς
688 2946 873 3016 χώρας
902 2944 1074 3015 αὐτῆς
1121 2944 1335 3013 ἀγαθῆς
1365 2942 1531 3013 οὔσης
1576 2944 1668 2996 καὶ
1714 2942 2014 3013 εὐκάρπου,

424 3038 725 3110 χρημάτων
752 3038 1005 3108 πρόσοδοι
1028 3036 1224 3090 πολλαὶ
1244 3035 1431 3098 αὐτοῖς
1456 3036 1768 3103 γεγόνασιν.
1815 3035 2020 3104 Ἐνενή-

425 3149 592 3185 κοντα
624 3132 784 3185 πέντε
817 3131 927 3201 γὰρ
958 3129 1054 3201 ἐτη
1085 3128 1293 3200 Λιϐύης
1328 3128 1628 3197 Ούανδῆλοι
1676 3128 2014 3199 ἐκράτησαν,

426 3223 521 3275 καὶ
546 3221 717 3274 πολὺν
742 3220 975 3274 πλοῦτον
1005 3221 1051 3253 ⁸⁸
1083 3220 1485 3291 συναγαγόντες
1522 3220 1706 3291 ἐκείνῃ
1737 3223 1801 3289 τῇ
1836 3220 2019 3292 ἡμέρα

430 3317 512 3380 είς
543 3316 647 3380 τὰς
690 3313 801 3368 τῶν
849 3314 1142 3385 Ῥωμαίων
1182 3316 1371 3386 χεῖρας
1414 3315 1442 3367 ὁ
1483 3316 1589 3376 πᾶς
1641 3312 1869 3376 πλοῦτος
1916 3316 2018 3367 ἐπ-

425 3408 652 3478 ανῆκεν.
694 3408 784 3461 Ἐν
831 3408 978 3479 τρισὶ
999 3408 1109 3478 γὰρ
1138 3407 1275 3478 μησὶ
1304 3406 1618 3478 πολεμήσας
1648 3405 1676 3458 δ
1706 3407 1751 3440 ⁸ο
1790 3407 2019 3461 Βελισά-

428 3515 544 3570 ριος
572 3498 681 3553 ἀπὸ
700 3497 795 3552 τοῦ
832 3497 1162 3569 Ὀκτωϐρίου
1209 3498 1383 3569 μηνὸς
1408 3499 1487 3560 εἰς
1519 3497 1581 3550 τὸ
1607 3496 1762 3560 τέλος
1792 3498 1884 3550 τοῦ
1918 3500 2020 3550 Δε-

425 3589 695 3663 κεμϐρίου
743 3591 924 3644 πᾶσαν
951 3590 1052 3661 τὴν
1098 3589 1306 3660 Λιϐύην
1355 3587 1645 3651 ὑπέταξεν.
1706 3589 2017 3642 Ἀπέστειλε

424 3686 485 3740 δὲ
515 3685 772 3757 Ἰωάννην
809 3686 903 3738 τὸν
935 3684 1222 3757 Ἀρμένιον
1258 3685 1356 3739 σὺν
1383 3683 1679 3748 διακοσίοις
1712 3684 2019 3747 ἐπιλέκτοις

425 3777 643 3832 διώκειν
678 3778 770 3832 τὸν
802 3777 841 3830 Γ
846 3778 1078 3849 ελίμερα
1106 3777 1213 3839 ἕως
1243 3778 1406 3832 αὑτὸν
1440 3775 1619 3841 ζῶντα
1650 3777 1683 3848 ἢ
1711 3777 1903 3847 νεκρὸν
1926 3776 2020 3829 λα-

428 3870 564 3925 ϐεῖν.
601 3872 700 3934 Ὃς
733 3868 947 3939 φθάσας
972 3872 1019 3903 ⁹⁰
1047 3868 1138 3923 τὸν
1161 3868 1432 3940 Γελίμερα
1459 3868 1662 3939 ἤμελλε
1692 3870 2017 3939 λαμϐάνειν,

426 3963 476 4016 εί
508 3962 583 4033 μὴ
617 3960 923 4033 συνηνέχθη
957 3963 1189 4033 πρᾶγμα
1212 3962 1413 4015 τοιόνδε
1438 3978 1452 3991 ·
1478 3961 1765 4033 Ούλιάριός
1794 3979 1878 4025 τις
1908 3962 2020 4015 τῶν

427 4052 750 4125 Βελισαρίου
789 4052 1105 4124 δορυφόρων
1162 4053 1328 4125 συνῆν
1374 4052 1453 4123 τῷ
1481 4054 1728 4125 Ἰωάννῃ,
1789 4054 1849 4118 ὃς
1893 4054 2019 4125 οἴνῳ

432 4143 853 4216 μεμεθυσμένος
880 4146 923 4177 ⁸⁸
963 4144 1087 4201 ἰδὼν
1116 4146 1267 4218 ὄρνιν
1294 4145 1387 4198 ἐπὶ
1414 4145 1634 4217 δένδρου
1674 4146 2018 4217 καθημένην,

430 4236 681 4303 ἐκτείνας
711 4238 774 4292 τὸ
816 4238 970 4306 τόξον
1004 4238 1127 4293 κατ’
1169 4237 1340 4308 αὐτῆς
1373 4237 1569 4292 ἔϐαλεν
1603 4241 1671 4303 ’³,
1707 4241 1803 4293 καὶ
1852 4240 1950 4311 τῆς
1977 4239 2022 4270 ³³

434 4330 536 4402 μὲν
562 4331 776 4403 ὄρνιθος
825 4331 1120 4404 ἀπέτυχεν,
1150 4330 1243 4385 τδν
1292 4331 1352 4386 δὲ
1377 4332 1635 4404 Ἰωάννην
1676 4332 1900 4385 ὄπισθεν
1944 4333 2025 4397 εἰς

429 4423 523 4478 τὸν
557 4423 762 4495 αὐχένα
792 4424 1008 4479 ἔϐαλεν.
1045 4424 1103 4480 '0
1132 4425 1187 4479 δὲ
1218 4425 1440 4497 καιρίαν
1476 4424 1705 4496 πληγεὶς
1732 4425 2017 4493 τέθνηκεν,

432 4518 569 4572 πολὺ
597 4518 761 4571 αὐτοῦ
793 4518 842 4551 ⁸⁸
869 4518 1066 4582 πένθος
1094 4517 1307 4586 βασιλεῖ
1330 4534 1390 4569 τε
1415 4515 1786 4587 Ίουστινιανῷ
1811 4520 1906 4571 καὶ
1936 4516 2025 4571 Βε-

2116 2033 2263 2077 metu
2288 2032 2516 2092 urgente
2539 2023 2878 2092 compulsus,
2901 2038 3024 2076 cum
3045 2023 3239 2093 paucis
3271 2023 3701 2092 consanguineis

2115 2124 2170 2169 et
2207 2115 2573 2171 familiaribus
2614 2116 2667 2170 in
2706 2114 3020 2170 Numidiam
3068 2114 3303 2185 aufugit.
3350 2114 3641 2185 Comperta
3670 2129 3700 2168 a

2124 2206 2380 2263 Vandalis
2436 2207 2558 2277 ejus
2618 2209 2771 2278 fuga,
2842 2207 3090 2278 ipsisque
3149 2208 3406 2262 hostibus
3465 2206 3580 2274 jam
3645 2208 3701 2261 in

2115 2308 2413 2371 conspectu
2446 2300 2664 2371 positis,
2699 2309 2829 2355 tunc
2856 2301 3125 2365 virorum,
3164 2302 3480 2367 mulierum,
3503 2308 3558 2355 et
3600 2316 3703 2369 pu-

2116 2408 2339 2447 erorum
2386 2394 2701 2461 promiscua
2748 2391 2909 2445 turba
2949 2391 3170 2445 sublato
3218 2390 3431 2460 eiulatu
3482 2399 3701 2445 terrore

2118 2484 2386 2539 confundi
2440 2494 2495 2539 et
2564 2484 3184 2553 turbarizabjectaque
3256 2483 3577 2537 facultatum
3651 2490 3707 2537 et

2119 2578 2575 2633 cbarissimorum
2616 2593 2773 2644 cura,
2800 2595 2906 2649 qua
2938 2581 3174 2650 quisque
3198 2578 3395 2649 potuit,
3430 2579 3482 2632 in
3522 2577 3706 2646 fugam

2120 2684 2179 2723 se
2209 2668 2465 2737 conjecit.
2508 2668 2743 2724 Romani
2786 2671 2916 2724 dato
2966 2669 3119 2724 aditu
3158 2670 3528 2740 irrumpentes
3582 2685 3706 2725 cas-

2120 2760 2223 2813 tris
2282 2760 2591 2829 potiuntur,
2644 2768 2698 2816 et
2762 2761 3036 2832 fugientes
3096 2777 3193 2831 per
3257 2770 3429 2816 totam
3484 2770 3702 2816 noctem

2120 2853 2379 2917 insecuti,
2414 2854 2567 2909 viros
2595 2854 2818 2925 quidem
2850 2854 3067 2909 obviam
3106 2854 3280 2909 factos
3323 2862 3707 2924 peremerunt,

2125 2960 2331 3015 pueros
2390 2953 2656 3003 autemet
2687 2947 2947 3002 mulieres
3006 2946 3253 3016 captivas
3313 2946 3366 2999 in
3417 2959 3704 3000 servorum

2124 3054 2415 3093 numerum
2459 3048 2882 3095 recensuerunt.
2915 3038 3091 3093 Porro
3124 3038 3489 3108 pecuniarum
3527 3045 3582 3092 et
3614 3036 3705 3091 di-

2123 3130 2379 3184 vitiarunt
2418 3145 2539 3184 eam
2584 3130 2659 3184 ibi
2697 3131 2805 3185 vim
2843 3137 3209 3200 repererunt,
3238 3143 3403 3201 quam
3434 3127 3488 3182 in
3535 3143 3705 3181 unum

2125 3221 2305 3276 locum
2364 3237 2597 3293 usquam
2649 3236 2948 3293 congerere
2991 3221 3176 3277 liceat.
3227 3224 3514 3288 Quondam
3560 3218 3709 3272 enim

2126 3313 2352 3369 Vandali
2405 3314 2780 3371 Romanorum
2829 3314 3123 3383 imperium
3180 3322 3353 3367 totum
3388 3311 3442 3365 in
3481 3309 3711 3380 direpti-

2122 3422 2282 3462 onem
2324 3407 2428 3462 sibi
2457 3422 2784 3464 cor.cessum
2829 3405 3154 3477 depradati,
3190 3405 3414 3460 divitias
3448 3411 3502 3456 et
3538 3400 3712 3454 facul-

2123 3508 2263 3555 tates
2315 3500 2368 3554 in
2418 3498 2644 3571 Lybiam
2696 3507 3218 3571 transportaverunt
3267 3500 3568 3551 itmnensas
3604 3510 3616 3548 :
3647 3507 3712 3547 ac

2121 3595 2399 3664 regionem
2435 3595 2664 3665 insuper
2707 3594 2972 3664 optimam
3004 3600 3059 3648 et
3096 3590 3494 3647 fertilissimam
3540 3587 3708 3653 nacti,

2123 3686 2469 3741 fortunarum
2498 3695 2553 3742 et
2591 3701 2760 3758 opum
2796 3686 3048 3740 omnium
3083 3684 3427 3753 collegerunt
3470 3695 3713 3751 proven-

2124 3792 2232 3835 tus.
2269 3779 2481 3851 Quippe
2511 3781 2808 3850 nonaginta
2849 3779 3098 3851 quinque
3132 3776 3294 3831 annis
3328 3773 3494 3846 [.ybia
3558 3770 3713 3843 potiti

2126 3870 2381 3936 Vandali,
2417 3883 2469 3927 et
2504 3873 2787 3926 variorum
2847 3870 3123 3925 bonorum
3175 3868 3333 3937 copia
3395 3862 3713 3921 circumflu—

2124 3973 2305 4032 entes,
2358 3979 2470 4020 uno
2520 3964 2630 4019 diei
2685 3972 2968 4017 momento
3001 3961 3056 4017 in
3085 3958 3467 4015 Romanorum
3518 3969 3716 4012 manus

2124 4056 2354 4128 delapsi,
2390 4056 2649 4111 omnibus
2681 4054 2749 4109 ad
2781 4054 3066 4109 Romanos
3110 4051 3473 4108 redeuntibus
3526 4065 3716 4107 cesse-

2124 4158 2275 4205 runt.
2351 4148 2648 4205 Trimestri
2728 4146 3003 4217 siquidem
3082 4144 3249 4208 bello,
3318 4144 3389 4197 ab
3460 4141 3716 4199 Octobris

2126 4243 2354 4300 exordio
2401 4242 2469 4296 ad
2522 4241 2841 4297 Decembris
2872 4240 3080 4294 exitum
3110 4236 3342 4309 Lybiam
3401 4236 3715 4291 universam

2128 4336 2429 4393 Belisarius
2451 4335 2687 4407 subegit.
2709 4333 2858 4389 Misit
2883 4341 3063 4388 autem
3085 4330 3354 4387 Joannem
3390 4327 3715 4384 Armenium

2128 4444 2253 4484 cum
2304 4426 2562 4483 ducentis
2612 4425 2879 4481 militibus
2931 4424 3175 4486 selectis,
3232 4424 3327 4492 qui
3386 4420 3716 4477 Gelimerem

2128 4521 2540 4588 insequeretur,
2578 4525 2634 4572 et
2665 4532 2789 4573 eum
2821 4532 2919 4572 seu
2946 4516 3152 4579 vivum,
3186 4529 3283 4571 seu
3312 4514 3422 4568 vita
3460 4512 3715 4567 functum

430 4609 660 4681 λισαρίῳ
690 4610 784 4664 καὶ
809 4612 943 4664 πᾶσι
983 4610 1283 4680 Ῥωμαίοις
1311 4609 1405 4663 καὶ
1437 4608 1833 4680 Καρχηδονίοις
1861 4624 2023 4661 κατα·
2048 4628 2102 4688 D
2130 4628 2180 4668 ct

1968 4609 2645 4688 aI-Dcomprehenderet.
2712 4611 2765 4665 Is
2818 4608 3146 4664 Gelimerem
3219 4614 3535 4669 assecutus,
3603 4603 3713 4673 jam

431 4702 601 4757 λιπών
632 4704 677 4735 9⁸
706 4720 721 4735 ο
751 4702 926 4766 οὕτως
980 4702 1213 4772 Γελίμερ
1270 4699 1551 4770 διαφυγὼν
1609 4701 1666 4753 ἐν
1714 4699 1895 4770 ἐκείνῃ
1948 4702 2015 4771 τῇ

431 4794 635 4865 ἡμέρᾳ,
668 4796 760 4847 ἐπὶ
785 4794 1169 4864 Μαυρουσίους
1200 4792 1418 4864 ἐχώρει.
1452 4791 1765 4863 Βελισάριος
1806 4791 1863 4845 δὲ
1894 4792 2019 4845 τοῦ-

430 4904 520 4941 τον
544 4887 741 4953 διώξας
770 4889 849 4944 εἰς
884 4886 1144 4941 Παποῦαν
1174 4886 1219 4917 ⁹⁶
1252 4886 1312 4937 τὸ
1335 4884 1461 4955 ὅρος
1491 4883 1814 4940 ἀπέκλεισεν
1845 4884 1924 4946 είς
1950 4883 2018 4937 τὰ

431 4987 638 5059 ἔσχατα
681 4983 1003 5055 Νουμιδίας.
1054 4982 1256 5036 Τοῦτον
1288 4981 1345 5034 δὲ
1392 4978 1780 5052 παρακαθίσας
1810 4979 1901 5033 διὰ
1924 4978 2019 5033 τοῦ

432 5080 700 5151 χειμῶνος
728 5077 1032 5149 λειψάντων
1060 5074 1214 5147 αὐτῷ
1269 5074 1492 5130 πάντων
1540 5073 1650 5126 τῶν
1696 5071 2022 5143 ἐπιτηδείων

2127 4703 2382 4758 manibus
2449 4700 2693 4765 tenebat,
2759 4701 2865 4755 nisi
2935 4699 3066 4769 quid
3116 4698 3324 4771 negotii
3390 4692 3714 4766 hujusmodi

2128 4795 2457 4865 capiendum
2495 4793 2857 4863 impediisset.
2917 4791 3158 4848 Uliarius
3201 4790 3426 4861 quidam
3467 4786 3715 4843 Belisarii

2128 4889 2347 4944 satelles
2403 4890 2453 4941 in
2510 4885 2739 4942 Joannis
2773 4886 3036 4941 comitatu
3088 4895 3201 4938 tum
3255 4885 3380 4949 fuit,
3431 4882 3524 4951 qui
3586 4894 3716 4933 cum

2129 4983 2259 5036 vino
2320 4981 2575 5036 madidus
2612 4996 2766 5035 avem
2827 4980 3013 5035 arbori
3071 4979 3301 5034 vidisset
3358 4974 3713 5037 insidentem,

2131 5072 2348 5129 directo
2391 5074 2443 5128 in
2487 5089 2606 5129 eam
2651 5090 2785 5128 arcu
2829 5074 3002 5129 telum
3055 5072 3336 5134 emittcus,
3381 5085 3410 5123 a
3470 5066 3717 5123 ferienda

1667 5180 1906 5237 VARIIE
1945 5182 2348 5241 LECTIONES.

504 5282 551 5315 ’⁸
581 5280 833 5353 ἐδίωξαν]
877 5279 1169 5351 ἐχώρησαν
1198 5276 1343 5345 vulg.
1419 5276 1464 5307 '”
1497 5274 1793 5347 Ούανδῆλοι
1824 5275 1886 5325 Α.
1963 5274 2009 5305 ⁷⁸
2036 5274 2093 5328 δὲ
2142 5278 2372 5331 alterum
2404 5278 2540 5352 add.
2598 5295 2664 5333 ex
2707 5280 2770 5332 Α.

510 5354 583 5399 ιιι,
683 5350 731 5383 ⁸ο
767 5351 983 5399 arcani»
1018 5352 1060 5399 Δ
1092 5348 1130 5399 f.
1158 5345 1511 5399 στρατοπέδω
1542 5346 1692 5399 vulg.
1783 5345 1824 5374 “
1856 5344 1949 5395 ἐπὶ
1982 5345 2110 5399 add.
2136 5363 2203 5399 ex
2227 5350 2292 5399 Α.
2398 5350 2443 5378 ἰ’
2471 5348 2765 5399 ἐθορυϐοὖν

1888 5362 1949 5395 πι
1982 5362 2110 5402 300.
2136 5363 2203 5401 ex
2227 5362 2292 5402 Α.

770 5422 818 5454 ⁸⁵
834 5414 966 5475 οὔτε
1009 5419 1121 5472 τῶν
1150 5414 1389 5487 agonas
1416 5414 1527 5468 τῶν
1551 5414 1711 5487 vulg.
1736 5414 1800 5487 7”
1827 5414 1962 5487 ᾇπρυ
2000 5416 2066 5482 Α,
2090 5417 2216 5471 ὅσον
2249 5419 2395 5487 vulg.
2459 5418 2508 5450 ”
2532 5414 2785 5485 ἐνέτυχον
2810 5419 2874 5476 Α.
2910 5414 3101 5487 ἔτυχον
3127 5419 3271 5485 vulg.
3333 5416 3375 5447 ⁸⁷
3411 5414 3712 5481 τετύχηκεν

972 5491 1017 5523 ⁸⁸
1053 5489 1220 5543 πολὺν
1258 5485 1493 5557 πλοῦτον
1526 5486 1595 5557 Α,
1618 5485 1762 5557 πολὺ
1790 5483 2022 5557 πλοῦτος
2060 5489 2204 5557 vulg.

683 5341 737 5383 ⁸⁸
767 5341 1077 5423 στραὲᾦἋ-
1092 5348 1130 5413 f,
1158 5341 1511 5423 στρατοπέδω
1542 5341 1692 5423 vulg.

436 5354 583 5424 vulg.

435 5423 596 5478 κουον
623 5423 689 5476 Α.

438 5497 500 5556 Α,
534 5495 725 5561 ἔτυχεν
754 5494 901 5562 vulg.

437 5554 705 5634 θυσμένὶς
734 5565 799 5625 Δ,
835 5554 959 5632 ιῖεθ.
986 5562 1133 5634 vulg.
1160 5631 1169 5634 Α
1214 5560 1261 5590 η
1296 5556 1488 5634 ξϐαλεν
1509 5555 1574 5634 Α..
1600 5554 1828 5634 ῑϐαλλεν
1856 5555 2005 5627 vulg.

437 5626 558 5690 τιὼῦ
582 5636 643 5689 Α.
690 5626 695 5627 7
722 5636 769 5666 ⁹⁴
796 5626 1107 5688 Πάππούαν
1144 5631 1210 5683 Α.
1236 5626 1450 5699 τοῦτον]
1470 5627 1665 5680 τούτου
1696 5626 1840 5697 vulg.

2089 5560 2138 5589 "
2166 5559 2264 5631 τῆς
2289 5574 2340 5625 a,
2372 5559 2469 5613 τοῦ
2523 5561 2668 5629 vulg.

2897 5277 2945 5308 ⁷⁸
2978 5278 3119 5346 ἄρας
3147 5293 3174 5329 a
3226 5294 3274 5341 e,
3303 5276 3452 5344 ὧρας
3476 5276 3548 5346 Α.
3605 5275 3713 5343 ἄρα

2398 5348 2832 5419 δ’ἐθορυϐοὖντο
2866 5347 2933 5409 Α.
2971 5345 3264 5417 ἐθορύϐουν
3313 5364 3375 5419 τε
3468 5345 3715 5419 ⁸³,ἐκόκ-

2282 5491 2327 5522 ⁸⁸
2359 5493 2386 5542 ὁ
2417 5489 2543 5543 add.
2576 5504 2640 5543 ex
2685 5490 2751 5544 A.

3457 5486 3499 5515 tu
3538 5500 3707 5551 μεμε,

2840 5492 2886 5520 ⁸⁸
2918 5487 3153 5559 φθάσας]
3177 5488 3270 5541 καὶ

3462 5554 3507 5586 ’⁸
3528 5554 3712 5605 ἀπολι-

2755 5560 2802 5592 ’δ
2830 5559 2997 5613 αὑτοῦ
3025 5558 3151 5615 add.
3207 5574 3273 5613 ex
3300 5558 3364 5610 Α.

1738 5719 1881 5776 JAC.
1919 5718 2138 5776 GOARI
2164 5719 2393 5777 ΝΟΤᾸΞ.
3155 5772 3161 5778 .

507 5822 622 5892 (36)
659 5820 779 5891 Ipse
802 5820 1062 5892 Procop.,
1098 5818 1243 5889 ἀμφὶ
1272 5816 1454 5890 δείλην
1505 5814 1667 5886 ὀψίαν
1693 5814 1868 5887 ἄρας’
1921 5813 2141 5872 Veniens
2192 5819 2514 5883 Belisarius,
2564 5833 2687 5873 tum
2751 5833 2868 5872 sero
2936 5815 3068 5868 liora
3144 5812 3374 5867 tardiori
3442 5810 3706 5866 movisset.

439 5893 731 5950 COIBEI'IS.
