4432 6434
388 406 498 474 453

1708 397 2396 465 CHRONOGRAPHIA.

3571 408 3686 477 ια

391 519 491 591 ψαι
520 514 688 591 μέρος
722 511 818 570 καὶ
847 506 948 578 τὰς
969 526 1253 583 καμηλους
1277 510 1514 567 κτείνειν
1550 513 1864 567 ἐκέλευσεν.
1890 513 1992 565 Φο-
2020 512 2063 566 Α
2095 526 2141 566 οι

1935 527 1992 563 ο-
2020 512 2063 566 Α
2095 526 2221 566 cum
2265 510 2687 583 impressionem
2720 511 2968 572 facturos
2991 514 3358 584 incluserunt,
3384 532 3529 589 equo
3549 536 3683 577 con-

394 611 591 676 νεύσας
623 610 681 664 δὲ
710 607 856 678 ἀμφὶ
888 604 1202 668 διακοσίων,
1230 604 1417 676 δρόμῳ
1459 606 1541 669 είς
1566 605 1629 658 τὸ
1657 602 1753 658 τοῦ
1782 603 1984 658 κύκλου

398 706 563 777 μέσον
605 702 910 772 ἐχώρησεν,
953 698 1085 753 ἔνθα
1120 698 1179 753 αἱ
1216 700 1478 767 γυναῖκες
1522 698 1810 769 ἐκάθηντο.
1841 700 1905 752 Οἱ
1929 697 1986 752 δὲ

395 797 663 871 βάρϐαροι
701 793 1072 861 ἐκπλαγέντες
1097 790 1191 844 ἐπὶ
1224 791 1284 845 τὸ
1312 790 1440 863 ὅρος
1482 791 1682 860 ἔφυγον
1708 793 1805 846 σὺν
1834 793 1985 862 πάσῃ

396 889 658 961 ἀκοσμίᾳ.
679 888 1000 942 Κτείνονται
1026 885 1083 938 δὲ
1116 885 1227 939 τῶν
1258 885 1622 956 Μαυρουσίων
1652 887 1709 938 ὲν
1737 883 1910 955 ταύτῃ
1942 884 1986 916 ⁸⁸

395 986 464 1055 τῇ
502 982 689 1055 ἡμέρα
741 980 948 1052 μύριοι.
993 979 1058 1032 Αἱ
1093 978 1151 1031 δὲ
1204 981 1466 1048 γυναῖκες
1515 980 1689 1031 πᾶσαι
1729 979 1830 1031 σὺν
1874 979 1986 1042 τοῖς

400 1072 639 1135 παιδίοις
670 1073 716 1112 δ’
755 1073 814 1123 ἐν
840 1070 1195 1141 ἀνδραπόδων
1233 1070 1378 1140 λόγῳ
1407 1070 1682 1136 ἐγένοντο.
1716 1070 1827 1122 Καὶ
1856 1068 1984 1122 τού-

398 1184 525 1233 τους
571 1166 827 1230 λαϐόντες
863 1164 961 1218 σὺν
992 1167 1113 1229 ταῖς
1158 1162 1428 1235 καμήλοις
1470 1164 1565 1217 καὶ
1596 1163 1745 1235 πάσῃ
1775 1167 1838 1234 τῇ
1872 1164 1990 1236 ἡλι-

400 1259 497 1330 κίᾳ
523 1257 572 1290 ⁵⁸
600 1258 681 1319 είς
711 1255 1039 1327 Καρχηδόνα
1074 1253 1332 1325 εἶσῄεσαν
1356 1254 1457 1325 τὴν
1491 1252 1760 1307 ἐπινίκιον
1792 1252 1988 1324 ἑορτὴν

398 1348 646 1417 ἄγοντες.
677 1347 739 1399 Οί
764 1346 820 1400 δὲ
845 1345 1111 1417 βάρϐαροι
1143 1346 1304 1400 πάλιν
1333 1344 1819 1412 συναθροισθέντες
1846 1360 1988 1397 παν-

397 1438 564 1509 δημεὶ
595 1440 692 1491 σὺν
743 1437 957 1506 γυναιξὶ
989 1442 1081 1490 καὶ
1116 1438 1351 1502 τέκνοις,
1403 1436 1609 1506 μηδένα
1655 1436 1987 1490 καταλιπόν-

399 1548 511 1595 τες,
535 1531 905 1601 ἐστράτευσαν
947 1529 1089 1583 κατὰ
1133 1528 1445 1598 Ῥωμαίων,
1469 1529 1573 1583 καὶ
1611 1528 1681 1582 τὰ
1720 1531 1778 1584 ὲν
1810 1530 1987 1596 Βυζα-

400 1625 506 1695 κίῳ
523 1622 700 1693 χωρία
729 1620 1025 1692 ἐληΐζοντο.
1055 1620 1309 1690 Σολομὼν
1334 1622 1389 1674 δὲ
1416 1623 1555 1693 άρας
1577 1621 1720 1675 κατὰ
1746 1627 1915 1693 τάχος
1942 1624 1983 1654 ⁵³

400 1718 511 1770 πᾶν
543 1715 604 1768 τὸ
631 1714 973 1787 στράτευμα,
1013 1714 1100 1765 ἐπ’
1139 1713 1338 1777 αὐτοὺς
1368 1714 1477 1784 ᾔει.
1522 1714 1820 1784 Γενόμενος
1852 1714 1907 1767 δὲ
1932 1714 1989 1766 ὲν

402 1806 795 1879 Βουλγαρίωνι,
834 1805 965 1860 ἔνθα
1002 1807 1051 1859 οί
1093 1805 1345 1876 πολέμιοι
1398 1806 1984 1877 ἐστρατοπεδεύσαντο,

399 1864 875 1969 διεκόσμησενῖτδ
930 1864 1268 1970 στράτευμά,
1313 1896 1389 1960 ὼς
1439 1864 1520 1960 είς
1568 1896 1770 1968 μάχην.
1823 1899 1885 1951 Οἱ
1929 1899 1985 1952 δὲ
2016 1864 2062 1924 Β

402 1989 746 2059 Μαυρούσιοι
802 1990 862 2044 ὲν
908 1990 988 2061 τῷ
1032 1990 1149 2060 ὄρει
1200 1990 1310 2043 τῶν
1369 1990 1849 2061 Βουλγαρίωνμῖ)
1897 1992 1990 2044 ἐπὶ

400 2079 587 2133 πλεῖον
620 2080 834 2150 έμενον,
876 2081 957 2141 είς
1005 2079 1066 2132 τὸ
1112 2079 1293 2133 πεδίον
1336 2079 1624 2134 κατελθεῖν
1664 2082 1741 2151 μὴ
1797 2080 1988 2152 βουλὸ-

404 2187 579 2243 μενοι.
627 2171 882 2241 Σολομὼν
925 2170 985 2225 δὲ
1036 2171 1361 2225 ἀποστέλλει
1418 2172 1693 2245 Θεόδωρον
1743 2173 1833 2228 διὰ
1889 2172 1990 2244 τῆς

401 2264 598 2325 νυκτὸς
630 2264 727 2315 σὺν
761 2263 955 2333 χιλίοις
984 2264 1194 2328 πεζοῖς,
1225 2265 1320 2319 καὶ
1356 2265 1466 2319 τῶν
1493 2265 1820 2337 σημειωτῶν
1843 2283 1987 2333 τινα,

401 2353 551 2417 ὅπως
603 2357 683 2419 εἰς
716 2354 775 2408 τὺ
832 2356 958 2425 δρος
1004 2356 1069 2407 ἐκ
1115 2354 1226 2414 τῶν
1259 2357 1484 2411 ὄπισθεν
1516 2357 1696 2411 αὐτῶν
1745 2357 1835 2412 διὰ
1889 2361 1989 2431 τῆς

402 2446 597 2509 νυκτὸς
633 2446 930 2499 ἀνέλθωσιν
955 2447 1025 2510 ⁸⁸,
1063 2446 1158 2499 καὶ
1186 2446 1303 2518 ἅμα
1340 2448 1417 2518 τῷ
1448 2449 1585 2519 ἡλίῳ
1616 2450 1889 2521 ἀνίσχοντι
1921 2452 1991 2506 τὰ

404 2542 608 2610 σημεῖα
641 2539 879 2610 ὕπερθεν
905 2540 1158 2610 ἄραντες,
1191 2542 1333 2594 κατά
1355 2541 1467 2595 τῶν
1500 2542 1773 2613 πολεμίων
1805 2546 1991 2616 χωρή-

403 2645 573 2683 σωσιν
604 2630 672 2683 ⁸³.
718 2628 955 2699 Ὁμοίως
1000 2631 1057 2684 δὲ
1107 2633 1201 2684 καὶ
1248 2631 1411 2697 αὐτὸς
1459 2634 1660 2706 ὄρθρου
1720 2636 1914 2707 βαθέος
1944 2638 1991 2671 ⁸⁸

402 2720 663 2785 ἀνελθὼν,
697 2722 813 2792 ἅμα
846 2722 986 2775 κατὰ
1013 2722 1125 2775 τῶν
1170 2723 1445 2793 πολεμίων
1482 2725 1785 2797 ἐχώρησεν.
1830 2728 1989 2782 Ἰδόν-

404 2828 497 2875 τες
521 2812 576 2864 δὲ
604 2814 652 2865 οἱ
684 2812 975 2884 βάρϐαροι,
1012 2814 1095 2866 ὅτι
1134 2816 1192 2867 ὲν
1233 2815 1385 2887 μέσῳ
1420 2817 1531 2869 τῶν
1575 2817 1866 2888 Ῥωμαίων
1896 2838 1989 2890 γε-

403 2904 649 2973 γόνασιν,
680 2907 759 2967 εἰς
807 2905 985 2976 φυγὴν
1019 2905 1289 2978 ὥρμησαν
1338 2908 1483 2962 κατὰ
1513 2909 1621 2963 τῶν
1655 2910 1701 2941 ⁸⁸
1728 2913 1990 2981 κρημνῶν

404 2994 694 3057 ὠθίζοντες
722 2996 949 3060 ἑαυτοὺς
988 2995 1036 3027 ⁵⁸
1062 2998 1158 3050 καὶ
1191 2997 1567 3068 ἀναιροῦντες.
1608 3002 1903 3056 Ἀπέθανον
1933 3004 1991 3057 δὲ

404 3085 463 3137 ὲν
491 3085 569 3156 τῷ
595 3086 813 3158 πολέμῳ
842 3087 1209 3158 Μαυρουσίων
1241 3091 1505 3162 μυριάδες
1530 3099 1592 3157 ε’,
1620 3093 1730 3146 τῶν
1759 3093 1816 3147 δὲ
1857 3094 1991 3148 Ῥωοο

2091 618 2315 666 scenso,
2359 603 2696 675 quingentos
2736 604 2941 663 milites
2984 608 3382 666 selectissimos
3410 609 3477 665 ad
3516 626 3681 667 unam

2090 695 2563 751 circumvallantis
2595 698 2838 755 ambitus
2892 709 3104 770 partem
3161 702 3463 759 collocatos
3498 704 3687 760 hostes

2089 787 2335 858 aggredi,
2366 797 2423 844 et
2452 790 2695 846 camelos
2720 792 2844 848 telis
2881 792 3042 863 jubet
3068 794 3390 850 confodere.
3421 794 3686 851 Ducentis

2089 881 2311 936 circiter
2329 881 2660 947 interfectis.
2683 893 2945 941 contento
2965 900 3134 941 cursu
3158 886 3397 940 medimn
3423 889 3683 957 ambitus,

2088 987 2199 1042 quo
2225 973 2484 1027 mulieres
2520 977 2909 1042 consederant,
2941 987 3202 1048 occupat.
3233 978 3457 1034 Barbari
3496 992 3683 1037 autem

2090 1065 2376 1132 prosuati,
2434 1066 2488 1120 in
2544 1077 2786 1123 montem
2829 1072 2980 1125 nullo
3021 1072 3174 1143 171
3226 1080 3447 1128 servato
3491 1076 3688 1132 ordine

2091 1156 2275 1228 fugam
2317 1160 2617 1231 arripiunt.
2660 1160 2737 1215 Ea
2768 1162 2859 1218 die
2909 1163 2977 1216 ad
3011 1166 3192 1221 decies
3237 1167 3389 1222 mille
3420 1165 3688 1225 Maurusii

2090 1254 2216 1307 caesi
2244 1250 2470 1306 fuerunt
2499 1271 2512 1307 :
2540 1254 2805 1310 mulieres
2844 1270 2972 1309 cum
3003 1256 3150 1313 natis
3179 1272 3374 1315 omnes
3409 1260 3465 1315 in
3501 1262 3687 1333 capti-

2089 1344 2314 1397 vitatem
2345 1353 2483 1399 actm
2526 1363 2539 1399 :
2586 1346 2764 1416 iisque
2796 1348 3014 1403 demum
3049 1364 3156 1403 una
3190 1364 3315 1405 cum
3348 1354 3685 1410 camelorum

2088 1434 2351 1505 gregibus
2409 1445 2465 1489 et
2527 1438 2706 1492 omnis
2767 1439 2947 1493 aetatis
3011 1439 3332 1494 hominibus
3386 1440 3645 1498 abductis

2093 1526 2330 1580 victores
2354 1525 2741 1599 Carthaginem
2770 1528 3003 1597 ingrcssi
3037 1531 3157 1586 dies
3188 1531 3359 1587 festos
3380 1536 3450 1586 ob
3472 1542 3687 1604 partam

2093 1617 2379 1672 victoriam
2414 1626 2669 1689 egerunt.
2726 1617 2927 1673 Verum
2989 1620 3209 1677 barbari
3272 1626 3427 1681 nullo
3468 1642 3533 1681 ex
3567 1629 3687 1685 suis

2090 1710 2307 1776 relicto,
2335 1725 2441 1764 una
2476 1726 2603 1765 cum
2637 1712 2903 1768 uxoribus
2948 1723 3003 1769 et
3047 1714 3237 1771 liberis
3275 1715 3331 1771 in
3364 1733 3534 1772 unum
3567 1719 3687 1775 col-

2090 1803 2239 1869 lecti,
2276 1804 2478 1858 bellum
2510 1806 2773 1863 adversus
2814 1808 3096 1866 Romanos
3137 1813 3607 1881 redintegrarunt,
3632 1822 3690 1870 et

2092 1910 2261 1965 pagos
2293 1896 2441 1951 circa
2483 1896 2775 1968 Byzacium
2838 1898 3158 1970 depopulati
3216 1912 3369 1958 sunt.
3421 1903 3686 1963 Salomon

2092 2002 2157 2041 ex
2189 1988 2426 2043 adverso
2486 1991 2661 2058 copiis
2717 1993 2995 2047 exercitus
3048 1996 3307 2050 omnibus
3339 2002 3683 2065 convocatis,

2091 2090 2282 2137 contra
2313 2084 2592 2154 profectus
2652 2097 2738 2141 est
2794 2107 2809 2143 :
2864 2087 3091 2159 jamque
3148 2087 3557 2160 BulgariOnem,
3591 2092 3685 2164 qui

2092 2176 2249 2231 locus
2284 2176 2565 2231 hostilium
2623 2189 2933 2233 Castrorum
2997 2190 3139 2247 erat,
3198 2200 3326 2237 cum
3387 2186 3684 2256 attigisset,

2089 2270 2394 2325 exercitum
2422 2284 2642 2325 omnem
2673 2272 2831 2341 quasi
2855 2289 3090 2343 pugnam
3118 2276 3358 2330 initurus
3382 2276 3683 2347 disposuit.

2098 2362 2370 2418 Maurusii
2408 2364 2462 2418 in
2493 2364 2777 2434 planitiem
2804 2367 3136 2423 descendere
3176 2370 3356 2429 veriti.
3389 2370 3444 2424 in
3485 2370 3687 2439 Bulga-

2092 2454 2310 2510 rionum
2341 2465 2528 2512 monte
2576 2459 2785 2513 diutius
2843 2459 3243 2516 substiterunt.
3279 2460 3539 2517 Salomon
3579 2478 3684 2517 una

2091 2560 2215 2600 cum
2248 2547 2527 2617 peditibus
2576 2550 2725 2603 mille
2767 2550 3145 2617 Theodorum,
3187 2563 3239 2608 et
3286 2568 3352 2608 ex
3402 2554 3685 2624 signiferis

2089 2638 2380 2707 quemdam
2414 2638 2482 2694 dc
2540 2649 2700 2696 nocte
2746 2644 3047 2709 summisit,
3095 2648 3189 2716 qui
3237 2648 3482 2704 tenebris
3532 2650 3683 2717 tecti,

2088 2739 2278 2786 monte
2311 2720 2460 2785 retro
2490 2733 2844 2792 adversarios
2879 2751 3208 2803 conscenso.
3245 2756 3371 2796 cum
3403 2743 3687 2799 exoriente

2089 2820 2326 2890 primum
2365 2825 2480 2878 sole
2510 2840 2573 2880 ex
2622 2828 2917 2897 superiore
2967 2831 3086 2886 loco
3132 2833 3289 2900 signa
3343 2834 3600 2891 tollerent
3629 2837 3684 2891 in

2090 2913 2283 2979 altum,
2319 2928 2383 2969 ac
2409 2917 2572 2970 simul
2601 2933 2795 2974 omnes
2821 2920 2874 2974 in
2906 2922 3258 2980 adversarios
3287 2926 3682 2997 irrumperent.

2092 3004 2211 3075 Ipse
2240 3007 2511 3076 profunda
2566 3011 2746 3065 adhuc
2779 3025 2940 3069 nocte
2978 3016 3080 3069 sub
3114 3032 3373 3072 auroram
3407 3036 3514 3074 una
3555 3037 3681 3075 cum

2094 3094 2201 3149 illis
2244 3098 2551 3152 ascendens
2590 3099 2644 3152 in
2690 3098 2880 3155 hostes
2913 3102 3019 3157 iter
3058 3103 3267 3174 dirigit.
3314 3104 3541 3161 Barbari
3574 3107 3686 3164 Ro-

407 3177 584 3246 μαίων
634 3178 694 3232 τὸ
730 3181 991 3250 παράπαν
1022 3180 1144 3234 οὐδὲ
1194 3177 1297 3247 εἷς,
1333 3184 1394 3236 οὐ
1437 3185 1545 3255 μὴν
1597 3186 1717 3239 οὐδὲ
1771 3186 1989 3259 πληγήν
2014 3213 2058 3275 C
2094 3201 2157 3238 In:

1932 3189 1989 3259 ῆν
2014 3213 2058 3275 C
2094 3186 2271 3242 Inanis
2296 3187 2727 3259 circumquaque
2773 3207 2834 3246 se
2874 3193 3102 3249 vallatos
3149 3204 3203 3249 et
3248 3196 3490 3253 inclusos
3529 3216 3682 3253 com-

402 3283 527 3323 τινα
576 3270 790 3335 ἔλαϐεν,
816 3271 952 3325 ἀλλὰ
982 3274 1183 3337 πάντες
1224 3276 1397 3342 ὑγιεῖς
1426 3276 1524 3347 τὴν
1566 3279 1724 3348 νίκην
1763 3280 1986 3351 ἤραντο.

402 3361 466 3413 Oi
496 3360 553 3413 δὲ
585 3360 825 3415 πλεῖστοι
857 3363 967 3416 τῶν
1004 3366 1284 3435 ἀρχόντων
1331 3367 1513 3422 αὐτῶν
1540 3371 1653 3431 τοῖς
1698 3369 1990 3440 Ῥωμαίοις

402 3455 846 3526 προσερῤύησαν.
878 3457 1163 3512 Γυναικῶν
1195 3459 1381 3528 μέντοι
1418 3462 1514 3516 καὶ
1547 3464 1755 3517 παίδων
1793 3466 1986 3519 τοσοῦ-

400 3560 493 3597 τον
518 3545 721 3614 πλῆθος
744 3549 791 3599 οἱ
829 3546 1089 3619 Ῥωμαῖοι
1114 3551 1325 3615 ἔλαϐον,
1356 3554 1497 3606 ὥστε
1520 3556 1796 3625 προϐάτου
1819 3559 1991 3627 τιμῆς

401 3635 567 3686 παῖδα
619 3636 966 3706 Μαυρούσιον
1024 3641 1344 3711 ὠνήσασθαι
1405 3644 1753 3716 βουλομένοις
1802 3649 1989 3701 ἀπεδί-

400 3723 555 3778 δοντο
576 3727 640 3779 ⁵⁷.
677 3728 783 3779 Καὶ
814 3729 933 3781 τότε
966 3731 1147 3794 αὐτοῖς
1169 3733 1229 3785 τὸ
1254 3734 1487 3787 παλαιὸν
1516 3736 1695 3803 λόγιον
1727 3740 1986 3805 γυναικὸς

404 3814 655 3882 μάντιδος
704 3817 906 3885 ἀπέϐη,
956 3820 1032 3883 ὡς
1083 3820 1192 3892 ἄρα
1239 3824 1301 3875 τὸ
1335 3824 1539 3894 πλῆθος
1598 3828 1776 3879 αὐτῶν
1832 3830 1985 3899 παρὰ

398 3906 592 3977 ἀνδρὸς
620 3908 868 3975 άγενείου
920 3910 1161 3967 ὄλλυται.
1198 3913 1260 3967 '0
1296 3915 1404 3985 γάρ
1438 3915 1692 3985 Σολομὼν
1726 3919 1985 3989 εὐνοῦχος

398 3995 464 4047 ὲκ
495 3996 701 4049 παίδων
740 4000 894 4069 παρὰ
934 4000 1161 4071 γνώμην
1197 4003 1536 4074 καθέστηκεν
1571 4005 1678 4058 ὑπὸ
1704 4008 1910 4066 πάθους
1938 4010 1985 4041 ⁸⁸

397 4086 466 4139 τά
490 4092 782 4159 γεννητικὰ
831 4092 994 4161 μόρια
1035 4093 1347 4148 ἀποϐαλών.
1374 4096 1569 4150 Λαϐὼν
1597 4098 1654 4151 δὲ
1698 4102 1797 4172 τὴν
1829 4100 1980 4157 λείαν

397 4177 579 4230 πᾶσαν
605 4181 684 4242 είς
714 4181 1037 4252 Καρχηδόνα
1060 4184 1424 4255 ὑπέστρεψεν.

2091 3279 2387 3345 perientes,
2421 3294 2518 3348 per
2542 3290 2816 3352 praerupta
2854 3284 2971 3339 loca
3002 3286 3055 3339 in
3090 3286 3273 3357 fugam
3297 3303 3357 3342 se
3387 3290 3681 3360 dederunt,

2089 3369 2320 3426 invicem
2346 3387 2405 3427 se
2432 3374 2749 3441 perturbato
2768 3377 2961 3434 ordine
2989 3391 3320 3448 prementes,
3346 3392 3398 3437 ct
3430 3394 3679 3439 mutuam

2089 3463 2193 3518 sibi
2225 3464 2429 3519 etedcm
2482 3465 2805 3524 inferentes.
2863 3470 2980 3525 Hoc
3024 3472 3079 3526 in
3124 3476 3428 3530 certamine
3458 3474 3682 3532 Mauru-

2088 3555 2296 3611 siorum
2330 3559 2608 3629 myriades
2665 3562 2909 3633 quinque
2968 3567 3273 3633 perierunt,
3300 3567 3676 3625 Romanorum

2090 3663 2157 3702 nc
2182 3650 2326 3705 ullus
2367 3653 2584 3721 quidem
2623 3653 2821 3718 defuit,
2867 3666 2961 3711 aut
3010 3659 3248 3729 aliquam
3305 3663 3528 3716 omnino
3561 3665 3679 3733 pla-

2084 3754 2205 3808 gam
2239 3744 2473 3815 accepit,
2498 3747 2630 3815 quin
2678 3749 2787 3804 imo
2834 3754 2986 3805 sanis
3022 3760 3076 3807 et
3109 3754 3278 3808 salvis
3310 3756 3567 3821 omnibus
3593 3758 3676 3811 in-

2085 3838 2292 3902 tegrant
2328 3835 2609 3889 victoriam
2644 3840 2978 3895 retulerunt.
3035 3841 3444 3899 Maurusiorum
3490 3856 3672 3903 autem

2084 3924 2357 3992 primores
2387 3942 2495 3980 non
2529 3929 2688 4005 pauci
2728 3930 2991 3989 Romanis
3021 3950 3079 3989 se
3113 3934 3500 4005 adjunxerunt.
3552 3939 3675 3993 Mu-

2086 4015 2279 4070 lierum
2316 4034 2445 4073 vero
2474 4002 2853 4089 ettpuerorum
2888 4026 2933 4079 is
2974 4027 3073 4081 fuit
3108 4043 3373 4083 numerus
3408 4046 3436 4083 a
3475 4028 3676 4083 [tinua-

2090 4107 2176 4162 nis
2211 4117 2427 4179 captus,
2464 4122 2521 4165 ut
2547 4114 2663 4167 ovis
2700 4116 2877 4183 pretio
2925 4132 3154 4185 puerum
3193 4120 3532 4175 Maurusium
3567 4121 3673 4177 sibi

2088 4211 2415 4269 comparare
2444 4204 2647 4258 volenti
2697 4207 3041 4263 mstimarent
3077 4220 3130 4264 et
3177 4211 3558 4267 divendcrcnt.
3594 4212 3671 4266 Ita

397 4272 615 4326 demum
649 4276 791 4329 vatis
843 4276 1056 4332 femina:
1107 4289 1264 4336 vetus
1324 4281 1605 4335 ora‘culum
1654 4284 1860 4339 exitum
1891 4287 2157 4347 habuisse
2185 4293 2621 4366 deprchensum,
2649 4316 2760 4369 quo
2790 4302 3001 4370 plebem
3060 4319 3251 4358 eorum
3309 4306 3380 4359 ab
3438 4307 3669 4360 imberhi

394 4380 516 4421 viro
613 4371 829 4439 penitus
888 4372 1172 4427 delendam
1242 4379 1695 4445 prmnuntiatum.
1754 4382 2013 4439 Salomon
2090 4390 2261 4457 enim,
2313 4397 2689 4465 generationis
2755 4398 3097 4455 administris
3162 4402 3407 4471 partibus
3479 4403 3669 4457 ιιιοώι
3738 4462 3746 4470 _

394 4459 636 4526 amissis,
667 4463 870 4517 invitus
921 4465 1051 4519 olim
1100 4480 1131 4519 a
1187 4482 1355 4537 puero
1395 4479 1594 4540 praeter
1644 4478 1976 4532 sententiam
2014 4484 2303 4541 eunuchus
2329 4501 2597 4544 evaserat.
2633 4492 2832 4561 Spoliis
2861 4492 3076 4547 tandem
3140 4502 3373 4547 onustus
3436 4493 3668 4548 Cartha-

391 4553 571 4618 ginem
609 4553 891 4609 remeavit.

475 4642 564 4694 Ἐν
593 4643 767 4713 τούτῳ
800 4645 855 4696 δὲ
891 4645 968 4715 τῷ
994 4647 1172 4716 χρόνῳ
1204 4652 1369 4722 τέρας
1401 4655 1459 4707 ὲν
1483 4657 1563 4724 τῷ
1607 4658 1824 4731 οὐρανῷ
1858 4662 1974 4733 (45)
2005 4662 2054 4720 D
2153 4661 2225 4717 Hc

1917 4662 2054 4732 ΞΗ)
2153 4661 2268 4717 Hoc
2299 4664 2464 4718 etiam
2519 4679 2665 4718 anno
2716 4674 3029 4734 portentum
3087 4668 3140 4721 in
3196 4669 3339 4723 coelo
3394 4684 3661 4738 apparere

392 4735 592 4806 συνέϐη
641 4736 917 4804 γενέσθαι.
962 4739 1022 4793 '0
1053 4740 1161 4815 γὰρ
1206 4744 1360 4814 ἣλιος
1405 4746 1642 4804 ἀκτίνων
1671 4754 1841 4824 χωρὶς
1876 4756 1976 4826 τὴν
2082 4771 2142 4811 c0

1905 4756 1976 4826 ὴν
2082 4758 2334 4827 contigit.
2369 4758 2463 4813 Sol
2486 4759 2687 4813 etenim
2743 4760 2913 4813 radiis
2968 4762 3186 4829 penitus
3221 4762 3447 4815 orlinlus
3484 4762 3655 4815 lucem

389 4826 605 4895 αἴγλην,
651 4827 841 4900 ὥσπερ
902 4832 936 4901 ἡ
995 4834 1219 4905 σελήνη,
1282 4838 1614 4908 ὲστύγναζεν
1663 4846 1709 4876 ⁵⁸
1756 4847 1972 4901 ἅπαντα
2081 4864 2139 4903 or

1907 4866 1972 4901 τα
2081 4850 2306 4904 omnino
2338 4851 2478 4904 luna:
2509 4851 2747 4906 similem
2782 4868 2878 4921 per
2923 4860 3096 4907 totum
3152 4869 3356 4907 annum
3390 4853 3657 4907 obscura-

388 4914 482 4967 τὸν
505 4916 755 4972 ἐνιαυτόν
784 4935 797 4949 ’
830 4921 923 4973 ἐπὶ
958 4923 1213 4980 πλεῖστον
1248 4928 1305 4982 δὲ
1360 4930 1667 4987 ὲκλείποντι
1702 4936 1863 5006 ἐῴκει
1900 4940 1966 5005 ⁶⁰,
2078 4951 2138 4995 lal

1901 4940 1966 5005 ⁸⁰,
2078 4951 2184 4995 tam
2212 4942 2680 5014 habebat:quam
2739 4914 3054 5017 frequenter
3103 4957 3284 5001 autem
3332 4962 3441 5001 non
3475 4946 3651 5014 plene,

385 5005 453 5059 οὐ
492 5007 750 5079 καθαρῶς
804 5013 1032 5081 φαίνων,
1066 5015 1257 5089 ὥσπερ
1308 5020 1508 5079 ειὼθει.
1542 5005 1753 5096 Χρόνος
1788 5028 1846 5082 δὲ
1904 5026 1972 5101 ἦν
2080 5049 2135 5103 pr

1908 5026 1972 5101 ἦν
2080 5042 2240 5103 prout
2268 5033 2500 5101 solebat,
2532 5005 2706 5102 visus,
2737 5005 3011 5094 deficienti
3032 5053 3129 5109 par
3154 5040 3421 5094 exstabat.
3454 5038 3584 5092 Erat
3610 5036 3658 5092 is

1670 5175 1903 5233 VARUE
1944 5180 2345 5242 LECTIONES.

1700 5298 1749 5330 “
1772 5298 1923 5388 πάσῃ
1955 5306 2048 5388 ¹’τῇ
2106 5306 2233 5388 λείῆ
2259 5322 2333 5388 θ’..
2421 5309 2464 5341 ⁸⁸
2499 5310 2644 5388 κατά
2674 5312 2841 5388 τάχος
2890 5313 3130 5388 ΑΔηκατά
3176 5313 3238 5388 τὸ
3294 5313 3459 5388 τάχος
3505 5318 3651 5388 vulg.

1087 5358 1419 5451 Χξυξήσιξυσιξ
1446 5363 1510 5445 Α,
1537 5368 1849 5451 χιιξρίσωσιν
1881 5358 2048 5451 (ξιξίαῖ
2106 5358 2157 5410 ’ί
2174 5358 2411 5451 ﬁdem;
2611 5358 2643 5364 ὴ
2671 5358 2854 5436 ιῖέᾱιῖθ
3305 5358 3654 5451 'W'Eadz'ﬁé

950 5426 994 5458 ⁸⁷
1059 5397 1414 5443 νιι“¹·ἰ”ἰ“’“δέ”·ὐ’
1446 5397 1510 5445 ηρ
1539 5397 1848 5434 χωμιυωῠιν
1883 5397 2028 5443 γωδ.
2106 5397 2156 5410 ’⁷
2204 5397 2411 5448 ραοεως
2445 5397 2534 5434 VIII
2579 5422 2593 5435 .
2671 5397 2720 5413 "
2743 5399 2854 5436 των
2880 5397 3005 5437 λεια.
3052 5399 3120 5439 ex
3172 5397 3239 5439 Α.
3332 5397 3379 5417 ’“
3429 5397 3654 5451 ἑαυτοὺς

1040 5428 1761 5528 ξυνῄξξξθῗυξουλομέέ-νριςρ
1786 5442 2213 5528 ἀπεδίδοντσᾼᾼ,
2255 5449 2512 5528 ὠνεῖσθαι
2540 5397 2854 5528 ξουλομένῳ
2875 5453 3197 5528 ἀπεδέδοντο
3224 5454 3368 5528 vulg.
3474 5456 3522 5489 ³⁸
3549 5459 3657 5511 ὑπὸ

1042 5496 1086 5528 ⁸⁸
1120 5496 1454 5567 ὲστύγναζεν
1478 5496 1821 5574 Α,’ἐτίναξεν
1865 5515 2013 5585 vulg.
2083 5520 2129 5553 “
2154 5496 2342 5591 έῷκει]
2376 5496 2574 5576 ἐδόκεέ,
2594 5523 2660 5587 Α,
2696 5496 2864 5578 Qui;
2892 5527 3036 5597 vulg.

462 5276 509 5357 ‘3
535 5280 709 5357 ἐςιρτη
745 5282 975 5357 ωτι
999 5286 1152 5357 ναις.

388 5346 441 5380 ⁸⁸
460 5346 777 5404 εἰσέλθωσιν
804 5356 845 5406 Α
880 5369 929 5409 e.
949 5346 975 5356 ”
996 5355 1043 5386 ⁸³

388 5418 455 5478 Α,
484 5420 683 5492 αὐτοὺς
710 5424 856 5492 vulg.

392 5505 450 5541 π.
477 5488 545 5548 Α.
578 5492 685 5544 ἀπὸ
717 5508 778 5548 π.
804 5488 947 5566 vulg.

1236 5287 1282 5320 δ’
1318 5291 1505 5344 παισὶν
1538 5295 1606 5350 Α.

1659 5645 1798 5703 JAC.
1832 5648 2041 5708 GOARI
2089 5654 2325 5712 NOTAE.

601 5747 906 5825 Broeopius
928 5753 1204 5825 Burgaou.

522 5775 575 5831 ς,
606 5775 906 5822 rrucuplus
924 5775 1204 5838 purgaou.
2072 5775 2249 5857 _dium.
2284 5781 2504 5859 annum
2530 5797 2695 5854 porro
2729 5783 2796 5839 l2
2819 5796 3074 5843 numerat
3101 5787 3352 5861 Procopii
3379 5789 3653 5863 interpres

522 5819 572 5863 ai
605 5819 678 5863 Et
709 5820 958 5863 prlmnnn
1015 5828 1087 5863 1-1.
1150 5834 1194 5863 αι.
1257 5831 1323 5863 η..
1355 5833 1487 5863 tu"-
1541 5834 1691 5863 "-..J
1748 5840 1812 5863 -J
1850 5857 1929 5863 -.η
2072 5862 2079 5863 ,

461 5817 572 5889 (45)
602 5819 680 5875 Ex
709 5817 958 5897 Procopii
1013 5817 1109 5882 li'b.
1150 5834 1196 5883 it
1248 5831 1323 5887 De
1353 5833 1487 5890 bello
1541 5834 1712 5895 i'and.
1747 5840 1812 5895 ad
1849 5857 1961 5900 mc-

2071 5847 2125 5902 in
2154 5850 2421 5921 margine.
