4432 6434
722 383 831 447 459

726 606 779 651 et
812 596 927 652 acri
967 595 1267 651 certamine
1302 595 1470 661 inito,
1496 612 1724 667 equum,
1756 600 1848 654 cui
1883 599 2194 658 Germanus
2226 605 2315 657 in-

725 690 961 755 sidebat,
1005 690 1278 759 quispiam
1320 691 1614 746 interierit.
1648 690 1960 750 Germanus
2002 694 2055 748 in
2114 704 2316 750 terram

726 799 965 856 praeceps
1018 793 1176 840 actus
1228 784 1478 839 ultimum
1524 785 1832 854 periculum
1886 787 2172 850 subiisset,
2206 789 2315 843 nisi

724 879 985 934 satellites
1016 878 1188 931 armis
1224 875 1592 947 undequaqtte
1644 880 1931 941 vallantes,
1956 894 2099 949 equo
2138 895 2317 949 quan-

724 972 905 1028 tocius
935 970 1193 1035 adducto,
1218 984 1342 1023 cum
1378 984 1572 1024 rursus
1601 970 1982 1025 sustulissent.
2014 971 2315 1027 Vertuntur

723 1067 911 1136 itaque
943 1065 999 1119 in
1028 1062 1212 1133 fugam
1246 1062 1463 1118 adversi
1497 1064 1725 1129 milites,
1760 1063 1962 1133 vixque
2002 1064 2232 1118 Tzotzas
2259 1065 2311 1119 in

726 1168 877 1215 tanto
907 1156 1146 1212 tumultu
1176 1170 1300 1210 eum
1336 1157 1523 1225 paucis
1554 1170 1615 1210 se
1642 1155 1769 1226 fuga
1802 1158 2083 1223 surripere
2120 1157 2312 1214 valuit.

721 1258 896 1313 Porro
945 1254 1253 1311 Germanus
1297 1252 1383 1316 iis,
1422 1252 1574 1321 quia
1606 1268 1666 1308 se
1711 1253 1939 1323 prepius
1970 1253 2221 1320 aberant,
2253 1262 2315 1308 ut

722 1360 872 1406 recta
919 1348 974 1402 in
1013 1346 1253 1401 hostium
1287 1351 1472 1399 castra
1511 1344 1807 1407 irruerent,
1835 1344 2112 1414 przecepit,
2138 1360 2312 1415 eaque

724 1453 844 1513 post
871 1448 1181 1508 reparatam
1214 1450 1452 1507 pugnam
1486 1435 1743 1489 obtinuit.
1773 1433 1909 1489 Tum
1949 1451 2080 1490 vero
2108 1438 2310 1492 milites

722 1544 967 1605 repertas
990 1532 1209 1587 obviam
1238 1531 1453 1599 absque
1477 1528 1692 1583 delectu
1722 1527 1806 1583 vel
1843 1529 2055 1584 ratione
2086 1529 2310 1585 divitias

718 1626 1041 1697 diripientes
1094 1623 1301 1678 nullam
1340 1620 1500 1676 ducis
1546 1635 1735 1675 curam
1774 1635 1986 1690 gerere,
2018 1623 2224 1676 nullam
2256 1624 2311 1677 in

718 1732 844 1771 eum
891 1711 1301 1769 observantiam
1352 1710 1611 1765 retinere.
1650 1707 1871 1763 Veritus
1918 1709 2087 1778 igitur
2122 1727 2189 1765 ne
2220 1727 2310 1766 re-

717 1808 955 1878 sumptis
986 1805 1182 1861 animis
1212 1804 1400 1859 hostes
1435 1801 1808 1867 adorirentur,
1827 1800 2073 1856 substitit
2104 1802 2171 1857 de
2198 1811 2307 1858 tam

716 1902 944 1972 indigno
1006 1897 1253 1952 facinore
1310 1905 1672 1963 conquestus,
1734 1894 1886 1964 ipsos
1951 1895 2007 1948 in
2055 1896 2304 1951 ordinem

716 1993 951 2049 subinde
990 2003 1279 2046 revocans.
1321 1985 1591 2040 Maurusii
1623 1999 1756 2041 vero
1790 1985 1883 2040 ubi
1918 1983 2101 2055 fugam
2141 1987 2303 2041 istam

709 2100 1090 2157 conspexere,
1142 2083 1283 2137 facto
1334 2082 1388 2136 in
1438 2081 1703 2149 ipsosmet
1749 2078 1951 2133 milites
1996 2079 2306 2149 perduelles

716 2182 939 2249 impetu,
963 2193 1070 2231 una
1102 2191 1226 2229 cum
1254 2172 1604 2244 imperatoris
1634 2170 1751 2227 acie
1768 2186 1866 2226 eos
1894 2171 2130 2227 insecuti
2153 2181 2303 2231 sunt.

714 2270 1085 2338 Quamobrem
1140 2266 1395 2331 Tzotzas,
1428 2265 1523 2335 qui
1579 2264 1834 2320 fiduciam
1882 2278 2101 2320 omnem
2135 2265 2190 2320 in
2223 2266 2304 2322 eis

714 2370 1055 2433 reposuerat,
1096 2375 1221 2417 cum
1274 2360 1437 2414 istam
1480 2358 1704 2413 illorum
1747 2357 2037 2412 adversum
2074 2372 2136 2413 se
2168 2373 2305 2413 eon-

714 2460 1021 2513 versionem
1058 2452 1470 2517 animadvertit,
1520 2465 1580 2505 se
1627 2465 1753 2504 cum
1806 2457 2027 2504 centum
2070 2450 2198 2504 aliis
2247 2450 2303 2504 in

715 2556 894 2623 fugam
942 2548 1213 2619 conjecit,
1250 2555 1304 2601 et
1340 2546 1393 2600 in
1426 2541 1809 2598 Mauritaniam
1850 2540 2166 2596 interiorem
2215 2556 2302 2595 re-

709 2645 883 2701 cessit
912 2663 923 2699 :
952 2652 1118 2713 atque
1141 2642 1214 2694 ita
1242 2638 1464 2693 demum
1490 2635 1689 2692 seditio
1720 2633 1978 2690 cessavit.
2004 2633 2304 2703 Imperator

712 2751 895 2797 autem
934 2737 1269 2795 Germanum
1302 2749 1412 2789 una
1441 2746 1567 2787 cum
1597 2730 1866 2786 Domnico
1892 2736 1948 2785 et
1969 2729 2303 2802 Symmacho

713 2832 1035 2904 Byzantium
1067 2841 1360 2891 revocans,
1400 2823 1629 2894 Libyam
1669 2821 1871 2875 iterum
1906 2820 2304 2875 administrano

711 2925 837 2980 dam
883 2920 1160 2977 Salomoni
1193 2915 1495 2973 commisit.
1528 2912 1749 2969 Tertius
1779 2923 1910 2967 tunc
1940 2927 2106 2982 supra
2153 2910 2305 2967 deei-

712 3034 859 3075 mum
884 3014 1097 3087 imperii
1137 3008 1439 3068 Iustiniani
1466 3007 1862 3063 nnmerabatur
1890 3021 2071 3061 annus
2098 3023 2113 3059 :
2138 3006 2305 3062 alios-

712 3127 818 3182 que
843 3108 1027 3181 Libyze
1057 3113 1296 3162 rectores
1324 3101 1610 3165 Ruﬁnum,
1631 3099 1932 3155 Leontium
1956 3109 2010 3155 et
2031 3097 2302 3153 Joannem

2101 393 2591 460 THEOPHANIS

727 499 932 568 Artaia,
962 499 1031 557 iis
1061 515 1121 557 se
1169 500 1494 572 adjunxisse
1531 503 1754 574 reperit.
1794 503 1965 577 Igitur
1998 509 2311 578 congressi,
2345 520 2387 570 Α
2419 528 2477 563 τα

1635 503 1754 559 erit.
1794 503 1965 577 Igitur
1998 509 2311 578 congressi,
2345 520 2387 570 Α
2419 512 2581 576 ταῖας
2636 514 2747 587 (47)
2781 511 2973 588 ἦρχον.
3002 520 3385 593 Συμϐαλόντες

3900 425 4008 492 £60

3436 530 3483 563 ³⁸
3522 532 3580 586 δὲ
3621 535 3877 607 πόλεμον,
3911 544 4005 597 καὶ

2421 607 2520 712 τῆς
2571 607 2752 679 μάχης
2790 617 3059 683 κραταιᾶς
3115 620 3438 691 γενομένης,
3492 626 3584 679 τὸν
3630 628 3675 659 "
3721 630 4004 702 Γερμανοῦ

2426 705 2588 750 ῐππον
2616 717 2701 765 τις
2730 705 2836 756 τῶν
2870 707 3147 777 πολεμίων
3174 712 3437 769 ἔκτεινεν.
3468 716 3659 772 Πεσὼν
3687 720 3743 774 δὲ
3773 723 3867 775 ἐπὶ
3898 724 4003 793 γῆς

2422 789 2702 885 Γερμανὸς
2758 798 2839 859 είς
2896 799 3141 854 κίνδυνον
3192 800 3378 874 ἦλθεν,
3411 810 3567 879 εἰμὴ
3626 813 3686 865 τὸ
3746 789 3919 885 τάχος-
3952 789 4001 868 οἱ

2422 882 2721 956 δορυφόροι
2778 891 3119 962 φραξάμενοι
3165 897 3364 969 ἔφερον
3423 903 3623 969 ἵππον,
3682 908 3776 959 καὶ
3815 882 4005 962 τοῦτον

2418 977 2742 1033 ἐνεϐίϐασαν
2773 982 2839 1036 ⁸⁸.
2880 987 3187 1057 Τρέπονται
3220 994 3398 1047 τοίνυν
3433 998 3481 1049 οἱ
3522 1000 3875 1068 στρατιῶται,
3910 1003 4004 1055 καὶ

2416 1067 2445 1118 ὁ
2470 1066 2716 1161 Τζὸῖξας
2742 1073 2798 1124 ἐν
2832 1075 2909 1142 τῷ
2942 1077 3157 1150 θορύϐῳ
3185 1082 3363 1152 τούτῳ
3384 1084 3481 1136 σὺν
3515 1066 3716 1155 ὀλίγοις
3744 1089 3789 1120 ⁸⁹
3814 1090 4005 1161 διαφυ-

2416 1159 2536 1227 γεῖν
2587 1159 2805 1229 ἴσχυσεν
2844 1165 2912 1218 ’⁸.
2958 1166 3017 1219 Ὀ
3064 1169 3119 1224 δὲ
3163 1171 3445 1241 Γερμανὸς
3489 1178 3604 1237 τοῖς
3659 1179 3796 1249 ἀμφ’
3837 1159 4004 1235 αὑτὸν

2415 1250 2905 1323 ἐγκελευσάμενος,
2938 1258 3101 1322 εὐθὺς
3136 1264 3229 1315 ἐπὶ
3259 1264 3318 1316 τὸ
3349 1267 3717 1336 στρατόπεδον
3757 1272 3867 1323 τῶν
3897 1288 4000 1324 πο-

2414 1341 2620 1435 λεμίων
2685 1344 2981 1419 ῶρμησεν,
3032 1352 3329 1409 καὶτοῦτο
3383 1359 3695 1425 παρέλαϐεν
3749 1363 3993 1435 πολέμῳ.

2426 1434 2694 1490 Ἐνταῦοα
2718 1438 2774 1491 δὲ
2803 1440 2872 1492 τὰ
2912 1444 3171 1514 χρήματα
3205 1446 3254 1498 οἱ
3287 1450 3621 1518 στρατιῶται
3648 1452 3827 1505 οὐδενὶ
3861 1434 4001 1527 λόγῳ

2411 1528 2752 1598 ἁρπάζοντες
2780 1574 2794 1597 ,
2836 1533 2931 1588 τοῦ
2988 1541 3298 1610 στρατηγοῦ
3338 1540 3497 1611 λόγον
3539 1547 3639 1599 οὐκ
3697 1546 3993 1605 ἐποιοῦντο.

2412 1620 2627 1693 Νοήσας
2652 1625 2709 1677 δὲ
2739 1628 2767 1679 ὁ
2799 1627 3103 1699 Γερμανὸς,
3136 1634 3211 1703 μὴ
3248 1639 3733 1707 συμφρονήσαντες
3759 1640 3809 1691 οἱ
3844 1640 3996 1693 mlt-

2417 1732 2528 1785 μιοι
2571 1716 2658 1769 ἐπ’
2689 1718 2855 1774 αὐτὸν
2894 1720 3067 1786 ἴωσιν,
3113 1724 3302 1779 ἵστατο
3333 1728 3681 1799 ὀδυρόμενος,
3718 1732 3809 1783 καὶ
3861 1731 3999 1802 πρὸς

2413 1810 2715 1881 εὐκοσμίαν
2766 1812 2993 1877 τούτους
3032 1818 3392 1888 παρακαλῶν.
3426 1824 3488 1875 Oi
3543 1822 3599 1875 δὲ
3651 1826 3995 1895 Μαυρούσιοι

2408 1901 2507 1973 τὴν
2566 1906 2773 1975 τροπὴν
2833 1905 3162 1976 θεασάμενοι
3207 1912 3350 1965 κατὰ
3398 1914 3506 1968 τῶν
3556 1917 3897 1970 στασιαστῶν
3950 1918 3995 1950 ⁹¹

2408 1992 2696 2064 ὥρμησαν,
2732 1996 2825 2050 καὶ
2850 1995 3073 2059 τούτους
3097 1999 3322 2054 ἐδίωκον
3359 2002 3454 2055 σὺν
3489 2002 3566 2073 τῷ
3598 2006 3691 2057 τοῦ
3723 2004 3994 2070 βασιλέως

2408 2087 2647 2156 στρατῷ.
2698 2088 2942 2152 Τςότζας
2988 2090 3047 2144 δὲ
3106 2091 3168 2145 τὸ
3235 2092 3434 2165 θάρσος
3468 2096 3546 2158 εἱς
3589 2096 3787 2159 αὐτοὺς
3832 2097 3992 2166 ἔχων,

2407 2178 2669 2249 ἑωρακὼς
2703 2182 2770 2235 τὰ
2809 2182 2901 2235 ὑπ’
2946 2181 3124 2237 αὐτῶν
3175 2186 3444 2257 γενόμενα
3487 2188 3624 2257 μετὰ
3676 2188 3873 2241 ἑκατὸν
3913 2191 3994 2250 si;

2410 2270 2591 2343 φυγὴν
2616 2274 2855 2344 ἐτράπη,
2888 2276 2981 2328 καὶ
3014 2277 3095 2340 εἰς
3126 2278 3509 2347 Μαυριτανίαν
3550 2280 3649 2350 τὴν
3709 2280 3994 2351 ἑνδοτέραν

2409 2365 2713 2436 ἐχώρησεν,
2746 2368 2844 2421 καὶ
2874 2370 2907 2437 ή
2934 2370 3123 2432 στάσις
3152 2371 3211 2422 ὲν
3235 2370 3446 2433 τούτοις
3470 2371 3746 2425 ἐτελεύτα.
3772 2372 3991 2443 Γερμαα

2407 2457 2495 2510 νὺν
2518 2458 2575 2511 δὲ
2607 2458 2704 2511 σὺν
2734 2460 2989 2530 Δομνίκῳ
3025 2463 3121 2516 καὶ
3156 2463 3442 2534 Συμμάχῳ
3484 2464 3994 2534 μεταπεμψάμενος

2404 2550 2434 2602 ὁ
2461 2549 2717 2620 βασιλεὺς
2766 2555 2847 2617 εἰς
2920 2554 3235 2625 Βυζάντιον,
3266 2555 3541 2625 Σολομῶνι
3579 2557 3746 2610 πάλιν
3783 2559 3853 2611 τὰ
3893 2559 3994 2623 τῆς

2404 2618 2614 2711 Λιϐύης
2646 2643 2952 2713 πράγματα
2982 2618 3285 2717 ἐνέχείρισε
3340 2618 3818 2717 (τρισκαιδέκατον
3850 2650 3908 2703 δὲ
3941 2618 3989 2681 δέ

2405 2732 2527 2796 ἔτος
2574 2728 2642 2803 ἦν
2674 2734 2840 2787 τοῦτο
2871 2735 2973 2804 τῆς
3046 2737 3426 2792 Ἰουστινιανοῦ
3464 2738 3783 2808 βασιλείας),
3812 2756 3990 2807 παρα·-

2407 2826 2671 2896 σχόμενος
2700 2825 2850 2896 αὐτῷ
2892 2826 2939 2860 ’³
2970 2828 3251 2897 ἄρχοντάς
3310 2846 3367 2882 τε
3399 2829 3591 2892 ἄλλους
3627 2832 3719 2883 καὶ
3782 2832 3994 2899 Ῥουφῖ-

2406 2935 2497 2971 νον
2530 2918 2625 2971 xui.
2668 2918 2922 2972 Λεόντιον
2968 2920 3063 2973 καὶ
3112 2920 3366 2991 Ἰωάννην
3403 2923 3497 2976 τὸν
3543 2925 3810 2977 Σισιννίου
3856 2925 3990 2977 υἱόν.

2405 3008 2662 3080 Σολομὼν
2714 3010 2773 3064 δὲ
2826 3012 3215 3075 καταπλεύσας
3268 3015 3348 3076 είς
3398 3015 3995 3086 Καρχηδόναμετρίως

2406 3104 2498 3156 τὸν
2532 3103 2660 3156 λαὸν
2693 3103 2964 3173 ἐξηγεῖτο,
2991 3105 3085 3159 καὶ
3105 3106 3313 3177 Λιϐύην
3333 3109 3592 3176 ἀσφαλῶς
3620 3108 3992 3177 διεφύλαττεν,

716 3201 945 3257 Sisinnii
994 3198 1165 3265 lilium
1211 3195 1444 3250 addidit.
1485 3192 1658 3246 Porro
1706 3190 1969 3245 Salomon
2006 3189 2298 3260 Carthagi-
2328 3210 2374 3270 ς
2405 3194 2466 3247 διε

2243 3190 2298 3250 ῖὶ-
2328 3210 2374 3270 c
2405 3194 2718 3265 διακοσμῶν
2748 3213 2808 3248 τε
2855 3195 2946 3249 τὸν
2983 3199 3233 3269 στρατὸν,
3268 3201 3362 3252 καὶ
3415 3199 3468 3251 εἷ
3519 3218 3641 3253 τινα
3670 3200 3909 3254 ὕποπτον
3937 3203 3993 3253 ἐν

716 3310 836 3349 nem
888 3291 1169 3361 trajiciens
1201 3287 1305 3342 levi
1340 3286 1732 3354 moderatoque
1765 3282 1996 3352 imperio
2029 3284 2290 3352 populum

2401 3285 2551 3354 αὐτῷ
2585 3284 2863 3356 εὕρισκεν,
2888 3288 2968 3349 εἰς
2999 3287 3294 3352 Βυζάντιον
3327 3288 3681 3358 ἀπέπεμπεν.

713 3390 888 3451 rexit,
948 3396 1004 3441 et
1052 3385 1281 3456 Libyam
1330 3380 1530 3438 sedulo
1588 3387 1822 3444 tutatus,
1876 3379 2185 3433 exercitum
2234 3394 2300 3435 eo
2336 3379 2531 3435 ordine
2581 3381 2913 3449 composuit,
2962 3390 3042 3447 ut,
3074 3383 3308 3451 siquem
3339 3398 3407 3436 ex
3465 3384 3732 3438 militibus
3799 3395 3993 3452 suspe-

712 3493 863 3540 ctum
901 3474 1465 3549 liabuithyzantium
1502 3474 1689 3529 statim
1717 3471 2110 3526 transmiserit.

784 3574 1087 3630 Belisarius
1122 3579 1305 3625 autem
1350 3568 1562 3633 Sicilia,
1598 3566 1794 3631 Roma,
1826 3566 2139 3636 vicinisque
2178 3567 2311 3622 civi-

714 3670 921 3726 tatibus
945 3684 975 3721 a
1004 3666 1189 3736 Jutgio
1249 3662 1491 3718 detentis
1520 3662 1575 3715 in
1616 3659 1918 3715 Romanam
1971 3670 2303 3729 potestatem

714 3757 1232 3832 receptis,.lutgium
1260 3770 1387 3809 cum
1419 3768 1594 3809 uxore
1626 3762 1681 3808 et
1714 3753 1911 3808 liberis
1943 3752 2011 3805 ad
2044 3751 2285 3808 Justinia

711 3869 847 3911 num
902 3850 1225 3922 Byzantium
1267 3845 1515 3901 adduxit.
1557 3844 1866 3915 Imperator
1906 3857 2036 3898 vero
2072 3840 2300 3897 Narsem

708 3944 1116 4001 cubicularium
1146 3940 1311 3994 rebus
1344 3938 1457 3992 illic
1489 3936 1946 3992 administrandis
1969 3950 2094 3989 eum
2123 3934 2303 3989 classe

717 4037 897 4091 valida
952 4033 1184 4087 Romam
1249 4028 1576 4085 transmisit.
1629 4028 1890 4083 Salomon
1949 4028 2112 4081 etiam
2172 4039 2300 4079 eum

708 4127 1063 4196 Carthagine,
1113 4132 1228 4179 tum
1262 4124 1316 4178 in
1355 4121 1529 4193 Libya
1580 4121 1819 4191 regenda
1856 4134 2071 4174 summa
2108 4118 2300 4172 mode-

712 4218 925 4269 ratione
992 4227 1155 4275 usus.
1214 4211 1482 4265 adversus
1529 4207 1843 4263 Maurusios
1915 4208 2164 4278 prtelium
2218 4206 2301 4261 in-

712 4307 952 4371 struxit,
985 4312 1040 4359 et
1072 4304 1248 4375 primo
1278 4300 1503 4372 quidem
1535 4299 1872 4371 Gogdariunt
1914 4314 1945 4353 e
1975 4298 2303 4354 satellitibus

714 4414 908 4462 unum,
934 4399 1113 4451 virum
1139 4395 1416 4466 probitate
1444 4402 1496 4448 et
1528 4393 1753 4447 militari
1792 4391 1983 4461 peritia
2020 4405 2301 4446 commen-

714 4492 926 4554 datum,
953 4504 1075 4544 cum
1113 4487 1359 4543 exercitu
1396 4484 1661 4555 praemisit
1699 4500 1712 4537 :
1750 4484 1845 4551 qui
1882 4481 1949 4536 ad
1978 4482 2166 4552 Bigam
2200 4480 2302 4534 llu-

712 4584 862 4639 viutn
886 4579 1229 4636 descendens
1258 4577 1337 4632 'ad
1366 4577 1640 4647 Baugaem
1669 4575 1948 4629 civitatem
1993 4574 2298 4629 desolatam

2479 3562 2806 3632 Βελισάριος
2850 3562 2907 3615 δὲ
2954 3562 3056 3633 τήν
3096 3580 3154 3616 τε
3213 3562 3464 3617 Σικελίαν
3505 3563 3601 3617 καὶ
3642 3562 3863 3633 Ῥώμην
3886 3564 3991 3617 ὑπὸ

2418 3653 2675 3721 Ἰουτγίου
2705 3653 2753 3686 ’⁵
2785 3652 2898 3723 (48)
2937 3653 3333 3722 κατεχομένην,
3362 3654 3457 3706 καὶ
3486 3654 3585 3716 τὰς
3616 3654 3775 3723 πέριξ
3807 3655 3991 3718 πόλεις

2406 3745 2761 3817 παραλαϐὼν,
2801 3744 3058 3812 Ἰούτγιον
3113 3746 3195 3807 είς
3233 3746 3526 3809 Βυζάντιον
3581 3747 3717 3816 πρὸς
3765 3748 3990 3800 ἰουστι-

2409 3839 2595 3893 νιανὺν
2626 3839 2834 3908 ἤγαγεν
2885 3836 3022 3907 μετὰ
3061 3836 3159 3905 τῆς
3204 3837 3462 3903 γυναικὸς
3513 3838 3605 3889 καὶ
3654 3836 3762 3889 τῶν
3788 3838 3993 3890 τέκνων

2409 3929 2597 3984 αὑτοῦ.
2639 3928 2749 3981 Καὶ
2779 3928 3097 3982 ἀπέστειλεν
3135 3929 3163 3981 ὁ
3205 3928 3458 3999 βασιλεὺς
3487 3928 3713 3998 Ναρσῆν
3742 3929 3834 3981 τὸν
3865 3946 3991 3979 κου-

2409 4021 2756 4090 ϐικουλάριον
2779 4021 2917 4090 μετὰ
2951 4019 3236 4073 στόλου’ὲν
3259 4023 3324 4089 τῇ
3373 4020 3561 4092 Ῥώμῃ
3604 4021 3738 4088 πρὸς
3770 4022 3829 4072 τὸ
3876 4021 3991 4073 δια-

2420 4116 2697 4185 κρατῆσαι
2726 4113 2795 4165 τά
2812 4113 3013 4166 ἐκεῖσε.
3040 4111 3292 4181 Σολομὼν
3313 4113 3368 4165 δὲ
3400 4114 3464 4165 τά
3491 4114 3548 4165 ὲν
3569 4114 3873 4184 Καρχηδόνι
3900 4115 3993 4167 καὶ

2408 4204 2585 4275 Λιϐύῃ
2616 4204 2797 4267 καλῶς
2843 4204 3147 4273 διοικήσας,
3202 4204 3349 4257 κατὰ
3401 4205 3765 4274 Μαυρουσίων
3794 4210 3993 4272 ἐστρά-

2410 4314 2622 4350 τευσεν.
2655 4296 2764 4348 Καὶ
2793 4294 3009 4365 πρῶτον
3050 4296 3149 4365 μὲν
3179 4296 3471 4367 Γογδάριον
3493 4300 3539 4330 ’⁸
3563 4298 3677 4368 (49)
3706 4301 3796 4352 τὸν
3824 4300 3987 4353 αὐτοῦ

2409 4388 2731 4461 δορυφόρον,
2781 4387 2953 4457 ἄνδρα
3004 4388 3211 4455 ἀγαθὸν
3271 4392 3353 4452 είς
3380 4391 3448 4442 τά
3490 4392 3537 4423 ’⁸
3568 4391 3826 4460 πολέμια,
3892 4394 3988 4445 σὺν

2412 4480 2783 4551 στρατεύματι
2816 4479 3084 4548 επεμψεν,
3117 4481 3266 4542 ὅστις
3296 4482 3376 4543 εἰς
3399 4482 3566 4547 Βίγαν
3598 4482 3711 4551 (50)
3743 4484 3988 4551 ποταμὸν

2406 4572 2761 4641 ἀφικόμενος,
2798 4572 2875 4633 εἰς
2901 4571 3124 4641 Βαυγαῆ
3156 4572 3267 4642 (5|)
3308 4572 3464 4624 πόλιν
3493 4572 3700 4642 ἔρημον
3728 4575 3990 4643 ἐστρατο-

715 4683 899 4731 castra
930 4681 1168 4728 metatus
1199 4656 1308 4727 est.
1336 4668 1410 4725 Ibi
1451 4667 1755 4722 commisso
1801 4666 2104 4721 certamine
2134 4678 2298 4733 supe-
2334 4675 2377 4730 ι)
2407 4679 2465 4714 πε

2235 4678 2298 4717 e-
2334 4675 2377 4730 ι)
2407 4662 2731 4716 πεδεύσατο.
2769 4663 3033 4716 Ἐνταῦθα
3062 4666 3118 4718 δὲ
3156 4666 3333 4735 μάχης
3387 4667 3710 4734 γενομένης,
3732 4667 3985 4737 ἡττηθεὶς

716 4777 892 4829 ratus,
922 4765 976 4818 in
1017 4762 1217 4817 vallum
1253 4776 1314 4814 se
1352 4759 1580 4827 recepit,
1605 4759 1659 4811 in
1701 4770 1814 4825 quo
1855 4757 2117 4809 continua
2148 4752 2303 4807 Mau-

717 4855 993 4908 rusiorum
1030 4850 1323 4907 obsidione
1353 4847 1728 4919 premebatur.
1763 4845 1859 4900 His
1892 4862 1922 4900 e
1958 4844 2141 4899 vicino
2185 4844 2304 4898 loro

712 4945 949 5011 auditis,
1003 4945 1269 5000 Salomon
1325 4942 1659 5014 quantocius
1719 4938 2020 4995 advolavit.
2078 4937 2305 4993 Barbari

2413 4754 2507 4807 καὶ
2559 4756 2638 4815 εἰς
2695 4755 2756 4807 τὸ
2809 4757 3121 4826 χαράκωμα
3187 4758 3547 4826 ἀναχωρήσας
3602 4758 3669 4822 ³⁷,
3733 4758 3839 4811 ὑπὸ
3894 4758 3989 4827 τῆς

2413 4846 2521 4898 τῶν
2574 4848 2942 4917 Μαυρουσίων
3004 4848 3335 4919 προσεδρίας
3397 4848 3666 4911 ἐπιέζετο.
3734 4851 3987 4919 Σολομὼν

2412 4937 2471 4991 δὲ
2504 4937 2731 5009 πλησίον
2760 4939 3049 5009 γενόμενος
3082 4940 3177 4993 καὶ
3202 4940 3374 4995 ταῦτα
3414 4942 3624 5012 μαθὼν,
3664 4941 3804 4995 κατὰ
3826 4942 3987 5011 τάχος

2041 5095 2277 5151 VABUE
2313 5094 2717 5152 LECTIONES.

778 5220 825 5253 ⁸⁸
854 5220 1315 5291 συμϐαλόντεςᾈ,
1349 5216 1747 5291 συμϐάλλοντες
1786 5213 1938 5282 vnlg.
1968 5284 1979 5291 _
2011 5211 2177 5291 ’ξτδν
2209 5212 2273 5272 Δ.
2305 5212 2414 5291 τῶν
2455 5214 2600 5291 vulg.
2673 5214 2718 5246 ⁸⁸
2743 5212 3064 5291 ἐνεϐίϐασαν
3100 5213 3164 5277 Α,
3196 5211 3346 5267 ἀνεϐ,
3372 5212 3524 5291 τηις,
3588 5210 3637 5242 υ
3666 5210 3839 5279 τούτῳ
3889 5210 3985 5288 σὲν

718 5288 1011 5359 ΰλίχοιςγΑ,
1040 5292 1137 5345 σὺν
1167 5290 1364 5356 ὀλίγων
1393 5288 1538 5355 vulg.

718 5364 863 5415 vnliz.
946 5365 994 5396 "
1022 5364 1077 5415 δὲ
1113 5361 1241 5415 add.
1267 5373 1333 5413 ex
1360 5358 1424 5410 Δ.
1482 5358 1527 5389 ³³

717 5378 863 5433 vnlg.

1632 5287 1678 5318 ’°
1710 5281 1928 5353 ἴσχυσεν
1956 5284 2019 5348 Α,
2054 5281 2282 5352 ἰσχύσας
2318 5285 2466 5353 vulg.

946 5350 1077 5416 "es
1113 5361 1241 5415 add.
1264 5350 1333 5413 ex
1360 5358 1424 5410 Δ.
1482 5350 1527 5389 θ
1549 5354 1698 5424 αὐτῷ
1725 5350 1795 5420 Ᾱ,
1820 5354 1985 5415 αὐτὸς
2017 5350 2163 5421 vulg.
2230 5354 2275 5385 “
2312 5350 2536 5423 Ούγῖου,
2566 5370 2688 5408 mox
2716 5355 2969 5422 Ούϊτγιον
3007 5356 3069 5415 Α,
3098 5355 3348 5408 Ούῖττίου
3374 5368 3425 5419 e,
3457 5352 3655 5421 Οὖγξου
3682 5351 3717 5406 f.
3776 5352 3820 5382 ³³
3854 5350 3985 5418 Γορο

2553 5281 2596 5316 ⁵¹
2636 5284 2981 5337 στασιαστῶν
3022 5285 3087 5347 Α,
3124 5284 3533 5335 στασιασάντων
3556 5297 3605 5342 e,
3635 5281 3984 5349 στρατιωτῶν

716 5423 901 5505 δάρῖον
927 5434 993 5501 Δ,
1016 5433 1304 5503 Γονδάριον
1336 5443 1388 5497 e,
1423 5423 1685 5498 Γότοαριν
1711 5442 1764 5481 a.
1822 5424 1869 5458 "
1896 5425 1975 5488 είς
2008 5423 2074 5477 τά
2101 5424 2166 5489 Δ,
2202 5424 2297 5477 καὶ
2323 5425 2402 5487 εἰς
2437 5425 2507 5477 τὰ
2534 5426 2679 5495 vulg.
2729 5427 2772 5457 ’⁷
2806 5426 3173 5496 ἀποχωρήσας
3210 5427 3275 5478 Α.

2046 5544 2188 5600 JAC.
2219 5544 2432 5600 GOARI
2467 5545 2701 5602 ΝΟΤΑΞ.

788 5669 900 5738 (4⁸7)
923 5667 1130 5723 laudas
1165 5678 1217 5723 et
1243 5667 1491 5723 Artliias.

788 5735 901 5814 (ἂὸ)
941 5740 1194 5793 Butinum
1240 5740 1403 5814 vertit
1430 5736 1891 5814 Anastasitts._De
1936 5735 2157 5814 Bultino
2187 5736 2296 5814 ῌοη

715 5808 861 5882 main
884 5808 1195 5882 'oceupante
1222 5810 1414 5865 scribit
1444 5810 1709 5882 Agatbias
1744 5808 1841 5863 lib.
1895 5822 1957 5876 tt,
1991 5811 2168 5882 deque
2205 5809 2299 5863 illo

712 5899 746 5941 α
786 5881 1120 5951 Theophane
1148 5880 1364 5938 diversa
1398 5881 1584 5936 tradit.

2480 5665 2590 5746 (i9)
2629 5664 2951 5736 Procopius,
2985 5665 3082 5720 lib.
3135 5682 3172 5720 It
3218 5664 3291 5719 De
3344 5663 3479 5717 bello
3523 5659 3815 5715 l'andalt'co
3840 5658 3988 5713 Gon-

2407 5738 2632 5792 tharim.

2480 5806 2594 5875 (50)
2632 5806 2800 5869 Idem,
2829 5807 3080 5877 Abigam.

2475 5878 2587 5949 (51)
2625 5878 2768 5933 Idem
2805 5878 3080 5933 Fubosim.
