  <div class='ocr_page' id='page_1' title='image "/cluster/home/n/w/nwhite01/storage/ocr_20150623/108/nnc1.0046979921/250.png"; bbox 0 0 4432 6434; ppageno 0'>
   <div class='ocr_carea' id='block_1_1' title="bbox 436 428 537 493">
    <p class='ocr_par' dir='ltr' id='par_1_1' title="bbox 436 428 537 493">
     <span class='ocr_line' id='line_1_1' title="bbox 436 428 537 493; baseline -0.01 -1"><span class='ocrx_word' id='word_1_1' title='bbox 436 428 537 493; x_wconf 71' lang='grc'><strong>481</strong></span> 
     </span>
    </p>
   </div>
   <div class='ocr_carea' id='block_1_2' title="bbox 1756 414 2429 480">
    <p class='ocr_par' dir='ltr' id='par_1_2' title="bbox 1756 414 2429 480">
     <span class='ocr_line' id='line_1_2' title="bbox 1756 414 2429 480; baseline -0.007 0"><span class='ocrx_word' id='word_1_2' title='bbox 1756 414 2429 480; x_wconf 75' lang='lat' dir='ltr'><strong>CHRONOGRAPHIA.</strong></span> 
     </span>
    </p>
   </div>
   <div class='ocr_carea' id='block_1_3' title="bbox 3591 416 3700 484">
    <p class='ocr_par' dir='ltr' id='par_1_3' title="bbox 3591 416 3700 484">
     <span class='ocr_line' id='line_1_3' title="bbox 3591 416 3700 484; baseline 0.037 -4"><span class='ocrx_word' id='word_1_3' title='bbox 3591 416 3700 484; x_wconf 70' lang='grc'><strong>482</strong></span> 
     </span>
    </p>
   </div>
   <div class='ocr_carea' id='block_1_4' title="bbox 435 527 2185 613">
    <p class='ocr_par' dir='ltr' id='par_1_4' title="bbox 435 530 2185 613">
     <span class='ocr_line' id='line_1_4' title="bbox 435 530 2185 613; baseline -0.009 -15"><span class='ocrx_word' id='word_1_4' title='bbox 435 543 627 613; x_wconf 84' lang='grc' dir='ltr'>γάλην,</span> <span class='ocrx_word' id='word_1_5' title='bbox 676 542 770 596; x_wconf 72' lang='grc' dir='ltr'>καὶ</span> <span class='ocrx_word' id='word_1_6' title='bbox 792 537 1039 612; x_wconf 83' lang='grc' dir='ltr'>εἰσῆλθεν</span> <span class='ocrx_word' id='word_1_7' title='bbox 1062 538 1120 592; x_wconf 77' lang='grc' dir='ltr'>ἐν</span> <span class='ocrx_word' id='word_1_8' title='bbox 1159 536 1436 608; x_wconf 78' lang='grc' dir='ltr'>Ἀπαμείᾳ</span> <span class='ocrx_word' id='word_1_9' title='bbox 1481 534 1574 589; x_wconf 73' lang='grc' dir='ltr'><strong>καὶ</strong></span> <span class='ocrx_word' id='word_1_10' title='bbox 1606 534 1824 606; x_wconf 78' lang='grc' dir='ltr'><strong>ἑτέραις</strong></span> <span class='ocrx_word' id='word_1_11' title='bbox 1864 532 2023 586; x_wconf 85' lang='grc' dir='ltr'>πόλε-</span> <span class='ocrx_word' id='word_1_12' title='bbox 2052 535 2097 588; x_wconf 77' lang='grc' dir='ltr'><strong>Α</strong></span> <span class='ocrx_word' id='word_1_13' title='bbox 2126 530 2185 600; x_wconf 76' lang='grc' dir='ltr'>Αι</span> 
     </span>
    </p>
   </div>
   <div class='ocr_carea' id='block_1_5' title="bbox 1944 527 3694 613">
    <p class='ocr_par' dir='ltr' id='par_1_5' title="bbox 1944 527 3694 600">
     <span class='ocr_line' id='line_1_5' title="bbox 1944 527 3694 600; baseline 0 -17"><span class='ocrx_word' id='word_1_14' title='bbox 1944 532 2023 584; x_wconf 79' lang='grc' dir='ltr'>λε·</span> <span class='ocrx_word' id='word_1_15' title='bbox 2052 535 2097 588; x_wconf 77' lang='grc' dir='ltr'><strong>Α</strong></span> <span class='ocrx_word' id='word_1_16' title='bbox 2126 530 2415 600; x_wconf 81' lang='lat' dir='ltr'><strong>Apameam</strong></span> <span class='ocrx_word' id='word_1_17' title='bbox 2453 528 2700 599; x_wconf 88' lang='lat' dir='ltr'><strong>aliasque</strong></span> <span class='ocrx_word' id='word_1_18' title='bbox 2738 527 3009 594; x_wconf 90' lang='lat' dir='ltr'><strong>civitates,</strong></span> <span class='ocrx_word' id='word_1_19' title='bbox 3064 541 3338 584; x_wconf 89' lang='lat' dir='ltr'><strong>armorum</strong></span> <span class='ocrx_word' id='word_1_20' title='bbox 3378 528 3430 583; x_wconf 91' lang='lat' dir='ltr'><strong>vi</strong></span> <span class='ocrx_word' id='word_1_21' title='bbox 3462 528 3565 583; x_wconf 88' lang='lat' dir='ltr'><strong>sibi</strong></span> <span class='ocrx_word' id='word_1_22' title='bbox 3598 544 3694 584; x_wconf 88' lang='lat' dir='ltr'><strong>su-</strong></span> 
     </span>
    </p>
   </div>
   <div class='ocr_carea' id='block_1_6' title="bbox 437 655 543 691">
    <p class='ocr_par' dir='ltr' id='par_1_6' title="bbox 437 655 543 691">
     <span class='ocr_line' id='line_1_6' title="bbox 437 655 543 691; baseline -0.009 0"><span class='ocrx_word' id='word_1_23' title='bbox 437 655 543 691; x_wconf 86' lang='grc' dir='ltr'>σιν.</span> 
     </span>
    </p>
   </div>
   <div class='ocr_carea' id='block_1_7' title="bbox 508 716 2011 791">
    <p class='ocr_par' dir='ltr' id='par_1_7' title="bbox 508 716 2011 791">
     <span class='ocr_line' id='line_1_7' title="bbox 508 716 2011 791; baseline -0.008 -10"><span class='ocrx_word' id='word_1_24' title='bbox 508 729 568 781; x_wconf 83' lang='grc' dir='ltr'>Α.</span> <span class='ocrx_word' id='word_1_25' title='bbox 610 727 686 780; x_wconf 85' lang='grc' dir='ltr'>Μ.</span> <span class='ocrx_word' id='word_1_26' title='bbox 715 724 876 779; x_wconf 66' lang='grc' dir='ltr'><strong>ϐοὸἰ.</strong></span> <span class='ocrx_word' id='word_1_27' title='bbox 908 753 980 764; x_wconf 88' lang='grc'><strong><em>--</em></strong></span> <span class='ocrx_word' id='word_1_28' title='bbox 1028 721 1217 791; x_wconf 81' lang='grc' dir='ltr'><strong>Τούτῳ</strong></span> <span class='ocrx_word' id='word_1_29' title='bbox 1263 720 1342 791; x_wconf 83' lang='grc' dir='ltr'><strong>τῷ</strong></span> <span class='ocrx_word' id='word_1_30' title='bbox 1371 719 1481 773; x_wconf 76' lang='grc' dir='ltr'>ἔτει</span> <span class='ocrx_word' id='word_1_31' title='bbox 1522 718 1839 789; x_wconf 78' lang='grc' dir='ltr'>προσεῤῥύη</span> <span class='ocrx_word' id='word_1_32' title='bbox 1878 716 2011 770; x_wconf 86' lang='grc' dir='ltr'><strong>Ῥω-</strong></span> 
     </span>
    </p>
   </div>
   <div class='ocr_carea' id='block_1_8' title="bbox 439 807 2010 886">
    <p class='ocr_par' dir='ltr' id='par_1_8' title="bbox 439 807 2010 886">
     <span class='ocr_line' id='line_1_8' title="bbox 439 807 2010 886; baseline -0.006 -17"><span class='ocrx_word' id='word_1_33' title='bbox 439 818 621 886; x_wconf 78' lang='grc' dir='ltr'>μαέοις</span> <span class='ocrx_word' id='word_1_34' title='bbox 654 814 896 877; x_wconf 79' lang='grc' dir='ltr'><strong>Μοῦνδος</strong></span> <span class='ocrx_word' id='word_1_35' title='bbox 928 812 1064 881; x_wconf 78' lang='lat'><strong>(75),</strong></span> <span class='ocrx_word' id='word_1_36' title='bbox 1113 813 1177 865; x_wconf 84' lang='grc' dir='ltr'>ὲκ</span> <span class='ocrx_word' id='word_1_37' title='bbox 1205 812 1297 863; x_wconf 82' lang='grc' dir='ltr'><strong>τοῦ</strong></span> <span class='ocrx_word' id='word_1_38' title='bbox 1326 811 1518 877; x_wconf 77' lang='grc' dir='ltr'><strong>γένους</strong></span> <span class='ocrx_word' id='word_1_39' title='bbox 1552 810 1661 861; x_wconf 79' lang='grc' dir='ltr'>τῶν</span> <span class='ocrx_word' id='word_1_40' title='bbox 1714 808 1962 878; x_wconf 85' lang='grc' dir='ltr'>Γηγέδων</span> <span class='ocrx_word' id='word_1_41' title='bbox 1988 807 2010 839; x_wconf 86' lang='grc'><strong>⁸</strong></span> 
     </span>
    </p>
   </div>
   <div class='ocr_carea' id='block_1_9' title="bbox 435 900 2011 978">
    <p class='ocr_par' dir='ltr' id='par_1_9' title="bbox 435 900 2011 978">
     <span class='ocr_line' id='line_1_9' title="bbox 435 900 2011 978; baseline -0.006 -16"><span class='ocrx_word' id='word_1_42' title='bbox 435 910 826 978; x_wconf 74' lang='grc' dir='ltr'><strong>καταγόμενος,</strong></span> <span class='ocrx_word' id='word_1_43' title='bbox 858 907 971 970; x_wconf 81' lang='grc' dir='ltr'>υἰὸς</span> <span class='ocrx_word' id='word_1_44' title='bbox 1000 906 1259 974; x_wconf 85' lang='grc' dir='ltr'>Γιέσμου,</span> <span class='ocrx_word' id='word_1_45' title='bbox 1293 906 1439 965; x_wconf 79' lang='grc' dir='ltr'>ὅστις</span> <span class='ocrx_word' id='word_1_46' title='bbox 1465 901 1604 970; x_wconf 84' lang='grc' dir='ltr'>μετὰ</span> <span class='ocrx_word' id='word_1_47' title='bbox 1758 900 2011 970; x_wconf 76' lang='grc' dir='ltr'>τελευτὴν</span> 
     </span>
    </p>
   </div>
   <div class='ocr_carea' id='block_1_10' title="bbox 435 992 2012 1069">
    <p class='ocr_par' dir='ltr' id='par_1_10' title="bbox 435 992 2012 1069">
     <span class='ocr_line' id='line_1_10' title="bbox 435 992 2012 1069; baseline -0.008 -15"><span class='ocrx_word' id='word_1_48' title='bbox 435 1002 526 1054; x_wconf 75' lang='grc' dir='ltr'>τοῦ</span> <span class='ocrx_word' id='word_1_49' title='bbox 567 1002 775 1069; x_wconf 84' lang='grc' dir='ltr'>πατρὸς</span> <span class='ocrx_word' id='word_1_50' title='bbox 828 997 997 1052; x_wconf 77' lang='grc' dir='ltr'>αὑτοῦ</span> <span class='ocrx_word' id='word_1_51' title='bbox 1048 993 1225 1067; x_wconf 67' lang='grc' dir='ltr'><strong>ἦλθεν⁷</strong></span> <span class='ocrx_word' id='word_1_52' title='bbox 1265 996 1401 1064; x_wconf 86' lang='grc' dir='ltr'>πρὸς</span> <span class='ocrx_word' id='word_1_53' title='bbox 1459 994 1660 1063; x_wconf 79' lang='grc' dir='ltr'>Ῥῆγαν</span> <span class='ocrx_word' id='word_1_54' title='bbox 1687 993 1709 1024; x_wconf 81' lang='grc'><strong>⁸</strong></span> <span class='ocrx_word' id='word_1_55' title='bbox 1738 992 1829 1044; x_wconf 78' lang='grc' dir='ltr'>τὸν</span> <span class='ocrx_word' id='word_1_56' title='bbox 1870 992 2012 1043; x_wconf 84' lang='grc' dir='ltr'>θεῖον</span> 
     </span>
    </p>
   </div>
   <div class='ocr_carea' id='block_1_11' title="bbox 435 1083 2012 1161">
    <p class='ocr_par' dir='ltr' id='par_1_11' title="bbox 435 1083 2012 1161">
     <span class='ocr_line' id='line_1_11' title="bbox 435 1083 2012 1161; baseline -0.008 -14"><span class='ocrx_word' id='word_1_57' title='bbox 435 1094 598 1147; x_wconf 76' lang='grc' dir='ltr'>αὐτοῦ</span> <span class='ocrx_word' id='word_1_58' title='bbox 648 1092 756 1145; x_wconf 80' lang='grc' dir='ltr'><strong>ἀπὸ</strong></span> <span class='ocrx_word' id='word_1_59' title='bbox 804 1091 1030 1161; x_wconf 62' lang='grc' dir='ltr'>μητρὸς,</span> <span class='ocrx_word' id='word_1_60' title='bbox 1096 1088 1241 1157; x_wconf 83' lang='grc' dir='ltr'><strong>ρἦα</strong></span> <span class='ocrx_word' id='word_1_61' title='bbox 1292 1087 1423 1140; x_wconf 77' lang='grc' dir='ltr'>ὅντα</span> <span class='ocrx_word' id='word_1_62' title='bbox 1472 1085 1567 1137; x_wconf 78' lang='grc' dir='ltr'>τοῦ</span> <span class='ocrx_word' id='word_1_63' title='bbox 1604 1085 1861 1154; x_wconf 85' lang='grc' dir='ltr'>Σερμίου,</span> <span class='ocrx_word' id='word_1_64' title='bbox 1918 1083 2012 1135; x_wconf 71' lang='grc' dir='ltr'>καὶ</span> 
     </span>
    </p>
   </div>
   <div class='ocr_carea' id='block_1_12' title="bbox 435 1174 2011 1251">
    <p class='ocr_par' dir='ltr' id='par_1_12' title="bbox 435 1174 2011 1251">
     <span class='ocr_line' id='line_1_12' title="bbox 435 1174 2011 1251; baseline -0.004 -18"><span class='ocrx_word' id='word_1_65' title='bbox 435 1185 595 1251; x_wconf 79' lang='grc' dir='ltr'>γνοὺς</span> <span class='ocrx_word' id='word_1_66' title='bbox 621 1183 778 1235; x_wconf 81' lang='grc' dir='ltr'>τοῦτο</span> <span class='ocrx_word' id='word_1_67' title='bbox 826 1184 855 1235; x_wconf 95' lang='lat'><strong>6</strong></span> <span class='ocrx_word' id='word_1_68' title='bbox 888 1178 990 1250; x_wconf 75' lang='grc' dir='ltr'><strong>ῥὴξ</strong></span> <span class='ocrx_word' id='word_1_69' title='bbox 1031 1178 1270 1248; x_wconf 86' lang='grc' dir='ltr'>Ῥώμης,</span> <span class='ocrx_word' id='word_1_70' title='bbox 1323 1179 1351 1231; x_wconf 98' lang='lat'><strong>6</strong></span> <span class='ocrx_word' id='word_1_71' title='bbox 1396 1177 1739 1247; x_wconf 82' lang='grc' dir='ltr'>Θευδέριχος,</span> <span class='ocrx_word' id='word_1_72' title='bbox 1790 1174 2011 1244; x_wconf 75' lang='grc' dir='ltr'>πέμψας</span> 
     </span>
    </p>
   </div>
   <div class='ocr_carea' id='block_1_13' title="bbox 434 1265 2012 1343">
    <p class='ocr_par' dir='ltr' id='par_1_13' title="bbox 434 1265 2012 1343">
     <span class='ocr_line' id='line_1_13' title="bbox 434 1265 2012 1343; baseline -0.006 -18"><span class='ocrx_word' id='word_1_73' title='bbox 434 1274 571 1343; x_wconf 73' lang='grc' dir='ltr'>πρὸς</span> <span class='ocrx_word' id='word_1_74' title='bbox 621 1272 805 1334; x_wconf 70' lang='grc' dir='ltr'>αὑτὸν,</span> <span class='ocrx_word' id='word_1_75' title='bbox 845 1270 939 1324; x_wconf 77' lang='grc' dir='ltr'>καὶ</span> <span class='ocrx_word' id='word_1_76' title='bbox 970 1268 1212 1330; x_wconf 69' lang='grc' dir='ltr'>πεισθεὶς</span> <span class='ocrx_word' id='word_1_77' title='bbox 1242 1266 1485 1337; x_wconf 82' lang='grc' dir='ltr'><strong>ἀπῆλθεν</strong></span> <span class='ocrx_word' id='word_1_78' title='bbox 1521 1266 1657 1335; x_wconf 84' lang='grc' dir='ltr'>πρὸς</span> <span class='ocrx_word' id='word_1_79' title='bbox 1696 1265 1878 1329; x_wconf 81' lang='grc' dir='ltr'>αὑτὸν,</span> <span class='ocrx_word' id='word_1_80' title='bbox 1918 1269 2012 1317; x_wconf 73' lang='grc' dir='ltr'>καὶ</span> 
     </span>
    </p>
   </div>
   <div class='ocr_carea' id='block_1_14' title="bbox 433 1355 2010 1434">
    <p class='ocr_par' dir='ltr' id='par_1_14' title="bbox 433 1355 2010 1434">
     <span class='ocr_line' id='line_1_14' title="bbox 433 1355 2010 1434; baseline -0.006 -18"><span class='ocrx_word' id='word_1_81' title='bbox 433 1360 500 1434; x_wconf 78' lang='grc' dir='ltr'>ἦν</span> <span class='ocrx_word' id='word_1_82' title='bbox 527 1362 644 1433; x_wconf 79' lang='grc' dir='ltr'>μετ’</span> <span class='ocrx_word' id='word_1_83' title='bbox 670 1361 833 1415; x_wconf 78' lang='grc' dir='ltr'>αὐτοῦ</span> <span class='ocrx_word' id='word_1_84' title='bbox 856 1359 1159 1430; x_wconf 85' lang='grc' dir='ltr'>συμμαχῶν</span> <span class='ocrx_word' id='word_1_85' title='bbox 1190 1358 1357 1427; x_wconf 70' lang='grc' dir='ltr'>αὐτῷ.</span> <span class='ocrx_word' id='word_1_86' title='bbox 1382 1358 1537 1412; x_wconf 69' lang='grc' dir='ltr'>Μετὰ</span> <span class='ocrx_word' id='word_1_87' title='bbox 1556 1358 1609 1409; x_wconf 85' lang='grc' dir='ltr'><strong>δὲ</strong></span> <span class='ocrx_word' id='word_1_88' title='bbox 1634 1356 1733 1425; x_wconf 81' lang='grc' dir='ltr'>τὴν</span> <span class='ocrx_word' id='word_1_89' title='bbox 1756 1355 2010 1425; x_wconf 83' lang='grc' dir='ltr'>τελευτὴν</span> 
     </span>
    </p>
   </div>
   <div class='ocr_carea' id='block_1_15' title="bbox 434 1448 2011 1526">
    <p class='ocr_par' dir='ltr' id='par_1_15' title="bbox 434 1448 2011 1526">
     <span class='ocr_line' id='line_1_15' title="bbox 434 1448 2011 1526; baseline -0.006 -17"><span class='ocrx_word' id='word_1_90' title='bbox 434 1456 778 1526; x_wconf 80' lang='grc' dir='ltr'>Θευδερίχου,</span> <span class='ocrx_word' id='word_1_91' title='bbox 809 1450 974 1524; x_wconf 80' lang='grc' dir='ltr'>ἦλθεν</span> <span class='ocrx_word' id='word_1_92' title='bbox 1019 1451 1115 1504; x_wconf 75' lang='grc' dir='ltr'><strong>ἐπὶ</strong></span> <span class='ocrx_word' id='word_1_93' title='bbox 1148 1451 1238 1503; x_wconf 80' lang='grc' dir='ltr'><strong>τὸν</strong></span> <span class='ocrx_word' id='word_1_94' title='bbox 1265 1448 1556 1503; x_wconf 78' lang='grc' dir='ltr'>Λανούϐιον</span> <span class='ocrx_word' id='word_1_95' title='bbox 1611 1448 1875 1517; x_wconf 73' lang='grc' dir='ltr'>ποταμὸν,</span> <span class='ocrx_word' id='word_1_96' title='bbox 1917 1450 2011 1500; x_wconf 73' lang='grc' dir='ltr'>καὶ</span> 
     </span>
    </p>
   </div>
   <div class='ocr_carea' id='block_1_16' title="bbox 434 1536 2013 1620">
    <p class='ocr_par' dir='ltr' id='par_1_16' title="bbox 434 1536 2013 1620">
     <span class='ocr_line' id='line_1_16' title="bbox 434 1536 2013 1620; baseline -0.004 -19"><span class='ocrx_word' id='word_1_97' title='bbox 434 1550 674 1620; x_wconf 75' lang='grc' dir='ltr'><strong>ᾐτήσατο</strong></span> <span class='ocrx_word' id='word_1_98' title='bbox 702 1548 793 1599; x_wconf 72' lang='grc' dir='ltr'><strong>τὸν</strong></span> <span class='ocrx_word' id='word_1_99' title='bbox 821 1545 1045 1615; x_wconf 87' lang='grc' dir='ltr'>βασιλέα</span> <span class='ocrx_word' id='word_1_100' title='bbox 1093 1540 1469 1596; x_wconf 79' lang='grc' dir='ltr'>Ἰουστινιανδν</span> <span class='ocrx_word' id='word_1_101' title='bbox 1497 1536 1633 1595; x_wconf 80' lang='grc' dir='ltr'>εἶναι</span> <span class='ocrx_word' id='word_1_102' title='bbox 1663 1540 1767 1593; x_wconf 69' lang='grc' dir='ltr'><strong>ὑπὸ</strong></span> <span class='ocrx_word' id='word_1_103' title='bbox 1799 1541 1897 1610; x_wconf 84' lang='grc' dir='ltr'>τὴν</span> <span class='ocrx_word' id='word_1_104' title='bbox 1920 1540 2013 1609; x_wconf 79' lang='grc' dir='ltr'><strong>βα·</strong></span> 
     </span>
    </p>
   </div>
   <div class='ocr_carea' id='block_1_17' title="bbox 437 1624 2009 1705">
    <p class='ocr_par' dir='ltr' id='par_1_17' title="bbox 437 1624 2009 1705">
     <span class='ocr_line' id='line_1_17' title="bbox 437 1624 2009 1705; baseline -0.006 -11"><span class='ocrx_word' id='word_1_105' title='bbox 437 1640 638 1695; x_wconf 84' lang='grc' dir='ltr'>σιλείαν</span> <span class='ocrx_word' id='word_1_106' title='bbox 694 1624 876 1692; x_wconf 82' lang='grc' dir='ltr'>αὑτοῦ.</span> <span class='ocrx_word' id='word_1_107' title='bbox 924 1637 1035 1690; x_wconf 98' lang='lat' dir='ltr'><strong>Kal</strong></span> <span class='ocrx_word' id='word_1_108' title='bbox 1090 1631 1252 1705; x_wconf 77' lang='grc' dir='ltr'>ἦλθεν</span> <span class='ocrx_word' id='word_1_109' title='bbox 1309 1637 1368 1687; x_wconf 74' lang='grc' dir='ltr'>ἑν</span> <span class='ocrx_word' id='word_1_110' title='bbox 1418 1632 2009 1698; x_wconf 85' lang='grc' dir='ltr'>Κωνσταντινουπόλει,</span> 
     </span>
    </p>
   </div>
   <div class='ocr_carea' id='block_1_18' title="bbox 436 1724 2013 1797">
    <p class='ocr_par' dir='ltr' id='par_1_18' title="bbox 436 1724 2013 1797">
     <span class='ocr_line' id='line_1_18' title="bbox 436 1724 2013 1797; baseline -0.004 -12"><span class='ocrx_word' id='word_1_111' title='bbox 436 1733 529 1787; x_wconf 72' lang='grc' dir='ltr'>καὶ</span> <span class='ocrx_word' id='word_1_112' title='bbox 558 1731 727 1785; x_wconf 80' lang='grc' dir='ltr'>πολλᾶ</span> <span class='ocrx_word' id='word_1_113' title='bbox 750 1730 911 1783; x_wconf 80' lang='grc' dir='ltr'>αὑτὸν</span> <span class='ocrx_word' id='word_1_114' title='bbox 943 1727 1444 1797; x_wconf 78' lang='grc' dir='ltr'><strong>φιλοτιμησάμενος</strong></span> <span class='ocrx_word' id='word_1_115' title='bbox 1473 1728 1501 1779; x_wconf 95' lang='lat'><strong>6</strong></span> <span class='ocrx_word' id='word_1_116' title='bbox 1526 1726 1776 1795; x_wconf 82' lang='grc' dir='ltr'>βασιλεὺς</span> <span class='ocrx_word' id='word_1_117' title='bbox 1805 1724 2013 1779; x_wconf 73' lang='grc' dir='ltr'>καὶτὸν</span> 
     </span>
    </p>
   </div>
   <div class='ocr_carea' id='block_1_19' title="bbox 434 1816 2012 1887">
    <p class='ocr_par' dir='ltr' id='par_1_19' title="bbox 434 1816 2012 1887">
     <span class='ocr_line' id='line_1_19' title="bbox 434 1816 2012 1887; baseline -0.005 -12"><span class='ocrx_word' id='word_1_118' title='bbox 434 1821 547 1876; x_wconf 74' lang='grc' dir='ltr'>υἰὸν</span> <span class='ocrx_word' id='word_1_119' title='bbox 581 1820 767 1884; x_wconf 74' lang='grc' dir='ltr'>αὑτοῦ,</span> <span class='ocrx_word' id='word_1_120' title='bbox 797 1818 1066 1871; x_wconf 77' lang='grc' dir='ltr'><strong>ἀπέλυσεν</strong></span> <span class='ocrx_word' id='word_1_121' title='bbox 1094 1818 1310 1880; x_wconf 75' lang='grc' dir='ltr'>αὐτοὺς,</span> <span class='ocrx_word' id='word_1_122' title='bbox 1339 1818 1572 1884; x_wconf 79' lang='grc' dir='ltr'>ποιήσας</span> <span class='ocrx_word' id='word_1_123' title='bbox 1605 1816 1770 1869; x_wconf 77' lang='grc' dir='ltr'>αὐτὸν</span> <span class='ocrx_word' id='word_1_124' title='bbox 1808 1833 2012 1887; x_wconf 76' lang='grc' dir='ltr'>στρατο-</span> 
     </span>
    </p>
   </div>
   <div class='ocr_carea' id='block_1_20' title="bbox 2111 622 2990 690">
    <p class='ocr_par' dir='ltr' id='par_1_20' title="bbox 2111 622 2990 690">
     <span class='ocr_line' id='line_1_20' title="bbox 2111 622 2990 690; baseline -0.003 -13"><span class='ocrx_word' id='word_1_125' title='bbox 2111 623 2327 687; x_wconf 89' lang='lat' dir='ltr'><strong>bactas,</strong></span> <span class='ocrx_word' id='word_1_126' title='bbox 2365 622 2542 675; x_wconf 88' lang='lat' dir='ltr'><strong>victor</strong></span> <span class='ocrx_word' id='word_1_127' title='bbox 2569 622 2855 690; x_wconf 75' lang='lat' dir='ltr'><strong>ingressus</strong></span> <span class='ocrx_word' id='word_1_128' title='bbox 2885 630 2990 676; x_wconf 88' lang='lat' dir='ltr'><strong>est.</strong></span> 
     </span>
    </p>
   </div>
   <div class='ocr_carea' id='block_1_21' title="bbox 2180 713 3699 783">
    <p class='ocr_par' dir='ltr' id='par_1_21' title="bbox 2180 713 3699 783">
     <span class='ocr_line' id='line_1_21' title="bbox 2180 713 3699 783; baseline 0.002 -15"><span class='ocrx_word' id='word_1_129' title='bbox 2180 716 2246 768; x_wconf 87' lang='lat' dir='ltr'><strong>A.</strong></span> <span class='ocrx_word' id='word_1_130' title='bbox 2297 715 2359 768; x_wconf 89' lang='lat' dir='ltr'><strong>C.</strong></span> <span class='ocrx_word' id='word_1_131' title='bbox 2413 713 2536 768; x_wconf 76' lang='grc'>552.</span> <span class='ocrx_word' id='word_1_132' title='bbox 2576 713 2784 768; x_wconf 85' lang='lat' dir='ltr'><strong>—lloc</strong></span> <span class='ocrx_word' id='word_1_133' title='bbox 2844 729 2989 767; x_wconf 91' lang='lat' dir='ltr'><strong>anno</strong></span> <span class='ocrx_word' id='word_1_134' title='bbox 3039 713 3274 768; x_wconf 85' lang='lat' dir='ltr'><strong>Mundus</strong></span> <span class='ocrx_word' id='word_1_135' title='bbox 3329 729 3359 768; x_wconf 91' lang='lat' dir='ltr'><strong>e</strong></span> <span class='ocrx_word' id='word_1_136' title='bbox 3398 713 3699 783; x_wconf 86' lang='lat' dir='ltr'><strong>Gepidibtts</strong></span> 
     </span>
    </p>
   </div>
   <div class='ocr_carea' id='block_1_22' title="bbox 2111 804 3698 878">
    <p class='ocr_par' dir='ltr' id='par_1_22' title="bbox 2111 804 3698 878">
     <span class='ocr_line' id='line_1_22' title="bbox 2111 804 3698 878; baseline -0.002 -16"><span class='ocrx_word' id='word_1_137' title='bbox 2111 822 2269 862; x_wconf 90' lang='lat' dir='ltr'><strong>suum</strong></span> <span class='ocrx_word' id='word_1_138' title='bbox 2299 821 2469 875; x_wconf 85' lang='lat' dir='ltr'><strong>genus</strong></span> <span class='ocrx_word' id='word_1_139' title='bbox 2499 805 2742 869; x_wconf 88' lang='lat' dir='ltr'><strong>trahens,</strong></span> <span class='ocrx_word' id='word_1_140' title='bbox 2770 804 2977 860; x_wconf 88' lang='lat' dir='ltr'><strong>Giesmi</strong></span> <span class='ocrx_word' id='word_1_141' title='bbox 3008 805 3171 878; x_wconf 64' lang='lat' dir='ltr'><strong>filius,</strong></span> <span class='ocrx_word' id='word_1_142' title='bbox 3224 806 3319 873; x_wconf 90' lang='lat' dir='ltr'><strong>qui</strong></span> <span class='ocrx_word' id='word_1_143' title='bbox 3368 814 3490 873; x_wconf 90' lang='lat' dir='ltr'><strong>post</strong></span> <span class='ocrx_word' id='word_1_144' title='bbox 3524 807 3698 874; x_wconf 91' lang='lat' dir='ltr'><strong>patris</strong></span> 
     </span>
    </p>
   </div>
   <div class='ocr_carea' id='block_1_23' title="bbox 2110 896 3698 965">
    <p class='ocr_par' dir='ltr' id='par_1_23' title="bbox 2110 896 3698 965">
     <span class='ocr_line' id='line_1_23' title="bbox 2110 896 3698 965; baseline -0.001 -13"><span class='ocrx_word' id='word_1_145' title='bbox 2110 898 2321 952; x_wconf 91' lang='lat' dir='ltr'><strong>obitum</strong></span> <span class='ocrx_word' id='word_1_146' title='bbox 2394 897 2462 951; x_wconf 89' lang='lat' dir='ltr'><strong>ad</strong></span> <span class='ocrx_word' id='word_1_147' title='bbox 2524 896 2723 965; x_wconf 74' lang='lat' dir='ltr'><strong>Regem</strong></span> <span class='ocrx_word' id='word_1_148' title='bbox 2778 897 3108 951; x_wconf 83' lang='lat' dir='ltr'><strong>avunculum</strong></span> <span class='ocrx_word' id='word_1_149' title='bbox 3166 911 3235 950; x_wconf 87' lang='lat' dir='ltr'><strong>ex</strong></span> <span class='ocrx_word' id='word_1_150' title='bbox 3285 906 3457 951; x_wconf 82' lang='lat' dir='ltr'><strong>matre</strong></span> <span class='ocrx_word' id='word_1_151' title='bbox 3510 896 3698 952; x_wconf 84' lang='lat' dir='ltr'><strong>Sirmii</strong></span> 
     </span>
    </p>
   </div>
   <div class='ocr_carea' id='block_1_24' title="bbox 2114 990 3691 1060">
    <p class='ocr_par' dir='ltr' id='par_1_24' title="bbox 2114 990 3691 1060">
     <span class='ocr_line' id='line_1_24' title="bbox 2114 990 3691 1060; baseline 0.001 -16"><span class='ocrx_word' id='word_1_152' title='bbox 2114 1005 2295 1060; x_wconf 88' lang='lat' dir='ltr'><strong>regem</strong></span> <span class='ocrx_word' id='word_1_153' title='bbox 2349 992 2606 1055; x_wconf 86' lang='lat' dir='ltr'><strong>accessit,</strong></span> <span class='ocrx_word' id='word_1_154' title='bbox 2665 991 2719 1044; x_wconf 92' lang='lat' dir='ltr'><strong>in</strong></span> <span class='ocrx_word' id='word_1_155' title='bbox 2775 990 3150 1045; x_wconf 85' lang='lat' dir='ltr'><strong>Romanorum</strong></span> <span class='ocrx_word' id='word_1_156' title='bbox 3206 1000 3390 1058; x_wconf 82' lang='lat' dir='ltr'><strong>partes</strong></span> <span class='ocrx_word' id='word_1_157' title='bbox 3449 994 3691 1046; x_wconf 85' lang='lat' dir='ltr'><strong>transiit.</strong></span> 
     </span>
    </p>
   </div>
   <div class='ocr_carea' id='block_1_25' title="bbox 2112 1077 3695 1153">
    <p class='ocr_par' dir='ltr' id='par_1_25' title="bbox 2112 1077 3695 1153">
     <span class='ocr_line' id='line_1_25' title="bbox 2112 1077 3695 1153; baseline 0.001 -18"><span class='ocrx_word' id='word_1_158' title='bbox 2112 1082 2190 1137; x_wconf 86' lang='lat' dir='ltr'><strong>Eo</strong></span> <span class='ocrx_word' id='word_1_159' title='bbox 2248 1085 2467 1153; x_wconf 83' lang='lat' dir='ltr'><strong>cognito</strong></span> <span class='ocrx_word' id='word_1_160' title='bbox 2520 1077 2706 1140; x_wconf 67' lang='lat' dir='ltr'><strong>Romae</strong></span> <span class='ocrx_word' id='word_1_161' title='bbox 2761 1099 2855 1137; x_wconf 92' lang='lat' dir='ltr'><strong>rex</strong></span> <span class='ocrx_word' id='word_1_162' title='bbox 2911 1083 3326 1139; x_wconf 89' lang='lat' dir='ltr'><strong>Tbeuderichus</strong></span> <span class='ocrx_word' id='word_1_163' title='bbox 3378 1082 3586 1152; x_wconf 78' lang='lat' dir='ltr'><strong>legatos</strong></span> <span class='ocrx_word' id='word_1_164' title='bbox 3624 1083 3695 1137; x_wconf 88' lang='lat' dir='ltr'><strong>ad</strong></span> 
     </span>
    </p>
   </div>
   <div class='ocr_carea' id='block_1_26' title="bbox 2068 1174 3700 1247">
    <p class='ocr_par' dir='ltr' id='par_1_26' title="bbox 2068 1174 3700 1247">
     <span class='ocr_line' id='line_1_26' title="bbox 2068 1174 3700 1247; baseline -0.001 -16"><span class='ocrx_word' id='word_1_165' title='bbox 2068 1192 2071 1193; x_wconf 68' lang='lat'><strong><em>&#39;</em></strong></span> <span class='ocrx_word' id='word_1_166' title='bbox 2112 1192 2236 1231; x_wconf 89' lang='lat' dir='ltr'><strong>eum</strong></span> <span class='ocrx_word' id='word_1_167' title='bbox 2274 1178 2463 1244; x_wconf 89' lang='lat' dir='ltr'><strong>misit;</strong></span> <span class='ocrx_word' id='word_1_168' title='bbox 2506 1192 2739 1247; x_wconf 90' lang='lat' dir='ltr'><strong>quorum</strong></span> <span class='ocrx_word' id='word_1_169' title='bbox 2770 1178 2949 1232; x_wconf 85' lang='lat' dir='ltr'><strong>verbis</strong></span> <span class='ocrx_word' id='word_1_170' title='bbox 2990 1178 3080 1231; x_wconf 91' lang='lat' dir='ltr'><strong>ille</strong></span> <span class='ocrx_word' id='word_1_171' title='bbox 3125 1192 3351 1241; x_wconf 90' lang='lat' dir='ltr'><strong>suasus,</strong></span> <span class='ocrx_word' id='word_1_172' title='bbox 3396 1176 3462 1230; x_wconf 89' lang='lat' dir='ltr'><strong>ad</strong></span> <span class='ocrx_word' id='word_1_173' title='bbox 3517 1174 3700 1230; x_wconf 77' lang='lat' dir='ltr'><strong>&#39;l&#39;heu-</strong></span> 
     </span>
    </p>
   </div>
   <div class='ocr_carea' id='block_1_27' title="bbox 2112 1268 3694 1338">
    <p class='ocr_par' dir='ltr' id='par_1_27' title="bbox 2112 1268 3694 1338">
     <span class='ocr_line' id='line_1_27' title="bbox 2112 1268 3694 1338; baseline -0.001 -17"><span class='ocrx_word' id='word_1_174' title='bbox 2112 1268 2395 1323; x_wconf 88' lang='lat' dir='ltr'><strong>derichum</strong></span> <span class='ocrx_word' id='word_1_175' title='bbox 2445 1271 2745 1338; x_wconf 81' lang='lat' dir='ltr'><strong>profectus,</strong></span> <span class='ocrx_word' id='word_1_176' title='bbox 2775 1282 2899 1322; x_wconf 92' lang='lat' dir='ltr'><strong>cum</strong></span> <span class='ocrx_word' id='word_1_177' title='bbox 2952 1283 3019 1321; x_wconf 86' lang='lat' dir='ltr'><strong>eo</strong></span> <span class='ocrx_word' id='word_1_178' title='bbox 3074 1275 3319 1322; x_wconf 89' lang='lat' dir='ltr'><strong>moratus</strong></span> <span class='ocrx_word' id='word_1_179' title='bbox 3369 1274 3474 1329; x_wconf 88' lang='lat' dir='ltr'><strong>est,</strong></span> <span class='ocrx_word' id='word_1_180' title='bbox 3510 1281 3694 1320; x_wconf 87' lang='lat' dir='ltr'><strong>armo-</strong></span> 
     </span>
    </p>
   </div>
   <div class='ocr_carea' id='block_1_28' title="bbox 2114 1357 3699 1429">
    <p class='ocr_par' dir='ltr' id='par_1_28' title="bbox 2114 1357 3699 1429">
     <span class='ocr_line' id='line_1_28' title="bbox 2114 1357 3699 1429; baseline -0.001 -14"><span class='ocrx_word' id='word_1_181' title='bbox 2114 1377 2235 1415; x_wconf 88' lang='lat' dir='ltr'><strong>rum</strong></span> <span class='ocrx_word' id='word_1_182' title='bbox 2271 1361 2391 1429; x_wconf 88' lang='lat' dir='ltr'><strong>ejus</strong></span> <span class='ocrx_word' id='word_1_183' title='bbox 2444 1361 2629 1415; x_wconf 86' lang='lat' dir='ltr'><strong>socius</strong></span> <span class='ocrx_word' id='word_1_184' title='bbox 2676 1360 2874 1415; x_wconf 90' lang='lat' dir='ltr'><strong>factus.</strong></span> <span class='ocrx_word' id='word_1_185' title='bbox 2931 1359 3313 1413; x_wconf 86' lang='lat' dir='ltr'><strong>Tbeudericho</strong></span> <span class='ocrx_word' id='word_1_186' title='bbox 3352 1357 3479 1412; x_wconf 90' lang='lat' dir='ltr'><strong>fatis</strong></span> <span class='ocrx_word' id='word_1_187' title='bbox 3511 1359 3699 1413; x_wconf 86' lang='lat' dir='ltr'><strong>functo</strong></span> 
     </span>
    </p>
   </div>
   <div class='ocr_carea' id='block_1_29' title="bbox 2114 1447 3698 1519">
    <p class='ocr_par' dir='ltr' id='par_1_29' title="bbox 2114 1447 3698 1519">
     <span class='ocr_line' id='line_1_29' title="bbox 2114 1447 3698 1519; baseline -0.003 -13"><span class='ocrx_word' id='word_1_188' title='bbox 2114 1454 2179 1506; x_wconf 86' lang='lat' dir='ltr'><strong>ad</strong></span> <span class='ocrx_word' id='word_1_189' title='bbox 2221 1452 2526 1506; x_wconf 78' lang='lat' dir='ltr'><strong>Danubium</strong></span> <span class='ocrx_word' id='word_1_190' title='bbox 2559 1452 2757 1505; x_wconf 83' lang='lat' dir='ltr'><strong>flumen</strong></span> <span class='ocrx_word' id='word_1_191' title='bbox 2795 1452 2961 1511; x_wconf 86' lang='lat' dir='ltr'><strong>venit,</strong></span> <span class='ocrx_word' id='word_1_192' title='bbox 3002 1458 3053 1503; x_wconf 89' lang='lat' dir='ltr'><strong>et</strong></span> <span class='ocrx_word' id='word_1_193' title='bbox 3088 1451 3155 1504; x_wconf 90' lang='lat' dir='ltr'><strong>ab</strong></span> <span class='ocrx_word' id='word_1_194' title='bbox 3182 1451 3508 1519; x_wconf 86' lang='lat' dir='ltr'><strong>imperatore</strong></span> <span class='ocrx_word' id='word_1_195' title='bbox 3527 1447 3698 1503; x_wconf 85' lang='lat' dir='ltr'><strong>Justi-</strong></span> 
     </span>
    </p>
   </div>
   <div class='ocr_carea' id='block_1_30' title="bbox 2114 1541 3697 1613">
    <p class='ocr_par' dir='ltr' id='par_1_30' title="bbox 2114 1541 3697 1613">
     <span class='ocr_line' id='line_1_30' title="bbox 2114 1541 3697 1613; baseline -0.004 -15"><span class='ocrx_word' id='word_1_196' title='bbox 2114 1545 2278 1598; x_wconf 90' lang='lat' dir='ltr'><strong>niano</strong></span> <span class='ocrx_word' id='word_1_197' title='bbox 2311 1545 2519 1613; x_wconf 89' lang='lat' dir='ltr'><strong>imperii</strong></span> <span class='ocrx_word' id='word_1_198' title='bbox 2563 1543 2843 1598; x_wconf 89' lang='lat' dir='ltr'><strong>subditum</strong></span> <span class='ocrx_word' id='word_1_199' title='bbox 2891 1558 2951 1597; x_wconf 89' lang='lat' dir='ltr'><strong>se</strong></span> <span class='ocrx_word' id='word_1_200' title='bbox 2980 1542 3240 1610; x_wconf 78' lang='lat' dir='ltr'><strong>deinceps</strong></span> <span class='ocrx_word' id='word_1_201' title='bbox 3288 1541 3476 1596; x_wconf 84' lang='lat' dir='ltr'><strong>haberi</strong></span> <span class='ocrx_word' id='word_1_202' title='bbox 3505 1549 3697 1610; x_wconf 90' lang='lat' dir='ltr'><strong>postu-</strong></span> 
     </span>
    </p>
   </div>
   <div class='ocr_carea' id='block_1_31' title="bbox 2116 1630 3695 1703">
    <p class='ocr_par' dir='ltr' id='par_1_31' title="bbox 2116 1630 3695 1703">
     <span class='ocr_line' id='line_1_31' title="bbox 2116 1630 3695 1703; baseline -0.004 -14"><span class='ocrx_word' id='word_1_203' title='bbox 2116 1635 2267 1689; x_wconf 85' lang='lat' dir='ltr'><strong>lavit.</strong></span> <span class='ocrx_word' id='word_1_204' title='bbox 2304 1634 2445 1700; x_wconf 83' lang='lat' dir='ltr'><strong>Qutn</strong></span> <span class='ocrx_word' id='word_1_205' title='bbox 2482 1634 2647 1689; x_wconf 83' lang='lat' dir='ltr'><strong>etiam</strong></span> <span class='ocrx_word' id='word_1_206' title='bbox 2678 1634 2892 1703; x_wconf 81' lang='lat' dir='ltr'><strong>Cpolim</strong></span> <span class='ocrx_word' id='word_1_207' title='bbox 2944 1633 3203 1694; x_wconf 87' lang='lat' dir='ltr'><strong>accessit,</strong></span> <span class='ocrx_word' id='word_1_208' title='bbox 3240 1646 3404 1700; x_wconf 90' lang='lat' dir='ltr'><strong>quem</strong></span> <span class='ocrx_word' id='word_1_209' title='bbox 3456 1630 3695 1699; x_wconf 85' lang='lat' dir='ltr'><strong>impera-</strong></span> 
     </span>
    </p>
   </div>
   <div class='ocr_carea' id='block_1_32' title="bbox 2118 1722 3691 1789">
    <p class='ocr_par' dir='ltr' id='par_1_32' title="bbox 2118 1722 3691 1789">
     <span class='ocr_line' id='line_1_32' title="bbox 2118 1722 3691 1789; baseline -0.005 -10"><span class='ocrx_word' id='word_1_210' title='bbox 2118 1736 2202 1780; x_wconf 91' lang='lat' dir='ltr'><strong>tor</strong></span> <span class='ocrx_word' id='word_1_211' title='bbox 2246 1742 2355 1780; x_wconf 89' lang='lat' dir='ltr'><strong>una</strong></span> <span class='ocrx_word' id='word_1_212' title='bbox 2411 1741 2534 1780; x_wconf 91' lang='lat' dir='ltr'><strong>cum</strong></span> <span class='ocrx_word' id='word_1_213' title='bbox 2583 1725 2693 1779; x_wconf 87' lang='lat' dir='ltr'><strong>lilio</strong></span> <span class='ocrx_word' id='word_1_214' title='bbox 2742 1725 2997 1779; x_wconf 79' lang='lat' dir='ltr'><strong>maximis</strong></span> <span class='ocrx_word' id='word_1_215' title='bbox 3054 1722 3375 1777; x_wconf 88' lang='lat' dir='ltr'><strong>muneribus</strong></span> <span class='ocrx_word' id='word_1_216' title='bbox 3429 1724 3691 1789; x_wconf 83' lang='lat' dir='ltr'><strong>donatum</strong></span> 
     </span>
    </p>
   </div>
   <div class='ocr_carea' id='block_1_33' title="bbox 2115 1810 3726 1889">
    <p class='ocr_par' dir='ltr' id='par_1_33' title="bbox 2115 1810 3726 1889">
     <span class='ocr_line' id='line_1_33' title="bbox 2115 1810 3726 1889; baseline -0.004 -16"><span class='ocrx_word' id='word_1_217' title='bbox 2115 1830 2169 1873; x_wconf 91' lang='lat' dir='ltr'><strong>et</strong></span> <span class='ocrx_word' id='word_1_218' title='bbox 2220 1820 2420 1889; x_wconf 84' lang='lat' dir='ltr'><strong>Illyrici</strong></span> <span class='ocrx_word' id='word_1_219' title='bbox 2478 1819 2802 1889; x_wconf 89' lang='lat' dir='ltr'><strong>magistrum</strong></span> <span class='ocrx_word' id='word_1_220' title='bbox 2858 1818 3066 1871; x_wconf 76' lang='lat' dir='ltr'><strong>militia:</strong></span> <span class='ocrx_word' id='word_1_221' title='bbox 3117 1815 3496 1870; x_wconf 86' lang='lat' dir='ltr'><strong>renuntiatum</strong></span> <span class='ocrx_word' id='word_1_222' title='bbox 3549 1828 3579 1867; x_wconf 87' lang='lat' dir='ltr'><strong>a</strong></span> <span class='ocrx_word' id='word_1_223' title='bbox 3634 1810 3726 1868; x_wconf 71' lang='lat' dir='ltr'><strong>s&#39;e&#39;</strong></span> 
     </span>
    </p>
   </div>
   <div class='ocr_carea' id='block_1_34' title="bbox 435 1894 2185 1981">
    <p class='ocr_par' dir='ltr' id='par_1_34' title="bbox 435 1894 2185 1981">
     <span class='ocr_line' id='line_1_34' title="bbox 435 1894 2185 1981; baseline 0 -15"><span class='ocrx_word' id='word_1_224' title='bbox 435 1911 638 1981; x_wconf 78' lang='grc' dir='ltr'>ηλάτην</span> <span class='ocrx_word' id='word_1_225' title='bbox 690 1910 783 1964; x_wconf 76' lang='grc' dir='ltr'>τοῦ</span> <span class='ocrx_word' id='word_1_226' title='bbox 832 1908 1149 1977; x_wconf 79' lang='grc' dir='ltr'>Ἰλλυρικοῦ.</span> <span class='ocrx_word' id='word_1_227' title='bbox 1210 1910 1319 1962; x_wconf 80' lang='grc' dir='ltr'><strong>Καὶ</strong></span> <span class='ocrx_word' id='word_1_228' title='bbox 1362 1909 1421 1960; x_wconf 86' lang='grc' dir='ltr'>ὲν</span> <span class='ocrx_word' id='word_1_229' title='bbox 1493 1908 1571 1977; x_wconf 82' lang='grc' dir='ltr'><strong>τῷ</strong></span> <span class='ocrx_word' id='word_1_230' title='bbox 1605 1908 2011 1977; x_wconf 79' lang='grc' dir='ltr'>παραγενέσθαι</span> <span class='ocrx_word' id='word_1_231' title='bbox 2048 1894 2088 1948; x_wconf 76' lang='grc' dir='ltr'><strong>Β</strong></span> <span class='ocrx_word' id='word_1_232' title='bbox 2118 1913 2185 1966; x_wconf 85' lang='lat' dir='ltr'><strong>dit</strong></span> 
     </span>
    </p>
   </div>
   <div class='ocr_carea' id='block_1_35' title="bbox 1942 1894 3692 1981">
    <p class='ocr_par' dir='ltr' id='par_1_35' title="bbox 1942 1894 3692 1981">
     <span class='ocr_line' id='line_1_35' title="bbox 1942 1894 3692 1981; baseline -0.001 -20"><span class='ocrx_word' id='word_1_233' title='bbox 1942 1914 2011 1962; x_wconf 82' lang='lat' dir='ltr'><strong>lat</strong></span> <span class='ocrx_word' id='word_1_234' title='bbox 2048 1894 2088 1948; x_wconf 76' lang='grc' dir='ltr'><strong>Β</strong></span> <span class='ocrx_word' id='word_1_235' title='bbox 2118 1913 2346 1967; x_wconf 85' lang='lat' dir='ltr'><strong>dimisit.</strong></span> <span class='ocrx_word' id='word_1_236' title='bbox 2382 1912 2659 1981; x_wconf 83' lang='lat' dir='ltr'><strong>Illyricum</strong></span> <span class='ocrx_word' id='word_1_237' title='bbox 2704 1926 2898 1964; x_wconf 88' lang='lat' dir='ltr'><strong>versus</strong></span> <span class='ocrx_word' id='word_1_238' title='bbox 2940 1910 3043 1963; x_wconf 88' lang='lat' dir='ltr'><strong>iter</strong></span> <span class='ocrx_word' id='word_1_239' title='bbox 3098 1908 3299 1977; x_wconf 68' lang='lat' dir='ltr'><strong>agt-nti,</strong></span> <span class='ocrx_word' id='word_1_240' title='bbox 3340 1916 3391 1961; x_wconf 90' lang='lat' dir='ltr'><strong>et</strong></span> <span class='ocrx_word' id='word_1_241' title='bbox 3420 1907 3533 1975; x_wconf 92' lang='lat' dir='ltr'><strong>jam</strong></span> <span class='ocrx_word' id='word_1_242' title='bbox 3566 1919 3692 1975; x_wconf 85' lang='lat' dir='ltr'><strong>pro-</strong></span> 
     </span>
    </p>
   </div>
   <div class='ocr_carea' id='block_1_36' title="bbox 434 1998 2010 2072">
    <p class='ocr_par' dir='ltr' id='par_1_36' title="bbox 434 1998 2010 2072">
     <span class='ocr_line' id='line_1_36' title="bbox 434 1998 2010 2072; baseline -0.001 -16"><span class='ocrx_word' id='word_1_243' title='bbox 434 2003 595 2057; x_wconf 73' lang='grc' dir='ltr'>αὐτὸν</span> <span class='ocrx_word' id='word_1_244' title='bbox 631 2002 674 2034; x_wconf 83' lang='grc'><strong>¹⁶</strong></span> <span class='ocrx_word' id='word_1_245' title='bbox 708 2005 785 2065; x_wconf 84' lang='grc' dir='ltr'><strong>εἰς</strong></span> <span class='ocrx_word' id='word_1_246' title='bbox 812 2001 873 2055; x_wconf 81' lang='grc' dir='ltr'>τὸ</span> <span class='ocrx_word' id='word_1_247' title='bbox 900 2000 1194 2071; x_wconf 77' lang='grc' dir='ltr'>Ἰλλυρικὸν</span> <span class='ocrx_word' id='word_1_248' title='bbox 1225 1999 1359 2072; x_wconf 89' lang='lat'><strong>(76),</strong></span> <span class='ocrx_word' id='word_1_249' title='bbox 1393 1998 1615 2067; x_wconf 67' lang='grc' dir='ltr'>ἐξῆλθον</span> <span class='ocrx_word' id='word_1_250' title='bbox 1647 2000 2010 2071; x_wconf 81' lang='grc' dir='ltr'>οἰΒούλγαροι</span> 
     </span>
    </p>
   </div>
   <div class='ocr_carea' id='block_1_37' title="bbox 436 2091 2011 2164">
    <p class='ocr_par' dir='ltr' id='par_1_37' title="bbox 436 2091 2011 2164">
     <span class='ocr_line' id='line_1_37' title="bbox 436 2091 2011 2164; baseline -0.001 -17"><span class='ocrx_word' id='word_1_251' title='bbox 436 2094 637 2164; x_wconf 82' lang='grc' dir='ltr'>πλῆθος</span> <span class='ocrx_word' id='word_1_252' title='bbox 684 2094 839 2157; x_wconf 74' lang='grc' dir='ltr'>πολὺ,</span> <span class='ocrx_word' id='word_1_253' title='bbox 877 2094 971 2146; x_wconf 79' lang='grc' dir='ltr'>καὶ</span> <span class='ocrx_word' id='word_1_254' title='bbox 994 2094 1244 2163; x_wconf 82' lang='grc' dir='ltr'>ὁρμήσας</span> <span class='ocrx_word' id='word_1_255' title='bbox 1274 2091 1393 2145; x_wconf 85' lang='grc' dir='ltr'>κατ’</span> <span class='ocrx_word' id='word_1_256' title='bbox 1448 2091 1629 2145; x_wconf 74' lang='grc' dir='ltr'>αὐτῶν</span> <span class='ocrx_word' id='word_1_257' title='bbox 1672 2092 1881 2155; x_wconf 84' lang='grc' dir='ltr'>πάντας</span> <span class='ocrx_word' id='word_1_258' title='bbox 1913 2094 2011 2146; x_wconf 82' lang='grc' dir='ltr'>άν-</span> 
     </span>
    </p>
   </div>
   <div class='ocr_carea' id='block_1_38' title="bbox 435 2183 2009 2256">
    <p class='ocr_par' dir='ltr' id='par_1_38' title="bbox 435 2183 2009 2256">
     <span class='ocr_line' id='line_1_38' title="bbox 435 2183 2009 2256; baseline 0 -18"><span class='ocrx_word' id='word_1_259' title='bbox 435 2187 665 2256; x_wconf 79' lang='grc' dir='ltr'>ήλωσεν.</span> <span class='ocrx_word' id='word_1_260' title='bbox 698 2187 809 2239; x_wconf 86' lang='lat' dir='ltr'><strong>Kal</strong></span> <span class='ocrx_word' id='word_1_261' title='bbox 851 2184 1169 2238; x_wconf 79' lang='grc' dir='ltr'>ἀπέστειλεν</span> <span class='ocrx_word' id='word_1_262' title='bbox 1216 2185 1273 2235; x_wconf 78' lang='grc' dir='ltr'>ἐν</span> <span class='ocrx_word' id='word_1_263' title='bbox 1326 2183 1891 2235; x_wconf 82' lang='grc' dir='ltr'>Κωνσταντινουπόλει</span> <span class='ocrx_word' id='word_1_264' title='bbox 1944 2185 2009 2238; x_wconf 84' lang='grc' dir='ltr'>ὲκ</span> 
     </span>
    </p>
   </div>
   <div class='ocr_carea' id='block_1_39' title="bbox 435 2275 2009 2348">
    <p class='ocr_par' dir='ltr' id='par_1_39' title="bbox 435 2275 2009 2348">
     <span class='ocr_line' id='line_1_39' title="bbox 435 2275 2009 2348; baseline -0.003 -14"><span class='ocrx_word' id='word_1_265' title='bbox 435 2280 534 2347; x_wconf 80' lang='grc' dir='ltr'>τῆς</span> <span class='ocrx_word' id='word_1_266' title='bbox 567 2279 942 2347; x_wconf 77' lang='grc' dir='ltr'>αἰχμαλωσίας</span> <span class='ocrx_word' id='word_1_267' title='bbox 972 2277 1080 2331; x_wconf 87' lang='grc' dir='ltr'><strong>τῶν</strong></span> <span class='ocrx_word' id='word_1_268' title='bbox 1124 2276 1446 2348; x_wconf 75' lang='grc' dir='ltr'>ἡγουμένων</span> <span class='ocrx_word' id='word_1_269' title='bbox 1500 2275 1681 2334; x_wconf 74' lang='grc' dir='ltr'>αὐτῶν</span> <span class='ocrx_word' id='word_1_270' title='bbox 1717 2277 1882 2347; x_wconf 75' lang='grc' dir='ltr'>μετὰ,</span> <span class='ocrx_word' id='word_1_271' title='bbox 1913 2278 2009 2330; x_wconf 74' lang='lat' dir='ltr'><strong>xal</strong></span> 
     </span>
    </p>
   </div>
   <div class='ocr_carea' id='block_1_40' title="bbox 436 2360 2010 2440">
    <p class='ocr_par' dir='ltr' id='par_1_40' title="bbox 436 2360 2010 2440">
     <span class='ocr_line' id='line_1_40' title="bbox 436 2360 2010 2440; baseline -0.003 -14"><span class='ocrx_word' id='word_1_272' title='bbox 436 2370 614 2427; x_wconf 66' lang='grc' dir='ltr'>ἄλλων</span> <span class='ocrx_word' id='word_1_273' title='bbox 669 2370 879 2424; x_wconf 84' lang='grc' dir='ltr'>πολλῶν</span> <span class='ocrx_word' id='word_1_274' title='bbox 913 2370 975 2435; x_wconf 85' lang='lat'><strong>“,</strong></span> <span class='ocrx_word' id='word_1_275' title='bbox 1023 2369 1118 2422; x_wconf 71' lang='grc' dir='ltr'>καὶ</span> <span class='ocrx_word' id='word_1_276' title='bbox 1178 2360 1555 2438; x_wconf 61' lang='grc' dir='ltr'>ἐπόμπευσαν</span> <span class='ocrx_word' id='word_1_277' title='bbox 1583 2369 1781 2432; x_wconf 73' lang='grc' dir='ltr'>αὐτοὺς</span> <span class='ocrx_word' id='word_1_278' title='bbox 1828 2369 1888 2421; x_wconf 83' lang='grc' dir='ltr'>ὲν</span> <span class='ocrx_word' id='word_1_279' title='bbox 1930 2368 2010 2440; x_wconf 85' lang='grc' dir='ltr'>τῷ</span> 
     </span>
    </p>
   </div>
   <div class='ocr_carea' id='block_1_41' title="bbox 436 2460 2005 2532">
    <p class='ocr_par' dir='ltr' id='par_1_41' title="bbox 436 2460 2005 2532">
     <span class='ocr_line' id='line_1_41' title="bbox 436 2460 2005 2532; baseline 0.001 -18"><span class='ocrx_word' id='word_1_280' title='bbox 436 2461 667 2532; x_wconf 76' lang='grc' dir='ltr'>ἱππικῷ.</span> <span class='ocrx_word' id='word_1_281' title='bbox 718 2463 828 2515; x_wconf 87' lang='lat' dir='ltr'><strong>Kal</strong></span> <span class='ocrx_word' id='word_1_282' title='bbox 882 2461 1099 2528; x_wconf 78' lang='grc' dir='ltr'>ἐγένετο</span> <span class='ocrx_word' id='word_1_283' title='bbox 1141 2461 1328 2530; x_wconf 81' lang='grc' dir='ltr'><strong>εἰρήνη</strong></span> <span class='ocrx_word' id='word_1_284' title='bbox 1361 2460 1555 2530; x_wconf 80' lang='grc' dir='ltr'>βαθεῖα</span> <span class='ocrx_word' id='word_1_285' title='bbox 1599 2461 1657 2513; x_wconf 79' lang='grc' dir='ltr'>ὲν</span> <span class='ocrx_word' id='word_1_286' title='bbox 1682 2464 1749 2531; x_wconf 83' lang='grc' dir='ltr'>τῇ</span> <span class='ocrx_word' id='word_1_287' title='bbox 1792 2460 2005 2532; x_wconf 81' lang='grc' dir='ltr'><strong>Θρᾴκῃ,</strong></span> 
     </span>
    </p>
   </div>
   <div class='ocr_carea' id='block_1_42' title="bbox 439 2551 2005 2625">
    <p class='ocr_par' dir='ltr' id='par_1_42' title="bbox 439 2551 2005 2625">
     <span class='ocr_line' id='line_1_42' title="bbox 439 2551 2005 2625; baseline 0.001 -18"><span class='ocrx_word' id='word_1_288' title='bbox 439 2555 636 2625; x_wconf 83' lang='grc' dir='ltr'>μηκέτι</span> <span class='ocrx_word' id='word_1_289' title='bbox 671 2552 996 2624; x_wconf 84' lang='grc' dir='ltr'>τολμώντων</span> <span class='ocrx_word' id='word_1_290' title='bbox 1029 2551 1138 2605; x_wconf 82' lang='grc' dir='ltr'><strong>τῶν</strong></span> <span class='ocrx_word' id='word_1_291' title='bbox 1171 2551 1387 2606; x_wconf 78' lang='grc' dir='ltr'>Οὔννων</span> <span class='ocrx_word' id='word_1_292' title='bbox 1418 2554 1657 2621; x_wconf 78' lang='grc' dir='ltr'>περᾶσαι</span> <span class='ocrx_word' id='word_1_293' title='bbox 1685 2554 1776 2607; x_wconf 88' lang='grc' dir='ltr'>τὸν</span> <span class='ocrx_word' id='word_1_294' title='bbox 1803 2555 2005 2608; x_wconf 82' lang='grc' dir='ltr'>Δάνου-</span> 
     </span>
    </p>
   </div>
   <div class='ocr_carea' id='block_1_43' title="bbox 434 2643 2009 2715">
    <p class='ocr_par' dir='ltr' id='par_1_43' title="bbox 434 2643 2009 2715">
     <span class='ocr_line' id='line_1_43' title="bbox 434 2643 2009 2715; baseline 0.001 -17"><span class='ocrx_word' id='word_1_295' title='bbox 434 2645 539 2699; x_wconf 74' lang='grc' dir='ltr'>διν.</span> <span class='ocrx_word' id='word_1_296' title='bbox 567 2646 705 2707; x_wconf 72' lang='grc' dir='ltr'>Τοὺς</span> <span class='ocrx_word' id='word_1_297' title='bbox 738 2644 794 2697; x_wconf 79' lang='grc' dir='ltr'>δὲ</span> <span class='ocrx_word' id='word_1_298' title='bbox 823 2643 1203 2714; x_wconf 76' lang='grc' dir='ltr'>αἰχμαλώτους</span> <span class='ocrx_word' id='word_1_299' title='bbox 1233 2643 1339 2697; x_wconf 85' lang='grc' dir='ltr'>τῶν</span> <span class='ocrx_word' id='word_1_300' title='bbox 1388 2644 1715 2712; x_wconf 86' lang='grc' dir='ltr'>Βουλγάρων</span> <span class='ocrx_word' id='word_1_301' title='bbox 1763 2645 2009 2715; x_wconf 80' lang='grc' dir='ltr'>ἔπεμψεν</span> 
     </span>
    </p>
   </div>
   <div class='ocr_carea' id='block_1_44' title="bbox 433 2734 2007 2808">
    <p class='ocr_par' dir='ltr' id='par_1_44' title="bbox 433 2734 2007 2808">
     <span class='ocr_line' id='line_1_44' title="bbox 433 2734 2007 2808; baseline 0.004 -21"><span class='ocrx_word' id='word_1_302' title='bbox 433 2736 462 2787; x_wconf 93' lang='lat'><strong>6</strong></span> <span class='ocrx_word' id='word_1_303' title='bbox 496 2734 749 2805; x_wconf 82' lang='grc' dir='ltr'>βασιλεὺς</span> <span class='ocrx_word' id='word_1_304' title='bbox 773 2736 853 2797; x_wconf 84' lang='grc' dir='ltr'><strong>εἰς</strong></span> <span class='ocrx_word' id='word_1_305' title='bbox 891 2735 1184 2805; x_wconf 81' lang='grc' dir='ltr'>’Δρμενίαν</span> <span class='ocrx_word' id='word_1_306' title='bbox 1219 2736 1311 2789; x_wconf 81' lang='grc' dir='ltr'>καὶ</span> <span class='ocrx_word' id='word_1_307' title='bbox 1344 2738 1423 2799; x_wconf 83' lang='grc' dir='ltr'><strong>εἰς</strong></span> <span class='ocrx_word' id='word_1_308' title='bbox 1445 2738 1707 2808; x_wconf 77' lang='grc' dir='ltr'><strong>Λαζικὴν.</strong></span> <span class='ocrx_word' id='word_1_309' title='bbox 1734 2739 1845 2793; x_wconf 89' lang='lat' dir='ltr'><strong>Kal</strong></span> <span class='ocrx_word' id='word_1_310' title='bbox 1875 2757 2007 2793; x_wconf 86' lang='grc' dir='ltr'>κατ-</span> 
     </span>
    </p>
   </div>
   <div class='ocr_carea' id='block_1_45' title="bbox 434 2821 1634 2895">
    <p class='ocr_par' dir='ltr' id='par_1_45' title="bbox 434 2821 1634 2895">
     <span class='ocr_line' id='line_1_45' title="bbox 434 2821 1634 2895; baseline 0.006 -23"><span class='ocrx_word' id='word_1_311' title='bbox 434 2823 706 2888; x_wconf 75' lang='grc' dir='ltr'>ετάγησαν</span> <span class='ocrx_word' id='word_1_312' title='bbox 728 2824 786 2874; x_wconf 76' lang='grc' dir='ltr'>ὲν</span> <span class='ocrx_word' id='word_1_313' title='bbox 809 2823 921 2884; x_wconf 85' lang='grc' dir='ltr'>τοῖς</span> <span class='ocrx_word' id='word_1_314' title='bbox 953 2821 1257 2892; x_wconf 81' lang='grc' dir='ltr'>νουμερίοις</span> <span class='ocrx_word' id='word_1_315' title='bbox 1290 2825 1336 2854; x_wconf 84' lang='grc'>¹¹</span> <span class='ocrx_word' id='word_1_316' title='bbox 1361 2824 1634 2895; x_wconf 76' lang='grc' dir='ltr'>ἀριθμοῖς.</span> 
     </span>
    </p>
   </div>
   <div class='ocr_carea' id='block_1_46' title="bbox 501 2913 2007 2986">
    <p class='ocr_par' dir='ltr' id='par_1_46' title="bbox 501 2913 2007 2986">
     <span class='ocr_line' id='line_1_46' title="bbox 501 2913 2007 2986; baseline 0.009 -21"><span class='ocrx_word' id='word_1_317' title='bbox 501 2915 567 2965; x_wconf 81' lang='grc' dir='ltr'>Δ.</span> <span class='ocrx_word' id='word_1_318' title='bbox 599 2914 672 2966; x_wconf 79' lang='grc' dir='ltr'><strong>Μ.</strong></span> <span class='ocrx_word' id='word_1_319' title='bbox 707 2913 866 2969; x_wconf 70' lang='grc'><strong>6055.</strong></span> <span class='ocrx_word' id='word_1_320' title='bbox 891 2944 962 2955; x_wconf 93' lang='grc'><strong><em>--</em></strong></span> <span class='ocrx_word' id='word_1_321' title='bbox 998 2914 1454 2986; x_wconf 72' lang='grc' dir='ltr'><strong>Ἀλεξανδρείας</strong></span> <span class='ocrx_word' id='word_1_322' title='bbox 1481 2918 1818 2976; x_wconf 78' lang='grc' dir='ltr'><strong>ἐπισκόπου</strong></span> <span class='ocrx_word' id='word_1_323' title='bbox 1850 2924 2007 2977; x_wconf 85' lang='grc' dir='ltr'>Παύ-</span> 
     </span>
    </p>
   </div>
   <div class='ocr_carea' id='block_1_47' title="bbox 433 3005 821 3070">
    <p class='ocr_par' dir='ltr' id='par_1_47' title="bbox 433 3005 821 3070">
     <span class='ocr_line' id='line_1_47' title="bbox 433 3005 821 3070; baseline 0.003 -12"><span class='ocrx_word' id='word_1_324' title='bbox 433 3005 550 3058; x_wconf 77' lang='grc' dir='ltr'><strong>λου</strong></span> <span class='ocrx_word' id='word_1_325' title='bbox 582 3005 719 3070; x_wconf 69' lang='grc' dir='ltr'>ἔτος</span> <span class='ocrx_word' id='word_1_326' title='bbox 746 3012 821 3059; x_wconf 89' lang='lat' dir='ltr'><strong>a’.</strong></span> 
     </span>
    </p>
   </div>
   <div class='ocr_carea' id='block_1_48' title="bbox 503 3096 2007 3176">
    <p class='ocr_par' dir='ltr' id='par_1_48' title="bbox 503 3096 2007 3176">
     <span class='ocr_line' id='line_1_48' title="bbox 503 3096 2007 3176; baseline 0.007 -28"><span class='ocrx_word' id='word_1_327' title='bbox 503 3096 693 3167; x_wconf 79' lang='grc' dir='ltr'>Τούτῳ</span> <span class='ocrx_word' id='word_1_328' title='bbox 721 3098 799 3168; x_wconf 83' lang='grc' dir='ltr'><strong>τῷ</strong></span> <span class='ocrx_word' id='word_1_329' title='bbox 822 3098 932 3152; x_wconf 73' lang='grc' dir='ltr'>ἔτει</span> <span class='ocrx_word' id='word_1_330' title='bbox 963 3099 1043 3171; x_wconf 82' lang='grc' dir='ltr'>τῷ</span> <span class='ocrx_word' id='word_1_331' title='bbox 1078 3098 1139 3153; x_wconf 80' lang='grc' dir='ltr'><strong>ιδ’</strong></span> <span class='ocrx_word' id='word_1_332' title='bbox 1160 3101 1539 3157; x_wconf 82' lang='grc' dir='ltr'>’Ῑουστινιανοῦ</span> <span class='ocrx_word' id='word_1_333' title='bbox 1567 3103 1678 3176; x_wconf 77' lang='grc'><strong>(77)</strong></span> <span class='ocrx_word' id='word_1_334' title='bbox 1713 3104 1959 3176; x_wconf 78' lang='grc' dir='ltr'>Χοσρόης</span> <span class='ocrx_word' id='word_1_335' title='bbox 1978 3107 2007 3159; x_wconf 91' lang='lat'><strong>6</strong></span> 
     </span>
    </p>
   </div>
   <div class='ocr_carea' id='block_1_49' title="bbox 432 3186 2006 3263">
    <p class='ocr_par' dir='ltr' id='par_1_49' title="bbox 432 3186 2006 3263">
     <span class='ocr_line' id='line_1_49' title="bbox 432 3186 2006 3263; baseline 0.004 -24"><span class='ocrx_word' id='word_1_336' title='bbox 432 3186 540 3239; x_wconf 79' lang='grc' dir='ltr'>τῶν</span> <span class='ocrx_word' id='word_1_337' title='bbox 597 3188 826 3257; x_wconf 83' lang='grc' dir='ltr'>Περσῶν</span> <span class='ocrx_word' id='word_1_338' title='bbox 883 3189 1137 3259; x_wconf 84' lang='grc' dir='ltr'>βασιλεὺς</span> <span class='ocrx_word' id='word_1_339' title='bbox 1183 3192 1451 3261; x_wconf 83' lang='grc' dir='ltr'>τετάρτην</span> <span class='ocrx_word' id='word_1_340' title='bbox 1495 3193 1743 3263; x_wconf 80' lang='grc' dir='ltr'>εἰσὸολὴν</span> <span class='ocrx_word' id='word_1_341' title='bbox 1778 3196 1858 3257; x_wconf 86' lang='grc' dir='ltr'><strong>εἰς</strong></span> <span class='ocrx_word' id='word_1_342' title='bbox 1907 3195 2006 3263; x_wconf 83' lang='grc' dir='ltr'>τὴν</span> 
     </span>
    </p>
   </div>
   <div class='ocr_carea' id='block_1_50' title="bbox 446 3279 2003 3358">
    <p class='ocr_par' dir='ltr' id='par_1_50' title="bbox 446 3279 2003 3358">
     <span class='ocr_line' id='line_1_50' title="bbox 446 3279 2003 3358; baseline 0.005 -26"><span class='ocrx_word' id='word_1_343' title='bbox 446 3279 729 3349; x_wconf 78' lang='grc' dir='ltr'>Ῥωμαίων</span> <span class='ocrx_word' id='word_1_344' title='bbox 774 3283 876 3351; x_wconf 82' lang='grc' dir='ltr'>γῆν</span> <span class='ocrx_word' id='word_1_345' title='bbox 924 3284 1232 3355; x_wconf 75' lang='grc' dir='ltr'>ἐποιήσατο.</span> <span class='ocrx_word' id='word_1_346' title='bbox 1267 3283 1503 3337; x_wconf 76' lang='grc' dir='ltr'>Ἐλθόντι</span> <span class='ocrx_word' id='word_1_347' title='bbox 1537 3286 1594 3338; x_wconf 85' lang='grc' dir='ltr'>δὲ</span> <span class='ocrx_word' id='word_1_348' title='bbox 1630 3287 1711 3350; x_wconf 85' lang='grc' dir='ltr'><strong>εἰς</strong></span> <span class='ocrx_word' id='word_1_349' title='bbox 1756 3286 1854 3358; x_wconf 81' lang='grc' dir='ltr'>τὴν</span> <span class='ocrx_word' id='word_1_350' title='bbox 1895 3286 2003 3340; x_wconf 83' lang='grc' dir='ltr'>τῶν</span> 
     </span>
    </p>
   </div>
   <div class='ocr_carea' id='block_1_51' title="bbox 430 3374 2004 3449">
    <p class='ocr_par' dir='ltr' id='par_1_51' title="bbox 430 3374 2004 3449">
     <span class='ocr_line' id='line_1_51' title="bbox 430 3374 2004 3449; baseline 0.003 -23"><span class='ocrx_word' id='word_1_351' title='bbox 430 3374 792 3443; x_wconf 81' lang='grc' dir='ltr'>Κωμαγηνῶν</span> <span class='ocrx_word' id='word_1_352' title='bbox 834 3374 1038 3445; x_wconf 81' lang='grc' dir='ltr'>χώραν,</span> <span class='ocrx_word' id='word_1_353' title='bbox 1111 3376 1253 3429; x_wconf 81' lang='grc' dir='ltr'>κατὰ</span> <span class='ocrx_word' id='word_1_354' title='bbox 1301 3376 1659 3446; x_wconf 83' lang='grc' dir='ltr'>Παλαιστίνης</span> <span class='ocrx_word' id='word_1_355' title='bbox 1709 3379 1802 3430; x_wconf 82' lang='grc' dir='ltr'>καὶ</span> <span class='ocrx_word' id='word_1_356' title='bbox 1843 3379 2004 3449; x_wconf 86' lang='grc' dir='ltr'>Ἰερο-</span> 
     </span>
    </p>
   </div>
   <div class='ocr_carea' id='block_1_52' title="bbox 434 3464 2004 3538">
    <p class='ocr_par' dir='ltr' id='par_1_52' title="bbox 434 3464 2004 3538">
     <span class='ocr_line' id='line_1_52' title="bbox 434 3464 2004 3538; baseline 0.004 -23"><span class='ocrx_word' id='word_1_357' title='bbox 434 3464 681 3532; x_wconf 78' lang='grc' dir='ltr'>σολύμων</span> <span class='ocrx_word' id='word_1_358' title='bbox 703 3466 955 3519; x_wconf 84' lang='grc' dir='ltr'>διενοεῖτο</span> <span class='ocrx_word' id='word_1_359' title='bbox 978 3470 1196 3537; x_wconf 84' lang='grc' dir='ltr'>χωρεῖν,</span> <span class='ocrx_word' id='word_1_360' title='bbox 1227 3468 1375 3530; x_wconf 83' lang='grc' dir='ltr'>ὅπως</span> <span class='ocrx_word' id='word_1_361' title='bbox 1406 3468 1474 3519; x_wconf 81' lang='grc' dir='ltr'>τὰ</span> <span class='ocrx_word' id='word_1_362' title='bbox 1510 3468 1569 3519; x_wconf 83' lang='grc' dir='ltr'>ὲν</span> <span class='ocrx_word' id='word_1_363' title='bbox 1613 3469 2004 3538; x_wconf 84' lang='grc' dir='ltr'>Ἰεροσολύμοις</span> 
     </span>
    </p>
   </div>
   <div class='ocr_carea' id='block_1_53' title="bbox 432 3556 2004 3631">
    <p class='ocr_par' dir='ltr' id='par_1_53' title="bbox 432 3556 2004 3631">
     <span class='ocr_line' id='line_1_53' title="bbox 432 3556 2004 3631; baseline 0.004 -25"><span class='ocrx_word' id='word_1_364' title='bbox 432 3556 689 3625; x_wconf 82' lang='grc' dir='ltr'>κειμήλια</span> <span class='ocrx_word' id='word_1_365' title='bbox 716 3556 967 3628; x_wconf 77' lang='grc' dir='ltr'>λητσηται</span> <span class='ocrx_word' id='word_1_366' title='bbox 992 3558 1053 3612; x_wconf 86' lang='grc'><strong>¹³.</strong></span> <span class='ocrx_word' id='word_1_367' title='bbox 1088 3557 1287 3629; x_wconf 83' lang='grc' dir='ltr'>Χώραν</span> <span class='ocrx_word' id='word_1_368' title='bbox 1317 3559 1426 3630; x_wconf 85' lang='grc' dir='ltr'><strong>γὰρ</strong></span> <span class='ocrx_word' id='word_1_369' title='bbox 1446 3560 1647 3628; x_wconf 84' lang='grc' dir='ltr'>ταύτην</span> <span class='ocrx_word' id='word_1_370' title='bbox 1671 3560 1877 3631; x_wconf 82' lang='grc' dir='ltr'>ἀγαθὴν</span> <span class='ocrx_word' id='word_1_371' title='bbox 1912 3563 2004 3615; x_wconf 78' lang='grc' dir='ltr'>καὶ</span> 
     </span>
    </p>
   </div>
   <div class='ocr_carea' id='block_1_54' title="bbox 433 3644 2003 3721">
    <p class='ocr_par' dir='ltr' id='par_1_54' title="bbox 433 3644 2003 3721">
     <span class='ocr_line' id='line_1_54' title="bbox 433 3644 2003 3721; baseline 0.004 -25"><span class='ocrx_word' id='word_1_372' title='bbox 433 3645 769 3717; x_wconf 81' lang='grc' dir='ltr'>πολύχρυσον</span> <span class='ocrx_word' id='word_1_373' title='bbox 795 3646 840 3679; x_wconf 69' lang='grc'><strong>⁸⁸</strong></span> <span class='ocrx_word' id='word_1_374' title='bbox 865 3648 1165 3718; x_wconf 76' lang='grc' dir='ltr'>οἰκητόρων</span> <span class='ocrx_word' id='word_1_375' title='bbox 1198 3648 1428 3718; x_wconf 78' lang='grc' dir='ltr'>ἤκουσεν</span> <span class='ocrx_word' id='word_1_376' title='bbox 1459 3644 1618 3704; x_wconf 74' lang='grc' dir='ltr'>εἶναι.</span> <span class='ocrx_word' id='word_1_377' title='bbox 1660 3652 1915 3721; x_wconf 81' lang='grc' dir='ltr'>Ῥωμαῖοι</span> <span class='ocrx_word' id='word_1_378' title='bbox 1946 3651 2003 3703; x_wconf 87' lang='grc' dir='ltr'><strong>δὲ</strong></span> 
     </span>
    </p>
   </div>
   <div class='ocr_carea' id='block_1_55' title="bbox 431 3735 2005 3809">
    <p class='ocr_par' dir='ltr' id='par_1_55' title="bbox 431 3735 2005 3809">
     <span class='ocr_line' id='line_1_55' title="bbox 431 3735 2005 3809; baseline 0.004 -22"><span class='ocrx_word' id='word_1_379' title='bbox 431 3735 640 3798; x_wconf 85' lang='grc' dir='ltr'>τούτοις</span> <span class='ocrx_word' id='word_1_380' title='bbox 680 3737 1030 3802; x_wconf 78' lang='grc' dir='ltr'>ὑπαντιάζειν</span> <span class='ocrx_word' id='word_1_381' title='bbox 1068 3738 1252 3809; x_wconf 84' lang='grc' dir='ltr'>τρόπῳ</span> <span class='ocrx_word' id='word_1_382' title='bbox 1288 3739 1462 3793; x_wconf 79' lang='grc' dir='ltr'>οὐδενὶ</span> <span class='ocrx_word' id='word_1_383' title='bbox 1494 3740 1810 3805; x_wconf 77' lang='grc' dir='ltr'>διενοοῦντο,</span> <span class='ocrx_word' id='word_1_384' title='bbox 1845 3743 1913 3795; x_wconf 71' lang='grc' dir='ltr'>τὰ</span> <span class='ocrx_word' id='word_1_385' title='bbox 1947 3742 2005 3794; x_wconf 79' lang='grc' dir='ltr'>δὲ</span> 
     </span>
    </p>
   </div>
   <div class='ocr_carea' id='block_1_56' title="bbox 429 3826 2004 3901">
    <p class='ocr_par' dir='ltr' id='par_1_56' title="bbox 429 3826 2004 3901">
     <span class='ocr_line' id='line_1_56' title="bbox 429 3826 2004 3901; baseline 0.004 -23"><span class='ocrx_word' id='word_1_386' title='bbox 429 3826 762 3899; x_wconf 83' lang='grc' dir='ltr'>ὀχυρώματα</span> <span class='ocrx_word' id='word_1_387' title='bbox 790 3830 1207 3895; x_wconf 75' lang='grc' dir='ltr'>καταλαϐόντες,</span> <span class='ocrx_word' id='word_1_388' title='bbox 1239 3832 1315 3895; x_wconf 90' lang='grc' dir='ltr'><strong>ώς</strong></span> <span class='ocrx_word' id='word_1_389' title='bbox 1350 3832 1577 3895; x_wconf 71' lang='grc' dir='ltr'>ἕκαστος</span> <span class='ocrx_word' id='word_1_390' title='bbox 1602 3833 1851 3901; x_wconf 76' lang='grc' dir='ltr'>ἠδύνατο,</span> <span class='ocrx_word' id='word_1_391' title='bbox 1879 3832 2004 3885; x_wconf 75' lang='grc' dir='ltr'><strong>ταῦο</strong></span> 
     </span>
    </p>
   </div>
   <div class='ocr_carea' id='block_1_57' title="bbox 431 3918 2003 3988">
    <p class='ocr_par' dir='ltr' id='par_1_57' title="bbox 431 3918 2003 3988">
     <span class='ocr_line' id='line_1_57' title="bbox 431 3918 2003 3988; baseline 0.004 -18"><span class='ocrx_word' id='word_1_392' title='bbox 431 3934 500 3971; x_wconf 83' lang='grc' dir='ltr'><strong>τσ.</strong></span> <span class='ocrx_word' id='word_1_393' title='bbox 523 3918 899 3987; x_wconf 76' lang='grc' dir='ltr'>διαφυλάττειν</span> <span class='ocrx_word' id='word_1_394' title='bbox 924 3922 1019 3974; x_wconf 79' lang='grc' dir='ltr'>καὶ</span> <span class='ocrx_word' id='word_1_395' title='bbox 1042 3923 1195 3976; x_wconf 79' lang='grc' dir='ltr'>αὐτοὶ</span> <span class='ocrx_word' id='word_1_396' title='bbox 1229 3921 1497 3985; x_wconf 75' lang='grc' dir='ltr'>σώζεσθαι</span> <span class='ocrx_word' id='word_1_397' title='bbox 1521 3923 1818 3977; x_wconf 76' lang='grc' dir='ltr'>ἐϐούλοντο.</span> <span class='ocrx_word' id='word_1_398' title='bbox 1841 3925 2003 3988; x_wconf 79' lang='grc' dir='ltr'>Γνοὺς</span> 
     </span>
    </p>
   </div>
   <div class='ocr_carea' id='block_1_58' title="bbox 430 4009 2004 4087">
    <p class='ocr_par' dir='ltr' id='par_1_58' title="bbox 430 4009 2004 4087">
     <span class='ocr_line' id='line_1_58' title="bbox 430 4009 2004 4087; baseline 0.006 -24"><span class='ocrx_word' id='word_1_399' title='bbox 430 4009 488 4063; x_wconf 70' lang='grc' dir='ltr'>δὲ</span> <span class='ocrx_word' id='word_1_400' title='bbox 537 4013 707 4072; x_wconf 79' lang='grc' dir='ltr'>ταῦτα</span> <span class='ocrx_word' id='word_1_401' title='bbox 758 4014 1154 4081; x_wconf 82' lang='grc' dir='ltr'>Ἰουστινιανὸς,</span> <span class='ocrx_word' id='word_1_402' title='bbox 1205 4016 1521 4087; x_wconf 83' lang='grc' dir='ltr'>Βελισάριον</span> <span class='ocrx_word' id='word_1_403' title='bbox 1581 4016 1737 4081; x_wconf 73' lang='grc' dir='ltr'>αὖθις</span> <span class='ocrx_word' id='word_1_404' title='bbox 1784 4019 1849 4070; x_wconf 78' lang='grc' dir='ltr'>ἐκ</span> <span class='ocrx_word' id='word_1_405' title='bbox 1894 4018 2004 4072; x_wconf 83' lang='grc' dir='ltr'><strong>τῶν</strong></span> 
     </span>
    </p>
   </div>
   <div class='ocr_carea' id='block_1_59' title="bbox 2112 1998 3689 2073">
    <p class='ocr_par' dir='ltr' id='par_1_59' title="bbox 2112 1998 3689 2073">
     <span class='ocr_line' id='line_1_59' title="bbox 2112 1998 3689 2073; baseline -0.007 -14"><span class='ocrx_word' id='word_1_406' title='bbox 2112 2007 2263 2060; x_wconf 83' lang='lat' dir='ltr'><strong>ximo</strong></span> <span class='ocrx_word' id='word_1_407' title='bbox 2296 2004 2652 2073; x_wconf 84' lang='lat' dir='ltr'><strong>Bulgarorum</strong></span> <span class='ocrx_word' id='word_1_408' title='bbox 2705 2017 2901 2057; x_wconf 87' lang='lat' dir='ltr'><strong>manus</strong></span> <span class='ocrx_word' id='word_1_409' title='bbox 2934 2001 3220 2055; x_wconf 92' lang='lat' dir='ltr'><strong>innumera</strong></span> <span class='ocrx_word' id='word_1_410' title='bbox 3250 2000 3522 2069; x_wconf 67' lang='lat' dir='ltr'><strong>praeclusit</strong></span> <span class='ocrx_word' id='word_1_411' title='bbox 3553 1998 3689 2051; x_wconf 83' lang='lat' dir='ltr'><strong>iter:</strong></span> 
     </span>
    </p>
   </div>
   <div class='ocr_carea' id='block_1_60' title="bbox 2111 2089 3694 2164">
    <p class='ocr_par' dir='ltr' id='par_1_60' title="bbox 2111 2089 3694 2164">
     <span class='ocr_line' id='line_1_60' title="bbox 2111 2089 3694 2164; baseline -0.007 -15"><span class='ocrx_word' id='word_1_412' title='bbox 2111 2096 2230 2164; x_wconf 88' lang='lat' dir='ltr'><strong>ipse</strong></span> <span class='ocrx_word' id='word_1_413' title='bbox 2278 2094 2637 2148; x_wconf 83' lang='lat' dir='ltr'><strong>nihilominus</strong></span> <span class='ocrx_word' id='word_1_414' title='bbox 2690 2094 2831 2146; x_wconf 89' lang='lat' dir='ltr'><strong>viam</strong></span> <span class='ocrx_word' id='word_1_415' title='bbox 2887 2091 3034 2146; x_wconf 89' lang='lat' dir='ltr'><strong>ferro</strong></span> <span class='ocrx_word' id='word_1_416' title='bbox 3090 2090 3329 2159; x_wconf 87' lang='lat' dir='ltr'><strong>aperuit,</strong></span> <span class='ocrx_word' id='word_1_417' title='bbox 3375 2096 3429 2143; x_wconf 90' lang='lat' dir='ltr'><strong>et</strong></span> <span class='ocrx_word' id='word_1_418' title='bbox 3477 2089 3694 2141; x_wconf 69' lang='lat' dir='ltr'><strong>irruens</strong></span> 
     </span>
    </p>
   </div>
   <div class='ocr_carea' id='block_1_61' title="bbox 2111 2178 3694 2247">
    <p class='ocr_par' dir='ltr' id='par_1_61' title="bbox 2111 2178 3694 2247">
     <span class='ocr_line' id='line_1_61' title="bbox 2111 2178 3694 2247; baseline -0.008 -5"><span class='ocrx_word' id='word_1_419' title='bbox 2111 2186 2167 2242; x_wconf 88' lang='lat' dir='ltr'><strong>in</strong></span> <span class='ocrx_word' id='word_1_420' title='bbox 2199 2186 2463 2242; x_wconf 90' lang='lat' dir='ltr'><strong>adversos</strong></span> <span class='ocrx_word' id='word_1_421' title='bbox 2496 2186 2699 2240; x_wconf 87' lang='lat' dir='ltr'><strong>delevit</strong></span> <span class='ocrx_word' id='word_1_422' title='bbox 2731 2198 2944 2238; x_wconf 91' lang='lat' dir='ltr'><strong>omnes.</strong></span> <span class='ocrx_word' id='word_1_423' title='bbox 2976 2182 3218 2237; x_wconf 81' lang='lat' dir='ltr'><strong>Selectos</strong></span> <span class='ocrx_word' id='word_1_424' title='bbox 3259 2194 3390 2235; x_wconf 90' lang='lat' dir='ltr'><strong>vero</strong></span> <span class='ocrx_word' id='word_1_425' title='bbox 3423 2194 3488 2233; x_wconf 83' lang='lat' dir='ltr'><strong>ex</strong></span> <span class='ocrx_word' id='word_1_426' title='bbox 3518 2178 3694 2247; x_wconf 84' lang='lat' dir='ltr'><strong>capti-</strong></span> 
     </span>
    </p>
   </div>
   <div class='ocr_carea' id='block_1_62' title="bbox 2110 2273 3691 2347">
    <p class='ocr_par' dir='ltr' id='par_1_62' title="bbox 2110 2273 3691 2347">
     <span class='ocr_line' id='line_1_62' title="bbox 2110 2273 3691 2347; baseline -0.007 -13"><span class='ocrx_word' id='word_1_427' title='bbox 2110 2280 2197 2335; x_wconf 86' lang='lat' dir='ltr'><strong>vis</strong></span> <span class='ocrx_word' id='word_1_428' title='bbox 2248 2280 2418 2333; x_wconf 82' lang='lat' dir='ltr'><strong>duces</strong></span> <span class='ocrx_word' id='word_1_429' title='bbox 2457 2294 2581 2332; x_wconf 91' lang='lat' dir='ltr'><strong>cum</strong></span> <span class='ocrx_word' id='word_1_430' title='bbox 2618 2278 2741 2331; x_wconf 86' lang='lat' dir='ltr'><strong>aliis</strong></span> <span class='ocrx_word' id='word_1_431' title='bbox 2792 2277 3039 2347; x_wconf 87' lang='lat' dir='ltr'><strong>pluribus</strong></span> <span class='ocrx_word' id='word_1_432' title='bbox 3070 2274 3281 2344; x_wconf 90' lang='lat' dir='ltr'><strong>Cpolim</strong></span> <span class='ocrx_word' id='word_1_433' title='bbox 3335 2273 3511 2339; x_wconf 87' lang='lat' dir='ltr'><strong>misit,</strong></span> <span class='ocrx_word' id='word_1_434' title='bbox 3549 2285 3691 2341; x_wconf 91' lang='lat' dir='ltr'><strong>quos</strong></span> 
     </span>
    </p>
   </div>
   <div class='ocr_carea' id='block_1_63' title="bbox 2110 2365 3690 2440">
    <p class='ocr_par' dir='ltr' id='par_1_63' title="bbox 2110 2365 3690 2440">
     <span class='ocr_line' id='line_1_63' title="bbox 2110 2365 3690 2440; baseline -0.007 -14"><span class='ocrx_word' id='word_1_435' title='bbox 2110 2372 2347 2440; x_wconf 87' lang='lat' dir='ltr'><strong>publicis</strong></span> <span class='ocrx_word' id='word_1_436' title='bbox 2388 2370 2613 2425; x_wconf 72' lang='lat' dir='ltr'><strong>affectos</strong></span> <span class='ocrx_word' id='word_1_437' title='bbox 2648 2368 2901 2424; x_wconf 88' lang='lat' dir='ltr'><strong>ludibriis</strong></span> <span class='ocrx_word' id='word_1_438' title='bbox 2938 2383 3034 2437; x_wconf 87' lang='lat' dir='ltr'><strong>per</strong></span> <span class='ocrx_word' id='word_1_439' title='bbox 3064 2369 3272 2422; x_wconf 84' lang='lat' dir='ltr'><strong>circum</strong></span> <span class='ocrx_word' id='word_1_440' title='bbox 3306 2365 3690 2419; x_wconf 86' lang='lat' dir='ltr'><strong>traduxerunt.</strong></span> 
     </span>
    </p>
   </div>
   <div class='ocr_carea' id='block_1_64' title="bbox 2111 2454 3692 2531">
    <p class='ocr_par' dir='ltr' id='par_1_64' title="bbox 2111 2454 3692 2531">
     <span class='ocr_line' id='line_1_64' title="bbox 2111 2454 3692 2531; baseline -0.006 -14"><span class='ocrx_word' id='word_1_441' title='bbox 2111 2461 2320 2517; x_wconf 80' lang='lat' dir='ltr'><strong>Exinde</strong></span> <span class='ocrx_word' id='word_1_442' title='bbox 2354 2462 2623 2531; x_wconf 83' lang='lat' dir='ltr'><strong>profunda</strong></span> <span class='ocrx_word' id='word_1_443' title='bbox 2677 2476 2779 2531; x_wconf 87' lang='lat' dir='ltr'><strong>pax</strong></span> <span class='ocrx_word' id='word_1_444' title='bbox 2820 2475 2917 2530; x_wconf 91' lang='lat' dir='ltr'><strong>per</strong></span> <span class='ocrx_word' id='word_1_445' title='bbox 2963 2459 3249 2513; x_wconf 85' lang='lat' dir='ltr'><strong>Thraciam</strong></span> <span class='ocrx_word' id='word_1_446' title='bbox 3299 2454 3692 2525; x_wconf 40' lang='lat' dir='ltr'><strong>actahllunnis</strong></span> 
     </span>
    </p>
   </div>
   <div class='ocr_carea' id='block_1_65' title="bbox 2110 2549 3692 2624">
    <p class='ocr_par' dir='ltr' id='par_1_65' title="bbox 2110 2549 3692 2624">
     <span class='ocr_line' id='line_1_65' title="bbox 2110 2549 3692 2624; baseline -0.004 -14"><span class='ocrx_word' id='word_1_447' title='bbox 2110 2556 2420 2611; x_wconf 89' lang='lat' dir='ltr'><strong>Danubium</strong></span> <span class='ocrx_word' id='word_1_448' title='bbox 2474 2556 2730 2624; x_wconf 79' lang='lat' dir='ltr'><strong>trajicere</strong></span> <span class='ocrx_word' id='word_1_449' title='bbox 2762 2569 3031 2622; x_wconf 89' lang='lat' dir='ltr'><strong>nusquam</strong></span> <span class='ocrx_word' id='word_1_450' title='bbox 3054 2552 3286 2623; x_wconf 87' lang='lat' dir='ltr'><strong>amplius</strong></span> <span class='ocrx_word' id='word_1_451' title='bbox 3312 2553 3482 2605; x_wconf 91' lang='lat' dir='ltr'><strong>ausis.</strong></span> <span class='ocrx_word' id='word_1_452' title='bbox 3516 2549 3692 2603; x_wconf 90' lang='lat' dir='ltr'><strong>Porro</strong></span> 
     </span>
    </p>
   </div>
   <div class='ocr_carea' id='block_1_66' title="bbox 2109 2640 3693 2719">
    <p class='ocr_par' dir='ltr' id='par_1_66' title="bbox 2109 2640 3693 2719">
     <span class='ocr_line' id='line_1_66' title="bbox 2109 2640 3693 2719; baseline -0.006 -16"><span class='ocrx_word' id='word_1_453' title='bbox 2109 2649 2467 2719; x_wconf 84' lang='lat' dir='ltr'><strong>Bulgarorum</strong></span> <span class='ocrx_word' id='word_1_454' title='bbox 2492 2648 2737 2716; x_wconf 85' lang='lat' dir='ltr'><strong>captivos</strong></span> <span class='ocrx_word' id='word_1_455' title='bbox 2769 2647 2824 2699; x_wconf 91' lang='lat' dir='ltr'><strong>in</strong></span> <span class='ocrx_word' id='word_1_456' title='bbox 2852 2643 3164 2699; x_wconf 83' lang='lat' dir='ltr'><strong>Armeniam</strong></span> <span class='ocrx_word' id='word_1_457' title='bbox 3204 2651 3259 2697; x_wconf 90' lang='lat' dir='ltr'><strong>et</strong></span> <span class='ocrx_word' id='word_1_458' title='bbox 3284 2642 3514 2698; x_wconf 81' lang='lat' dir='ltr'><strong>Lazicen</strong></span> <span class='ocrx_word' id='word_1_459' title='bbox 3542 2640 3693 2696; x_wconf 86' lang='lat' dir='ltr'><strong>misit</strong></span> 
     </span>
    </p>
   </div>
   <div class='ocr_carea' id='block_1_67' title="bbox 2110 2731 3444 2810">
    <p class='ocr_par' dir='ltr' id='par_1_67' title="bbox 2110 2731 3444 2810">
     <span class='ocr_line' id='line_1_67' title="bbox 2110 2731 3444 2810; baseline -0.007 -16"><span class='ocrx_word' id='word_1_460' title='bbox 2110 2741 2429 2810; x_wconf 85' lang='lat' dir='ltr'><strong>imperator,</strong></span> <span class='ocrx_word' id='word_1_461' title='bbox 2464 2748 2519 2793; x_wconf 91' lang='lat' dir='ltr'><strong>et</strong></span> <span class='ocrx_word' id='word_1_462' title='bbox 2550 2738 2604 2791; x_wconf 91' lang='lat' dir='ltr'><strong>in</strong></span> <span class='ocrx_word' id='word_1_463' title='bbox 2642 2738 2905 2791; x_wconf 84' lang='lat' dir='ltr'><strong>militares</strong></span> <span class='ocrx_word' id='word_1_464' title='bbox 2937 2747 3198 2789; x_wconf 86' lang='lat' dir='ltr'><strong>numeros</strong></span> <span class='ocrx_word' id='word_1_465' title='bbox 3236 2731 3444 2787; x_wconf 89' lang='lat' dir='ltr'><strong>retulit.</strong></span> 
     </span>
    </p>
   </div>
   <div class='ocr_carea' id='block_1_68' title="bbox 2178 2904 3688 2980">
    <p class='ocr_par' dir='ltr' id='par_1_68' title="bbox 2178 2904 3688 2980">
     <span class='ocr_line' id='line_1_68' title="bbox 2178 2904 3688 2980; baseline -0.007 -9"><span class='ocrx_word' id='word_1_466' title='bbox 2178 2917 2245 2971; x_wconf 83' lang='grc' dir='ltr'>Δ.</span> <span class='ocrx_word' id='word_1_467' title='bbox 2290 2916 2352 2972; x_wconf 88' lang='lat' dir='ltr'><strong>C.</strong></span> <span class='ocrx_word' id='word_1_468' title='bbox 2390 2916 2514 2971; x_wconf 78' lang='grc'><strong>555.</strong></span> <span class='ocrx_word' id='word_1_469' title='bbox 2542 2911 2978 2971; x_wconf 68' lang='grc' dir='ltr'>-Λιεπαιιάνὶω</span> <span class='ocrx_word' id='word_1_470' title='bbox 3014 2907 3250 2980; x_wconf 73' lang='lat' dir='ltr'><strong>episcopi</strong></span> <span class='ocrx_word' id='word_1_471' title='bbox 3299 2904 3463 2962; x_wconf 81' lang='lat' dir='ltr'><strong>Pauli</strong></span> <span class='ocrx_word' id='word_1_472' title='bbox 3518 2922 3688 2961; x_wconf 75' lang='lat' dir='ltr'><strong>annus</strong></span> 
     </span>
    </p>
   </div>
   <div class='ocr_carea' id='block_1_69' title="bbox 2107 3026 2331 3080">
    <p class='ocr_par' dir='ltr' id='par_1_69' title="bbox 2107 3026 2331 3080">
     <span class='ocr_line' id='line_1_69' title="bbox 2107 3026 2331 3080; baseline -0.013 -16"><span class='ocrx_word' id='word_1_473' title='bbox 2107 3026 2331 3080; x_wconf 82' lang='lat' dir='ltr'><strong>prunus.</strong></span> 
     </span>
    </p>
   </div>
   <div class='ocr_carea' id='block_1_70' title="bbox 2178 3090 3689 3167">
    <p class='ocr_par' dir='ltr' id='par_1_70' title="bbox 2178 3090 3689 3167">
     <span class='ocr_line' id='line_1_70' title="bbox 2178 3090 3689 3167; baseline -0.005 -11"><span class='ocrx_word' id='word_1_474' title='bbox 2178 3103 2291 3156; x_wconf 84' lang='lat' dir='ltr'><strong>Hoc</strong></span> <span class='ocrx_word' id='word_1_475' title='bbox 2332 3116 2498 3164; x_wconf 92' lang='lat' dir='ltr'><strong>anno,</strong></span> <span class='ocrx_word' id='word_1_476' title='bbox 2524 3100 2618 3167; x_wconf 91' lang='lat' dir='ltr'><strong>qui</strong></span> <span class='ocrx_word' id='word_1_477' title='bbox 2657 3097 2956 3153; x_wconf 73' lang='lat' dir='ltr'><strong>Iustiniani</strong></span> <span class='ocrx_word' id='word_1_478' title='bbox 2993 3094 3240 3151; x_wconf 83' lang='lat' dir='ltr'><strong>decimus</strong></span> <span class='ocrx_word' id='word_1_479' title='bbox 3271 3102 3522 3163; x_wconf 72' lang='lat' dir='ltr'><strong>quartus,</strong></span> <span class='ocrx_word' id='word_1_480' title='bbox 3556 3090 3689 3148; x_wconf 88' lang='lat' dir='ltr'><strong>Per-</strong></span> 
     </span>
    </p>
   </div>
   <div class='ocr_carea' id='block_1_71' title="bbox 2030 3183 3685 3290">
    <p class='ocr_par' dir='ltr' id='par_1_71' title="bbox 2030 3183 3685 3290">
     <span class='ocr_line' id='line_1_71' title="bbox 2030 3183 3685 3290; baseline -0.007 -40"><span class='ocrx_word' id='word_1_481' title='bbox 2030 3229 2075 3290; x_wconf 79' lang='lat' dir='ltr'>C</span> <span class='ocrx_word' id='word_1_482' title='bbox 2107 3209 2292 3251; x_wconf 90' lang='lat' dir='ltr'><strong>sarum</strong></span> <span class='ocrx_word' id='word_1_483' title='bbox 2343 3208 2435 3246; x_wconf 85' lang='lat' dir='ltr'><strong>rex</strong></span> <span class='ocrx_word' id='word_1_484' title='bbox 2482 3191 2754 3246; x_wconf 82' lang='lat' dir='ltr'><strong>Cliosrocs</strong></span> <span class='ocrx_word' id='word_1_485' title='bbox 2795 3198 3046 3259; x_wconf 87' lang='lat' dir='ltr'><strong>quartam</strong></span> <span class='ocrx_word' id='word_1_486' title='bbox 3074 3185 3436 3257; x_wconf 90' lang='lat' dir='ltr'><strong>irruptionem</strong></span> <span class='ocrx_word' id='word_1_487' title='bbox 3482 3186 3536 3239; x_wconf 91' lang='lat' dir='ltr'><strong>in</strong></span> <span class='ocrx_word' id='word_1_488' title='bbox 3571 3183 3685 3239; x_wconf 82' lang='lat' dir='ltr'><strong>Ro-</strong></span> 
     </span>
    </p>
   </div>
   <div class='ocr_carea' id='block_1_72' title="bbox 2111 3277 3686 3349">
    <p class='ocr_par' dir='ltr' id='par_1_72' title="bbox 2111 3277 3686 3349">
     <span class='ocr_line' id='line_1_72' title="bbox 2111 3277 3686 3349; baseline -0.005 -8"><span class='ocrx_word' id='word_1_489' title='bbox 2111 3299 2399 3341; x_wconf 89' lang='lat' dir='ltr'><strong>manorum</strong></span> <span class='ocrx_word' id='word_1_490' title='bbox 2454 3282 2717 3336; x_wconf 87' lang='lat' dir='ltr'><strong>ditionem</strong></span> <span class='ocrx_word' id='word_1_491' title='bbox 2771 3282 2939 3336; x_wconf 88' lang='lat' dir='ltr'><strong>fecit:</strong></span> <span class='ocrx_word' id='word_1_492' title='bbox 2973 3280 3197 3349; x_wconf 87' lang='lat' dir='ltr'><strong>jamque</strong></span> <span class='ocrx_word' id='word_1_493' title='bbox 3236 3279 3291 3333; x_wconf 90' lang='lat' dir='ltr'><strong>in</strong></span> <span class='ocrx_word' id='word_1_494' title='bbox 3348 3277 3686 3349; x_wconf 87' lang='lat' dir='ltr'><strong>Comagena-</strong></span> 
     </span>
    </p>
   </div>
   <div class='ocr_carea' id='block_1_73' title="bbox 2112 3369 3703 3447">
    <p class='ocr_par' dir='ltr' id='par_1_73' title="bbox 2112 3369 3703 3447">
     <span class='ocr_line' id='line_1_73' title="bbox 2112 3369 3703 3447; baseline -0.004 -15"><span class='ocrx_word' id='word_1_495' title='bbox 2112 3393 2231 3432; x_wconf 92' lang='lat' dir='ltr'><strong>rum</strong></span> <span class='ocrx_word' id='word_1_496' title='bbox 2295 3374 2632 3447; x_wconf 88' lang='lat' dir='ltr'><strong>provinciam</strong></span> <span class='ocrx_word' id='word_1_497' title='bbox 2700 3374 2859 3444; x_wconf 76' lang='lat'><strong>186</strong></span> <span class='ocrx_word' id='word_1_498' title='bbox 2920 3373 3135 3428; x_wconf 91' lang='lat' dir='ltr'><strong>delatus</strong></span> <span class='ocrx_word' id='word_1_499' title='bbox 3197 3369 3565 3437; x_wconf 59' lang='lat' dir='ltr'><strong>Palaestinam,</strong></span> <span class='ocrx_word' id='word_1_500' title='bbox 3630 3380 3703 3439; x_wconf 88' lang='lat' dir='ltr'><strong>et</strong></span> 
     </span>
    </p>
   </div>
   <div class='ocr_carea' id='block_1_74' title="bbox 2110 3460 3681 3535">
    <p class='ocr_par' dir='ltr' id='par_1_74' title="bbox 2110 3460 3681 3535">
     <span class='ocr_line' id='line_1_74' title="bbox 2110 3460 3681 3535; baseline -0.002 -15"><span class='ocrx_word' id='word_1_501' title='bbox 2110 3467 2287 3535; x_wconf 89' lang='lat' dir='ltr'><strong>ipsam</strong></span> <span class='ocrx_word' id='word_1_502' title='bbox 2331 3464 2785 3534; x_wconf 86' lang='lat' dir='ltr'><strong>Hierosolymam,</strong></span> <span class='ocrx_word' id='word_1_503' title='bbox 2838 3464 2978 3517; x_wconf 89' lang='lat' dir='ltr'><strong>dona</strong></span> <span class='ocrx_word' id='word_1_504' title='bbox 3026 3462 3080 3515; x_wconf 93' lang='lat' dir='ltr'><strong>in</strong></span> <span class='ocrx_word' id='word_1_505' title='bbox 3130 3462 3247 3532; x_wconf 85' lang='lat' dir='ltr'><strong>ipsa</strong></span> <span class='ocrx_word' id='word_1_506' title='bbox 3301 3462 3534 3531; x_wconf 86' lang='lat' dir='ltr'><strong>reposita</strong></span> <span class='ocrx_word' id='word_1_507' title='bbox 3584 3460 3681 3517; x_wconf 85' lang='lat' dir='ltr'><strong>de-</strong></span> 
     </span>
    </p>
   </div>
   <div class='ocr_carea' id='block_1_75' title="bbox 2110 3554 3678 3629">
    <p class='ocr_par' dir='ltr' id='par_1_75' title="bbox 2110 3554 3678 3629">
     <span class='ocr_line' id='line_1_75' title="bbox 2110 3554 3678 3629; baseline -0.002 -17"><span class='ocrx_word' id='word_1_508' title='bbox 2110 3558 2475 3629; x_wconf 77' lang='lat' dir='ltr'><strong>przedaturus,</strong></span> <span class='ocrx_word' id='word_1_509' title='bbox 2533 3556 2752 3626; x_wconf 79' lang='lat' dir='ltr'><strong>aggredi</strong></span> <span class='ocrx_word' id='word_1_510' title='bbox 2826 3556 3211 3611; x_wconf 89' lang='lat' dir='ltr'><strong>meditabatur.</strong></span> <span class='ocrx_word' id='word_1_511' title='bbox 3274 3554 3408 3609; x_wconf 86' lang='lat' dir='ltr'><strong>Eam</strong></span> <span class='ocrx_word' id='word_1_512' title='bbox 3474 3555 3678 3626; x_wconf 81' lang='lat' dir='ltr'><strong>quippe</strong></span> 
     </span>
    </p>
   </div>
   <div class='ocr_carea' id='block_1_76' title="bbox 2109 3647 3678 3722">
    <p class='ocr_par' dir='ltr' id='par_1_76' title="bbox 2109 3647 3678 3722">
     <span class='ocr_line' id='line_1_76' title="bbox 2109 3647 3678 3722; baseline -0.003 -16"><span class='ocrx_word' id='word_1_513' title='bbox 2109 3652 2385 3722; x_wconf 83' lang='lat' dir='ltr'><strong>regionem</strong></span> <span class='ocrx_word' id='word_1_514' title='bbox 2423 3649 2839 3713; x_wconf 87' lang='lat' dir='ltr'><strong>fertilissimam,</strong></span> <span class='ocrx_word' id='word_1_515' title='bbox 2872 3659 2924 3703; x_wconf 93' lang='lat' dir='ltr'><strong>et</strong></span> <span class='ocrx_word' id='word_1_516' title='bbox 2958 3647 3077 3716; x_wconf 86' lang='lat' dir='ltr'><strong>ejus</strong></span> <span class='ocrx_word' id='word_1_517' title='bbox 3105 3647 3315 3703; x_wconf 89' lang='lat' dir='ltr'><strong>incolas</strong></span> <span class='ocrx_word' id='word_1_518' title='bbox 3348 3663 3482 3701; x_wconf 86' lang='lat' dir='ltr'><strong>auro</strong></span> <span class='ocrx_word' id='word_1_519' title='bbox 3512 3663 3678 3716; x_wconf 58' lang='lat' dir='ltr'><strong>pecu.</strong></span> 
     </span>
    </p>
   </div>
   <div class='ocr_carea' id='block_1_77' title="bbox 2111 3739 3676 3812">
    <p class='ocr_par' dir='ltr' id='par_1_77' title="bbox 2111 3739 3676 3812">
     <span class='ocr_line' id='line_1_77' title="bbox 2111 3739 3676 3812; baseline -0.003 -14"><span class='ocrx_word' id='word_1_520' title='bbox 2111 3745 2326 3812; x_wconf 89' lang='lat' dir='ltr'><strong>niisque</strong></span> <span class='ocrx_word' id='word_1_521' title='bbox 2370 3741 2555 3795; x_wconf 76' lang='lat' dir='ltr'><strong>felices</strong></span> <span class='ocrx_word' id='word_1_522' title='bbox 2581 3740 2852 3795; x_wconf 82' lang='lat' dir='ltr'><strong>audierat.</strong></span> <span class='ocrx_word' id='word_1_523' title='bbox 2902 3739 3132 3794; x_wconf 82' lang='lat' dir='ltr'><strong>Romani</strong></span> <span class='ocrx_word' id='word_1_524' title='bbox 3161 3755 3293 3794; x_wconf 87' lang='lat' dir='ltr'><strong>vero</strong></span> <span class='ocrx_word' id='word_1_525' title='bbox 3344 3740 3676 3810; x_wconf 88' lang='lat' dir='ltr'><strong>impendenli</strong></span> 
     </span>
    </p>
   </div>
   <div class='ocr_carea' id='block_1_78' title="bbox 2109 3827 3678 3900">
    <p class='ocr_par' dir='ltr' id='par_1_78' title="bbox 2109 3827 3678 3900">
     <span class='ocr_line' id='line_1_78' title="bbox 2109 3827 3678 3900; baseline -0.003 -12"><span class='ocrx_word' id='word_1_526' title='bbox 2109 3835 2282 3888; x_wconf 73' lang='lat' dir='ltr'><strong>ruinae</strong></span> <span class='ocrx_word' id='word_1_527' title='bbox 2332 3835 2386 3887; x_wconf 91' lang='lat' dir='ltr'><strong>in</strong></span> <span class='ocrx_word' id='word_1_528' title='bbox 2438 3832 2726 3885; x_wconf 85' lang='lat' dir='ltr'><strong>adversum</strong></span> <span class='ocrx_word' id='word_1_529' title='bbox 2773 3831 2852 3885; x_wconf 91' lang='lat' dir='ltr'><strong>ire</strong></span> <span class='ocrx_word' id='word_1_530' title='bbox 2887 3831 3257 3900; x_wconf 88' lang='lat' dir='ltr'><strong>negligebant.</strong></span> <span class='ocrx_word' id='word_1_531' title='bbox 3300 3827 3509 3884; x_wconf 84' lang='lat' dir='ltr'><strong>Etenim</strong></span> <span class='ocrx_word' id='word_1_532' title='bbox 3554 3845 3678 3883; x_wconf 83' lang='lat' dir='ltr'><strong>mu-</strong></span> 
     </span>
    </p>
   </div>
   <div class='ocr_carea' id='block_1_79' title="bbox 2109 3920 3677 3996">
    <p class='ocr_par' dir='ltr' id='par_1_79' title="bbox 2109 3920 3677 3996">
     <span class='ocr_line' id='line_1_79' title="bbox 2109 3920 3677 3996; baseline -0.004 -15"><span class='ocrx_word' id='word_1_533' title='bbox 2109 3929 2222 3982; x_wconf 89' lang='lat' dir='ltr'><strong>nita</strong></span> <span class='ocrx_word' id='word_1_534' title='bbox 2246 3940 2477 3996; x_wconf 63' lang='lat' dir='ltr'><strong>quaeque</strong></span> <span class='ocrx_word' id='word_1_535' title='bbox 2502 3924 2622 3978; x_wconf 89' lang='lat' dir='ltr'><strong>loca</strong></span> <span class='ocrx_word' id='word_1_536' title='bbox 2647 3930 2999 3993; x_wconf 87' lang='lat' dir='ltr'><strong>occupantes,</strong></span> <span class='ocrx_word' id='word_1_537' title='bbox 3024 3937 3087 3977; x_wconf 90' lang='lat' dir='ltr'><strong>ea</strong></span> <span class='ocrx_word' id='word_1_538' title='bbox 3114 3936 3214 3991; x_wconf 93' lang='lat' dir='ltr'><strong>pro</strong></span> <span class='ocrx_word' id='word_1_539' title='bbox 3238 3922 3448 3978; x_wconf 87' lang='lat' dir='ltr'><strong>viribus</strong></span> <span class='ocrx_word' id='word_1_540' title='bbox 3478 3920 3677 3990; x_wconf 81' lang='lat' dir='ltr'><strong>singuli</strong></span> 
     </span>
    </p>
   </div>
   <div class='ocr_carea' id='block_1_80' title="bbox 2111 3998 3689 4096">
    <p class='ocr_par' dir='ltr' id='par_1_80' title="bbox 2111 3998 3689 4096">
     <span class='ocr_line' id='line_1_80' title="bbox 2111 3998 3689 4096; baseline -0.003 -21"><span class='ocrx_word' id='word_1_541' title='bbox 2111 4020 2423 4085; x_wconf 87' lang='lat' dir='ltr'><strong>defendere,</strong></span> <span class='ocrx_word' id='word_1_542' title='bbox 2472 4026 2528 4075; x_wconf 89' lang='lat' dir='ltr'><strong>et</strong></span> <span class='ocrx_word' id='word_1_543' title='bbox 2574 4021 2629 4074; x_wconf 88' lang='lat' dir='ltr'><strong>in</strong></span> <span class='ocrx_word' id='word_1_544' title='bbox 2664 4019 2748 4073; x_wconf 88' lang='lat' dir='ltr'><strong>eis</strong></span> <span class='ocrx_word' id='word_1_545' title='bbox 2784 4031 3027 4096; x_wconf 65' lang='lat' dir='ltr'><strong>quaerere</strong></span> <span class='ocrx_word' id='word_1_546' title='bbox 3075 4016 3332 4074; x_wconf 83' lang='lat' dir='ltr'><strong>salutem.</strong></span> <span class='ocrx_word' id='word_1_547' title='bbox 3367 4015 3446 4071; x_wconf 86' lang='lat' dir='ltr'><strong>Eo</strong></span> <span class='ocrx_word' id='word_1_548' title='bbox 3487 3998 3689 4070; x_wconf 69' lang='lat' dir='ltr'><strong>nuntio</strong></span> 
     </span>
    </p>
   </div>
   <div class='ocr_carea' id='block_1_81' title="bbox 1691 4177 2361 4236">
    <p class='ocr_par' dir='ltr' id='par_1_81' title="bbox 1691 4177 2361 4236">
     <span class='ocr_line' id='line_1_81' title="bbox 1691 4177 2361 4236; baseline 0.001 -2"><span class='ocrx_word' id='word_1_549' title='bbox 1691 4177 1929 4235; x_wconf 70' lang='lat' dir='ltr'><strong>VARUE</strong></span> <span class='ocrx_word' id='word_1_550' title='bbox 1952 4179 2361 4236; x_wconf 73' lang='lat' dir='ltr'><strong>LECTIONES.</strong></span> 
     </span>
    </p>
   </div>
   <div class='ocr_carea' id='block_1_82' title="bbox 503 4292 3682 4369">
    <p class='ocr_par' dir='ltr' id='par_1_82' title="bbox 503 4292 3682 4369">
     <span class='ocr_line' id='line_1_82' title="bbox 503 4292 3682 4369; baseline -0.001 -21"><span class='ocrx_word' id='word_1_551' title='bbox 503 4292 527 4369; x_wconf 64' lang='grc' dir='ltr'><strong>ξ</strong></span> <span class='ocrx_word' id='word_1_552' title='bbox 556 4293 679 4350; x_wconf 89' lang='lat' dir='ltr'><strong>fort.</strong></span> <span class='ocrx_word' id='word_1_553' title='bbox 701 4295 957 4369; x_wconf 67' lang='grc' dir='ltr'>Γηπιδῷν</span> <span class='ocrx_word' id='word_1_554' title='bbox 991 4297 1376 4369; x_wconf 41' lang='lat' dir='ltr'><strong>sinuatam.</strong></span> <span class='ocrx_word' id='word_1_555' title='bbox 1452 4299 1474 4331; x_wconf 84' lang='lat'><strong>’</strong></span> <span class='ocrx_word' id='word_1_556' title='bbox 1512 4297 1737 4369; x_wconf 84' lang='grc' dir='ltr'>Ῥῆγαν.</span> <span class='ocrx_word' id='word_1_557' title='bbox 1773 4299 1936 4369; x_wconf 81' lang='lat' dir='ltr'><strong>vulgo</strong></span> <span class='ocrx_word' id='word_1_558' title='bbox 1969 4300 2163 4369; x_wconf 83' lang='grc' dir='ltr'>ρῆγαν,</span> <span class='ocrx_word' id='word_1_559' title='bbox 2202 4300 2292 4353; x_wconf 87' lang='lat' dir='ltr'><strong>sed</strong></span> <span class='ocrx_word' id='word_1_560' title='bbox 2330 4298 2469 4354; x_wconf 85' lang='lat' dir='ltr'><strong>haud</strong></span> <span class='ocrx_word' id='word_1_561' title='bbox 2499 4297 2663 4353; x_wconf 91' lang='lat' dir='ltr'><strong>dubie</strong></span> <span class='ocrx_word' id='word_1_562' title='bbox 2682 4310 2888 4369; x_wconf 82' lang='lat' dir='ltr'><strong>nomen</strong></span> <span class='ocrx_word' id='word_1_563' title='bbox 2917 4295 3205 4369; x_wconf 83' lang='lat' dir='ltr'><strong>proprium</strong></span> <span class='ocrx_word' id='word_1_564' title='bbox 3243 4300 3346 4350; x_wconf 88' lang='lat' dir='ltr'><strong>est.</strong></span> <span class='ocrx_word' id='word_1_565' title='bbox 3425 4292 3468 4325; x_wconf 85' lang='grc'><strong>¹⁶</strong></span> <span class='ocrx_word' id='word_1_566' title='bbox 3491 4295 3557 4346; x_wconf 80' lang='grc' dir='ltr'>ὲκ</span> <span class='ocrx_word' id='word_1_567' title='bbox 3587 4292 3682 4346; x_wconf 80' lang='grc' dir='ltr'>τοῦ</span> 
     </span>
    </p>
   </div>
   <div class='ocr_carea' id='block_1_83' title="bbox 431 4362 3222 4445">
    <p class='ocr_par' dir='ltr' id='par_1_83' title="bbox 431 4362 3222 4445">
     <span class='ocr_line' id='line_1_83' title="bbox 431 4362 3222 4445; baseline 0.001 -26"><span class='ocrx_word' id='word_1_568' title='bbox 431 4362 728 4436; x_wconf 83' lang='grc' dir='ltr'>Ἰλλυρικοῦ</span> <span class='ocrx_word' id='word_1_569' title='bbox 755 4362 806 4420; x_wconf 83' lang='lat' dir='ltr'><strong>a.</strong></span> <span class='ocrx_word' id='word_1_570' title='bbox 887 4366 927 4397; x_wconf 83' lang='lat'>“</span> <span class='ocrx_word' id='word_1_571' title='bbox 952 4362 1161 4420; x_wconf 79' lang='grc' dir='ltr'>πολλῶν</span> <span class='ocrx_word' id='word_1_572' title='bbox 1189 4369 1315 4422; x_wconf 87' lang='lat' dir='ltr'><strong>add.</strong></span> <span class='ocrx_word' id='word_1_573' title='bbox 1348 4383 1413 4423; x_wconf 74' lang='lat' dir='ltr'><strong>ex</strong></span> <span class='ocrx_word' id='word_1_574' title='bbox 1453 4382 1503 4422; x_wconf 88' lang='lat' dir='ltr'><strong>a.</strong></span> <span class='ocrx_word' id='word_1_575' title='bbox 1582 4362 1624 4399; x_wconf 61' lang='grc'><strong>⁸⁵</strong></span> <span class='ocrx_word' id='word_1_576' title='bbox 1658 4362 2063 4439; x_wconf 55' lang='grc' dir='ltr'>ΝουμέρῖδιςέΪ</span> <span class='ocrx_word' id='word_1_577' title='bbox 2118 4370 2159 4400; x_wconf 77' lang='grc'><strong>⁸³</strong></span> <span class='ocrx_word' id='word_1_578' title='bbox 2196 4370 2440 4445; x_wconf 80' lang='grc' dir='ltr'>ληΐζεται</span> <span class='ocrx_word' id='word_1_579' title='bbox 2466 4385 2514 4424; x_wconf 91' lang='lat' dir='ltr'><strong>e.</strong></span> <span class='ocrx_word' id='word_1_580' title='bbox 2598 4369 2641 4399; x_wconf 76' lang='grc'><strong>¹⁸</strong></span> <span class='ocrx_word' id='word_1_581' title='bbox 2671 4366 2799 4423; x_wconf 82' lang='lat' dir='ltr'><strong>fort.</strong></span> <span class='ocrx_word' id='word_1_582' title='bbox 2845 4362 3222 4436; x_wconf 85' lang='grc' dir='ltr'>πολυχρύσων.</span> 
     </span>
    </p>
   </div>
   <div class='ocr_carea' id='block_1_84' title="bbox 1680 4482 2330 4540">
    <p class='ocr_par' dir='ltr' id='par_1_84' title="bbox 1680 4482 2330 4540">
     <span class='ocr_line' id='line_1_84' title="bbox 1680 4482 2330 4540; baseline 0.002 -3"><span class='ocrx_word' id='word_1_583' title='bbox 1680 4482 1822 4538; x_wconf 84' lang='lat' dir='ltr'><strong>JAC.</strong></span> <span class='ocrx_word' id='word_1_584' title='bbox 1857 4482 2069 4540; x_wconf 80' lang='lat' dir='ltr'><strong>GOARI</strong></span> <span class='ocrx_word' id='word_1_585' title='bbox 2096 4484 2235 4538; x_wconf 82' lang='lat' dir='ltr'><strong>NOT</strong></span> <span class='ocrx_word' id='word_1_586' title='bbox 2250 4484 2330 4538; x_wconf 67' lang='grc' dir='ltr'><strong>ΑΒ.</strong></span> 
     </span>
    </p>
   </div>
   <div class='ocr_carea' id='block_1_85' title="bbox 480 4592 3679 4665">
    <p class='ocr_par' dir='ltr' id='par_1_85' title="bbox 480 4592 3679 4665">
     <span class='ocr_line' id='line_1_85' title="bbox 480 4592 3679 4665; baseline 0 -16"><span class='ocrx_word' id='word_1_587' title='bbox 480 4593 615 4665; x_wconf 65' lang='grc' dir='ltr'><strong>ιαὸ)</strong></span> <span class='ocrx_word' id='word_1_588' title='bbox 644 4592 761 4648; x_wconf 82' lang='grc' dir='ltr'>Νοη</span> <span class='ocrx_word' id='word_1_589' title='bbox 814 4593 918 4649; x_wconf 87' lang='lat' dir='ltr'><strong>hoc</strong></span> <span class='ocrx_word' id='word_1_590' title='bbox 947 4595 1183 4663; x_wconf 89' lang='lat' dir='ltr'><strong>primum</strong></span> <span class='ocrx_word' id='word_1_591' title='bbox 1230 4610 1373 4649; x_wconf 92' lang='lat' dir='ltr'><strong>anno</strong></span> <span class='ocrx_word' id='word_1_592' title='bbox 1416 4610 1537 4650; x_wconf 91' lang='lat' dir='ltr'><strong>sese</strong></span> <span class='ocrx_word' id='word_1_593' title='bbox 1593 4594 1856 4651; x_wconf 81' lang='lat' dir='ltr'><strong>Romanis</strong></span> <span class='ocrx_word' id='word_1_594' title='bbox 1895 4598 1993 4650; x_wconf 83' lang='lat' dir='ltr'><strong>atl-</strong></span> <span class='ocrx_word' id='word_1_595' title='bbox 2028 4602 2074 4659; x_wconf 88' lang='grc' dir='ltr'>ι)</span> <span class='ocrx_word' id='word_1_596' title='bbox 2103 4599 2227 4652; x_wconf 87' lang='lat' dir='ltr'><strong>ullis</strong></span> <span class='ocrx_word' id='word_1_597' title='bbox 2259 4607 2421 4651; x_wconf 67' lang='grc' dir='ltr'><strong>ιρι-ποτε</strong></span> <span class='ocrx_word' id='word_1_598' title='bbox 2477 4596 2785 4650; x_wconf 87' lang='lat' dir='ltr'><strong>cultoribus</strong></span> <span class='ocrx_word' id='word_1_599' title='bbox 2832 4594 3242 4650; x_wconf 86' lang='lat' dir='ltr'><strong>debacchatur:</strong></span> <span class='ocrx_word' id='word_1_600' title='bbox 3279 4601 3335 4649; x_wconf 91' lang='lat' dir='ltr'><strong>et</strong></span> <span class='ocrx_word' id='word_1_601' title='bbox 3398 4593 3679 4663; x_wconf 89' lang='lat' dir='ltr'><strong>plerisque</strong></span> 
     </span>
    </p>
   </div>
   <div class='ocr_carea' id='block_1_86' title="bbox 429 4665 1995 4737">
    <p class='ocr_par' dir='ltr' id='par_1_86' title="bbox 429 4665 1995 4737">
     <span class='ocr_line' id='line_1_86' title="bbox 429 4665 1995 4737; baseline -0.001 -17"><span class='ocrx_word' id='word_1_602' title='bbox 429 4665 632 4737; x_wconf 76' lang='lat' dir='ltr'><strong>iunxit,</strong></span> <span class='ocrx_word' id='word_1_603' title='bbox 663 4678 823 4737; x_wconf 84' lang='lat' dir='ltr'><strong>quem</strong></span> <span class='ocrx_word' id='word_1_604' title='bbox 858 4666 1129 4737; x_wconf 60' lang='lat' dir='ltr'><strong>praclara:</strong></span> <span class='ocrx_word' id='word_1_605' title='bbox 1155 4680 1241 4719; x_wconf 91' lang='lat' dir='ltr'><strong>res</strong></span> <span class='ocrx_word' id='word_1_606' title='bbox 1278 4668 1566 4737; x_wconf 66' lang='lat' dir='ltr'><strong>praeterita:</strong></span> <span class='ocrx_word' id='word_1_607' title='bbox 1584 4667 1710 4737; x_wconf 73' lang='lat' dir='ltr'><strong>jam</strong></span> <span class='ocrx_word' id='word_1_608' title='bbox 1743 4677 1871 4721; x_wconf 89' lang='lat' dir='ltr'><strong>ante</strong></span> <span class='ocrx_word' id='word_1_609' title='bbox 1903 4667 1995 4720; x_wconf 89' lang='lat' dir='ltr'><strong>diu</strong></span> 
     </span>
    </p>
   </div>
   <div class='ocr_carea' id='block_1_87' title="bbox 432 4735 1997 4805">
    <p class='ocr_par' dir='ltr' id='par_1_87' title="bbox 432 4735 1997 4805">
     <span class='ocr_line' id='line_1_87' title="bbox 432 4735 1997 4805; baseline 0.003 -18"><span class='ocrx_word' id='word_1_610' title='bbox 432 4735 536 4790; x_wconf 67' lang='lat' dir='ltr'><strong>sub</strong></span> <span class='ocrx_word' id='word_1_611' title='bbox 559 4735 867 4788; x_wconf 65' lang='lat' dir='ltr'><strong>Iustiniano</strong></span> <span class='ocrx_word' id='word_1_612' title='bbox 895 4735 1163 4789; x_wconf 87' lang='lat' dir='ltr'><strong>meruisse</strong></span> <span class='ocrx_word' id='word_1_613' title='bbox 1203 4736 1521 4789; x_wconf 85' lang='lat' dir='ltr'><strong>ostendunt.</strong></span> <span class='ocrx_word' id='word_1_614' title='bbox 1576 4735 1701 4789; x_wconf 79' lang='lat' dir='ltr'><strong>Sola</strong></span> <span class='ocrx_word' id='word_1_615' title='bbox 1742 4738 1997 4805; x_wconf 78' lang='lat' dir='ltr'><strong>igiturile</strong></span> 
     </span>
    </p>
   </div>
   <div class='ocr_carea' id='block_1_88' title="bbox 432 4805 1992 4874">
    <p class='ocr_par' dir='ltr' id='par_1_88' title="bbox 432 4805 1992 4874">
     <span class='ocr_line' id='line_1_88' title="bbox 432 4805 1992 4874; baseline 0.001 -15"><span class='ocrx_word' id='word_1_616' title='bbox 432 4806 702 4874; x_wconf 87' lang='lat' dir='ltr'><strong>Bulgaris,</strong></span> <span class='ocrx_word' id='word_1_617' title='bbox 764 4819 926 4870; x_wconf 91' lang='lat' dir='ltr'><strong>quam</strong></span> <span class='ocrx_word' id='word_1_618' title='bbox 971 4806 1023 4857; x_wconf 91' lang='lat' dir='ltr'><strong>in</strong></span> <span class='ocrx_word' id='word_1_619' title='bbox 1059 4805 1329 4874; x_wconf 83' lang='lat' dir='ltr'><strong>Illyricum</strong></span> <span class='ocrx_word' id='word_1_620' title='bbox 1379 4806 1725 4874; x_wconf 84' lang='lat' dir='ltr'><strong>profecturus</strong></span> <span class='ocrx_word' id='word_1_621' title='bbox 1786 4808 1992 4870; x_wconf 85' lang='lat' dir='ltr'><strong>retulit.</strong></span> 
     </span>
    </p>
   </div>
   <div class='ocr_carea' id='block_1_89' title="bbox 432 4875 1992 4942">
    <p class='ocr_par' dir='ltr' id='par_1_89' title="bbox 432 4875 1992 4942">
     <span class='ocr_line' id='line_1_89' title="bbox 432 4875 1992 4942; baseline 0.001 -14"><span class='ocrx_word' id='word_1_622' title='bbox 432 4878 498 4929; x_wconf 88' lang='lat' dir='ltr'><strong>ad</strong></span> <span class='ocrx_word' id='word_1_623' title='bbox 524 4889 728 4927; x_wconf 89' lang='lat' dir='ltr'><strong>annum</strong></span> <span class='ocrx_word' id='word_1_624' title='bbox 764 4883 1086 4941; x_wconf 60' lang='lat' dir='ltr'><strong>praesentem</strong></span> <span class='ocrx_word' id='word_1_625' title='bbox 1122 4883 1333 4942; x_wconf 79' lang='lat' dir='ltr'><strong>spectat</strong></span> <span class='ocrx_word' id='word_1_626' title='bbox 1365 4876 1611 4928; x_wconf 88' lang='lat' dir='ltr'><strong>victoria.</strong></span> <span class='ocrx_word' id='word_1_627' title='bbox 1644 4875 1836 4928; x_wconf 86' lang='lat' dir='ltr'><strong>Priora</strong></span> <span class='ocrx_word' id='word_1_628' title='bbox 1868 4875 1992 4929; x_wconf 79' lang='lat' dir='ltr'><strong>Jor-</strong></span> 
     </span>
    </p>
   </div>
   <div class='ocr_carea' id='block_1_90' title="bbox 432 4943 1994 5012">
    <p class='ocr_par' dir='ltr' id='par_1_90' title="bbox 432 4943 1994 5012">
     <span class='ocr_line' id='line_1_90' title="bbox 432 4943 1994 5012; baseline -0.001 -13"><span class='ocrx_word' id='word_1_629' title='bbox 432 4946 661 5007; x_wconf 87' lang='lat' dir='ltr'><strong>nandes,</strong></span> <span class='ocrx_word' id='word_1_630' title='bbox 706 4943 776 4994; x_wconf 89' lang='lat' dir='ltr'><strong>De</strong></span> <span class='ocrx_word' id='word_1_631' title='bbox 800 4946 951 4997; x_wconf 79' lang='lat' dir='ltr'><strong>rebus</strong></span> <span class='ocrx_word' id='word_1_632' title='bbox 994 4944 1207 5008; x_wconf 75' lang='lat' dir='ltr'><strong>Geticis,</strong></span> <span class='ocrx_word' id='word_1_633' title='bbox 1246 4946 1317 4997; x_wconf 89' lang='lat' dir='ltr'><strong>ita</strong></span> <span class='ocrx_word' id='word_1_634' title='bbox 1369 4947 1626 5012; x_wconf 81' lang='lat' dir='ltr'><strong>exprimit</strong></span> <span class='ocrx_word' id='word_1_635' title='bbox 1660 4946 1727 4999; x_wconf 90' lang='lat' dir='ltr'><strong>ad</strong></span> <span class='ocrx_word' id='word_1_636' title='bbox 1763 4947 1883 4998; x_wconf 90' lang='lat' dir='ltr'><strong>libri</strong></span> <span class='ocrx_word' id='word_1_637' title='bbox 1936 4948 1994 4998; x_wconf 88' lang='lat' dir='ltr'><strong>li-</strong></span> 
     </span>
    </p>
   </div>
   <div class='ocr_carea' id='block_1_91' title="bbox 435 5012 1994 5085">
    <p class='ocr_par' dir='ltr' id='par_1_91' title="bbox 435 5012 1994 5085">
     <span class='ocr_line' id='line_1_91' title="bbox 435 5012 1994 5085; baseline 0.001 -18"><span class='ocrx_word' id='word_1_638' title='bbox 435 5030 554 5068; x_wconf 86' lang='lat' dir='ltr'><strong>nem</strong></span> <span class='ocrx_word' id='word_1_639' title='bbox 592 5031 661 5085; x_wconf 18' lang='lat' dir='ltr'><strong>:A(</strong></span> <span class='ocrx_word' id='word_1_640' title='bbox 700 5012 918 5085; x_wconf 81' lang='lat' dir='ltr'><strong>Petzam</strong></span> <span class='ocrx_word' id='word_1_641' title='bbox 958 5028 1389 5085; x_wconf 30' lang='lat' dir='ltr'><strong>quoquesunm‘</strong></span> <span class='ocrx_word' id='word_1_642' title='bbox 1417 5015 1670 5085; x_wconf 86' lang='lat' dir='ltr'><strong>comitem</strong></span> <span class='ocrx_word' id='word_1_643' title='bbox 1704 5017 1846 5085; x_wconf 46' lang='lat' dir='ltr'><strong>inter</strong></span> <span class='ocrx_word' id='word_1_644' title='bbox 1883 5018 1994 5085; x_wconf 87' lang='lat' dir='ltr'><strong>pri-</strong></span> 
     </span>
    </p>
   </div>
   <div class='ocr_carea' id='block_1_92' title="bbox 2107 4665 3679 4734">
    <p class='ocr_par' dir='ltr' id='par_1_92' title="bbox 2107 4665 3679 4734">
     <span class='ocr_line' id='line_1_92' title="bbox 2107 4665 3679 4734; baseline 0 -15"><span class='ocrx_word' id='word_1_645' title='bbox 2107 4669 2488 4726; x_wconf 85' lang='lat' dir='ltr'><strong>abactoribus.</strong></span> <span class='ocrx_word' id='word_1_646' title='bbox 2524 4668 2934 4734; x_wconf 81' lang='lat' dir='ltr'><strong>Scamarisque,</strong></span> <span class='ocrx_word' id='word_1_647' title='bbox 2965 4674 3020 4717; x_wconf 84' lang='lat' dir='ltr'><strong>et</strong></span> <span class='ocrx_word' id='word_1_648' title='bbox 3054 4666 3359 4719; x_wconf 84' lang='lat' dir='ltr'><strong>latronibus</strong></span> <span class='ocrx_word' id='word_1_649' title='bbox 3391 4665 3679 4719; x_wconf 90' lang='lat' dir='ltr'><strong>undecun-</strong></span> 
     </span>
    </p>
   </div>
   <div class='ocr_carea' id='block_1_93' title="bbox 2104 4735 3680 4805">
    <p class='ocr_par' dir='ltr' id='par_1_93' title="bbox 2104 4735 3680 4805">
     <span class='ocr_line' id='line_1_93' title="bbox 2104 4735 3680 4805; baseline -0.001 -14"><span class='ocrx_word' id='word_1_650' title='bbox 2104 4753 2210 4805; x_wconf 89' lang='lat' dir='ltr'><strong>que</strong></span> <span class='ocrx_word' id='word_1_651' title='bbox 2258 4740 2522 4795; x_wconf 82' lang='lat' dir='ltr'><strong>collectis.</strong></span> <span class='ocrx_word' id='word_1_652' title='bbox 2568 4736 2787 4799; x_wconf 87' lang='lat' dir='ltr'><strong>turritn,</strong></span> <span class='ocrx_word' id='word_1_653' title='bbox 2825 4752 2946 4802; x_wconf 66' lang='lat' dir='ltr'><strong>quae</strong></span> <span class='ocrx_word' id='word_1_654' title='bbox 2994 4735 3157 4788; x_wconf 87' lang='lat' dir='ltr'><strong>llerta</strong></span> <span class='ocrx_word' id='word_1_655' title='bbox 3216 4735 3455 4796; x_wconf 89' lang='lat' dir='ltr'><strong>dicitur,</strong></span> <span class='ocrx_word' id='word_1_656' title='bbox 3514 4749 3680 4803; x_wconf 87' lang='lat' dir='ltr'><strong>supra</strong></span> 
     </span>
    </p>
   </div>
   <div class='ocr_carea' id='block_1_94' title="bbox 2104 4804 3680 4875">
    <p class='ocr_par' dir='ltr' id='par_1_94' title="bbox 2104 4804 3680 4875">
     <span class='ocr_line' id='line_1_94' title="bbox 2104 4804 3680 4875; baseline -0.001 -16"><span class='ocrx_word' id='word_1_657' title='bbox 2104 4804 2336 4861; x_wconf 89' lang='lat' dir='ltr'><strong>Danubii</strong></span> <span class='ocrx_word' id='word_1_658' title='bbox 2370 4809 2541 4875; x_wconf 85' lang='lat' dir='ltr'><strong>ripam</strong></span> <span class='ocrx_word' id='word_1_659' title='bbox 2594 4821 2895 4872; x_wconf 90' lang='lat' dir='ltr'><strong>occupans,</strong></span> <span class='ocrx_word' id='word_1_660' title='bbox 2947 4806 3130 4873; x_wconf 78' lang='lat' dir='ltr'><strong>ibique</strong></span> <span class='ocrx_word' id='word_1_661' title='bbox 3160 4806 3355 4873; x_wconf 86' lang='lat' dir='ltr'><strong>agresti</strong></span> <span class='ocrx_word' id='word_1_662' title='bbox 3395 4804 3500 4857; x_wconf 88' lang='lat' dir='ltr'><strong>ritu</strong></span> <span class='ocrx_word' id='word_1_663' title='bbox 3539 4820 3680 4872; x_wconf 72' lang='lat' dir='ltr'><strong>pra:-</strong></span> 
     </span>
    </p>
   </div>
   <div class='ocr_carea' id='block_1_95' title="bbox 2104 4876 3682 4945">
    <p class='ocr_par' dir='ltr' id='par_1_95' title="bbox 2104 4876 3682 4945">
     <span class='ocr_line' id='line_1_95' title="bbox 2104 4876 3682 4945; baseline -0.001 -16"><span class='ocrx_word' id='word_1_664' title='bbox 2104 4879 2240 4930; x_wconf 82' lang='lat' dir='ltr'><strong>dans</strong></span> <span class='ocrx_word' id='word_1_665' title='bbox 2271 4878 2517 4939; x_wconf 84' lang='lat' dir='ltr'><strong>vicinos,</strong></span> <span class='ocrx_word' id='word_1_666' title='bbox 2552 4892 2731 4945; x_wconf 75' lang='lat' dir='ltr'><strong>rcgetn</strong></span> <span class='ocrx_word' id='word_1_667' title='bbox 2768 4890 2827 4931; x_wconf 88' lang='lat' dir='ltr'><strong>se</strong></span> <span class='ocrx_word' id='word_1_668' title='bbox 2868 4877 2983 4929; x_wconf 89' lang='lat' dir='ltr'><strong>suis</strong></span> <span class='ocrx_word' id='word_1_669' title='bbox 3021 4876 3427 4943; x_wconf 87' lang='lat' dir='ltr'><strong>grassatoribus</strong></span> <span class='ocrx_word' id='word_1_670' title='bbox 3471 4890 3682 4928; x_wconf 88' lang='lat' dir='ltr'><strong>nuncu-</strong></span> 
     </span>
    </p>
   </div>
   <div class='ocr_carea' id='block_1_96' title="bbox 2101 4945 3678 5014">
    <p class='ocr_par' dir='ltr' id='par_1_96' title="bbox 2101 4945 3678 5014">
     <span class='ocr_line' id='line_1_96' title="bbox 2101 4945 3678 5014; baseline 0 -17"><span class='ocrx_word' id='word_1_671' title='bbox 2101 4959 2213 5014; x_wconf 86' lang='lat' dir='ltr'><strong>pat.</strong></span> <span class='ocrx_word' id='word_1_672' title='bbox 2247 4946 2398 5000; x_wconf 89' lang='lat' dir='ltr'><strong>Hunc</strong></span> <span class='ocrx_word' id='word_1_673' title='bbox 2430 4962 2557 5013; x_wconf 80' lang='lat' dir='ltr'><strong>ergo</strong></span> <span class='ocrx_word' id='word_1_674' title='bbox 2616 4960 2751 5012; x_wconf 88' lang='lat' dir='ltr'><strong>pene</strong></span> <span class='ocrx_word' id='word_1_675' title='bbox 2798 4946 3170 5014; x_wconf 63' lang='lat' dir='ltr'><strong>desperatum,</strong></span> <span class='ocrx_word' id='word_1_676' title='bbox 3212 4947 3377 4996; x_wconf 71' lang='lat' dir='ltr'><strong>etiam</strong></span> <span class='ocrx_word' id='word_1_677' title='bbox 3403 4945 3470 4997; x_wconf 91' lang='lat' dir='ltr'><strong>de</strong></span> <span class='ocrx_word' id='word_1_678' title='bbox 3502 4946 3678 4997; x_wconf 88' lang='lat' dir='ltr'><strong>tradi-</strong></span> 
     </span>
    </p>
   </div>
   <div class='ocr_carea' id='block_1_97' title="bbox 2097 5013 3673 5079">
    <p class='ocr_par' dir='ltr' id='par_1_97' title="bbox 2097 5013 3673 5079">
     <span class='ocr_line' id='line_1_97' title="bbox 2097 5013 3673 5079; baseline -0.002 -10"><span class='ocrx_word' id='word_1_679' title='bbox 2097 5013 2242 5069; x_wconf 80' lang='lat' dir='ltr'><strong>tione</strong></span> <span class='ocrx_word' id='word_1_680' title='bbox 2275 5032 2371 5070; x_wconf 86' lang='lat' dir='ltr'><strong>sua</strong></span> <span class='ocrx_word' id='word_1_681' title='bbox 2396 5016 2809 5079; x_wconf 82' lang='lat' dir='ltr'><strong>deliberantem,</strong></span> <span class='ocrx_word' id='word_1_682' title='bbox 2850 5013 3010 5067; x_wconf 84' lang='lat' dir='ltr'><strong>Petza</strong></span> <span class='ocrx_word' id='word_1_683' title='bbox 3046 5015 3379 5068; x_wconf 69' lang='lat' dir='ltr'><strong>subveniens</strong></span> <span class='ocrx_word' id='word_1_684' title='bbox 3409 5029 3439 5068; x_wconf 93' lang='lat' dir='ltr'><strong>e</strong></span> <span class='ocrx_word' id='word_1_685' title='bbox 3493 5017 3673 5067; x_wconf 87' lang='lat' dir='ltr'><strong>mani-</strong></span> 
     </span>
    </p>
   </div>
   <div class='ocr_carea' id='block_1_98' title="bbox 430 5081 3673 5152">
    <p class='ocr_par' dir='ltr' id='par_1_98' title="bbox 430 5081 3673 5152">
     <span class='ocr_line' id='line_1_98' title="bbox 430 5081 3673 5152; baseline 0 -17"><span class='ocrx_word' id='word_1_686' title='bbox 430 5098 549 5136; x_wconf 88' lang='lat' dir='ltr'><strong>mos</strong></span> <span class='ocrx_word' id='word_1_687' title='bbox 581 5083 812 5135; x_wconf 91' lang='lat' dir='ltr'><strong>electum</strong></span> <span class='ocrx_word' id='word_1_688' title='bbox 847 5083 910 5135; x_wconf 84' lang='lat' dir='ltr'><strong>ad</strong></span> <span class='ocrx_word' id='word_1_689' title='bbox 946 5082 1302 5136; x_wconf 83' lang='lat' dir='ltr'><strong>obtinendam</strong></span> <span class='ocrx_word' id='word_1_690' title='bbox 1358 5081 1710 5137; x_wconf 83' lang='lat' dir='ltr'><strong>Sirtnicnsem</strong></span> <span class='ocrx_word' id='word_1_691' title='bbox 1741 5081 1995 5139; x_wconf 49' lang='lat' dir='ltr'><strong>Tbco&#39;do-</strong></span> <span class='ocrx_word' id='word_1_692' title='bbox 2094 5086 2196 5140; x_wconf 89' lang='lat' dir='ltr'><strong>bus</strong></span> <span class='ocrx_word' id='word_1_693' title='bbox 2223 5087 2499 5138; x_wconf 74' lang='lat' dir='ltr'><strong>Sabiniani</strong></span> <span class='ocrx_word' id='word_1_694' title='bbox 2530 5086 2753 5151; x_wconf 89' lang='lat' dir='ltr'><strong>eripuit,</strong></span> <span class='ocrx_word' id='word_1_695' title='bbox 2782 5099 2991 5152; x_wconf 91' lang='lat' dir='ltr'><strong>suoque</strong></span> <span class='ocrx_word' id='word_1_696' title='bbox 3022 5086 3130 5152; x_wconf 71' lang='lat' dir='ltr'><strong>regi</strong></span> <span class='ocrx_word' id='word_1_697' title='bbox 3172 5084 3515 5137; x_wconf 70' lang='lat' dir='ltr'><strong>Tlieoalorico</strong></span> <span class='ocrx_word' id='word_1_698' title='bbox 3545 5100 3673 5136; x_wconf 82' lang='lat' dir='ltr'><strong>cum</strong></span> 
     </span>
    </p>
   </div>
   <div class='ocr_carea' id='block_1_99' title="bbox 432 5152 3676 5224">
    <p class='ocr_par' dir='ltr' id='par_1_99' title="bbox 432 5152 3676 5224">
     <span class='ocr_line' id='line_1_99' title="bbox 432 5152 3676 5224; baseline 0 -19"><span class='ocrx_word' id='word_1_699' title='bbox 432 5154 579 5224; x_wconf 86' lang='lat' dir='ltr'><strong>r_icus</strong></span> <span class='ocrx_word' id='word_1_700' title='bbox 605 5152 789 5220; x_wconf 86' lang='lat' dir='ltr'><strong>dirigit</strong></span> <span class='ocrx_word' id='word_1_701' title='bbox 816 5154 1089 5224; x_wconf 52' lang='lat' dir='ltr'><strong>civitsuetn</strong></span> <span class='ocrx_word' id='word_1_702' title='bbox 1119 5169 1318 5224; x_wconf 13' lang='lat' dir='ltr'><strong>:unam</strong></span> <span class='ocrx_word' id='word_1_703' title='bbox 1342 5154 1451 5215; x_wconf 87' lang='lat' dir='ltr'><strong>ille,</strong></span> <span class='ocrx_word' id='word_1_704' title='bbox 1474 5154 1704 5221; x_wconf 74' lang='lat' dir='ltr'><strong>expulso</strong></span> <span class='ocrx_word' id='word_1_705' title='bbox 1729 5170 1851 5224; x_wconf 83' lang='lat' dir='ltr'><strong>rege</strong></span> <span class='ocrx_word' id='word_1_706' title='bbox 1875 5155 1994 5222; x_wconf 89' lang='lat' dir='ltr'><strong>ejus</strong></span> <span class='ocrx_word' id='word_1_707' title='bbox 2094 5158 2392 5223; x_wconf 86' lang='lat' dir='ltr'><strong>gratiarum</strong></span> <span class='ocrx_word' id='word_1_708' title='bbox 2428 5156 2644 5207; x_wconf 79' lang='lat' dir='ltr'><strong>actione</strong></span> <span class='ocrx_word' id='word_1_709' title='bbox 2678 5154 2804 5206; x_wconf 70' lang='lat' dir='ltr'><strong>fecit</strong></span> <span class='ocrx_word' id='word_1_710' title='bbox 2856 5155 3183 5221; x_wconf 82' lang='lat' dir='ltr'><strong>subjecmni.</strong></span> <span class='ocrx_word' id='word_1_711' title='bbox 3222 5173 3240 5204; x_wconf 72' lang='grc' dir='ltr'><strong>ι</strong></span> <span class='ocrx_word' id='word_1_712' title='bbox 3300 5152 3436 5205; x_wconf 73' lang='lat' dir='ltr'><strong>Exin</strong></span> <span class='ocrx_word' id='word_1_713' title='bbox 3470 5153 3676 5224; x_wconf 82' lang='lat' dir='ltr'><strong>Proco-</strong></span> 
     </span>
    </p>
   </div>
   <div class='ocr_carea' id='block_1_100' title="bbox 434 5219 1995 5291">
    <p class='ocr_par' dir='ltr' id='par_1_100' title="bbox 434 5219 1995 5291">
     <span class='ocr_line' id='line_1_100' title="bbox 434 5219 1995 5291; baseline 0.004 -18"><span class='ocrx_word' id='word_1_714' title='bbox 434 5219 788 5281; x_wconf 30' lang='lat' dir='ltr'><strong>Transaric’o,</strong></span> <span class='ocrx_word' id='word_1_715' title='bbox 825 5223 934 5275; x_wconf 88' lang='lat' dir='ltr'><strong>lilio</strong></span> <span class='ocrx_word' id='word_1_716' title='bbox 963 5219 1218 5291; x_wconf 76' lang='lat' dir='ltr'><strong>Trastile.</strong></span> <span class='ocrx_word' id='word_1_717' title='bbox 1271 5232 1477 5276; x_wconf 87' lang='lat' dir='ltr'><strong>retenta</strong></span> <span class='ocrx_word' id='word_1_718' title='bbox 1516 5219 1636 5291; x_wconf 84' lang='lat' dir='ltr'><strong>ejus</strong></span> <span class='ocrx_word' id='word_1_719' title='bbox 1668 5219 1861 5289; x_wconf 66' lang='lat' dir='ltr'><strong>matre,</strong></span> <span class='ocrx_word' id='word_1_720' title='bbox 1893 5219 1995 5279; x_wconf 84' lang='lat' dir='ltr'><strong>ob-</strong></span> 
     </span>
    </p>
   </div>
   <div class='ocr_carea' id='block_1_101' title="bbox 434 5290 1996 5363">
    <p class='ocr_par' dir='ltr' id='par_1_101' title="bbox 434 5290 1996 5363">
     <span class='ocr_line' id='line_1_101' title="bbox 434 5290 1996 5363; baseline 0.003 -21"><span class='ocrx_word' id='word_1_721' title='bbox 434 5292 619 5344; x_wconf 90' lang='lat' dir='ltr'><strong>tinuit.</strong></span> <span class='ocrx_word' id='word_1_722' title='bbox 668 5292 899 5363; x_wconf 78' lang='lat' dir='ltr'><strong>Indeque</strong></span> <span class='ocrx_word' id='word_1_723' title='bbox 943 5300 1130 5363; x_wconf 86' lang='lat' dir='ltr'><strong>contra</strong></span> <span class='ocrx_word' id='word_1_724' title='bbox 1168 5290 1775 5363; x_wconf 22' lang='lat' dir='ltr'><strong>Sabinianumjlllyrici</strong></span> <span class='ocrx_word' id='word_1_725' title='bbox 1827 5296 1996 5362; x_wconf 86' lang='lat' dir='ltr'><strong>magi-</strong></span> 
     </span>
    </p>
   </div>
   <div class='ocr_carea' id='block_1_102' title="bbox 434 5361 1999 5430">
    <p class='ocr_par' dir='ltr' id='par_1_102' title="bbox 434 5361 1999 5430">
     <span class='ocr_line' id='line_1_102' title="bbox 434 5361 1999 5430; baseline 0.003 -16"><span class='ocrx_word' id='word_1_726' title='bbox 434 5367 608 5430; x_wconf 74' lang='lat' dir='ltr'><strong>strum</strong></span> <span class='ocrx_word' id='word_1_727' title='bbox 640 5361 865 5421; x_wconf 67' lang='lat' dir='ltr'><strong>militiae,</strong></span> <span class='ocrx_word' id='word_1_728' title='bbox 923 5362 1013 5429; x_wconf 88' lang='lat' dir='ltr'><strong>qui</strong></span> <span class='ocrx_word' id='word_1_729' title='bbox 1052 5372 1179 5416; x_wconf 90' lang='lat' dir='ltr'><strong>tunc</strong></span> <span class='ocrx_word' id='word_1_730' title='bbox 1231 5377 1352 5415; x_wconf 86' lang='lat' dir='ltr'><strong>cum</strong></span> <span class='ocrx_word' id='word_1_731' title='bbox 1386 5361 1656 5417; x_wconf 82' lang='lat' dir='ltr'><strong>Mundone</strong></span> <span class='ocrx_word' id='word_1_732' title='bbox 1712 5361 1999 5430; x_wconf 78' lang='lat' dir='ltr'><strong>paraverat</strong></span> 
     </span>
    </p>
   </div>
   <div class='ocr_carea' id='block_1_103' title="bbox 434 5428 1999 5502">
    <p class='ocr_par' dir='ltr' id='par_1_103' title="bbox 434 5428 1999 5502">
     <span class='ocr_line' id='line_1_103' title="bbox 434 5428 1999 5502; baseline 0.002 -18"><span class='ocrx_word' id='word_1_733' title='bbox 434 5428 775 5502; x_wconf 72' lang='lat' dir='ltr'><strong>conflictum,</strong></span> <span class='ocrx_word' id='word_1_734' title='bbox 805 5430 871 5502; x_wconf 86' lang='lat' dir='ltr'><strong>ad</strong></span> <span class='ocrx_word' id='word_1_735' title='bbox 910 5433 1183 5502; x_wconf 84' lang='lat' dir='ltr'><strong>civitatem</strong></span> <span class='ocrx_word' id='word_1_736' title='bbox 1217 5432 1547 5501; x_wconf 87' lang='lat' dir='ltr'><strong>cognomine</strong></span> <span class='ocrx_word' id='word_1_737' title='bbox 1578 5428 1845 5501; x_wconf 84' lang='lat' dir='ltr'><strong>Margum,</strong></span> <span class='ocrx_word' id='word_1_738' title='bbox 1877 5448 1999 5502; x_wconf 72' lang='lat' dir='ltr'><strong>quae</strong></span> 
     </span>
    </p>
   </div>
   <div class='ocr_carea' id='block_1_104' title="bbox 434 5498 1996 5570">
    <p class='ocr_par' dir='ltr' id='par_1_104' title="bbox 434 5498 1996 5570">
     <span class='ocr_line' id='line_1_104' title="bbox 434 5498 1996 5570; baseline 0.003 -19"><span class='ocrx_word' id='word_1_739' title='bbox 434 5500 576 5553; x_wconf 91' lang='lat' dir='ltr'><strong>inter</strong></span> <span class='ocrx_word' id='word_1_740' title='bbox 604 5498 914 5570; x_wconf 80' lang='lat' dir='ltr'><strong>Danubium</strong></span> <span class='ocrx_word' id='word_1_741' title='bbox 948 5498 1389 5570; x_wconf 75' lang='lat' dir='ltr'><strong>Marcianumque</strong></span> <span class='ocrx_word' id='word_1_742' title='bbox 1438 5502 1659 5554; x_wconf 83' lang='lat' dir='ltr'><strong>ﬂumina</strong></span> <span class='ocrx_word' id='word_1_743' title='bbox 1694 5498 1996 5570; x_wconf 78' lang='lat' dir='ltr'><strong>adjacebat,</strong></span> 
     </span>
    </p>
   </div>
   <div class='ocr_carea' id='block_1_105' title="bbox 434 5567 1997 5640">
    <p class='ocr_par' dir='ltr' id='par_1_105' title="bbox 434 5567 1997 5640">
     <span class='ocr_line' id='line_1_105' title="bbox 434 5567 1997 5640; baseline 0.002 -17"><span class='ocrx_word' id='word_1_744' title='bbox 434 5567 807 5640; x_wconf 83' lang='lat' dir='ltr'><strong>eumduobus</strong></span> <span class='ocrx_word' id='word_1_745' title='bbox 836 5572 1078 5624; x_wconf 89' lang='lat' dir='ltr'><strong>millibus</strong></span> <span class='ocrx_word' id='word_1_746' title='bbox 1112 5567 1373 5638; x_wconf 84' lang='lat' dir='ltr'><strong>pedituin,</strong></span> <span class='ocrx_word' id='word_1_747' title='bbox 1427 5582 1479 5625; x_wconf 91' lang='lat' dir='ltr'><strong>et</strong></span> <span class='ocrx_word' id='word_1_748' title='bbox 1510 5567 1783 5640; x_wconf 84' lang='lat' dir='ltr'><strong>equitibus</strong></span> <span class='ocrx_word' id='word_1_749' title='bbox 1834 5575 1965 5640; x_wconf 86' lang='lat' dir='ltr'><strong>quin</strong></span> <span class='ocrx_word' id='word_1_750' title='bbox 1992 5608 1997 5615; x_wconf 68' lang='grc' dir='ltr'><strong>ι</strong></span> 
     </span>
    </p>
   </div>
   <div class='ocr_carea' id='block_1_106' title="bbox 433 5639 1991 5713">
    <p class='ocr_par' dir='ltr' id='par_1_106' title="bbox 433 5639 1991 5713">
     <span class='ocr_line' id='line_1_106' title="bbox 433 5639 1991 5713; baseline 0.003 -21"><span class='ocrx_word' id='word_1_751' title='bbox 433 5639 632 5713; x_wconf 80' lang='lat' dir='ltr'><strong>gentis,</strong></span> <span class='ocrx_word' id='word_1_752' title='bbox 682 5640 732 5691; x_wconf 89' lang='lat' dir='ltr'><strong>in</strong></span> <span class='ocrx_word' id='word_1_753' title='bbox 768 5639 1055 5713; x_wconf 78' lang='lat' dir='ltr'><strong>Mundonis</strong></span> <span class='ocrx_word' id='word_1_754' title='bbox 1105 5642 1297 5713; x_wconf 81' lang='lat' dir='ltr'><strong>solatia</strong></span> <span class='ocrx_word' id='word_1_755' title='bbox 1330 5639 1593 5713; x_wconf 74' lang='lat' dir='ltr'><strong>veniens,</strong></span> <span class='ocrx_word' id='word_1_756' title='bbox 1622 5639 1991 5713; x_wconf 15' lang='lat' dir='ltr'><strong>illlyricianum</strong></span> 
     </span>
    </p>
   </div>
   <div class='ocr_carea' id='block_1_107' title="bbox 432 5710 1991 5768">
    <p class='ocr_par' dir='ltr' id='par_1_107' title="bbox 432 5710 1991 5768">
     <span class='ocr_line' id='line_1_107' title="bbox 432 5710 1991 5768; baseline 0.004 -6"><span class='ocrx_word' id='word_1_757' title='bbox 432 5711 734 5762; x_wconf 67' lang='lat' dir='ltr'><strong>exercitum</strong></span> <span class='ocrx_word' id='word_1_758' title='bbox 784 5710 1083 5765; x_wconf 88' lang='lat' dir='ltr'><strong>demolivit.</strong></span> <span class='ocrx_word' id='word_1_759' title='bbox 1137 5710 1269 5763; x_wconf 85' lang='lat' dir='ltr'><strong>Nam</strong></span> <span class='ocrx_word' id='word_1_760' title='bbox 1329 5712 1415 5765; x_wconf 85' lang='lat' dir='ltr'><strong>hic</strong></span> <span class='ocrx_word' id='word_1_761' title='bbox 1472 5710 1700 5765; x_wconf 59' lang='lat' dir='ltr'><strong>Mundo&#39;</strong></span> <span class='ocrx_word' id='word_1_762' title='bbox 1735 5714 1991 5768; x_wconf 88' lang='lat' dir='ltr'><strong>Attilanis</strong></span> 
     </span>
    </p>
   </div>
   <div class='ocr_carea' id='block_1_108' title="bbox 433 5780 1990 5850">
    <p class='ocr_par' dir='ltr' id='par_1_108' title="bbox 433 5780 1990 5850">
     <span class='ocr_line' id='line_1_108' title="bbox 433 5780 1990 5850; baseline 0.004 -20"><span class='ocrx_word' id='word_1_763' title='bbox 433 5780 707 5850; x_wconf 79' lang='lat' dir='ltr'><strong>quondam</strong></span> <span class='ocrx_word' id='word_1_764' title='bbox 737 5781 947 5850; x_wconf 89' lang='lat' dir='ltr'><strong>origine</strong></span> <span class='ocrx_word' id='word_1_765' title='bbox 984 5781 1354 5850; x_wconf 85' lang='lat' dir='ltr'><strong>descendens.</strong></span> <span class='ocrx_word' id='word_1_766' title='bbox 1404 5781 1732 5850; x_wconf 88' lang='lat' dir='ltr'><strong>Gepidarum</strong></span> <span class='ocrx_word' id='word_1_767' title='bbox 1775 5791 1990 5850; x_wconf 86' lang='lat' dir='ltr'><strong>gentem</strong></span> 
     </span>
    </p>
   </div>
   <div class='ocr_carea' id='block_1_109' title="bbox 434 5848 1991 5918">
    <p class='ocr_par' dir='ltr' id='par_1_109' title="bbox 434 5848 1991 5918">
     <span class='ocr_line' id='line_1_109' title="bbox 434 5848 1991 5918; baseline 0.005 -17"><span class='ocrx_word' id='word_1_768' title='bbox 434 5848 669 5918; x_wconf 75' lang='lat' dir='ltr'><strong>fugiens,</strong></span> <span class='ocrx_word' id='word_1_769' title='bbox 709 5848 851 5906; x_wconf 81' lang='lat' dir='ltr'><strong>ultra</strong></span> <span class='ocrx_word' id='word_1_770' title='bbox 900 5848 1206 5906; x_wconf 87' lang='lat' dir='ltr'><strong>Danubium</strong></span> <span class='ocrx_word' id='word_1_771' title='bbox 1263 5852 1317 5904; x_wconf 93' lang='lat' dir='ltr'><strong>in</strong></span> <span class='ocrx_word' id='word_1_772' title='bbox 1368 5848 1599 5907; x_wconf 82' lang='lat' dir='ltr'><strong>occultis</strong></span> <span class='ocrx_word' id='word_1_773' title='bbox 1658 5848 1817 5916; x_wconf 78' lang='lat' dir='ltr'><strong>locis,</strong></span> <span class='ocrx_word' id='word_1_774' title='bbox 1873 5855 1991 5909; x_wconf 91' lang='lat' dir='ltr'><strong>sine</strong></span> 
     </span>
    </p>
   </div>
   <div class='ocr_carea' id='block_1_110' title="bbox 2095 5222 3678 5293">
    <p class='ocr_par' dir='ltr' id='par_1_110' title="bbox 2095 5222 3678 5293">
     <span class='ocr_line' id='line_1_110' title="bbox 2095 5222 3678 5293; baseline -0.002 -16"><span class='ocrx_word' id='word_1_775' title='bbox 2095 5222 2239 5293; x_wconf 85' lang='lat' dir='ltr'><strong>pius,</strong></span> <span class='ocrx_word' id='word_1_776' title='bbox 2281 5224 2355 5277; x_wconf 86' lang='lat' dir='ltr'><strong>De</strong></span> <span class='ocrx_word' id='word_1_777' title='bbox 2388 5224 2522 5276; x_wconf 82' lang='lat' dir='ltr'><strong>bello</strong></span> <span class='ocrx_word' id='word_1_778' title='bbox 2548 5223 2705 5293; x_wconf 66' lang='lat' dir='ltr'><strong>Galli.</strong></span> <span class='ocrx_word' id='word_1_779' title='bbox 2740 5224 2831 5277; x_wconf 87' lang='lat' dir='ltr'><strong>lib.</strong></span> <span class='ocrx_word' id='word_1_780' title='bbox 2866 5240 2905 5285; x_wconf 81' lang='grc' dir='ltr'><strong>ι,</strong></span> <span class='ocrx_word' id='word_1_781' title='bbox 2935 5240 3044 5277; x_wconf 91' lang='lat' dir='ltr'><strong>non</strong></span> <span class='ocrx_word' id='word_1_782' title='bbox 3075 5224 3210 5277; x_wconf 85' lang='lat' dir='ltr'><strong>nihil</strong></span> <span class='ocrx_word' id='word_1_783' title='bbox 3243 5230 3447 5277; x_wconf 86' lang='lat' dir='ltr'><strong>remote</strong></span> <span class='ocrx_word' id='word_1_784' title='bbox 3474 5222 3543 5275; x_wconf 90' lang='lat' dir='ltr'><strong>ab</strong></span> <span class='ocrx_word' id='word_1_785' title='bbox 3576 5223 3678 5275; x_wconf 87' lang='lat' dir='ltr'><strong>ini-</strong></span> 
     </span>
    </p>
   </div>
   <div class='ocr_carea' id='block_1_111' title="bbox 2099 5290 3674 5363">
    <p class='ocr_par' dir='ltr' id='par_1_111' title="bbox 2099 5290 3674 5363">
     <span class='ocr_line' id='line_1_111' title="bbox 2099 5290 3674 5363; baseline -0.003 -16"><span class='ocrx_word' id='word_1_786' title='bbox 2099 5290 2180 5347; x_wconf 78' lang='lat' dir='ltr'><strong>tio</strong></span> <span class='ocrx_word' id='word_1_787' title='bbox 2214 5312 2227 5345; x_wconf 88' lang='lat'><strong>:</strong></span> <span class='ocrx_word' id='word_1_788' title='bbox 2274 5314 2292 5345; x_wconf 86' lang='grc'><strong><em>‹</em></strong></span> <span class='ocrx_word' id='word_1_789' title='bbox 2330 5290 2587 5347; x_wconf 74' lang='grc' dir='ltr'>Μυηιίιιῆι</span> <span class='ocrx_word' id='word_1_790' title='bbox 2630 5295 2940 5363; x_wconf 81' lang='lat' dir='ltr'><strong>Illyriorum</strong></span> <span class='ocrx_word' id='word_1_791' title='bbox 2979 5294 3309 5363; x_wconf 53' lang='lat' dir='ltr'><strong>praefectum</strong></span> <span class='ocrx_word' id='word_1_792' title='bbox 3341 5294 3393 5363; x_wconf 84' lang='lat' dir='ltr'><strong>in</strong></span> <span class='ocrx_word' id='word_1_793' title='bbox 3450 5293 3674 5345; x_wconf 83' lang='lat' dir='ltr'><strong>Dalma-</strong></span> 
     </span>
    </p>
   </div>
   <div class='ocr_carea' id='block_1_112' title="bbox 2105 5361 3670 5426">
    <p class='ocr_par' dir='ltr' id='par_1_112' title="bbox 2105 5361 3670 5426">
     <span class='ocr_line' id='line_1_112' title="bbox 2105 5361 3670 5426; baseline -0.001 -10"><span class='ocrx_word' id='word_1_794' title='bbox 2105 5366 2235 5417; x_wconf 91' lang='lat' dir='ltr'><strong>tiam</strong></span> <span class='ocrx_word' id='word_1_795' title='bbox 2270 5363 2616 5418; x_wconf 63' lang='lat' dir='ltr'><strong>Justinianus</strong></span> <span class='ocrx_word' id='word_1_796' title='bbox 2651 5361 2815 5425; x_wconf 75' lang='lat' dir='ltr'><strong>misit,</strong></span> <span class='ocrx_word' id='word_1_797' title='bbox 2847 5362 3042 5417; x_wconf 87' lang='lat' dir='ltr'><strong>Gotbis</strong></span> <span class='ocrx_word' id='word_1_798' title='bbox 3074 5374 3203 5417; x_wconf 87' lang='lat' dir='ltr'><strong>tunc</strong></span> <span class='ocrx_word' id='word_1_799' title='bbox 3232 5361 3529 5426; x_wconf 87' lang='lat' dir='ltr'><strong>subditam,</strong></span> <span class='ocrx_word' id='word_1_800' title='bbox 3564 5369 3670 5415; x_wconf 86' lang='lat' dir='ltr'><strong>etc.</strong></span> 
     </span>
    </p>
   </div>
   <div class='ocr_carea' id='block_1_113' title="bbox 2106 5433 3670 5502">
    <p class='ocr_par' dir='ltr' id='par_1_113' title="bbox 2106 5433 3670 5502">
     <span class='ocr_line' id='line_1_113' title="bbox 2106 5433 3670 5502; baseline -0.002 -17"><span class='ocrx_word' id='word_1_801' title='bbox 2106 5433 2204 5487; x_wconf 82' lang='lat' dir='ltr'><strong>llic</strong></span> <span class='ocrx_word' id='word_1_802' title='bbox 2254 5434 2357 5489; x_wconf 90' lang='lat' dir='ltr'><strong>etsi</strong></span> <span class='ocrx_word' id='word_1_803' title='bbox 2412 5434 2685 5487; x_wconf 84' lang='lat' dir='ltr'><strong>Barbarus</strong></span> <span class='ocrx_word' id='word_1_804' title='bbox 2739 5448 2959 5502; x_wconf 86' lang='lat' dir='ltr'><strong>genere,</strong></span> <span class='ocrx_word' id='word_1_805' title='bbox 3018 5433 3317 5486; x_wconf 88' lang='lat' dir='ltr'><strong>maximum</strong></span> <span class='ocrx_word' id='word_1_806' title='bbox 3378 5441 3555 5484; x_wconf 83' lang='lat' dir='ltr'><strong>tamen</strong></span> <span class='ocrx_word' id='word_1_807' title='bbox 3615 5434 3670 5483; x_wconf 90' lang='lat' dir='ltr'><strong>in</strong></span> 
     </span>
    </p>
   </div>
   <div class='ocr_carea' id='block_1_114' title="bbox 2104 5502 3671 5626">
    <p class='ocr_par' dir='ltr' id='par_1_114' title="bbox 2104 5502 3671 5626">
     <span class='ocr_line' id='line_1_114' title="bbox 2104 5502 3671 5626; baseline -0.002 -69"><span class='ocrx_word' id='word_1_808' title='bbox 2104 5504 2321 5626; x_wconf 54' lang='lat' dir='ltr'><strong>moddum</strong></span> <span class='ocrx_word' id='word_1_809' title='bbox 2353 5505 2697 5572; x_wconf 89' lang='lat' dir='ltr'><strong>imperatoris</strong></span> <span class='ocrx_word' id='word_1_810' title='bbox 2758 5505 2920 5559; x_wconf 89' lang='lat' dir='ltr'><strong>rebus</strong></span> <span class='ocrx_word' id='word_1_811' title='bbox 2951 5504 3226 5569; x_wconf 87' lang='lat' dir='ltr'><strong>studebat,</strong></span> <span class='ocrx_word' id='word_1_812' title='bbox 3258 5512 3313 5558; x_wconf 90' lang='lat' dir='ltr'><strong>et</strong></span> <span class='ocrx_word' id='word_1_813' title='bbox 3336 5502 3479 5556; x_wconf 86' lang='lat' dir='ltr'><strong>bello</strong></span> <span class='ocrx_word' id='word_1_814' title='bbox 3529 5515 3671 5571; x_wconf 71' lang='lat' dir='ltr'><strong>pra:-</strong></span> 
     </span>
     <span class='ocr_line' id='line_1_115' title="bbox 2104 5586 2537 5626; baseline 0 0"><span class='ocrx_word' id='word_1_815' title='bbox 2104 5589 2166 5626; x_wconf 69' lang='grc' dir='ltr'>νει</span> <span class='ocrx_word' id='word_1_816' title='bbox 2198 5592 2207 5625; x_wconf 97' lang='lat'>|</span> <span class='ocrx_word' id='word_1_817' title='bbox 2254 5591 2316 5626; x_wconf 84' lang='lat' dir='ltr'><strong>US</strong></span> <span class='ocrx_word' id='word_1_818' title='bbox 2340 5586 2479 5626; x_wconf 65' lang='grc' dir='ltr'>(ιι-δι.</span> <span class='ocrx_word' id='word_1_819' title='bbox 2520 5593 2537 5626; x_wconf 75' lang='grc'><strong>1</strong></span> 
     </span>
    </p>
   </div>
   <div class='ocr_carea' id='block_1_115' title="bbox 2103 5576 2537 5629">
    <p class='ocr_par' dir='ltr' id='par_1_115' title="bbox 2103 5576 2537 5629">
     <span class='ocr_line' id='line_1_116' title="bbox 2103 5576 2537 5629; baseline -0.002 -2"><span class='ocrx_word' id='word_1_820' title='bbox 2103 5576 2316 5629; x_wconf 84' lang='lat' dir='ltr'><strong>validus</strong></span> <span class='ocrx_word' id='word_1_821' title='bbox 2340 5586 2479 5627; x_wconf 87' lang='lat' dir='ltr'><strong>erat.</strong></span> <span class='ocrx_word' id='word_1_822' title='bbox 2520 5593 2537 5626; x_wconf 76' lang='grc' dir='ltr'><strong>ι</strong></span> 
     </span>
    </p>
   </div>
   <div class='ocr_carea' id='block_1_116' title="bbox 2175 5640 3670 5714">
    <p class='ocr_par' dir='ltr' id='par_1_116' title="bbox 2175 5640 3670 5714">
     <span class='ocr_line' id='line_1_117' title="bbox 2175 5640 3670 5714; baseline 0.002 -18"><span class='ocrx_word' id='word_1_823' title='bbox 2175 5645 2283 5714; x_wconf 83' lang='lat'><strong>(76)</strong></span> <span class='ocrx_word' id='word_1_824' title='bbox 2348 5644 2421 5697; x_wconf 88' lang='lat' dir='ltr'><strong>De</strong></span> <span class='ocrx_word' id='word_1_825' title='bbox 2475 5644 2655 5698; x_wconf 90' lang='lat' dir='ltr'><strong>Mundi</strong></span> <span class='ocrx_word' id='word_1_826' title='bbox 2714 5643 2945 5698; x_wconf 82' lang='lat' dir='ltr'><strong>victoria</strong></span> <span class='ocrx_word' id='word_1_827' title='bbox 3016 5642 3264 5699; x_wconf 86' lang='lat' dir='ltr'><strong>meminit</strong></span> <span class='ocrx_word' id='word_1_828' title='bbox 3319 5640 3670 5699; x_wconf 81' lang='lat' dir='ltr'><strong>Marcellinus</strong></span> 
     </span>
    </p>
   </div>
   <div class='ocr_carea' id='block_1_117' title="bbox 2098 5713 2695 5769">
    <p class='ocr_par' dir='ltr' id='par_1_117' title="bbox 2098 5713 2695 5769">
     <span class='ocr_line' id='line_1_118' title="bbox 2098 5713 2695 5769; baseline -0.003 -2"><span class='ocrx_word' id='word_1_829' title='bbox 2098 5713 2292 5769; x_wconf 88' lang='lat' dir='ltr'><strong>Comes</strong></span> <span class='ocrx_word' id='word_1_830' title='bbox 2323 5716 2375 5768; x_wconf 91' lang='lat' dir='ltr'><strong>in</strong></span> <span class='ocrx_word' id='word_1_831' title='bbox 2402 5714 2695 5769; x_wconf 84' lang='lat' dir='ltr'><strong>Chronico.</strong></span> 
     </span>
    </p>
   </div>
   <div class='ocr_carea' id='block_1_118' title="bbox 2169 5780 3670 5855">
    <p class='ocr_par' dir='ltr' id='par_1_118' title="bbox 2169 5780 3670 5855">
     <span class='ocr_line' id='line_1_119' title="bbox 2169 5780 3670 5855; baseline 0.001 -18"><span class='ocrx_word' id='word_1_832' title='bbox 2169 5785 2282 5855; x_wconf 82' lang='lat'><strong>(77)</strong></span> <span class='ocrx_word' id='word_1_833' title='bbox 2317 5785 2565 5855; x_wconf 81' lang='lat' dir='ltr'><strong>Epitome</strong></span> <span class='ocrx_word' id='word_1_834' title='bbox 2606 5784 2855 5855; x_wconf 88' lang='lat' dir='ltr'><strong>Procopii</strong></span> <span class='ocrx_word' id='word_1_835' title='bbox 2895 5784 2970 5839; x_wconf 89' lang='lat' dir='ltr'><strong>De</strong></span> <span class='ocrx_word' id='word_1_836' title='bbox 3006 5785 3138 5838; x_wconf 87' lang='lat' dir='ltr'><strong>bello</strong></span> <span class='ocrx_word' id='word_1_837' title='bbox 3195 5783 3346 5838; x_wconf 71' lang='lat' dir='ltr'><strong>Pera.</strong></span> <span class='ocrx_word' id='word_1_838' title='bbox 3395 5782 3493 5837; x_wconf 87' lang='lat' dir='ltr'><strong>lib.</strong></span> <span class='ocrx_word' id='word_1_839' title='bbox 3528 5795 3565 5835; x_wconf 86' lang='lat' dir='ltr'><strong>ll</strong></span> <span class='ocrx_word' id='word_1_840' title='bbox 3600 5780 3670 5838; x_wconf 86' lang='lat' dir='ltr'><strong>ad</strong></span> 
     </span>
    </p>
   </div>
   <div class='ocr_carea' id='block_1_119' title="bbox 2098 5856 3235 5915">
    <p class='ocr_par' dir='ltr' id='par_1_119' title="bbox 2098 5856 3235 5915">
     <span class='ocr_line' id='line_1_120' title="bbox 2098 5856 3235 5915; baseline -0.001 -4"><span class='ocrx_word' id='word_1_841' title='bbox 2098 5858 2359 5913; x_wconf 81' lang='lat' dir='ltr'><strong>medium.</strong></span> <span class='ocrx_word' id='word_1_842' title='bbox 2394 5856 2833 5915; x_wconf 85' lang='lat' dir='ltr'><strong>Additamentum</strong></span> <span class='ocrx_word' id='word_1_843' title='bbox 2869 5856 3189 5911; x_wconf 79' lang='lat' dir='ltr'><strong>Marcellini.</strong></span> <span class='ocrx_word' id='word_1_844' title='bbox 3224 5896 3235 5903; x_wconf 58' lang='grc' dir='ltr'><strong>ς</strong></span> 
     </span>
    </p>
   </div>
  </div>
