4432 6434
429 414 537 479 485

1734 395 2387 461 CIIRONOGRAPHM

3611 394 3719 459 £85

428 527 677 599 Χοσρὸην
696 522 957 595 ἔφασκεν,
980 521 1061 577 ὄτι
1090 519 1154 591 δὴ
1180 519 1305 573 καθ’
1336 518 1372 573 ἀ
1404 516 1681 580 συνέθετο,
1715 516 1815 568 οὐκ
1840 513 2007 583 έττεμ⁴
2038 522 2083 577 Α
2116 524 2174 563 ra

1962 532 2007 565 ιο
2038 522 2083 577 Α
2116 508 2219 563 rati
2272 516 2327 562 et
2376 513 2662 577 vagantes,
2712 514 3038 562 venatorum
3089 521 3240 563 more
3294 506 3712 577 discurrebant;

426 624 525 693 ψεν
580 616 956 678 ἰουστινιανὸς
1024 613 1288 682 πρέσϐεις
1326 612 1462 682 πρὸς
1500 610 1666 663 αὐτὸν
1728 608 1857 679 περὶ
1911 609 2011 676 τῆς

436 714 681 783 εἰρήνης,
714 707 807 760 καὶ
839 707 1153 775 ἠνάγκασεν
1207 704 1460 774 Χοσρόην
1516 700 1660 755 κατά
1720 698 2011 768 Ῥωμαίων

431 800 885 873 στρατεύσασθαι.
916 797 1235 865 Βελισάριος
1266 794 1321 849 δὲ
1362 795 1476 849 ἀντ’
1530 792 1743 855 οὐδενὸς
1785 792 2011 852 τούτους

427 900 553 957 τοὺς
581 895 772 963 λόγους
802 893 1060 952 ἐποιεῖτο,
1096 888 1187 940 τὸν
1216 888 1466 958 Χοσρόην
1495 887 1669 954 λέγων
1699 888 1871 939 αἴτιον
1915 883 2009 936 τοῦ

430 987 689 1057 πολέμου.
721 983 782 1035 Εἰ
814 985 921 1051 γὰρ
943 981 1167 1051 εἰρήνης
1213 980 1419 1049 ἐφίετο,
1455 980 1554 1031 οὐκ
1582 979 1645 1031 ἂν
1672 980 1751 1039 είς
1777 978 1877 1045 τὴν
1902 975 2011 1028 τῶν

441 1079 731 1148 Ῥωμαίων
760 1075 865 1143 γῆν
896 1074 1249 1142 ἀφικόμενος,
1295 1071 1501 1138 ταύτην
1529 1071 1711 1141 ἐζήτει
1732 1084 1744 1098 ·
1787 1069 1902 1121 ἀλλ’
1930 1071 2010 1132 είς

427 1173 523 1244 τὴν
557 1170 694 1223 ἰδίαν
747 1168 931 1239 χώραν
974 1168 1172 1237 μένων,
1229 1166 1357 1228 τοὺς
1411 1164 1671 1233 πρέσϐεις
1712 1162 2006 1232 ἐξεδέχετο.

427 1264 536 1315 Καὶ
556 1261 727 1314 ταῦτα
745 1258 934 1324 εἰπὼν,
953 1258 1047 1311 τὸν
1065 1256 1304 1328 πρέσϐυν
1322 1255 1706 1324 ἀπεπέμψατο.
1727 1253 1784 1305 '0
1797 1254 1851 1306 δὲ
1876 1254 2009 1324 πρὸς

425 1355 671 1424 Χοσρόην
701 1352 1052 1421 ἀφικόμενος.
1087 1349 1191 1419 εφη
1232 1348 1539 1419 στρατηγὸν
1570 1347 1875 1415 ἑωρακέναι
1914 1346 2010 1397 Βε-

425 1446 668 1515 λισάριον
698 1443 920 1497 συνετόν
974 1459 1034 1494 τε
1087 1443 1180 1494 καὶ
1221 1442 1465 1511 ἀνδρεῖον
1495 1438 1803 1509 ὑπεράγαν,
1840 1454 2009 1508 στρα-

423 1533 621 1598 τιώτας
656 1534 714 1587 δὲ
739 1534 884 1595 οἴους
920 1532 1084 1595 αὐτὸς
1110 1531 1304 1593 ἀλλους
1335 1533 1397 1585 οὐ
1420 1531 1639 1583 πώποτε
1670 1532 1716 1562 ⁸⁵
1743 1528 1905 1593 εἶδεν,
1933 1528 2010 1591 ὡς

422 1628 521 1698 τὴν
561 1625 857 1696 εὐκοσμίαν
887 1625 1176 1696 ἐθαύμασα
1208 1627 1272 1679 ὲκ
1312 1626 1592 1695 διαφόρων
1620 1624 1792 1677 ἐθνῶν
1826 1640 2007 1675 συνειο

424 1723 740 1790 λεγμένους,
777 1722 870 1773 καὶ
899 1720 1285 1774 συνεϐούλευσε
1334 1719 1555 1793 Χοσρόῃ
1588 1718 1663 1790 μὴ
1697 1715 2008 1786 συμπλέκε-

427 1813 548 1866 σθαι
576 1815 652 1876 εἰς
689 1815 869 1885 μάχην
907 1815 1025 1884 μετ’
1056 1812 1258 1874 αὐτῶν,
1290 1812 1439 1875 ὅπως
1460 1813 1534 1881 μὴ
1571 1809 1890 1881 ἡττηθέντος
1912 1810 2008 1861 αύ-

422 1905 516 1957 τοῦ
548 1906 608 1957 τὸ
634 1908 743 1961 πᾶν
770 1907 1005 1980 διαπέσῃ
1038 1905 1133 1974 τῆς
1165 1905 1274 1958 τῶν
1309 1904 1532 1976 Περσῶν
1563 1904 1610 1937 ’⁸
1642 1903 1919 1971 βασιλείας
1949 1906 2007 1955 ὲν

424 1998 493 2067 γῇ
521 1994 811 2065 Ῥωμαίων
851 1996 1154 2066 ὑπάρχοντι
1175 1994 1269 2049 καὶ
1292 1995 1471 2063 φυγῆς
1508 1994 1677 2046 τόπον
1702 1996 1773 2063 μὴ
1808 1994 2005 2064 ἔχοντι.

424 2090 533 2142 Καὶ
556 2090 713 2159 νικᾷν
741 2088 905 2141 αὐτὸν
938 2088 997 2140 ού
1032 2088 1196 2155 μέγα.
1236 2088 1554 2156 Στρατηγδν
1587 2088 1695 2155 γὰρ
1727 2088 1835 2139 τῶν
1876 2087 2008 2143 Ῥωο

424 2181 599 2252 μαίων
620 2182 716 2234 καὶ
743 2182 906 2249 μόνον
937 2182 1238 2251 νικήσειεν.
1282 2180 1341 2234 Ὀ
1374 2181 1429 2233 δὲ
1458 2182 1707 2251 Χοσρόης
1724 2183 1789 2250 τῇ
1815 2178 2007 2233 τούτου

423 2274 742 2342 παραινέσει
773 2273 1137 2342 ἀναστρέφειν
1171 2272 1333 2335 εὐθὺς
1362 2273 1454 2325 ἐπὶ
1497 2274 1565 2325 τά
1591 2272 1697 2324 ῐδια
1727 2272 2003 2324 διενοεῖτο.

436 2362 712 2431 Ἐφοϐεττο
750 2363 858 2433 γὰρ
907 2365 1006 2433 τὴν
1038 2363 1289 2417 διάϐασιν
1334 2362 1427 2417 τοῦ
1491 2360 1738 2432 ποταμοῦ
1775 2363 2005 2434 ποιήσα-

427 2456 571 2521 σθαι,
594 2456 668 2519 ὡς
708 2457 818 2509 τῶν
864 2455 1153 2527 Ῥωμαίων
1207 2456 1414 2527 ταύτην
1468 2457 1831 2526 κατεχόντων.
1898 2457 2008 2509 Καὶ

425 2549 591 2603 πολλά
622 2550 1097 2619 διαλογισάμενος,
1162 2548 1453 2605 ἀπέστειλε
1501 2550 1639 2619 πρὸς
1689 2549 2009 2617 Βελισάριον

421 2641 758 2709 παρακαλῶν
787 2640 952 2693 αὑτὸν
980 2640 1074 2692 τοῦ
1105 2640 1197 2693 τὸν
1215 2641 1262 2673 ’⁸
1282 2641 1528 2710 ποταμὸν
1554 2640 1847 2702 διαϐάντας
1874 2643 2007 2693 ἀνα-

424 2730 653 2794 στεῖλαι,
686 2731 781 2783 καὶ
806 2730 978 2799 τούτῳ
1006 2733 1105 2803 τήν
1132 2732 1363 2803 πάροδον
1385 2733 1681 2795 ἀκωλύτως
1717 2732 2002 2801 παρέχειν.

422 2821 735 2890 Βελισάριος
763 2820 818 2874 δὲ
852 2822 1014 2885 εὐθὺς
1051 2823 1186 2893 πρὸς
1234 2823 1398 2874 αὑτὸν
1427 2822 1687 2893 πρέσϐεις
1735 2820 2003 2890 ἐπεμψεν,

421 2915 518 2965 καὶ
541 2912 730 2967 τοῦτον
752 2914 851 2983 τῆς
879 2917 1281 2984 ἀναχωρήσεως
1314 2915 1600 2985 ἐπῄνεσεν,
1630 2914 1723 2968 καὶ
1745 2912 2007 2981 πρέσϐεις

422 3008 486 3057 ἐκ
528 3004 623 3058 τοῦ
667 3003 933 3074 βασιλέως
986 3004 1266 3074 συντόμως
1302 3004 1728 3057 διεϐεϐαιὼσατο
1760 3004 1826 3067 ⁸⁷,
1858 3005 2008 3065 ὅπως

421 3096 518 3166 τὴν
553 3096 777 3166 εἰρήνην
834 3095 1231 3165 βραϐεύσωσιν.
1284 3097 1467 3162 Ἦξίου
1515 3096 1573 3149 δὲ
1625 3096 1869 3162 Χοσρόης
1915 3096 2008 3146 τὸν

422 3187 741 3258 Βελιςάριον
772 3188 859 3240 δια
885 3187 984 3255 τῆς
1016 3188 1125 3239 τῶν
1170 3186 1460 3254 Ῥωμαίων
1507 3187 1610 3255 γῆς
1643 3185 1742 3255 τὴν
1774 3185 2007 3256 πάροδον

422 3279 752 3349 ποιήσασθαι
811 3278 1129 3339 ἀκινδύνως.
1181 3279 1242 3329 '0
1282 3278 1337 3329 δὲ
1392 3277 1709 3346 Βελισάριος
1744 3277 2000 3345 Ἰωάννην

418 3375 512 3426 τὸν
558 3372 897 3441 Ἐδεσσηνδν,
948 3372 1117 3441 ἄνδρα
1174 3371 1617 3438 διαφανέστατον,
1664 3372 1873 3439 ὅμηρον
1920 3370 1999 3438 τῷ

421 3461 635 3533 Χοσρὸῃ
668 3460 985 3514 ἀπέστειλεν
1015 3460 1150 3529 πρὸς
1178 3459 1238 3510 τὸ
1264 3460 1562 3523 ἀκινδύνως
1591 3460 1882 3529 παρελθεῖν
1906 3460 2002 3510 αύ-

420 3554 509 3605 τδν
554 3554 654 3621 τήν
700 3553 808 3603 τῶν
854 3552 1141 3619 Ῥωμαίων
1173 3551 1377 3620 χώραν.
1430 3552 1491 3605 Οἱ
1516 3552 1573 3603 δὲ
1611 3552 1875 3621 Ῥωμαῖοι
1908 3552 2001 3606 τὸν

423 3642 739 3711 Βελισέῳιον
784 3642 842 3693 ἐν
872 3642 1172 3710 εὐφημίαις
1203 3638 1367 3711 εἶχον,
1399 3643 1602 3711 μᾶλλον
1639 3643 1713 3713 [δὲ
1742 3642 1809 3713 "J
1844 3647 1998 3695 ὲνευ-

419 3735 792 3804 δοκιμήσαντα
826 3736 883 3786 ὲν
910 3735 1083 3803 τούτῳ
1116 3733 1192 3803 τῷ
1231 3734 1396 3803 ἔργῳ,
1428 3734 1461 3804 ἦ
1502 3735 1589 3786 ὅτε
1618 3734 1888 3804 Γελίμερά
1937 3754 1998 3789 τε

419 3828 758 3895 δορυέιλωτον
785 3826 878 3878 καὶ
920 3826 1211 3894 Ούῖττίγην
1249 3827 1293 3856 ²⁹
1330 3826 1441 3896 (81)
1474 3827 1597 3889 τοὺς
1622 3826 1714 3879 δύο
1758 3828 2000 3897 βασιλεῖς

422 3920 503 3982 είς
532 3920 825 3982 Βυζάντιον
875 3920 1103 3987 ἤγαγεν.
1130 3912 1237 3970 Ἦν
1268 3917 1377 3987 γὰρ
1407 3918 1481 3979 ὡς
1511 3917 1724 3985 ἀληθῶς
1747 3919 1906 3986 λόγου
1939 3937 1999 3972 τε

422 4013 515 4066 καὶ
540 4012 764 4063 ἐπαίνου
788 4011 956 4076 ἄξιον,
992 4010 1387 4079 πεφοϐημένων
1415 4009 1522 4061 τῶν
1590 4012 1860 4077 Ρωμαίων
1906 4011 2002 4067 καὶ

419 4107 477 4158 ὲν
498 4106 608 4167 τοῖς
630 4102 952 4175 ὀχυρώμασι
978 4102 1370 4174 κρυπτομένων
1402 4102 1641 4163 πάντων,
1677 4103 1918 4173 Χοσρόου
1946 4103 2000 4156 δὲ

420 4197 639 4267 στρατῷ
685 4196 905 4266 μεγάλῳ
936 4199 994 4249 ὲν
1044 4198 1193 4264 μέσῳ
1238 4195 1521 4262 γεγονότος
1569 4194 1670 4265 τῆς
1704 4196 1812 4247 τῶν
1864 4196 2001 4248 Ῥω-

422 4290 598 4359 μαίων
624 4289 816 4358 ἀρχῆς,
840 4288 1011 4357 ἀνδρα
1040 4287 1136 4339 ἕνα
1162 4288 1217 4338 ὲν
1245 4286 1355 4351 ὀξεῖ
1382 4286 1567 4357 δρόμῳ
1606 4289 1668 4337 ὲκ
1702 4285 2001 4351 Βυζαντίου

418 4384 622 4453 ἥκοντα
650 4381 742 4433 ἀπ’
769 4381 1016 4440 ἐναντίας
1038 4379 1131 4432 τοῦ
1155 4379 1262 4432 τῶν
1296 4380 1519 4450 Περσῶν
1545 4379 1810 4448 βασιλέως
1836 4397 2002 4450 στρα-

418 4472 870 4532 τοπεδεύσασθαι,
904 4471 1151 4539 Χοσρόην
1178 4471 1233 4523 δὲ
1266 4473 1328 4522 ὲκ
1356 4470 1448 4522 τοῦ
1498 4472 1904 4539 ἀπροσδοκήτου
1933 4474 1997 4542 τῇ

2124 601 2305 655 obiter
2357 615 2510 663 vero,
2550 606 2603 653 et
2647 601 2805 667 quasi
2842 599 2987 653 aliud
3020 607 3243 669 agentes
3271 598 3539 655 Cbosrois
3567 601 3714 671 lega-

2121 702 2233 747 tum
2265 710 2325 749 se
2372 692 2559 748 videre
2598 692 2970 746 simulabant:
3016 702 3070 745 et
3113 693 3395 761 priecincti
3446 693 3713 761 alioquin,

2118 802 2172 848 et
2200 794 2351 847 vultu
2406 790 2567 844 hilari
2623 789 3137 860 progrediebantur,
3191 789 3589 857 gestabantque
3631 801 3717 841 se-

2118 901 2283 941 cures
2318 893 2374 939 et
2416 884 2706 953 bipennes.
2761 880 3092 935 Abandanes
3138 880 3319 948 itaque
3373 880 3426 933 in
3462 878 3715 933 Belisarii

2118 987 2472 1048 conspectum
2508 976 2731 1039 ductus,
2787 974 3086 1029 Cbosroem
3140 973 3329 1027 dolere
3380 971 3540 1035 dixit,
3571 972 3716 1042 quod

2118 1070 2386 1140 neglectis
2436 1070 2612 1139 pactis
2663 1069 2873 1132 legatos
2928 1067 2993 1119 de
3050 1081 3182 1136 pace
3224 1065 3604 1119 collocuturos
3648 1065 3715 1117 ad

2117 1181 2177 1219 se
2211 1178 2318 1216 non
2357 1165 2601 1217 misisset
2638 1160 3008 1222 Justinianus,
3047 1174 3111 1212 ac
3151 1159 3383 1227 proinde
3413 1158 3479 1210 ad
3514 1157 3717 1211 bellum

2119 1256 2380 1309 Romanis
2422 1253 2763 1308 inferendum
2811 1253 3113 1307 Cbosroem
3158 1250 3448 1319 coegisset.
3512 1248 3720 1303 Belisa-

2118 1350 2257 1413 rins,
2305 1349 2459 1418 quasi
2513 1347 2723 1399 minimi
2779 1361 3066 1399 sermones
3121 1342 3243 1411 ejus
3297 1342 3541 1407 haberet,
3588 1332 3715 1395 belli

2117 1455 2338 1494 causam
2390 1452 2608 1491 omnem
2653 1438 2705 1488 in
2735 1434 3038 1489 Chosroem
3074 1433 3246 1509 velut.
3272 1435 3325 1485 in
3366 1433 3487 1502 ejus
3522 1446 3716 1487 aucto-

2118 1549 2230 1587 rem
2268 1532 2495 1586 referre.
2534 1528 2589 1582 Si
2636 1529 2788 1598 pacis
2832 1526 3034 1581 etenim
3090 1525 3352 1594 cupidine
3404 1525 3714 1584 tenebatur.

2116 1640 2392 1694 nusquam
2428 1630 2579 1676 certe
2610 1623 2662 1675 in
2696 1621 3069 1675 Romanorum
3101 1621 3370 1674 ditionem
3407 1619 3715 1685 ingressus,

2121 1734 2241 1773 eam
2294 1717 2683 1784 exquisiisset:
2736 1715 2869 1785 quin
2913 1722 3096 1782 potius
3146 1713 3367 1782 propria
3429 1720 3586 1767 stans
3627 1726 3716 1765 re-

2117 1814 2278 1882 gione
2315 1812 2616 1880 legatorum
2649 1810 2943 1863 adventum
2978 1805 3175 1860 fuisset
3211 1799 3583 1875 prastolat'us.
3620 1802 3715 1859 llis

2037 1882 2082 1939 Β
2111 1904 2275 1958 dictis
2325 1904 2559 1972 legatqu
2614 1900 2844 1955 dimisit.
2888 1897 3123 1967 Legatus
3161 1898 3228 1950 ad
3281 1897 3582 1951 Chosroem
3624 1910 3713 1948 re.

2114 2011 2309 2051 versus
2378 1993 2704 2048 Belisarium
2759 1992 2955 2046 ducem
3014 1993 3190 2044 virum
3248 1988 3537 2058 prudent-ia
3594 1987 3718 2043 exi-

2112 2090 2306 2148 mium,
2345 2096 2399 2141 rt
2430 2088 2597 2141 animi
2646 2086 2970 2140 fortitudine
3011 2085 3377 2153 conspicuum
3407 2098 3465 2136 se
3510 2082 3715 2136 vidisse

2113 2181 2328 2235 retulit:
2374 2182 2575 2235 milites
2606 2196 2741 2233 vero
2773 2195 2837 2233 ex
2876 2179 3117 2232 diversis
3151 2178 3411 2247 gentibus
3466 2185 3711 2237 coactos.

2111 2286 2373 2341 quantum
2427 2274 2650 2341 quidem
2700 2287 2765 2325 ex
2829 2285 3109 2324 armorum
3173 2278 3374 2322 ornati.
3437 2268 3716 2337 conjicere

2108 2369 2286 2427 licuit,
2334 2367 2526 2436 quales
2561 2365 2698 2419 alios
2750 2378 2839 2418 me
2881 2364 3087 2419 vidisse
3134 2377 3411 2431 nusquam
3462 2360 3711 2415 memini.

2109 2461 2247 2515 Cum
2301 2458 2615 2528 hujusmodi
2676 2457 2846 2526 igitur
2898 2455 3043 2510 bello
3100 2455 3385 2509 decertare
3439 2467 3710 2523 nusquam

2110 2563 2303 2608 auctor
2344 2553 2517 2613 ﬁeret,
2560 2564 2629 2604 ne
2677 2550 2798 2619 ipso
2832 2558 3111 2617 superato.
3144 2562 3318 2617 genus
3370 2562 3535 2601 omne
3583 2544 3710 2602 Per-

2109 2661 2290 2700 sarum
2352 2644 2613 2712 regniqne
2670 2655 2883 2693 summa
2950 2638 3005 2692 in
3074 2637 3446 2693 Romanorum
3501 2635 3713 2691 ditiono

2111 2735 2418 2805 perieulum
2456 2733 2826 2801 experiretur,
2864 2744 2966 2785 nec
3016 2739 3198 2783 tamen
3258 2729 3502 2798 receptui
3551 2744 3707 2782 cont-

2109 2826 2331 2881 modum
2390 2826 2660 2895 reperiret
2704 2824 2883 2878 locum
2911 2840 2926 2889 ;
2956 2823 3002 2877 si
3052 2823 3321 2888 vinceret,
3372 2836 3481 2877 non
3527 2829 3707 2891 magni

2107 2919 2324 2985 quidem
2395 2917 2811 2970 mstimandum:
2881 2915 3050 2969 unius
3128 2916 3332 2969 etenim
3416 2914 3701 2982 soliusque

2109 3010 2484 3062 Romanorum
2514 3008 2673 3063 ducis
2726 3009 3044 3076 superiores
3078 3008 3408 3061 evaderent:
3434 3005 3709 3061 Chosroes

2118 3099 2240 3167 ejus
2274 3104 2489 3151 monitu
2536 3101 2813 3167 propriam
2851 3098 3035 3151 sedem
3091 3104 3339 3165 repetere
3391 3098 3709 3165 cogitabat:

2036 3221 2078 3277 ο
2117 3188 2362 3242 ﬂuminis
2396 3190 2542 3241 enim
2572 3188 2797 3247 vadum,
2832 3186 3093 3241 Romanis
3122 3186 3252 3239 illud
3285 3173 3708 3252 occupantibus.

2116 3288 2331 3332 tentare
2391 3280 2705 3331 verebatur.
2750 3278 2919 3330 Multa
2970 3292 3155 3332 secum
3209 3277 3394 3330 animo
3430 3286 3709 3347 reputans,

2107 3373 2331 3424 tandem
2371 3370 2434 3421 ad
2470 3368 2795 3423 Belisarium
2829 3370 2977 3423 misit
3018 3369 3326 3437 postulans,
3369 3377 3429 3423 ut
3460 3385 3579 3435 eos,
3614 3369 3712 3439 qui

2109 3475 2325 3513 amnem
2367 3460 2722 3526 trajecerant,
2756 3469 3063 3523 revocaret,
3098 3460 3315 3529 sibique
3346 3469 3518 3513 tutmn
3554 3474 3714 3529 para-

2109 3562 2191 3605 ret
2245 3552 2577 3604 discessum.
2632 3549 2919 3619 Extemplo
2968 3551 3162 3621 legatis
3208 3552 3274 3604 ad
3325 3567 3451 3606 eum
3518 3553 3710 3606 missis

2106 3657 2382 3697 secessum
2428 3642 2674 3695 laudavit
2710 3643 3033 3707 Belisarius,
3066 3644 3329 3712 brevique
3375 3644 3710 3714 delegandos

2108 3739 2177 3788 ab
2204 3736 2541 3802 imperatore
2572 3733 2885 3797 aﬂirmavit,
2906 3736 2999 3802 qui
3030 3734 3241 3788 ﬁrmam
3273 3750 3398 3788 cum
3423 3752 3489 3789 eo
3519 3751 3708 3805 pacem

2106 3830 2531 3881 canstituerent.
2587 3827 2860 3881 Cbosroes
2919 3836 3102 3879 autent
3175 3842 3272 3896 per
3335 3825 3707 3882 Romanorum

2109 3930 2287 3973 terras
2308 3920 2605 3973 transitum
2640 3934 2669 3971 a
2697 3919 2942 3986 periculo
2969 3919 3266 3974 immunem
3299 3920 3500 3975 habere
3525 3930 3710 3991 postn-

2109 4010 2272 4063 labat.
2326 4009 2632 4079 Eapropter
2684 4008 2955 4064 Joannem
3013 4010 3357 4065 Edessenum
3414 4013 3589 4065 virum
3644 4012 3708 4066 il-

2110 4104 2505 4157 lustrissimum
2546 4105 2611 4157 ad
2657 4102 2981 4166 Cbosroem,
3016 4120 3126 4172 quo
3173 4104 3343 4159 tutius
3378 4120 3473 4173 per
3502 4103 3707 4157 Roma-

2112 4210 2307 4249 norum
2373 4204 2553 4249 terras
2628 4196 2879 4249 incedere
2942 4204 3151 4264 posset,
3216 4196 3465 4251 obsidem
3531 4197 3705 4250 misit.

2110 4284 2333 4340 Interim
2386 4285 2619 4339 Romani
2691 4286 3018 4340 Belisarium
3076 4287 3328 4343 lelicibus
3382 4287 3526 4343 votis
3581 4287 3707 4342 fau-

2109 4380 2321 4447 stisque
2352 4379 2850 4433 acclamationibus
2885 4380 3383 4449 prosequebantur,
3436 4380 3703 4449 majorem

2110 4472 2373 4524 nimirum
2403 4487 2465 4524 ex
2512 4487 2576 4525 eo
2607 4470 2751 4525 l'acto
2801 4472 3032 4539 gloriam
3065 4474 3345 4541 adeptum,
3373 4489 3537 4541 quam
3577 4488 3703 4525 cum

417 4562 607 4615 τούτου
646 4562 806 4633 σοφίᾳ
838 4561 1247 4632 ἐξαπατηθέντα
1271 4561 1551 4630 ἄπρακτον
1570 4563 1649 4623 είς
1668 4564 1765 4631 τήν
1795 4561 2001 4615 οἰκείαν
2030 4573 2082 4633 Β
2108 4565 2167 4622 Ο(

1947 4580 2001 4613 ιν
2030 4573 2082 4633 Β
2108 4565 2435 4622 Gelimerem
2474 4565 2614 4617 bello
2646 4572 2865 4631 captum
2893 4574 3054 4633 atque
3080 4563 3347 4634 Vettigem
3374 4566 3515 4618 duos
3544 4581 3697 4633 reges

420 4654 774 4723 ἀναχωρῆσαι
809 4655 1011 4723 χώραν.

2111 4657 2327 4726 Cpolim
2361 4657 2636 4727 perduxit.
2674 4658 2737 4709 Et
2760 4656 2859 4709 fuit
2890 4673 2946 4710 re.
2979 4671 3104 4710 vera
3139 4669 3441 4711 memoratu
3470 4665 3523 4710 et
3548 4656 3705 4711 laudo

419 4744 646 4815 dignum
706 4745 841 4799 illud
877 4748 1112 4808 laciniis,
1160 4746 1304 4814 quod
1338 4761 1461 4799 cum
1494 4744 1726 4800 Romani
1764 4746 2003 4801 universi
2045 4748 2243 4804 timore
2292 4751 2529 4820 perculsi
2572 4751 2625 4802 in
2704 4752 3001 4804 munitiora
3044 4751 3163 4803 loca
3228 4766 3288 4805 se
3335 4750 3703 4819 abdidissent,

418 4845 473 4890 et
503 4835 780 4890 Chosroes
816 4836 872 4888 in
924 4838 1132 4890 medias
1168 4838 1397 4890 llon'iani
1437 4838 1647 4905 imperii
1685 4837 2000 4905 provincias
2042 4850 2405 4909 penetrasset,
2439 4841 2601 4913 188
2630 4858 2771 4895 unus
2821 4844 2983 4895 homo
3048 4841 3213 4896 celeri
3284 4857 3448 4896 cursu
3489 4840 3703 4911 Byzan-

420 4930 500 4983 tio
534 4928 797 4981 advectus
819 4937 1002 4981 castra
1039 4926 1330 4981 Persarum
1364 4929 1504 4996 regis
1529 4928 1796 4982 exert-itui
1827 4942 2104 4995 opponere
2137 4945 2311 4985 ausus
2360 4940 2480 4986 est:
2540 4946 2754 5000 suaque
2822 4931 3093 5000 sapientia
3160 4930 3361 4995 elfet'it,
3397 4939 3455 4983 ut
3522 4928 3700 4981 (Διον-

420 5036 546 5077 roes
579 5037 635 5075 re
666 5022 947 5090 in0pinata
978 5019 1262 5087 deceptus,
1300 5021 1521 5073 domum
1558 5020 1760 5075 infecto
1795 5022 2010 5089 negotio
2034 5032 2322 5092 repeteret.

490 5117 581 5187 Τῷ
603 5116 649 5170 δ’
670 5116 817 5186 αύτῷ
840 5117 950 5169 ἔτει
979 5115 1245 5186 Τιμοθέου
1278 5116 1582 5168 ἐπισκόπου
1614 5115 1727 5187 (8'2)
1747 5116 2001 5181 Ἀλεξαν-

2184 5116 2389 5174 Eodem
2436 5118 2598 5173 etiam
2648 5134 2795 5175 anno
2836 5118 3124 5175 Timotheo
3165 5118 3511 5175 Alexandriae
3582 5120 3699 5190 epi-

1698 5278 1931 5333 VARUE
1964 5279 2370 5337 LECTIONES.

520 5392 566 5465 ξδ
586 5395 653 5465 οὐ
687 5392 928 5465 πώποτε]

962 5395 1018 5445 ἐν
1048 5393 1265 5446 πώποτε
1293 5396 1435 5464 vnlg.

417 5461 788 5518 διεϐεϐαιοῦτο
816 5461 960 5535 vulg.

1511 5395 1557 5425 ’⁵
1584 5395 1836 5466 Περσῶν]
1873 5394 2157 5464 Ῥωμαίων
2185 5412 2235 5449 a.
2312 5394 2358 5466 ’ξ
2392 5394 2487 5447 τοῦ
2548 5397 2666 5466 τὸν]
2719 5398 2908 5450 τοῦτον
2960 5413 3009 5451 e.

1038 5464 1082 5495 "
1105 5464 1159 5516 δὲ
1188 5466 1475 5521 delendum
1509 5465 1742 5521 videtur.
1819 5467 1864 5497 "
1890 5467 2181 5537 Ούιττίγην
2200 5483 2250 5529 e,
2285 5465 2555 5535 Οὐττίγην
2580 5464 2727 5538 νὼς.
2753 5468 2978 5522 Ούττιον
3013 5482 3064 5521 a.

3114 5398 3157 5428 ⁸⁷
3186 5393 3612 5449 διεϐεϐαιώσατο
3637 5409 3687 5458 e,

1724 5578 1867 5635 με.
1901 5580 2115 5636 GOARI
2152 5581 2387 5637 NOTAE.

490 5700 602 5767 (8|)
645 5698 927 5765 ’1ούτγιον,
966 5698 1190 5769 scripsit
1243 5699 1497 5767 superius
1554 5706 1745 5751 auctor
1782 5714 1833 5765 p.
1868 5699 1993 5753 174.

490 5771 604 5840 (82)
654 5771 925 5824 Nonnulla
986 5785 1050 5825 ex
1098 5771 1203 5830 bis,
1258 5769 1515 5840 necpaii
1564 5769 1724 5822 modo
1770 5780 1998 5840 narrata

419 5839 705 5911 Er.:grius,
740 5841 832 5895 lib.
867 5855 937 5905 tv,
973 5856 1095 5913 cap.
1136 5840 1194 5893 ll
1231 5850 1286 5896 et
1316 5839 1403 5893 36.
1464 5840 1727 5895 Severum
1764 5839 1908 5892 inter
1938 5855 2001 5894 ac

2107 5700 2391 5757 lulianum
2426 5712 2601 5756 ortam
2642 5704 3101 5765 controversiam,
3153 5717 3213 5755 ac
3243 5700 3364 5768 ejus
3398 5699 3683 5754 materiam

2110 5775 2377 5830 describit
2412 5772 2723 5840 Liberatus,
2756 5788 2878 5845 cap.
2923 5774 2987 5827 19
3024 5776 3089 5827 ad
3125 5772 3305 5828 tinem.
