4432 6434
423 424 525 489 537

418 628 543 691 λεὺς
574 629 685 695 (15)
718 628 969 698 Τιϐέριον
1000 630 1093 683 τὸν
1137 632 1179 662 ⁸⁸
1213 630 1431 701 κόμητα
1460 632 1569 684 τῶν
1600 632 1999 704 ἐξκουϐιτόρων

418 719 871 789 υἱοποιησάμενος
897 719 1154 792 Καίσαρα
1186 722 1579 793 ἀνηγόρευσεν,
1619 726 1714 778 καὶ
1755 728 1998 795 συγκάθ-

418 812 571 880 εδρον
589 811 753 865 αὐτοῦ
779 812 1034 882 ἐποίησεν
1054 814 1112 865 ἐν
1132 816 1251 877 ταῖς
1275 814 1663 885 ἱπποδρομίαις
1682 819 1775 871 καὶ
1792 820 1998 885 αἰσίαις

417 904 671 972 ἡμέραις.
696 897 805 955 Ἦν
825 902 937 973 γὰρ
963 905 990 956 ὁ
1016 904 1273 974 βασιλεὺς
1303 907 1642 975 στυφόιιενος
1666 910 1795 974 τοὺς
1829 911 1998 976 πόδας

418 996 510 1047 καὶ
540 995 600 1046 τὸ
625 994 809 1048 πλεῖον
834 995 1261 1064 κατακείμενος.

487 1088 553 1138 Α.
578 1087 650 1138 Μ.
683 1084 841 1141 6068.
872 1115 943 1129 —
973 1086 1163 1157 Τούτῳ
1193 1089 1271 1157 τῷ
1300 1088 1413 1145 ἔτει
1445 1090 1666 1147 ἔκτισεν
1707 1095 1997 1161 Ἰουσττνος

416 1174 509 1225 τὸν
538 1175 710 1244 μέγαν
739 1176 958 1243 ἀγωγὸν
987 1175 1081 1228 τοῦ
1116 1178 1161 1208 ¹⁶
1196 1179 1519 1247 Οὐάλεντος,
1553 1184 1648 1238 καὶ
1682 1186 1995 1259 ἐχορήγησε

417 1269 483 1335 τῇ
512 1267 665 1318 πόλει
690 1266 973 1335 δαψίλειαν
1007 1267 1198 1331 ὕδατος
1234 1269 1280 1300 ιι

486 1362 549 1413 Α.
587 1361 662 1414 Μ.
696 1360 854 1416 6069.
881 1391 948 1401 -
966 1362 1155 1433 Τούτῳ
1171 1362 1248 1433 τῷ
1264 1362 1376 1418 ἔτει
1410 1366 1695 1433 ’Ῑουστῖνος
1723 1371 1751 1423 6
1772 1373 1817 1403 “
1837 1371 1994 1441 βασι-

414 1452 540 1515 λεὺς
561 1454 661 1522 τὴν
691 1453 1021 1523 Συναγωγὴν
1051 1453 1162 1507 τῶν
1197 1455 1468 1525 Ἐϐραίων
1494 1459 1606 1527 (14)
1628 1460 1727 1533 τὴν
1746 1461 1915 1518 οὖσαν
1935 1466 1995 1518 ἐν

416 1546 883 1613 Χαλκοπρατείοις
948 1549 1276 1613 ἀποσπάσας
1330 1551 1387 1615 ἐξ
1449 1552 1665 1619 αὐτῶν,
1736 1556 1996 1627 ἐποίησεν

416 1637 713 1708 ἐκκλησίαν
762 1638 862 1707 τῆς
911 1640 955 1671 ’³
995 1639 1285 1708 δεσποίνης
1329 1643 1487 1712 ήμῶν
1530 1645 1632 1715 τῆς
1683 1646 1992 1717 ὑπεραγίας

414 1727 681 1779 Θεοτόκου
757 1727 1167 1798 πλησιάζουσαν
1193 1735 1258 1802 τῇ
1291 1732 1875 1809 Μεγάλῃ’Ὲκκλησίᾳ.
1901 1740 1993 1811 Τῷ

412 1817 456 1869 δ’
516 1819 668 1889 αὐτῷ
691 1819 798 1872 ἐτει
837 1821 968 1890 μην)⁵
993 1821 1291 1893 Αὐγούστῳ
1323 1822 1425 1889 λα’,
1452 1828 1749 1882 ίνδικτιῶνι
1786 1836 1841 1895 ι’,
1866 1832 1990 1884 ἐτε-

411 1907 671 1981 λεύτησεν
698 1914 727 1965 6
756 1912 799 1943 ”
838 1913 1092 1984 Ἰωάννης
1126 1916 1425 1982 ἐπίσκοπος
1462 1920 1982 1977 Κωνσταντινουπό-
2014 1892 2060 1950 Β

412 2002 567 2066 λεως.

480 2098 544 2150 Α.
565 2098 639 2150 Μ.
655 2095 814 2152 6070.
836 2128 904 2137 -
924 2102 1615 2172 Κωνσταντινουπόλεως
1641 2107 1983 2167 ἐπισκόπου

413 2189 712 2257 Εὐτυχίου
741 2190 877 2255 ἔτος
907 2198 980 2246 a'.

478 2279 666 2350 Τούτῳ
720 2281 798 2350 τῷ
834 2282 943 2336 ἔτει
999 2284 1129 2354 μηνὶ
1185 2287 1501 2359 Ὀκτωϐρίῳ
1567 2292 1981 2355 ίνδικτιῶνιῗιω

407 2369 668 2439 Εὐτύχιος
702 2373 945 2426 άπέλαὸε
983 2376 1095 2443 (15)
1127 2379 1291 2432 πάλιν
1322 2381 1413 2433 τὸν
1454 2383 1645 2451 θρόνον
1683 2386 1983 2439 Κωνσταν-

408 2462 796 2526 τινοδπόλεως.
844 2464 902 2517 Ὀ
921 2466 977 2517 δὲ
1008 2466 1263 2535 βασιλεὺς
1296 2472 1623 2544 ἀσθενήσας,
1657 2477 1754 2530 καὶ
1784 2477 1981 2548 μικρὸν

410 2552 614 2617 ἀνεθεὶς
643 2554 742 2622 τῆς
775 2556 958 2620 νόσου,
1007 2561 1453 2628 προσεκαλέσατο
1490 2566 1581 2619 τόν
1617 2583 1677 2619 τε
1716 2569 1981 2641 ἀρχιερέα

408 2648 499 2696 καὶ
538 2646 639 2715 τὴν
690 2647 996 2718 σύγκλητον
1043 2652 1141 2704 καὶ
1187 2654 1398 2718 πάντας
1444 2658 1574 2720 τοὺς
1631 2658 1835 2728 ἱερεῖς,
1886 2662 1983 2714 καὶ

402 2739 856 2811 πολιτευομένους
882 2761 895 2775 ·
925 2747 1022 2797 καὶ
1059 2746 1287 2814 ἀγαγὼν
1316 2749 1406 2801 τὸν
1440 2750 1696 2822 Καίσαρα
1730 2754 1981 2824 Τιϐέριον

401 2832 676 2903 παρουσία
699 2834 932 2900 πάντων,
955 2837 1328 2907 ἀνηγόρευσεν
1353 2840 1514 2893 αὐτὸν
1537 2840 1781 2910 βασιλέα,
1803 2844 1979 2897 τοῖσδε

399 2924 510 2985 τοῖς
556 2923 731 2990 ).ό;οις
773 2926 1125 2995 χρησάμενος
1145 2941 1160 2958 ⁶
1202 2930 1308 2982 Ἴδε
1340 2930 1369 2982 6
1392 2931 1525 2996 Θεὸς
1556 2935 1584 2987 ὁ
1612 2935 1660 2965 ⁸⁸
1701 2936 1981 3004 ἀγαθύνας

402 3033 459 3068 σε
497 3015 645 3086 (Ιῦ).
694 3018 855 3072 τοῦτο
888 3019 949 3072 τὸ
979 3022 1166 3090 σχῆμα
1196 3023 1224 3075 6
1250 3023 1383 3088 Θεός
1430 3043 1513 3079 σοι
1560 3027 1827 3092 δέδωκεν,
1878 3032 1979 3087 οὐκ

400 3107 510 3174 ἐγώ
556 3109 621 3162 ’⁸.
655 3108 901 3180 Τίμησον
954 3112 1088 3165 αὐτὸ
1124 3114 1190 3177 ⁸⁷,
1234 3114 1323 3167 ἴνα
1365 3118 1608 3188 τιμηθῇς
1640 3120 1731 3172 ὑπ’
1787 3123 1975 3179 αὐτοῦ.

400 3202 643 3271 Τίμησον
672 3203 770 3269 τὴν
802 3204 1014 3274 μητέρα
1047 3222 1140 3258 σου
1170 3208 1305 3277 (17),
1336 3209 1436 3277 τήν
1470 3211 1599 3263 ποτέ
1631 3228 1724 3264 σου
1762 3213 1975 3267 δέσποι-

400 3311 494 3345 ναν
526 3295 853 3362 γεναμὲνην.
905 3291 1068 3360 Οἶδας
1096 3299 1142 3330 ⁸⁸
1174 3299 1255 3352 ὃτι
1304 3300 1523 3370 πρῶτον
1568 3303 1743 3371 αὐτῆς
1787 3304 1973 3369 δοῦλος

398 3380 486 3455 ἧς,
517 3384 611 3439 νῦν
642 3386 699 3439 δὲ
733 3387 867 3449 υίὸς.
897 3389 988 3459 Μὴ
1023 3391 1292 3461 ἐπιχαρῇς
1324 3392 1519 3462 αἵμασι
1552 3395 1615 3447 ³⁹.
1646 3396 1737 3466 Μὴ
1760 3397 1971 3450 ἐπικοι-

398 3481 573 3549 νωνῇς
616 3480 661 3512 ³⁸
705 3481 881 3548 φόνων
924 3481 989 3544 ³¹,
1048 3482 1123 3552 μὴ
1184 3484 1351 3536 κακὸν
1384 3487 1505 3538 ἀντὶ
1543 3488 1715 3542 κακοῦ
1760 3488 1971 3543 ἀποδώ-

400 3588 519 3640 σῃς.
568 3571 657 3640 Μὴ
707 3572 787 3635 είς
826 3572 1026 3642 ἔχθραν
1076 3576 1349 3646 ὁμοιωοῇς
1394 3578 1551 3646 ἐμοί’
1597 3578 1707 3647 ἐγὼ
1742 3582 1850 3651 γάρ
1894 3580 1969 3644 ὡς

397 3662 682 3731 ἄνθρωπος
723 3664 978 3719 ἐπταισα.
1009 3667 1121 3720 Καὶ
1159 3668 1265 3739 γὰρ
1298 3671 1566 3741 πταίστης
1598 3674 1641 3705 ³⁸
1674 3674 1964 3743 ἐγενόμην,

398 3757 490 3807 καὶ
519 3755 790 3808 ἀπέλαϐον
821 3757 961 3809 κατά
994 3758 1091 3820 τὰς
1137 3760 1413 3828 ἁμαρτίας
1450 3780 1575 3830 μου.
1625 3747 1786 3816 Ἀ).λά
1815 3764 1966 3819 δικά-

398 3863 561 3915 σομαι
592 3847 636 3877 ⁸³
665 3850 777 3910 τοῖς
801 3849 1060 3916 ποιήσασί
1094 3867 1183 3918 μοι
1214 3852 1259 3882 ³⁸
1289 3851 1448 3905 τοῦτο
1474 3854 1566 3906 ἐπὶ
1594 3854 1688 3906 τοῦ
1725 3854 1966 3930 βήματος

394 3937 487 3989 τοῦ
526 3938 781 4005 Χριστοῦ.
819 3941 909 4008 Μὴ
944 3943 1124 4011 ἐπάρῃ
1164 3959 1222 3994 σε
1248 3942 1407 3996 τοῦτο
1436 3944 1498 3997 τὸ
1542 3946 1750 4016 σχῆμα,
1774 3946 1850 4010 ὡς
1874 3948 1966 4001 καὶ

395 4027 515 4095 ἐμέ.
562 4028 717 4081 Ούτω
752 4031 987 4099 πρόσεχε
1018 4033 1061 4063 ³⁸
1100 4035 1286 4095 πᾶσιν,
1327 4034 1403 4095 ὡς
1440 4034 1640 4104 ἐαυτῷ.
1678 4038 1853 4092 Γνῶθι
1881 4042 1966 4101 τίς

392 4114 457 4187 ἧς
487 4120 579 4170 καὶ
612 4121 694 4183 τίς
728 4120 820 4173 νῦν
851 4118 919 4174 εἷ.
954 4124 1044 4191 Μὴ
1069 4124 1519 4195 ὑπερηφανήσῃς,
1550 4128 1643 4179 κα)⁸
1669 4128 1767 4198 οὐχ
1790 4130 1966 4201 ἁμαρ-

390 4209 575 4271 τάνεις
602 4211 667 4265 ⁸⁸.
697 4208 858 4276 Οἶδας
902 4213 988 4276 τίς
1019 4215 1060 4244 ³⁷
1092 4215 1263 4285 ἤμην,
1292 4216 1384 4268 καὶ
1418 4217 1501 4281 τίς
1532 4218 1823 4289 ἐγενόμην,
1870 4222 1965 4275 καὶ

390 4301 475 4365 τίς
513 4304 648 4372 είμι.
702 4303 855 4356 Ὀλοι
906 4300 1050 4359 οὗτοι
1088 4307 1254 4361 τέκνα
1295 4297 1402 4361 ’σού
1448 4310 1587 4363 εἰσιν
1625 4311 1720 4364 καὶ
1761 4312 1961 4367 δοῦλοι.

389 4388 546 4455 Οἶδας
574 4393 654 4446 ὅτι
691 4394 799 4446 τῶν
831 4396 1155 4465 σπλάγχνων
1196 4414 1299 4467 μου
1340 4401 1688 4471 προετίμησά
1716 4419 1797 4455 σε.
1827 4401 1963 4456 Τού-

388 4500 513 4547 τους
567 4483 661 4547 οὒς
712 4486 933 4554 βλέπεις
997 4488 1154 4551 ὅλους
1211 4490 1311 4558 τῆς
1366 4490 1645 4556 πολιτείας
1716 4492 1959 4563 βλέπεις.

1691 432 1787 491 CH
1798 434 2148 496 RONOGRA
2162 440 2361 499 PIIIA.

484 544 548 593 A.
581 539 658 593 Μ.
692 538 851 593 6067.
888 568 955 579 --
982 538 1169 608 Τούτῳ
1201 540 1281 611 τῷ
1311 543 1421 596 ἔτει
1465 544 1749 609 ’1ουστῖνος
1781 548 1808 598 6
1844 546 1996 616 βασι·
2026 558 2068 612 Α

3576 453 3679 516 533

2170 553 2309 609 A.t‘..
2332 555 2646 612 567.-—iloc
2666 572 2808 613 anno
2835 558 3397 629 imperatorJustinus
3425 564 3680 621 comitem

2101 649 2482 703 excubitorum
2501 648 2780 703 Tiberium
2821 649 3136 721 adoptatum
3173 655 3278 709 sibi
3311 655 3481 709 lilium
3503 655 3681 713 Czesa-

2104 754 2213 794 rem
2247 742 2603 808 renuntiavit,
2624 744 2880 814 sedisque
2906 762 2969 800 ac
2996 746 3144 817 paris
3188 749 3413 806 honoris
3452 766 3682 806 consor-

2101 835 2209 882 tem
2229 826 2426 895 effecit,
2455 839 2562 884 tam
2594 830 2646 884 in
2683 832 3025 888 circensibus
3057 835 3222 901 ludis,
3257 853 3418 905 quam
3441 839 3493 892 in
3526 839 3697 899 festis

2100 928 2163 967 ac
2181 916 2518 974 solemnibus
2540 919 2753 975 diebus.
2777 920 2978 976 Pedum
3000 924 3146 978 enim
3172 926 3364 981 morbo
3395 928 3675 994 laborans,

2100 1009 2337 1075 plurima
2377 1011 2636 1079 temporis
2678 1022 2833 1081 parte
2864 1015 3005 1070 lecto
3042 1016 3428 1072 deennihehat.

2073 1174 2077 1179 .
2168 1100 2235 1155 Α.
2265 1102 2326 1156 C.
2357 1103 2483 1157 568.
2516 1134 2585 1143 —
2608 1104 2721 1161 Hoc
2750 1121 2897 1161 anno
2930 1124 3184 1179 magnum
3224 1113 3610 1179 aquaeductum
3645 1131 3673 1167 a

2105 1195 2328 1253 Valente
2355 1209 2730 1255 constructum
2777 1199 3032 1257 Justinus
3083 1206 3377 1274 reparavit,
3407 1214 3461 1261 et
3500 1222 3674 1279 aqua-

2100 1305 2220 1344 rum
2246 1292 2459 1359 copiam
2495 1292 2615 1345 urbi
2642 1292 3105 1349 subministravit.

2167 1386 2233 1438 Α.
2268 1384 2328 1439 C.
2359 1384 2481 1439 569.
2508 1417 2577 1428 —
2598 1384 2712 1440 Hoc
2752 1400 2897 1440 anno
2923 1386 3230 1457 ademptam
3258 1386 3463 1444 Judzeis
3494 1388 3664 1460 Syna-

2097 1493 2312 1548 gogam,
2344 1493 2466 1545 qua:
2492 1477 2595 1533 fuit
2632 1478 2685 1532 in
2725 1478 3160 1549 Chalcoprateis,
3192 1481 3427 1535 dominae
3466 1490 3672 1537 nostra:

2096 1570 2459 1624 sanctissima:
2497 1570 2737 1641 Deipara:
2791 1571 3042 1627 Justinus
3073 1573 3200 1628 fecit
3245 1574 3567 1639 ecclesiam,
3601 1574 3665 1626 ad

2094 1675 2212 1715 eam
2240 1676 2360 1730 qu;e
2393 1660 2585 1730 Magna
2634 1662 2795 1730 vulgo
2829 1663 3003 1717 audit.
3034 1662 3289 1732 Ejusdem
3328 1668 3492 1718 etiam
3537 1664 3666 1717 anni

2096 1753 2301 1806 mensis
2343 1752 2572 1822 Augusti
2620 1753 2708 1807 die
2762 1754 3044 1820 trigesimo
3101 1756 3308 1825 primo,
3369 1756 3668 1809 indictione

2094 1842 2326 1905 decima,
2359 1843 2598 1899 Joannes
2620 1844 2915 1915 episcopus
2940 1845 3416 1927 Cpostantinopoli
3448 1847 3611 1901 obiit.

2156 2112 2320 2181 210
2358 2113 2423 2165 A.
2478 2112 2541 2167 C.
2585 2111 2709 2166 570.
2752 2141 2818 2151 —-
2852 2111 3376 2179 Constantinopoleos
3436 2113 3663 2178 cpiswpi

2093 2202 2339 2273 Eutycliii
2367 2220 2539 2257 annus
2571 2205 2801 2271 primus.

2156 2288 2267 2343 Hoc
2294 2304 2460 2351 anno,
2495 2304 2680 2344 mense
2714 2289 2967 2355 Octobri,
3012 2290 3308 2345 indictione
3342 2292 3657 2355 undecima,

2084 2381 2384 2451 Eutychius
2410 2382 2672 2435 thronum
2703 2380 3258 2451 Constantinopoleos
3291 2384 3535 2437 secumlo
3566 2401 3660 2440 ac.

2082 2478 2245 2543 cepit.
2285 2473 2588 2543 Imperator
2630 2480 2807 2527 autem
2872 2472 3094 2527 adversa
3150 2475 3659 2543 valetudinejaeta-

2083 2572 2193 2627 tus,
2223 2570 2275 2617 et
2324 2563 2522 2617 deinde
2572 2563 2692 2632 ejus
2734 2563 3019 2619 doloribus
3071 2564 3346 2633 paulisper
3409 2566 3654 2631 levatus,

2084 2655 2359 2725 pontiﬁce,
2397 2663 2614 2718 senatu,
2655 2656 3003 2710 sacerdotum
3037 2657 3288 2727 collegio,
3328 2659 3651 2726 cunctisque

2082 2746 2392 2815 reipublicae
2467 2747 2880 2816 magistratibus
2946 2748 3313 2811 convocatis,
3373 2747 3653 2801 Tiberium

2081 2839 2353 2895 Caesarem
2383 2838 2436 2892 in
2483 2839 2727 2893 omnium
2756 2849 3055 2908 conspectu
3092 2840 3327 2908 positum
3371 2840 3656 2893 renuntia-

2082 2932 2156 2986 vit
2184 2932 2590 3001 imperatorem,
2618 2931 2872 2985 oratione
2900 2933 2953 2983 in
2989 2931 3133 2986 hunc
3162 2930 3382 2985 modum
3416 2931 3603 2985 bahita
3637 2948 3654 2984 :

2082 3021 2298 3087 Viden’,
2331 3032 2390 3076 ut
2425 3022 2565 3077 Deus
2604 3022 2658 3076 in
2698 3030 2751 3076 te
2802 3022 3080 3077 beneﬁcus
3129 3023 3234 3076 isto
3284 3033 3334 3076 te
3368 3023 3554 3077 habitu
3600 3034 3654 3076 et

2079 3114 2340 3183 dignitate
2370 3114 2577 3167 ornat?
2616 3113 2779 3176 Deus,
2822 3130 2933 3169 non
2989 3131 3111 3184 ego,
3163 3116 3255 3168 illo
3307 3124 3357 3169 te
3405 3115 3651 3169 donarit.

2080 3205 2238 3261 Hunc
2275 3207 2518 3261 habitum
2553 3208 2785 3270 honora,
2822 3218 2877 3261 ut
2918 3209 2987 3261 ab
3018 3208 3107 3261 illo
3144 3207 3405 3261 honorem
3434 3224 3649 3262 merea-

2079 3299 2174 3354 ris.
2210 3298 2432 3352 Matrem
2466 3307 2612 3351 tuam
2646 3300 2781 3360 cole,
2816 3314 2938 3366 qurc
2991 3299 3276 3367 hucusque
3309 3298 3527 3353 domina
3553 3300 3650 3354 tibi

2078 3388 2201 3443 fuit.
2236 3390 2419 3443 Eliuso
2473 3391 2739 3461 sanguine
2801 3405 3068 3458 nusquam
3110 3391 3327 3444 Imteris.
3369 3389 3647 3460 Nusquam

2075 3482 2307 3537 caedium
2356 3484 2631 3551 particeps
2677 3491 2817 3536 esto.
2858 3481 2933 3536 Ne
2974 3483 3176 3535 malum
3212 3482 3356 3535 malo
3391 3498 3648 3550 οοιιιμοιι-

2077 3584 2215 3629 sato.
2254 3575 2311 3627 In
2369 3573 2674 3628 inimicitiis
2725 3573 3094 3641 suscipiendis
3156 3588 3242 3626 me
3297 3588 3644 3641 nequaquam

2077 3666 2329 3720 imiteris.
2370 3664 2479 3735 Ego
2514 3680 2769 3735 namque,
2814 3666 2959 3719 velut
3009 3664 3194 3728 homo,
3234 3666 3453 3734 peccavi
3486 3682 3499 3717 :
3544 3680 3648 3734 ego

2074 3758 2272 3828 quippe
2305 3765 2561 3826 peccator
2590 3756 2775 3811 exstiti
2810 3775 2824 3811 :
2854 3765 2908 3810 et
2942 3771 3041 3825 pro
3076 3755 3403 3811 delictorqu
3446 3756 3644 3810 merito

2076 3849 2380 3904 mercedem
2421 3849 2630 3918 accepi.
2674 3848 2809 3903 Cum
2856 3848 2938 3903 eis
2969 3856 3209 3901 attamen
3240 3849 3333 3917 qui
3372 3848 3642 3901 malorum

2073 3941 2204 3995 mihi
2252 3939 2474 3993 fuerunt
2520 3949 2795 4003 auctores,
2836 3948 2959 3992 ante
2989 3939 3194 3993 Christi
3227 3938 3646 4006 tribunaljudi-

2072 4033 2282 4088 candus
2305 4033 2515 4087 asmbo.
2551 4030 2647 4095 Nc,
2681 4039 2837 4100 prout
2869 4046 2968 4100 ego
2991 4028 3287 4099 quondam,
3322 4031 3504 4083 habitu
3538 4030 3642 4083 isto

2072 4126 2375 4195 superbito.
2407 4124 2485 4178 Ita
2520 4125 2853 4193 reliquorum
2879 4124 3148 4188 omnium,
3170 4122 3319 4176 velut
3340 4122 3415 4175 tui
3440 4122 3637 4192 ipsius,

2069 4232 2255 4271 curam
2303 4230 2480 4285 geras.
2535 4214 2668 4281 Quis
2712 4214 2879 4269 fueris
2939 4216 3122 4283 prius,
3184 4214 3307 4283 quis
3350 4229 3495 4267 nunc
3541 4214 3640 4274 sis,

2068 4306 2466 4376 contemplare.
2502 4306 2558 4359 Si
2593 4305 2850 4375 superbia
2888 4322 2997 4359 non
3035 4312 3089 4359 te
3143 4305 3423 4369 extulerit,
3457 4320 3487 4358 a
3520 4306 3642 4359 cul—

2067 4412 2133 4469 pa
2168 4399 2463 4451 immunem
2524 4407 2575 4451 te
2628 4396 2896 4451 servabis.
2945 4396 3079 4461 Quis
3109 4390 3386 4466 quondam
3422 4394 3640 4459 fuerim,

2066 4491 2244 4561 qualis
2287 4490 2465 4545 factus
2517 4491 2643 4556 sim,
2694 4493 2787 4561 qui
2839 4492 3000 4545 modo
3032 4491 3407 4555 sim,novisti.
3444 4490 3639 4544 Cuncti

389 4572 628 4643 Πρόσεχε
658 4574 701 4606 ³⁸
733 4575 808 4646 τῷ
836 4576 1144 4648 στρατιώτῃ
1174 4595 1288 4631 σου.
1317 4578 1405 4648 Μὴ
1444 4579 1781 4648 στρατιώτας
1809 4581 1958 4653 δέξῃυ
1999 4625 2039 4680 D
2070 4582 2139 4635 ist

1889 4584 1958 4653 ῐῃο
1999 4625 2039 4680 D
2070 4582 2161 4635 isti
2209 4581 2303 4635 lilii
2340 4582 2437 4635 tibi
2464 4589 2593 4635 sunt
2627 4590 2681 4636 et
2730 4585 2894 4636 servi.
2928 4582 3045 4637 Prae
3079 4583 3385 4637 visceribus
3420 4583 3556 4636 meis
3588 4591 3639 4636 te

388 4664 461 4732 μὴ
489 4664 713 4717 είπωσίν
748 4667 829 4718 σοί
860 4682 1023 4727 τινες.
1052 4667 1133 4718 ὅτι
1164 4668 1191 4719 6
1221 4665 1327 4737 πρὸ
1356 4667 1450 4720 σοῦ
1493 4668 1635 4723 οὕτω
1660 4670 1953 4738 διεγένετο.

385 4756 570 4811 Ταῦτα
599 4757 707 4827 γὰρ
729 4756 872 4825 λέγω
898 4758 1087 4828 μαθὼν
1110 4760 1153 4792 ⁸⁸
1180 4760 1273 4828 ἀφ’
1294 4753 1368 4813 ὧν
1401 4760 1623 4814 ἔπαθον.
1657 4764 1719 4815 Οἱ
1744 4762 1959 4832 ἔχοντες

2068 4673 2201 4728 mihi
2236 4675 2463 4726 charum
2490 4674 2769 4728 exstitisse
2800 4674 2967 4739 probe
3007 4684 3346 4744 compertum
3377 4684 3480 4728 est.
3510 4670 3639 4726 0m-

2068 4781 2165 4820 nes
2201 4765 2339 4819 istos
2373 4764 2561 4820 vides?
2594 4765 2908 4833 reipublicae
2948 4766 3305 4836 magistratus
3358 4771 3508 4820 sunt.
3538 4763 3636 4816 Mi-

1672 4907 1754 4962 VA
1766 4909 1903 4966 RIA‘J
1938 4910 2343 4966 LECTIONES.

477 5010 521 5093 ξ’
558 5010 651 5095 τον
681 5012 805 5095 ιιι1ι1ἱ
839 5014 1003 5095 εις-ἧ.
1080 5015 1125 5046 ⁸⁸
1144 5013 1236 5095 τοῦ
1258 5014 1386 5095 add.
1428 5032 1493 5071 ex
1540 5018 1585 5070 Δ
1614 5018 1650 5095 1.
1731 5020 2000 5095 ’Διᾲῦδατος
2022 5024 2067 5095 Α
2094 5040 2146 5089 a,
2189 5024 2399 5077 ὑδάτων
2426 5026 2571 5094 vulg.
2650 5027 2695 5056 "
2717 5027 2745 5078 6
2772 5026 2897 5080 add.
2935 5043 2999 5080 ex
3026 5028 3088 5079 Α.
3165 5028 3209 5058 ³³
3238 5026 3337 5095 τῆς
3371 5027 3533 5095 ἁγίας
3565 5027 3630 5080 Λ.

382 5080 428 5165 3
458 5082 638 5165 ὀρύα.
676 5096 740 5135 ex
770 5087 837 5135 Α.
958 5087 995 5165 ὁ.
1020 5095 1144 5139 ante
1173 5086 1452 5165 thyapu'vqc
1485 5103 1595 5165 oin.
1619 5091 1685 5143 Α.
1748 5092 1793 5123 ⁸⁸
1817 5095 1916 5145 οὐκ
1942 5080 2052 5160 ἐγὼ
2082 5080 2199 5161 Α’δ,
2227 5096 2320 5147 καὶ
2353 5096 2452 5148 οὐκ
2479 5080 2589 5163 ἐγὼ
2614 5096 2762 5165 vulg.
2804 5099 2846 5128 ⁸⁷
2872 5097 3024 5163 αὐτὸ]
3059 5096 3206 5165 αύτῴ
3231 5080 3381 5148 Af.”
3412 5080 3528 5148 ὁιδά
3565 5097 3628 5147 Α.

382 5150 426 5179 ⁹⁹
456 5151 645 5219 αἵματι
674 5166 725 5205 a.

381 5220 424 5249 ”
469 5222 724 5283 πταιστὸς
778 5222 843 5275 Α.

381 5289 426 5318 ³⁸
452 5290 788 5361 ἁμαρτάνεις
815 5298 883 5355 A,
932 5289 1255 5365 ἁμαρτάνῃς
1310 5297 1457 5367 vulg.

884 5154 928 5185 ”
953 5157 1335 5233 __érttxo_twnvfjc
1386 5160 1456 5233 _A,
1493 5161 1939 5233 ‘tntatowwvljon;
1982 5154 2139 5232 'vulg.

950 5225 995 5255 ³³
1027 5225 1319 5293 δικάσομαι
1370 5228 1436 5288 Α,
1486 5228 1779 5299 δικάζομαι
1822 5225 1987 5302 νῆις.
2077 5225 2119 5263 ᾗ

950 5293 1255 5365 ἱμαρτάνῃς
1310 5297 1457 5367 vulg.
1556 5299 1599 5331 ³⁷
1632 5300 1717 5363 τίς
1748 5303 1815 5365 Δ,
1848 5303 1899 5354 τί
1936 5303 2079 5372 vulg.

2281 5166 2322 5196 at
2360 5165 2534 5232 φόνων
2563 5168 2627 5226 Α,
2678 5169 2823 5235 φόνῳ
2870 5182 2918 5223 a,
2974 5167 3135 5234 φόνον
3190 5184 3240 5229 e,
3274 5167 3452 5232 φόνοις
3484 5166 3628 5227 vulg.

2158 5251 2248 5305 μοι
2304 5237 2368 5293 Α,
2432 5252 2499 5301 με
2549 5237 2693 5305 vulg.
2800 5236 2844 5266 ³⁸
2882 5238 3117 5305 πρόσεχε
3148 5236 3214 5297 Α,
3249 5236 3452 5304 πρόσχε
3476 5236 3625 5301 vulg.

2184 5302 2229 5335 ³⁸
2259 5305 2494 5374 πρόσεχε
2518 5306 2583 5369 Α,
2614 5302 2818 5375 πὴρόσχε
2852 5302 2999 5374 vulg.
3057 5302 3123 5337 ’³⁵
3153 5302 3340 5374 μαθὼν
3357 5319 3467 5357 om.
3498 5306 3541 5358 A
3573 5319 3624 5355 a.

1651 5417 1793 5473 JAC.
1829 5418 2038 5474 GOABI
2073 5418 2301 5475 ΝΟΤᾹΞ.

447 5517 560 5598 ς13)
596 5519 865 5602 Exeat-pl}
916 5524 983 5602 de
1016 5526 1178 5602 legat.
1210 5530 1511 5602 _Menandri
1565 5533 1659 5587 lib.
1695 5551 1752 5602 ιι,
1806 5533 1946 5589 Eva-

376 5594 783 5669 griqsﬂcilt‘atus,
815 5594 1173 5669 Fredegarius
1203 5599 1592 5669 Scholasticus.

348 5710 351 5714 ι
446 5659 564 5739 (μέ)
584 5660 837 5739 prmities
869 5659 1014 5739 cpi
1349 5660 1364 5669 ’

445 5728 555 5796 (15)
583 5728 959 5813 Evagriusljb.
1002 5754 1055 5813 ν.
1096 5755 1214 5813 cap.
1261 5741 1345 5803 l6,
1403 5741 1689 5813 Nicephori
1731 5745 1937 5800 Chron.

374 5796 611 5884 Joannes
634 5796 1088 5884 μέςσοννΕύτυχίου
1131 5796 1829 5884 ii'rcanonibussyuodieisﬁ
1846 5796 1939 5871 Si};

374 5872 663 5938 guicriaua:
698 5872 1035 5933 bibliothecae
1062 5881 1337 5937 scribitur.

2122 5532 2233 5603 (l6)
2258 5530 2430 5604 Cedr._
2459 5532 2660 5604 ἀγαθὸν
2700 5534 2933 5604 ποιήσας
2961 5550 2974 5564 ο
3140 5541 3188 5584 te
3228 5532 3453 5604 tranant
3476 5532 3621 5600 fecit.

2050 5602 2263 5666 Anast.,
2296 5604 2391 5673 qui
2414 5602 2539 5656 bene
2567 5602 2686 5671 fecit
2720 5618 2736 5656 :
2778 5602 2877 5657 vox
2909 5613 2992 5657 est
3016 5602 3367 5673 Dionysiaua,
3422 5603 3621 5673 divinae

2050 5674 2103 5725 in
2134 5689 2233 5728 nos
2269 5672 2529 5727 bonitatis
2570 5670 2969 5728 derivationem
3020 5670 3356 5743 sigui’ticans.
3407 5670 3621 5726 Cottas-

2043 5759 2227 5937 Inst”)
2276 5814 2610 5885 Augustam,
2672 5814 2790 5884 ejus
2845 5813 2985 5868 ﬁlius
3046 5785 3333 5883 adoptione
3390 5809 3615 5866 Justini.

2067 5901 2115 5937 n.

2067 5901 2115 5939 n.
