4444 6436
431 419 536 484 565

1736 405 2413 467 CHRONOGRAPIIIA.

3587 413 3689 475 566

433 546 647 589 συνεσει
682 528 789 602 γὰρ
821 525 850 581 ὁ
891 524 1167 595 Ῥωμανίις
1204 523 1566 591 ἐκεκόσμητο.
1613 516 2006 587 Συμϐαλόντων
2035 519 2080 573 Α
2109 514 2186 570 sis

1935 531 2006 567 ων
2035 519 2080 573 Α
2109 514 2208 581 sis,
2250 516 2511 584 praeclara
2547 516 2815 572 Romanis
2837 518 3029 573 relicta
3057 526 3141 574 est
3174 517 3422 574 victoria.
3454 518 3690 593 Direptis

430 628 490 682 δέ
522 621 772 693 ἀλλήλοις
800 619 897 674 καὶ
935 615 1146 671 πολλῶν
1183 612 1578 683 ἀναιρεθέντων
1619 607 1920 679 Βαρϐάρων
1946 605 2011 669 ⁸⁷,

438 716 668 789 μεγίστη
711 711 997 781 Ῥωμαίων
1024 709 1231 777 γίνεται
1262 706 1387 776 νίκη
1406 721 1419 735 ο
1458 702 1810 758 σκυλεύονται
1833 698 2014 752 τοίνυν

435 812 486 874 οἰ
521 809 808 881 βάρϐαροι,
833 805 929 859 καὶ
946 802 1125 872 ταφῆς
1148 799 1571 871 άμοιρήσαντες,
1596 797 1706 859 τοῖς
1730 794 1773 826 ¹⁸
1804 790 2015 862 θηρίοις

436 904 678 971 γίνονται
719 898 1080 969 κατάϐρωμα.
1117 894 1290 947 Τοῦτο
1326 891 1366 923 ¹⁹
1399 890 1639 952 ἀκούσας
1681 891 1709 943 ὁ
1734 886 1841 940 τῶν
1871 885 2015 955 Περ-

440 992 550 1046 σῶν
592 987 864 1061 βασιλεὺς,
909 987 1002 1040 καὶ
1030 985 1129 1052 τὴν
1169 981 1432 1051 αἰσχύνην
1476 980 1550 1051 μὴ
1590 979 1793 1049 φέρων,
1828 991 2015 1044 γυναι-

438 1084 594 1137 κείαν
622 1082 827 1151 ἐσθῆτα
853 1079 931 1151 τῷ
959 1077 1153 1147 Βαράμ
1191 1074 1498 1142 ἐξέπεμψεν
1516 1089 1530 1104 ’
1564 1070 1660 1125 καὶ
1688 1069 1789 1139 τῆς
1821 1084 2017 1137 στρατ-

441 1174 605 1240 ηγίας
671 1170 859 1224 τοῦτον
914 1168 1235 1222 ἀπέπαυσεν
1269 1165 1334 1217 ὀ.
1375 1160 1704 1232 Νεωτερίζει
1772 1156 1951 1211 τοίνυν
1991 1155 2019 1207 ὁ

442 1263 659 1334 Βαράμ,
694 1262 789 1317 καὶ
834 1260 971 1333 πρὸς
1003 1256 1297 1329 τυραννίδα
1325 1257 1521 1327 χωρεῖ’
1568 1254 1663 1307 καὶ
1704 1248 2019 1320 ἀνθυϐρίζει

440 1355 529 1409 διά
556 1354 901 1424 γραμμάτων
927 1352 1018 1405 τὸν
1063 1349 1385 1421 ⁸ορμίσδαν,
1433 1345 1746 1415 ἐπιγράψας
1774 1343 1873 1409 τήν
1896 1343 2019 1394 ἐπι-

443 1448 671 1517 στολήν·
734 1444 1001 1516 Ὀρμεσδα
1051 1446 1117 1513 τῇ
1177 1441 1407 1510 θυγατρί
1450 1438 1692 1507 Χοσρόου
1743 1438 1771 1489 ὁ
1823 1433 2021 1505 Βαράμ

440 1540 612 1595 ταῦτα
662 1538 965 1593 ἐπιστέλλει
997 1537 1063 1590 “.
1127 1533 1460 1602 Συναγαγὼν
1510 1532 1567 1584 δέ
1636 1531 1702 1585 τὰ
1759 1527 2020 1600 στρατεύο

446 1651 592 1704 ματα
620 1635 688 1696 ",
719 1630 959 1700 ἔφασκεν
991 1627 1321 1696 ἀγανακτεῖν
1350 1628 1398 1663 ⁸³
1425 1624 1517 1678 τὸν
1559 1620 2022 1693 Ὀρμίσδανγκατά

442 1727 549 1779 τῶν
596 1722 1043 1796 στρατευμάτων,
1070 1720 1146 1783 ὡς
1181 1718 1286 1773 ὑπὸ
1329 1715 1614 1787 Ῥωμαίων
1660 1713 2015 1784 ἡττηθέντων.

454 1818 830 1872 Ἐπεδείκνυεν
863 1814 909 1847 ³⁸
938 1814 995 1867 δέ
1022 1813 1117 1866 καὶ
1146 1811 1455 1866 ἐπίπλαστα
1482 1807 1783 1878 γράμματα
1811 1807 1885 1870 ὼς
1916 1806 2023 1860 ἀπὸ

454 1909 744 1981 Ὀρμίσδα,
797 1906 934 1979 πρὸς
985 1906 1046 1959 τὸ
1095 1903 1438 1974 ὑπομειῶσαι
1498 1902 1597 1965 τὰς
1634 1901 1677 1933 ⁸⁵
1704 1900 1812 1953 τῶν
1854 1916 2020 1967 στρα-

443 1998 653 2053 τιωτῶν
685 1999 872 2069 ρόγας,
914 1996 1352 2065 ὑπομιμνήσκων
1388 1991 1583 2055 αὐτοὺς
1624 1991 1686 2044 τό
1722 2008 1781 2043 τε
1812 1989 2021 2060 ἀπηνὲς

445 2093 538 2146 τοῦ
579 2091 845 2162 Ὀρμίσδα
877 2090 972 2143 καὶ
1014 2088 1319 2158 ὠμότατον,
1344 2085 1405 2139 τὸ
1457 2083 1791 2154 φιλάργυρόν
1837 2100 1897 2136 τε
1928 2084 2022 2136 καὶ

447 2184 650 2253 βίαιονο
682 2182 777 2235 καὶ
808 2181 956 2244 ὅπως
1005 2180 1186 2249 φόνοις
1217 2179 1315 2248 μὲν
1358 2176 1749 2248 ἀρεσκόμενος,
1800 2176 2023 2246 εἰρήνης

444 2276 501 2329 δὲ
531 2274 889 2345 ἀπεχόμενος,
925 2273 1021 2326 καὶ
1050 2271 1169 2335 πῶς
1196 2271 1324 2333 τοὺς
1367 2269 1699 2339 μεγιστᾶνας
1725 2270 1772 2301 ¹⁶
1806 2267 2023 2338 δεσμοῖς

448 2364 829 2419 καθυπέϐαλεν
858 2364 933 2396 ⁸⁷·
979 2363 1071 2416 καὶ
1102 2360 1226 2424 τοὺς
1261 2360 1359 2431 μὲν
1398 2359 1542 2427 ξίφει
1571 2358 1865 2429 ἀπέτεμεν,
1900 2359 2022 2421 τοὺς

446 2458 502 2511 δὲ
529 2456 825 2523 ἀπέπνιξεν
869 2456 927 2509 ἐν
956 2454 1035 2526 τῷ
1063 2453 1306 2524 Τίγριδι·
1336 2453 1429 2506 καὶ
1459 2451 1576 2515 πῶς
1610 2451 2023 2521 κατηνάγκαζεν

449 2549 665 2619 Πέρσας
694 2548 751 2600 ἐν
785 2546 1045 2618 μεγάλοις
1075 2544 1333 2615 πολέμοις
1363 2546 1586 2614 χωρεῖν,
1614 2544 1761 2605 ὅπως
1794 2543 2023 2612 διαφθα·

450 2641 607 2711 ρῶσι,
642 2642 735 2693 καὶ
767 2640 842 2710 μὴ
883 2640 1004 2693 κατ’
1044 2636 1212 2692 αὐτοῦ
1246 2638 1635 2691 στασιάσωσιν.
1680 2635 1955 2701 Τοιούτοις
1980 2637 2026 2668 ⁸⁸

448 2732 504 2785 δέ
529 2732 711 2797 λόγοις
762 2730 1053 2800 συμϐαλὼν
1079 2731 1107 2783 ὁ
1137 2728 1335 2800 Βαράμ
1379 2728 1449 2781 τά
1492 2724 1901 2799 στρατεύματα,
1936 2746 2028 2781 τυ-

452 2824 674 2895 ραννίδα
711 2822 955 2894 μεγάλην
986 2822 1126 2876 κατὰ
1165 2804 1428 2892 Ὅρμίσδα
1459 2820 1654 2890 ἐξῆψεν
1675 2837 1686 2851 ·
1717 2821 1813 2874 καὶ
1845 2821 2026 2891 ὅρκοις

449 2918 543 2970 τὸν
570 2915 771 2986 Βαράμ
810 2913 1193 2986 ὀχυρώσαντες
1231 2911 1619 2981 δογματίζουσι
1655 2911 1857 2975 πάντες
1899 2911 2031 2966 καθ-

451 3008 1026 3079 ελεῖντδνΌρμίσδαν.
1042 3005 1103 3060 Ὀ
1127 3006 1185 3059 δέ
1200 3004 1493 3077 Ὀρμίσδας
1508 3007 1552 3045 ’³
1574 3006 1886 3077 Φερογάνην
1917 3005 2028 3075 (87)

450 3106 541 3156 τον
588 3100 850 3169 μάγειρον
883 3099 948 3131 ”⁶
979 3096 1146 3154 αὐτοῦ
1174 3095 1514 3159 καθοπλίσας
1534 3136 1549 3161 ,
1583 3096 1723 3168 μετὰ
1752 3096 2030 3167 δυνάμεως

2118 608 2309 677 spoliis
2377 608 2737 665 Barbarorum
2802 610 2963 680 222
3020 611 3285 667 cadavera
3343 612 3396 666 in
3452 610 3691 668 ferarum

2116 714 2272 757 escas
2321 716 2415 772 per
2463 716 2625 772 agros
2656 703 2864 773 passim
2891 704 3152 773 .exposita
3196 704 3438 774 jacuere.
3483 704 3695 772 Quibus

2119 794 2320 850 auditis
2380 792 2667 850 Persarum
2726 810 2818 851 rex
2866 796 3004 851 tanti
3051 796 3337 853 dedecoris
3385 799 3692 869 impatiens,

2118 888 2369 943 muliebri
2400 899 2550 943 veste
2575 887 2641 942 ad
2680 887 2873 943 Baram
2906 889 3097 956 missa,
3127 890 3286 944 ducis
3316 905 3541 946 munere
3567 907 3692 947 eum

2119 982 2374 1053 privavit.
2432 983 2613 1049 Quare
2658 982 2926 1037 novandis
2980 984 3145 1039 rebus
3200 983 3442 1038 animum
3499 980 3693 1037 Baram

2122 1074 2378 1144 applicat,
2443 1083 2497 1129 et
2552 1074 2896 1145 tyrannidem
2951 1074 3191 1129 excitare
3234 1075 3459 1129 molitur
3508 1093 3521 1128 :
3563 1073 3699 1127 llor-

2122 1166 2350 1221 misdam
2396 1167 2622 1237 insuper
2656 1183 2751 1237 per
2796 1169 3008 1221 litteras
3067 1166 3413 1223 contumeliis
3448 1167 3701 1222 reverbe-

2122 1271 2225 1325 rat,
2268 1261 2424 1317 afﬁxa
2464 1262 2518 1316 in
2581 1261 2695 1316 haec
2745 1262 2912 1315 verba
2972 1260 3697 1328 inscriptione:llormisd:e

2121 1354 2382 1411 Chosrois
2428 1353 2551 1408 ﬁliae
2596 1354 2709 1408 bzec
2767 1352 2960 1407 Baram
3016 1353 3225 1409 scribit.
3282 1352 3362 1407 Ad
3416 1354 3530 1408 haec
3572 1367 3694 1407 cum

2123 1448 2365 1504 exercitu
2393 1447 2717 1510 collocutus,
2742 1446 2813 1501 ob
2834 1444 3042 1501 cladem
3076 1460 3104 1499 a
3125 1445 3388 1501 Romanis
3422 1454 3699 1514 acceptam

2126 1540 2472 1597 llormisdam
2526 1539 2794 1594 militibus
2834 1538 3068 1608 graviter
3104 1552 3451 1602 succensere,
3482 1552 3698 1592 asseve-

2124 1634 2264 1689 ravit
2293 1652 2306 1690 :
2342 1633 2496 1689 ﬁctas
2528 1646 2746 1703 quoque
2774 1630 2987 1685 litteras
3015 1637 3276 1701 tanquam
3310 1629 3378 1685 ab
3409 1627 3698 1683 Hormisda

2124 1727 2346 1790 missas,
2377 1726 2578 1797 quibus
2603 1724 2859 1780 militaria
2917 1723 3190 1793 stipendia
3230 1722 3557 1792 iuberentur
3598 1721 3700 1775 mi-

2125 1819 2243 1882 nui,
2274 1818 2514 1874 ostendit
2549 1834 2562 1870 :
2594 1832 2758 1887 quam
2827 1815 3037 1871 immite
3083 1814 3317 1884 denique
3372 1812 3512 1868 foret
3560 1810 3699 1866 Hor-

2124 1910 2315 1967 misdze
2370 1909 2672 1982 ingenium,
2708 1922 2868 1977 quant
2907 1906 2961 1960 in
3008 1905 3400 1961 immanitatem
3435 1905 3697 1976 proclive,

2124 2011 2325 2073 quanta
2354 2003 2601 2075 pecuniae
2633 2002 2888 2072 cogenda
2937 2000 3126 2066 libido,
3180 2014 3341 2071 quam
3392 2014 3697 2069 propensus

2126 2099 2180 2151 in
2216 2096 2533 2151 violentiam
2561 2095 2801 2158 animus,
2834 2093 3042 2165 ipsisin
3068 2089 3385 2147 memoriam
3402 2104 3696 2157 revocare;

2125 2201 2185 2245 ut
2237 2188 2479 2245 caedibus
2532 2186 2806 2258 gaudeat,
2868 2199 3058 2257 pacem
3111 2191 3412 2246 aversetur,
3463 2182 3699 2238 vinculis
3743 2171 3750 2176 ’

2126 2280 2426 2349 subiecerit
2482 2279 2799 2350 optimates.
2857 2292 2997 2348 quos
3034 2276 3231 2349 partim
3263 2276 3466 2347 gladio,
3501 2275 3699 2345 partim

2126 2367 2367 2437 Tigridis
2396 2366 2614 2424 ﬂuentis
2666 2368 3010 2438 absumpsit;
3059 2373 3119 2421 ut
3150 2366 3401 2422 Persicos
3430 2365 3702 2421 exercitus

2128 2458 2381 2513 diuturna
2413 2459 2553 2513 bella
2613 2460 2888 2515 sustinere
2942 2468 3163 2515 coactos
3209 2458 3457 2515 minuere
3495 2465 3704 2527 satagat

2128 2567 2189 2606 ac
2214 2552 2434 2622 penitus
2474 2551 2826 2619 labefactare,
2866 2567 2933 2606 ne
2962 2551 3231 2607 tumultus
3257 2559 3351 2605 aut
3379 2548 3701 2607 seditionem

2134 2645 2187 2697 in
2215 2660 2337 2699 eum
2369 2652 2645 2709 moveant,
2676 2644 2746 2699 ob
2799 2645 2991 2700 oculos
3023 2658 3351 2713 proponere.
3390 2642 3485 2698 llis
3522 2642 3705 2697 verbis

2129 2736 2430 2792 exercitum
2466 2736 2729 2793 adversus
2759 2735 3104 2793 llormisdam
3136 2736 3506 2801 committens,
3539 2735 3706 2789 maxi-

2132 2842 2273 2881 mam
2332 2826 2386 2881 in
2443 2842 2569 2882 eum
2630 2809 2981 2883 rebellionem
3018 2826 3298 2882 excitavit.
3341 2824 3529 2881 Fidem
3573 2839 3704 2879 vero

2132 2934 2287 2975 suam
2319 2920 2566 2976 adhibito
2620 2920 2983 2989 jurejurando
3027 2920 3221 2974 Baram
3269 2918 3703 2989 obstringentes.

2134 3010 2480 3067 llormisdam
2518 3027 2685 3084 regno
2712 3012 2983 3082 depellere
3027 3020 3080 3068 et
3109 3028 3140 3069 e
3175 3012 3355 3069 medio
3385 3011 3578 3066 tollere
3615 3012 3707 3065 dc-

2133 3112 2442 3157 creverunt.
2503 3101 2573 3157 At
2634 3101 2953 3157 Hormisdas
3011 3102 3384 3172 Plzeroganem
3468 3116 3704 3171 coquum

450 3193 770 3249 ἀπέστειλεν
818 3191 960 3246 κατὰ
992 3191 1207 3263 Βαράμ.
1252 3190 1310 3243 Ὀ
1355 3189 1413 3242 δέ
1466 3187 1665 3260 Βαράμ
1712 3189 1903 3259 ἐδήλου
1952 3189 2029 3258 τῷ
2056 3209 2098 3267 C
2133 3212 2205 3252 sui

1952 3189 2029 3258 τῷ
2056 3209 2098 3267 c
2133 3212 2291 3252 suum
2320 3196 2836 3251 armisinstructunt
2868 3203 2921 3249 et
2942 3211 3138 3266 magno
3166 3194 3703 3262 exercitu-stipatum

450 3286 731 3357 Φερογάνῃ
771 3286 1018 3347 καὶτοῖς
1069 3281 1468 3354 στρατεύμασι,
1519 3282 1601 3336 ὃτι
1649 3281 1711 3335 ού
1759 3281 1840 3334 δεῖ
1890 3281 2030 3335 ὅπλα

452 3379 593 3433 κατὰ
620 3377 845 3447 Περσῶν
876 3375 1241 3446 ἐπιφέρεσθαι
1292 3375 1509 3444 Πέρσας
1531 3391 1545 3407 ο
1581 3374 1675 3428 καὶ
1713 3374 2029 3444 ὑπεμίμνηο

455 3491 584 3527 σκεν
610 3472 809 3536 αὐτοὺς
828 3470 928 3541 τὴν
957 3471 1050 3524 τοῦ
1087 3461 1349 3541 Ὀρμίσδα
1375 3467 1714 3540 τραχύτητα,
1739 3467 1799 3521 τὸ
1823 3468 2028 3530 ἄδικον,

364 3612 381 3621 κ
452 3564 514 3616 τὸ
540 3562 860 3634 αἰμοχαρές,
891 3563 986 3615 καὶ
1016 3560 1302 3630 φιλόφονον
1333 3560 1400 3623 ³ο,
1431 3559 1494 3612 τὸ
1522 3558 1749 3612 ἄπιστον
1790 3560 1883 3613 καὶ
1903 3559 2031 3612 ἀλα-

455 3656 746 3720 ζονικόνπν
775 3671 835 3707 τε
865 3654 957 3706 καὶ
980 3651 1175 3723 βίαιον.
1212 3651 1430 3705 Τούτων
1450 3651 1785 3727 αἰσθόμενον
1817 3651 2032 3715 άληθῶς

455 3746 764 3816 εἰρημένων
792 3744 833 3776 ³¹
867 3744 917 3797 οἱ
964 3742 1095 3814 περὶ
1128 3743 1220 3796 τὸν
1250 3741 1565 3814 Φερογάνην
1609 3741 1729 3794 λαοί
1760 3741 1898 3812 πρὸς
1924 3743 2031 3795 Βα-

457 3838 571 3910 ράμ
606 3836 1017 3908 μετατίθενται·
1053 3835 1262 3889 καὶτὸν
1298 3834 1611 3905 Φερογάνην
1642 3834 1922 3897 ἀνελόντες
1955 3832 2032 3904 τῷ

455 3930 651 4001 Βαρὰμ
703 3927 1025 4000 ὴνῶθησαν·
1074 3928 1170 3982 καὶ
1205 3928 1296 3981 ἐπὶ
1334 3925 1703 3997 Κτησιφῶντα
1742 3925 2029 3996 ὥρμησαν.

466 4020 524 4073 '0
554 4011 610 4073 δὲ
654 4018 945 4091 Ὀρμίσδας
973 4016 1120 4089 εἶχεν
1146 4020 1201 4073 ἐν
1223 4018 1442 4088 δεσμοῖς
1466 4017 1689 4087 Βινδὸην
1712 4016 1805 4071 τὸν
1832 4019 1888 4070 ἐν
1912 4016 2035 4089 ἀξία

459 4112 672 4185 μεγάλῃ
701 4112 978 4166 τελοῦντα.
1015 4109 1105 4165 Ἐν
1133 4111 1189 4164 δέ
1216 4111 1362 4181 σάλῳ
1388 4110 1609 4181 μεγάλῳ
1640 4111 1748 4164 τῶν
1777 4111 2036 4180 πραγμά-

454 4221 564 4256 των
591 4204 760 4257 ὅντων
783 4204 987 4257 Βεσδάν
1022 4204 1065 4240 ³⁸
1104 4202 1217 4273 (88)
1246 4204 1273 4256 ὁ
1301 4201 1396 4256 τοῦ
1448 4201 1663 4255 Βινδὸου
1703 4201 1928 4271 ἁδελφὸς
1958 4202 2036 4266 εἰς

455 4297 556 4366 τὴν
585 4294 830 4367 φρουρὰν
860 4294 1220 4363 εἰσπηδήσας,
1249 4291 1434 4361 ἐξάγει
1460 4294 1504 4326 ³³
1531 4292 1755 4362 Βινδὸην
1780 4294 1871 4347 τὸν
1894 4294 2040 4348 ἀδελ-

459 4387 557 4455 φὸν
582 4386 766 4451 αὐτοῦ,
809 4386 902 4438 καὶ
947 4382 1399 4455 συναθροίσαντες
1439 4383 1641 4453 πλῆθος
1680 4383 1956 4455 ἀγροίκων
1978 4400 2037 4436 τε

460 4480 556 4533 καὶ
582 4477 872 4532 πολιτικῶν
893 4478 938 4511 ⁸⁸
961 4478 1121 4550 τρίτῃ
1142 4477 1261 4547 ὥρᾳ
1284 4479 1381 4547 τῆς
1404 4475 1511 4546 ήμέ
1522 4492 1619 4546 ρας
1636 4476 1973 4545 εἰσέρχονται
1994 4477 2037 4509 ³³

2130 3294 2320 3342 contra
2352 3286 2545 3340 Baram
2592 3286 2884 3341 summisit.
2919 3285 3111 3340 Baram
3142 3302 3205 3340 ex
3240 3285 3471 3340 adverso
3506 3284 3707 3339 Phero-

2130 3382 2252 3452 gani
2279 3388 2333 3437 et
2366 3380 2661 3442 exercitui,
2713 3394 2744 3433 a
2794 3378 2981 3435 Persis
3039 3379 3092 3433 iu
3134 3370 3483 3433 'contribules
3510 3376 3709 3432 Persas

2133 3485 2285 3525 arma
2309 3486 2415 3525 non
2447 3469 2737 3535 movenda,
2774 3468 3050 3541 signiﬁcat
3087 3486 3100 3523 :
3131 3485 3238 3524 una
3261 3469 3423 3524 simul
3455 3483 3707 3538 asperum

2134 3562 2440 3618 llormisda:
2494 3562 2760 3629 animum,
2801 3571 2861 3617 ut
2890 3562 3116 3617 nefariis
3170 3562 3409 3625 actibus,
3444 3561 3711 3632 sanguine

2134 3670 2197 3710 ac
2247 3654 2491 3710 cwdibus
2551 3655 2810 3726 gaudeat,
2852 3656 3084 3711 solerter
3125 3654 3350 3724 exponit
3384 3672 3397 3709 :
3442 3654 3527 3709 his
3560 3652 3710 3708 addit

2138 3747 2263 3811 ﬁdei
2293 3748 2735 3812 inconstantiam,
2774 3747 2976 3803 fastum
3039 3756 3412 3818 arrogantem,
3442 3754 3496 3803 et
3544 3761 3710 3815 supra

2135 3836 2355 3891 modum
2389 3835 2555 3891 animi
2593 3846 2773 3892 motus
2803 3836 3092 3893 violentos.
3118 3837 3454 3908 Pheroganis
3486 3837 3707 3900 milites,

2136 3926 2229 3981 ubi
2258 3927 2397 3986 lucc.
2457 3942 2579 3997 quae
2625 3927 2828 3997 alioqui
2879 3943 3008 3982 vera
3059 3938 3234 3993 erant,
3267 3928 3605 3993 intellexere,
3644 3930 3709 3981 ad

2136 4019 2331 4073 Baram
2367 4018 2709 4083 defecerunt,
2730 4030 2783 4074 et
2816 4019 3135 4092 Pberogane
3159 4021 3345 4075 occiso
3374 4020 3524 4077 illius
3556 4036 3713 4077 exer—
3763 4008 3766 4011 Α

2138 4111 2268 4165 citui
2312 4126 2371 4166 se
2423 4111 2756 4179 adjunxere;
2811 4122 2865 4167 et
2919 4112 2984 4167 ad
3041 4112 3446 4182 Ctesiphontem
3482 4112 3711 4183 profecti

2141 4210 2289 4257 sunt.
2322 4201 2434 4257 Sub
2466 4202 2531 4257 id
2554 4217 2684 4258 vero
2713 4212 2925 4272 tempus
2960 4202 3196 4259 Bindoes
3244 4202 3594 4273 amplissimae
3625 4202 3711 4257 di-

2142 4291 2371 4363 gnitatis
2398 4292 2479 4346 vir
2537 4293 2606 4347 ab
2651 4290 2939 4347 llormisda
2976 4291 3031 4346 in
3065 4292 3299 4346 vinculis
3338 4290 3709 4346 detinebatur.

2142 4386 2312 4443 Porro
2343 4387 2395 4441 in
2429 4388 2773 4457 negotiorum
2797 4389 3033 4457 procella
3052 4401 3375 4457 summaque
3406 4385 3712 4440 animorum

2143 4479 2578 4549 perturbatione,
2636 4478 2840 4534 Besdas
2873 4478 3100 4535 Bindois
3149 4478 3316 4533 frater
3348 4478 3401 4532 in
3434 4492 3714 4533 carcerem

463 4571 541 4631 εἰς
586 4569 655 4623 τά
696 4546 1119 4637 βασίλειαονκαί
1157 4567 1409 4638 εὑρόντες
1458 4566 1552 4620 τὶν
1592 4566 1888 4637 Ὀρμίσδαν
1943 4568 2036 4621 ἐπὶ
2068 4546 2110 4601 D
2142 4546 2218 4636 3:"

1957 4568 2036 4621 ἐπὶ
2068 4546 2110 4601 D
2142 4546 2473 4641 irrumpens,
2503 4570 2762 4626 Bindoem
2795 4569 3016 4625 fratrem
3050 4570 3175 4625 inde
3202 4570 3437 4625 extraxit
3466 4586 3480 4622 :
3506 4577 3560 4624 et
3595 4567 3712 4624 col-

464 4660 655 4732 θρόνου
688 4659 982 4731 βασιλικῶς
1023 4658 1409 4729 καθεζόμενον,
1442 4656 1632 4727 ὕϐρεσι
1671 4657 1860 4711 τοῦτον
1908 4659 2042 4712 πολ-

463 4753 583 4817 λαῖς
632 4751 1011 4807 καθυπέϐαλον
1042 4752 1107 4803 ³⁸.
1145 4751 1205 4804 Ὀ
1253 4752 1309 4804 δέ
1349 4750 1569 4820 Βινδὸης
1621 4752 1904 4821 κρατήσας
1948 4752 2040 4803 τὸν

472 4844 790 4915 ὐρμίσδαν,
820 4843 1075 4914 ἀφείλετο
1110 4842 1153 4874 ³⁷
1176 4842 1237 4895 τὸ
1261 4841 1500 4912 διάδημα
1533 4842 1642 4895 ἀπὸ
1669 4842 1767 4912 τῆς
1794 4842 2033 4912 κεφαλῆς

2140 4659 2279 4715 lecta
2316 4662 2646 4718 rusticorum
2698 4673 2865 4732 atque
2913 4662 3114 4717 civium
3152 4663 3334 4727 turba,
3368 4662 3473 4716 sub
3499 4662 3711 4716 tertiam

2140 4751 2243 4806 diei
2306 4752 2494 4807 horam
2553 4753 2812 4823 palatium
2854 4754 3110 4820 ingressi,
3153 4752 3521 4819 llormisdam,
3552 4769 3712 4823 quem

2128 4843 2311 4939 Iregali
2346 4844 2530 4898 habitu
2573 4845 2787 4900 tltrono-
2816 4845 3143 4900 insidentem
3197 4861 3470 4916 reperere,
3518 4853 3681 4900 contu

1775 4978 2010 5037 VARUS
2045 4979 2425 5037 LECTIONES

466 5171 609 5238 vulg.
686 5172 729 5201 ³³
758 5171 1060 5223 ἐπιστέλλει
1099 5168 1164 5227 Α.
1217 5168 1423 5238 στέλλει
1452 5168 1599 5235 vulg.

469 5235 612 5310 vulg.
688 5240 735 5271 “
758 5240 1103 5310 ἐπεδείκνυεν
1137 5241 1204 5298 Α,
1234 5237 1591 5310 ὑπεδείκνυενΔ
1611 5235 1759 5310 vulg.

468 5327 521 5374 a,
553 5306 662 5374 τοῖς
698 5312 1042 5397 μεγιστάνοις
1075 5308 1113 5374 f,
1158 5307 1486 5395 μεγιστάνας
1506 5306 1650 5374 vulg.

469 5382 616 5433 vulg.
714 5380 813 5433 “6
847 5380 903 5432 δέ
956 5385 1099 5433 (tau.
1152 5383 1214 5433 A.
1290 5380 1430 5433 Οομ.
1479 5376 1535 5428 δέ
1578 5393 1645 5430 vu

469 5396 616 5434 νιιια.

470 5398 616 5449 vutg.
716 5398 813 5433 "0
847 5398 903 5432 οε
956 5398 1099 5448 υρμ.
1152 5398 1214 5440 ιι,
1290 5408 1291 5415 η

470 5451 535 5481 ³³⁸
582 5451 811 5504 ἄπιστον
845 5451 939 5502 καί
975 5447 1172 5511 άλαζον
1228 5448 1291 5511 Α,

469 5536 558 5585 γει
591 5522 628 5572 Α
653 5537 682 5573 a
715 5537 768 5585 e,
809 5518 1017 5586 εἰσάγει
1049 5519 1193 5588 vnlg.

1373 5462 1582 5507 πιστον,
1637 5444 1697 5497 τό
1739 5445 1825 5501 ἀλ.
1866 5444 2010 5512 vulg.

1726 5308 1770 5339 ’τ
1798 5303 2177 5357 καθυπέϐαλεν
2227 5307 2290 5365 Α,
2340 5303 2750 5356 καθυπέϐαλλεν
2787 5306 2928 5371 vulg.

714 5372 813 5433 “'6
847 5380 903 5432 δέ
941 5372 1106 5448 Ὀρμζ
1152 5372 1430 5498 Ᾱ,ήὈΞμ.
1479 5376 1535 5428 δέ
1578 5372 1722 5445 γῖιιε.
1799 5375 1863 5410 ’θ’
1902 5374 1994 5425 τὸν
2052 5374 2350 5443 μάγιστρον
2401 5376 2443 5426 Α
2482 5390 2512 5429 .3
2568 5376 2604 5427 f.
2681 5374 2727 5404 ³⁸
2770 5375 3054 5442 φιλόφονον
3107 5375 3170 5432 Α,
3227 5372 3515 5439 φιλόπονον
3568 5372 3713 5453 vulg.

714 5466 811 5502 τον
845 5451 939 5502 καί
975 5447 1172 5511 άλαζον
1228 5448 1291 5511 Α,
1373 5462 1582 5507 πιστον,
1637 5448 1697 5497 τὸ
1739 5445 1825 5501 ἀλ.
1866 5444 2010 5512 vulg.
2090 5445 2131 5514 ³ν¹
2168 5442 2496 5514 εἰρημένων]
2525 5459 2822 5514 φερομενον
2854 5445 2998 5513 vulg.
3078 5442 3123 5482 ἰ
3156 5443 3440 5514 Batava.
3511 5440 3713 5514 ”_é&a_t-

1278 5489 1291 5511 ,
1336 5460 1582 5507 απιστον,
1637 5460 1697 5497 το
1739 5460 1825 5501 αλ,
1866 5460 2010 5512 vutg.
2090 5460 2131 5473 ··
2168 5460 2496 5514 ειρημενωνι
2525 5460 2822 5513 φερομενον
2854 5460 2998 5513 vutg.
3078 5460 3123 5482 ἰ
3156 5460 3290 5495 ισεστ

1273 5518 1317 5550 ⁸⁸
1343 5515 1632 5570 πολιτικῶν
1666 5516 1730 5578 Α,
1770 5514 2003 5585 πολιτῶν
2034 5513 2176 5585 vulg.
2254 5513 2658 5585 ⁸³λείσέρχονται
2705 5512 2771 5579 Α,
2817 5514 3124 5585 εἰσέρχεται
3152 5513 3296 5584 vulg.

540 5100 581 5131 ¹⁷
608 5100 907 5168 Βαρϐάρων
948 5099 1072 5153 add.
1126 5113 1190 5151 ex
1238 5097 1299 5149 Α.
1381 5098 1423 5131 ¹⁶
1451 5097 1567 5158 τοῖς
1606 5095 1735 5150 add.
1764 5110 1829 5150 ex
1852 5094 1918 5154 Α.
1963 5090 2315 5168 _"‘:0'310A,
2360 5094 2563 5168 τούτων
2608 5095 2753 5159 vulg.
2830 5093 3235 5168 ἐ’-ἀπέπαυσεν,
3269 5093 3336 5168 Α-.
3388 5092 3716 5168 ἀπέπεμψεν

1672 5167 1717 5200 ’⁸
1747 5162 2133 5234 στρατεύματα
2163 5169 2225 5225 A,
2268 5164 2604 5232 στρατόπεδα
2636 5168 2782 5231 vulg.
2859 5165 2905 5195 "
2936 5165 3266 5229 ἀγανακτεῖν
3296 5164 3361 5227 Α,
3392 5165 3718 5229 ἀγανακτῶν

1672 5235 1759 5286 ιΙετ.
1834 5237 1878 5267 ’⁸
1909 5233 2005 5286 τὰς
2035 5233 2159 5286 add.
2203 5248 2265 5286 ex
2298 5235 2362 5286 Α.
2438 5236 2479 5265 ¹⁶
2508 5235 2633 5286 τοὺς
2675 5235 3003 5286 μεγιστᾶνας
3064 5234 3126 5286 Α.
3173 5234 3301 5286 τοὺς
3360 5234 3716 5286 μεγιστάνους

1834 5237 1878 5267 ’⁸
1909 5235 2005 5295 τὰς
2035 5235 2159 5287 add.
2203 5248 2265 5286 ex
2298 5235 2362 5286 Α.
2438 5236 2479 5265 ²⁶
2508 5235 2633 5296 τοὺς

2674 5235 3003 5303 μεγιστᾶνας
3064 5234 3126 5291 Α.
3173 5234 3301 5294 τοὺς
3360 5234 3716 5303 μεγιστάνους

3030 5305 3075 5340 ²⁸
3104 5302 3367 5363 τοιούτοις
3400 5302 3463 5363 Α,
3506 5302 3715 5365 τούτοις

3078 5442 3123 5482 ’ί
3156 5443 3361 5496 Βεστᾶν
3385 5457 3433 5493 a.
3511 5441 3555 5473 ³³
3587 5440 3716 5504 ἐξά-

3399 5512 3444 5551 "
3474 5510 3714 5565 καθυπέ-

471 5578 633 5643 εαλον
667 5595 730 5655 Δ,
754 5578 766 5585 ’
787 5578 1196 5643 καθυπέϐαλλόν
1242 5588 1390 5656 vulg.
1468 5588 1509 5619 ³⁷
1539 5585 1789 5656 ἀφείλετο
1838 5584 1905 5650 Α,
1942 5578 2201 5651 ἀφείλατο
2225 5582 2368 5651 vulg.

1780 5700 1920 5756 ΜΟ.
1951 5698 2158 5756 ϐολιιι
2204 5697 2433 5754 ΝΟΤΑΞ.

567 5824 659 5885 δ’δ’)
716 5825 782 5876 Φε
794 5822 988 5893 ροχάντ,
997 5842 1021 5872 ν
1032 5862 1042 5873 .

2225 5817 2335 5887 (38)
2392 5818 2710 5885 Simocatta,
2742 5816 2980 5889 Βεστάμ.
3012 5817 3356 5883 Anastasius,
3388 5815 3614 5871 Beatam.
