4444 6436
798 408 903 473 575

2205 409 2702 472 THEOPHANIS

3976 409 4078 474 576

873 530 940 581 Α.
972 522 1036 579 C.
1067 522 1193 577 584.
1234 520 1349 576 Hoc
1398 534 1545 575 anno
1586 519 1881 592 Chaganus
1923 521 1990 575 ad
2026 530 2237 593 pactam
2276 522 2379 579 sibi
2411 528 2457 584 Δ
2557 526 2622 580 Α·

2330 522 2379 579 bi
2411 528 2457 584 Α
2557 526 2622 580 Α.
2656 523 2728 578 Μ.
2763 522 2926 580 608ι.
2962 553 3032 564 -
3062 522 3253 595 Τούτῳ
3282 522 3361 594 τῷ
3399 519 3510 576 [ut
3534 523 3563 577 ὀ
3613 522 3865 591 Χαγάνος
3894 522 4076 594 {Circa

811 616 1166 673 Jeeuniarum
1197 626 1470 668 summam
1498 621 1856 686 augmentum
1893 612 2009 668 dari
2048 616 2384 685 postulabat.

808 706 1112 776 imperator
1154 718 1284 759 vero
1324 703 1548 759 barbari
1595 702 1882 762 sermones
1918 707 2147 776 respuit.
2206 707 2389 774 Quare

805 800 1007 869 bellum
1047 811 1312 853 renovare
1359 797 1655 868 Chaganus
1709 799 1999 855 constituit
2034 817 2049 866 ;
2082 816 2207 855 mox
2263 800 2387 854 Sin-

806 891 1059 959 gidonrm
1090 891 1323 957 obtinet,
1382 898 1436 944 et
1485 889 1553 944 ad
1597 889 1859 946 Sirmium
1915 900 2097 948 castra
2131 904 2385 948 metatur.

806 984 1111 1054 imperator
1145 994 1324 1037 autem
1361 983 1609 1039 Priscum
1636 983 1867 1057 EurOpae
1899 987 2095 1042 ducem
2128 988 2385 1043 instituit.

804 1074 1031 1131 Priscus
1073 1074 1387 1129 Salviauum
1420 1075 1523 1131 sub
1556 1092 1616 1131 se
1632 1076 1869 1148 legatum
1907 1078 2090 1149 elegit,
2145 1089 2199 1134 et
2248 1095 2387 1149 prte-

805 1183 1033 1224 eurrere
1068 1179 1193 1229 ante
1237 1169 1399 1239 227
1439 1170 1742 1225 exercitum
1780 1171 1956 1241 jubet.
1996 1172 2055 1227 In
2114 1172 2390 1229 Barbaros

808 1261 995 1331 itaque
1023 1261 1337 1331 irruptione
1369 1261 1539 1327 facta,
1593 1264 1822 1334 aerique
1861 1272 2120 1320 conserto
2174 1267 2385 1337 praelio,

806 1369 977 1424 penes
1009 1352 1288 1409 Romanos
1312 1355 1465 1411 stetit
1496 1356 1730 1410 victoria
1761 1373 1776 1421 ;
1805 1356 1978 1414 eladis
2000 1369 2229 1430 accepto
2251 1376 2389 1414 nun-

806 1448 903 1511 tio,
962 1447 1125 1500 alium
1188 1447 1489 1502 exercitum
1559 1448 1785 1504 instruit
1862 1450 2184 1521 Chaganus,
2236 1461 2290 1505 et
2321 1451 2388 1506 ad

812 1553 1050 1608 pugnant
1102 1537 1401 1608 egreditur.
1448 1539 1746 1595 Salvianus
1792 1551 2134 1597 armatorum
2181 1545 2389 1612 ingenti

806 1629 1155 1685 multitudine
1194 1640 1515 1702 conspecta,
1554 1632 1901 1699 deterretur,
1928 1642 1982 1689 et
2022 1634 2090 1688 ad
2137 1634 2387 1692 Priscum

806 1722 1121 1778 revertitur.
1180 1722 1420 1779 Recessu
1481 1723 1855 1780 Romanorum
1902 1729 2149 1798 cognito,
2194 1744 2391 1785 versus

809 1812 1135 1866 Anchialum
1177 1814 1469 1883 Chagauus
1518 1817 1787 1885 procedit,
1847 1818 2111 1873 Sanctum
2144 1819 2389 1875 Alexan-

808 1903 967 1957 drum
1022 1904 1263 1972 intellige
1299 1915 1392 1960 :et
1436 1916 1590 1961 vasto
1643 1907 1897 1964 incendio
1944 1910 2126 1965 locum
2169 1927 2388 1968 omnem

807 1995 1193 2066 depopulatur.
1224 1996 1349 2051 Inde
1369 1995 1661 2068 Drizepera
1682 1998 1925 2064 divertit,
1950 2009 2006 2055 et
2022 2002 2390 2057 obsidionali-

809 2089 913 2143 bus
940 2088 1214 2143 machinis
1259 2090 1595 2158 comparatis
1621 2090 1884 2160 oppidum
1926 2108 2245 2163 expugnare
2276 2109 2393 2148 mo-

806 2181 959 2236 litur.
1027 2179 1448 2250 Drizeperorum
1512 2182 1706 2236 incolae
1765 2190 1956 2251 pectus
2023 2184 2391 2241 audacissime

806 2275 1436 2346 opposuerezreseratis
1473 2275 1621 2330 enim
1675 2276 1870 2344 portis,
1935 2292 2059 2330 eum
2138 2278 2393 2333 barbaris

806 2380 867 2420 se
911 2365 1126 2420 fortiter
1176 2380 1594 2434 congressuros.
1651 2374 1894 2420 extrema
1933 2368 2265 2423 necessitate
2294 2385 2393 2440 op-

805 2458 983 2527 pressi
1060 2456 1431 2510 minabantur.
1495 2454 1650 2511 Tune
1725 2472 1881 2521 sane,
1935 2466 2068 2513 lllllc
2128 2462 2392 2531 temporis

806 2546 995 2600 divina
1030 2545 1143 2601 illis
1184 2544 1340 2599 affuit
1390 2547 1588 2601 virtus.
1641 2544 1930 2602 Manifesta
1976 2548 2175 2619 quippe
2231 2552 2395 2605 meri-

807 2643 917 2698 diei
981 2643 1102 2698 luce
1152 2641 1531 2697 Romanorum
1597 2642 1789 2711 cepias
1849 2643 1990 2698 urbe
2044 2642 2394 2712 egredientes

808 2753 1034 2793 cernere
1120 2735 1343 2791 Barbari
1417 2736 1522 2792 sibi
1591 2736 1694 2791 visi
1760 2745 1912 2802 sunt,
1970 2744 2026 2791 ct
2089 2738 2392 2793 ineundum

808 2844 1087 2885 armorum
1152 2829 1473 2884 minitantes
1526 2844 1939 2898 congressum:
1977 2846 2046 2886 ex
2093 2846 2205 2901 quo
2258 2847 2394 2887 eon—

810 2923 1038 2985 turbati,
1096 2922 1151 2976 in
1202 2922 1545 2993 praecipitem
1624 2922 1809 2992 fugam
1884 2939 1943 2979 se
2013 2924 2393 2994 projieientes,

807 3014 1135 3068 Perinthum
1195 3028 1256 3067 se
1304 3014 1613 3069 contulere.
1683 3013 1907 3070 Priscus
1966 3028 2151 3071 autem
2219 3018 2395 3074 solius

817 3104 1123 3158 barbariem
1174 3102 1310 3158 aciei
1348 3111 1703 3174 conspectum
1743 3103 1888 3160 ferre
1938 3122 2049 3161 non
2086 3108 2395 3173 sustinens,

2494 616 2815 689 προσθήκας
2845 617 2922 689 (ι)
2957 617 3078 679 ταῖς
3130 615 3428 687 συνθήκαις
3450 615 3501 649 ⁸⁸
3554 614 3877 686 λαμϐάνειν.
3933 614 3991 669 '0
4023 614 4078 668 δδ

2491 712 2850 782 αὐτοκράτωρ
2898 711 3026 774 τοὺς
3059 710 3253 778 λόγους
3298 708 3392 763 τοῦ
3426 709 3705 781 βαρϐάρου
3746 710 3806 763 οὐ
3848 708 4075 780 παρεδέο

2493 804 2621 870 ξατο
2643 804 2710 860 ".
2744 806 2843 858 Διά
2875 803 3080 857 τοῦτοό
3112 802 3367 870 Χαγάνος
3405 803 3579 872 ῆρατο
3602 802 3763 856 πάλιν
3797 800 3888 854 τὸν
3920 801 4067 855 πόλε-

2494 915 2617 968 μον,
2678 897 2772 951 καὶ
2812 896 3097 967 πολιορκεῖ
3128 895 3227 966 τὴν
3275 894 3585 963 Σιγγιδόνα,
3626 893 3721 947 καὶ
3775 909 4075 964 στρατοπε-

2490 989 2805 1044 δεύεικατὰ
2829 989 2889 1043 τὸ
2921 989 3175 1060 Σέρμιον.
3213 986 3272 1040 ’0
3302 987 3359 1041 δὲ
3385 987 3742 1058 αὐτοκράτωρ
3774 984 4077 1055 στρατηγὸν

2490 1083 2593 1153 τῆς
2631 1080 2904 1153 Εὐρώπης
2934 1082 3234 1153 χειροτονεῖ
3262 1081 3353 1134 τὸν
3376 1080 3636 1151 Πρίσκον.
3677 1080 3733 1133 Ὀ
3763 1080 3817 1132 δὲ
3843 1078 4076 1149 Πρίσκος

2492 1178 2583 1229 τὸν
2633 1174 2932 1229 Σαλϐιανὸν
2987 1174 3405 1243 ὑποστράτηγον
3464 1173 3700 1243 ποιήσας
3756 1172 4078 1242 προτρέχειν

2492 1267 2800 1321 ἐκέλευσεν.
2854 1265 2966 1319 Kal
3019 1265 3161 1318 κατὰ
3217 1265 3327 1318 τῶν
3381 1263 3677 1335 βαρϐάρων
3728 1266 4077 1333 χωρήσαντες

2494 1358 2859 1432 συγκροτοῦσι
2882 1359 3119 1426 πόλεμον
3149 1359 3243 1411 καὶ
3281 1357 3506 1411 νικῶσιν
3530 1357 3573 1389 ⁸⁷
3615 1358 3895 1425 Ῥωμαῖοι.
3943 1354 4077 1407 Ὀδι

2492 1456 2745 1523 Χαγάνος
2792 1453 2953 1507 τοῦτο
3008 1450 3286 1521 ἀκηκοὼς,
3340 1448 3626 1503 ἀναλαϐὼν
3671 1448 3766 1511 τὰς
3800 1447 4076 1516 δυνάμεις,

2493 1546 2690 1616 ἐχώρει
2732 1544 2868 1615 πρὸς
2922 1543 3158 1612 πόλεμον
3186 1542 3253 1595 ⁸⁸.
3296 1543 3355 1594 Ὀ
3406 1540 3463 1594 δὲ
3496 1539 3790 1602 meme;
3856 1537 3979 1591 ἰδὼν
4014 1537 4080 1588 τά

2494 1635 2674 1706 πλήθη
2703 1635 2801 1687 καὶ
2839 1620 3235 1701 καταπλαγεὶς,
3272 1631 3408 1701 πρὸς
3458 1630 3699 1700 Πρίσκον
3746 1629 4075 1696 ἀφικνεῖται.

2494 1729 2659 1791 Γνοὺς
2688 1727 2744 1780 δὲ
2767 1727 2795 1780 ὁ
2821 1724 3076 1793 Χαγάνος
3097 1722 3197 1793 τὴν
3220 1723 3330 1775 τῶν
3377 1720 3662 1792 Ῥωμαίων
3705 1718 4079 1789 ὑποχώρησιν,

2496 1823 2571 1885 εἰς
2626 1821 2913 1890 Ἀγχίαλον
2950 1817 3234 1888 ἐξέρχεται
3294 1817 3410 1887 ήτοι
3448 1818 3526 1878 είς
3557 1814 3649 1868 τὸν
3687 1815 3877 1881 Ἀγιον
3936 1811 4083 1865 Ἀλέ-

2498 1912 2755 1984 ξανδρον’
2820 1911 2916 1964 καὶ
2957 1908 3148 1963 τοῦτον
3209 1907 3287 1977 τῷ
3337 1907 3625 1977 παμφάγῳ
3670 1908 3800 1977 πυρὶ
3841 1905 4083 1976 παραδὶς

2493 2005 2707 2058 δωκεν’
2766 2001 3010 2072 μεταϐὰς
3070 2000 3126 2054 δὲ
3190 2000 3271 2064 εἰς
3332 1999 3400 2052 τὰ
3456 1996 3761 2070 Δριζίπερα
3817 1997 4087 2066 ἐπιχειρεῖ

2494 2095 2837 2166 έκπορθῆσαι
2890 2093 2952 2146 τὸ
3008 2094 3274 2162 πόλισμα,
3340 2090 3737 2163 πολιορκητικὰ
3782 2088 4083 2159 ἐξεργασά-

2498 2206 2657 2260 μενος
2695 2188 2925 2259 δργανα.
2975 2188 3039 2240 Οἱ
3080 2185 3136 2239 δὲ
3190 2185 3259 2239 τὰ
3318 2184 3622 2255 Δριζίπερα
3666 2181 3945 2245 οἰκοῦντες
3992 2182 4085 2234 ἐπὶ

2496 2279 2748 2334 πλεῖστόν
2778 2278 2885 2351 [τε]
2914 2277 3229 2348 παρέταξαν
3271 2276 3334 2329 τὸ
3385 2275 3584 2348 Θράσος
3604 2275 3649 2307 ⁸⁹
3691 2276 3792 2346 (5).
3821 2275 3934 2337 Τὰς
3978 2275 4085 2343 γὰρ

2495 2371 2669 2433 πύλας
2698 2368 3165 2433 ἀναπετάσαντες,
3195 2366 3455 2437 ἠπείλουν
3492 2366 3607 2430 τοῖς
3664 2364 3962 2435 βαρϐάροις
3990 2381 4086 2419 πο-

2494 2464 2702 2531 λεμεῖν,
2732 2463 2790 2515 ὲν
2818 2462 2995 2533 δειλίᾳ
3020 2460 3244 2530 ἐξαισίῳ
3273 2459 3427 2521 ὄντες
3461 2458 3507 2489 ⁸⁵
3542 2457 3642 2528 (6).
3680 2459 3815 2511 Τότε
3850 2459 3935 2528 δὴ,
3965 2458 4085 2511 τότε

2497 2555 2640 2609 θεῖαί
2667 2571 2814 2617 τινες
2844 2553 3029 2615 αὐτοῖς
3055 2551 3364 2639 ἐπέστησαν
3402 2549 3663 2619 δυνάμεις
3694 2552 3761 2604 ἰ.
3798 2549 4086 2618 Macedon;

2495 2647 2605 2717 γὰρ
2643 2646 2855 2717 ἡμέρας
2890 2645 3023 2715 ὀρᾷν
3062 2641 3249 2706 ἔδοξαν
3273 2642 3321 2695 οἱ
3368 2640 3635 2712 βάρϐαροι
3672 2641 3961 2711 Ῥωμαίων
3993 2642 4085 2695 δυ-

2498 2742 2694 2810 νάμεις
2730 2737 3052 2803 ἑπεξιούσας
3079 2734 3173 2789 τοῦ
3201 2735 3433 2797 ἄστεως,
3460 2733 3557 2788 καὶ
3586 2733 3803 2803 μέλλειν
3842 2732 4086 2802 συμπλέ-

2498 2832 2711 2898 κεσθαι,
2764 2831 2859 2884 καὶ
2907 2827 3353 2895 καταπλαγέντες
3409 2826 3647 2896 συντόνῳ
3699 2830 3843 2896 φυγῇ
3902 2826 4090 2879 ἀποδι-

2498 2925 2850 2994 δράσκουσιν,
2888 2922 2981 2977 καὶ
3010 2921 3101 2974 ἐπὶ
3127 2920 3226 2991 τὴν
3259 2919 3547 2991 Πείρινθον
3574 2921 3621 2953 ’⁸
3652 2919 3915 2989 γίνονται.
3954 2919 4011 2972 'O
4031 2919 4088 2971 δὲ

2501 3017 2744 3086 Πρίσκος
2796 3014 2931 3084 μηδὲ
2961 3014 3008 3046 ³³
3053 3013 3280 3083 θεωρεῖν
3330 3011 3512 3083 φέρων
3538 3012 3581 3043 ³⁸
3627 3012 3696 3064 τὰ
3751 3010 3929 3081 πλήθη
3979 3010 4088 3064 τῶν

2500 3107 2825 3179 Βαρϐάρων,
2861 3108 2944 3170 εἰς
2990 3108 3050 3160 τὸ
3084 3106 3426 3177 Τζούρουλον
3446 3107 3513 3137 ’δ’
3544 3104 3800 3159 εἰσελθὼν
3828 3104 4089 3175 φρούριον

812 3197 867 3250 in
910 3194 1213 3249 Tzurulum
1259 3205 1505 3249 castrum
1540 3196 1820 3266 ingressus
1848 3198 2097 3267 diligenti
2132 3202 2387 3257 custodia
2426 3232 2471 3293 ρ
2502 3203 2567 3272 ἠσ

2336 3202 2387 3255 ia
2426 3232 2471 3293 ρ
2502 3200 2852 3272 ἠσφαλῐζετο.
2900 3201 2958 3252 '0
3002 3200 3059 3252 δὲ
3114 3199 3389 3271 βάρϐαρος
3444 3199 3538 3252 τὸν
3589 3198 3829 3267 Πρίσκον
3868 3197 4087 3267 πολιορ-

811 3288 982 3344 vitam
1010 3289 1300 3343 tutabatur
1334 3306 1347 3343 :
1380 3288 1581 3343 exinde
1622 3290 1691 3344 ad
1728 3290 2097 3346 obsidendum
2148 3294 2397 3349 Priscum

812 3380 1033 3436 animus
1094 3379 1330 3435 barbaro
1394 3380 1633 3450 principi
1676 3380 1877 3436 factus.
1936 3382 2094 3449 Quod
2150 3400 2273 3440 cmn
2332 3385 2401 3440 ad

811 3469 1135 3525 Mauricium
1188 3470 1501 3541 perlatum,
1545 3472 1677 3542 quid
1732 3482 1942 3544 ageret,
1978 3475 2181 3532 dubius
2220 3477 2399 3533 haesit.

811 3564 966 3618 Bono
1002 3563 1220 3618 tandem
1247 3564 1480 3619 consilio
1506 3565 1779 3621 adversus
1810 3567 2164 3623 innumeram
2200 3570 2401 3625 barba-

812 3672 1001 3712 rorum
1048 3656 1458 3711 multitudinem
1509 3668 1778 3725 armatur,
1836 3668 1891 3715 et
1949 3661 2249 3731 prudentia
2300 3678 2399 3732 op-

812 3756 1039 3820 pugnat.
1094 3747 1169 3803 De
1222 3750 1602 3804 excubitorum
1661 3751 1827 3822 igitur
1856 3768 2086 3808 numero
2122 3770 2290 3809 unum
2329 3756 2397 3810 ad

812 3849 991 3895 castra
1019 3839 1323 3910 profectum
1357 3842 1413 3895 in
1439 3841 1811 3897 Barbarorum
1845 3852 2175 3914 potestatem
2202 3856 2399 3916 sponte

815 3934 1034 4005 prolabi
1071 3934 1233 3990 donis
1264 3934 1577 4006 ingentibus
1628 3944 1682 3991 et
1730 3937 1994 4007 pollicitis
2038 3939 2400 4009 amplioribus

818 4026 1017 4081 suadet
1044 4044 1057 4080 :
1094 4042 1157 4080 ac
1194 4041 1302 4081 una
1346 4028 1509 4082 simul
1542 4027 1609 4082 ad
1640 4026 1891 4083 Priscum
1924 4030 2134 4085 litteras
2162 4032 2212 4086 ei
2246 4046 2402 4086 com-

816 4119 985 4173 mittit
1029 4119 1083 4173 in
1135 4118 1252 4174 haec
1300 4121 1507 4176 verba:
1544 4119 1959 4177 Gloriosissimo
2013 4123 2140 4177 duci
2189 4122 2402 4179 Prisco.

813 4210 1093 4268 Nefarium
1123 4213 1487 4269 Barbarorum
1521 4224 1777 4270 conatum
1806 4230 1875 4269 ne
1902 4214 2235 4272 reformides
2263 4236 2275 4272 :
2300 4217 2396 4288 qui

816 4304 1041 4374 quidem
1091 4306 1265 4360 exitio
1314 4306 1450 4375 ipsis
1496 4305 1624 4360 erit.
1669 4305 2131 4377 Cbaganumcum
2171 4322 2376 4378 magno

2504 3296 2621 3346 κεῖν
2648 3292 2935 3363 ἐνεχείρει.
2964 3290 3152 3344 Ταῦτα
3184 3291 3241 3344 δὲ
3271 3289 3527 3360 ἀκηκοὼς
3557 3291 3887 3359 Μαυρίκιος,
3911 3288 4093 3358 διηπόο

2507 3402 2590 3457 ρει
2617 3384 2669 3437 τί
2708 3384 2919 3453 δράσαι,
2960 3382 3217 3452 εὐϐουλία
3246 3383 3291 3415 ⁸⁸
3317 3382 3393 3453 (7)
3439 3381 3496 3433 δὲ
3532 3379 4091 3453 καταστρατηγεῖτῆς

2502 3478 2733 3549 ἀπείρου
2764 3476 3049 3547 δυνάμεως
3071 3491 3085 3504 ·
3116 3476 3210 3528 καὶ
3230 3474 3326 3527 ἕνα
3351 3472 3461 3526 τῶν
3486 3474 3887 3543 ὲξκουϐιτὸρων
3920 3472 4089 3541 μεγάο

2500 3571 2619 3633 λαις
2659 3571 2891 3639 δωρεαῖς
2925 3569 3019 3619 καὶ
3047 3568 3380 3636 ὑποσχέσεσι
3420 3565 3597 3618 πείθει
3644 3566 3823 3618 ἑκοντὶ
3859 3582 4090 3635 περιπε-

2504 3665 2617 3715 σεῖν
2639 3664 2749 3724 τοῖς
2783 3661 3121 3731 Βαρϐάροις·
3148 3660 3243 3713 καὶ
3275 3659 3488 3712 δίδωσιν
3511 3658 3660 3727 αὐτῷ
3689 3658 3822 3725 πρὸς
3856 3658 4094 3725 Πρίσκον

2502 3754 2808 3824 γράμματα
2832 3752 3153 3822 περιέχοντα
3188 3750 3344 3804 τάδε’
3378 3750 3471 3821 Τῷ
3523 3749 3853 3819 ἐνδοξοτάτῳ
3900 3766 4089 3819 στρατ-

2502 3845 2623 3917 ηγῷ
2654 3844 2894 3915 Πρίσκῳ.
2929 3843 3041 3913 Τήν
3072 3841 3360 3912 ἀλιτηρίαν
3399 3842 3508 3894 τῶν
3556 3841 3860 3911 Βαρϐάρων
3918 3841 4081 3910 ἐγχεί-

2508 3954 2667 4009 ρησιν
2723 3937 2798 4007 μὴ
2852 3934 3168 4006 δειλιάσῃς·
3227 3932 3366 4002 πρὸς
3420 3934 3529 4003 γὰρ
3581 3932 3859 3987 ἀπώλειαν
3917 3933 4095 3987 αὐτῶν

2506 4029 2664 4083 τοῦτο
2694 4029 2937 4098 γέγονεν.
2970 4027 3211 4081 Γίνωσκε
3245 4026 3352 4096 γὰρ
3383 4027 3464 4079 ὅτι
3498 4025 3637 4095 μετὰ
3678 4025 3880 4093 πολλῆς
3907 4024 4117 4096 αἰσχύ--

2509 4139 2607 4192 νης
2646 4122 2757 4191 ἔχει
2791 4122 2819 4173 ὁ
2858 4121 3111 4188 Χαγάνος
3148 4118 3491 4190 ὑποστρέψαι
3530 4118 3610 4181 εἰς
3635 4119 3732 4187 τὴν
3767 4119 4093 4189 ἀφιερωθεῖ-

2514 4230 2614 4267 σαν
2641 4211 2791 4283 αὐτῷ
2823 4212 2927 4265 ὑπὸ
2969 4211 3258 4281 Ῥωμαίων
3304 4209 3510 4281 χώραν.
3555 4210 3653 4263 Διὰ
3698 4208 3857 4263 τοῦτο
3893 4228 4092 4281 καρτε-

2516 4308 2659 4379 ρήσῃ
2686 4306 2733 4339 ⁸⁸
2756 4308 2791 4376 ή
2820 4305 2915 4358 σοῦ
2951 4303 3232 4375 ὲνδοξότης
3276 4305 3335 4356 ὲν
3370 4302 3697 4374 Τζουρούλῳ
3743 4303 4095 4375 περιρὲμϐων

2162 4416 2401 4473 VARUE
2435 4416 2851 4475 LECTIONES.

917 4510 962 4544 ⁸⁸
988 4512 1107 4569 ταῖς
1171 4509 1467 4580 συνθήκαις
1526 4524 1636 4580 om.
1694 4508 1734 4561 Α

822 4579 867 4613 ⁸⁸
895 4583 1019 4634 πολε
1030 4580 1163 4651 μικὰ
1190 4582 1254 4632 Α.

816 4651 1118 4718 διαλέξεσιν
1147 4652 1295 4713 ὄντες
1320 4651 1463 4720 vulg.

818 4794 1274 4862 quemadmodum
1310 4792 1450 4861 conj.
1483 4790 1905 4845 ϐοοκ-,ἀϐουλία
1938 4791 2082 4862 vulg.

1848 4508 1894 4580 _“
1926 4510 2260 4578 παρεδέξατο
2323 4512 2388 4575 Δ,
2445 4513 2630 4566 κατεδ.
2688 4512 2833 4580 vulg.

1332 4577 1374 4613 ³⁸
1393 4579 1716 4653 παρέταξαν
1748 4578 1809 4653 τὸ
1841 4577 1929 4649 θρ.
1986 4577 2051 4653 Α,
2098 4581 2475 4653 παρετάξαντο
2532 4582 2732 4653 θράσος
2781 4577 2961 4653 vulg,
3002 4584 3049 4653 f°
3084 4581 3142 4633 ἐν
3174 4580 3341 4653 δειλίᾳ
3397 4577 3620 4653 ἐξαισίῳ
3656 4580 3807 4653 ὄντες
3834 4578 3876 4630 Δ
3908 4592 3936 4631 e
3971 4578 4095 4653 f,_év

2942 4511 2988 4543 ⁸⁷
3022 4509 3115 4563 καὶ
3161 4510 3385 4562 νικῶσιν
3410 4541 3478 4550 -
3510 4511 3645 4580 προς
3704 4507 3824 4560 πόλ.
3852 4578 3857 4580 Α
3887 4524 3994 4580 om.
4031 4512 4093 4563 Α.

1538 4650 1758 4724 ⁹¹μθεῖαί
1782 4666 1926 4724 τινες
1953 4652 2136 4724 αὐτοῖς
2159 4650 2469 4724 ἐπέστησαν
2495 4650 2755 4724 δυνάμεις
2786 4656 2823 4705 Α
2873 4650 2909 4715 f,
2944 4651 3063 4724 θεία
3114 4668 3197 4724 τις
3228 4652 3649 4724 αὐτοῖςᾼεττέστη
3684 4650 3911 4724 δᾶναμις
3949 4650 4089 4720 vuig.

818 4722 865 4753 ”
891 4721 993 4781 ἕως
1024 4723 1121 4788 τὴν
1158 4723 1223 4777 ΙΙ.
1254 4738 1283 4776 e
1326 4722 1361 4774 Γ.
1417 4718 1671 4793 ί⁹³ῌμηδὲῙ
1702 4720 1776 4793 μὴ
1994 4720 2038 4793 ’ξ
2062 4721 2266 4793 φέρων]
2310 4718 2478 4775 θέλων
2536 4739 2585 4777 a.

2667 4723 2731 4755 ’δ’
2764 4722 3128 4793 Τςουρουλλδν
3162 4722 3226 4775 Α.
3280 4723 3347 4793 7”
3384 4721 3638 4793 εὐϐουλία
3678 4722 3720 4773 Α
3775 4734 3885 4774 sec.
3947 4736 4090 4774 man.

2157 4794 2204 4825 "
2231 4792 2546 4865 καρτερήσῃ
2582 4794 2646 4857 A,
2683 4792 2943 4864 καρτερεῖ
2976 4795 3013 4860 f,
3055 4792 3387 4865 καρτερήσει
3420 4792 3563 4863 vulg.

2105 4910 2244 4967 JAC.
2270 4909 2481 4967 GOARI
2540 4909 2773 4967 NOTAE.

896 5029 1107 5100 (imae
1135 5028 1240 5082 alia
1272 5030 1461 5083 eodem
1496 5032 1657 5084 tertio
1688 5030 1868 5099 capite
1890 5035 1942 5081 et
1962 5027 2141 5100 tribus
2160 5043 2399 5100 sequen-
2423 5036 2478 5096 1)
2505 5038 2731 5100 pretem.
2759 5028 3052 5084 COIBEFIS.

824 5099 996 5165 tibus,
1045 5116 1166 5168 quae
1222 5110 1400 5152 tamen
1457 5102 1666 5169 absque
1723 5099 1989 5169 temporis
2052 5099 2395 5164 discrimine,

821 5173 974 5225 velut
1000 5186 1144 5224 anno
1170 5171 1453 5236 superiore
1481 5181 1629 5239 gesta
1662 5183 1875 5223 narrat.

895 5242 972 5311 (5)
998 5242 1158 5311 Barb.
1189 5282 1203 5306 ,
1246 5240 1369 5292 Ἐπὶ
1417 5242 1669 5293 πλεῖστον
1717 5239 2220 5311 ἀντιπαρετάξαντο
2267 5239 2402 5311 θάρ-

826 5310 941 5374 σοςο
985 5310 1179 5363 Verum
1226 5327 1401 5379 neque
1428 5312 1531 5365 hoc
1567 5328 1786 5371 sanum,
1828 5311 1920 5363 sed
1966 5310 2184 5364 emend.
2218 5326 2283 5363 ex
2317 5310 2403 5364 Si-

829 5397 969 5436 moc.
1000 5384 1037 5435 l.
1075 5398 1125 5434 vt
1162 5396 1213 5434 ο.
1278 5382 1331 5444 5,
1369 5382 1461 5435 uhi
1508 5383 1553 5436 is
1604 5384 1676 5435 ita
1713 5382 1889 5447 effert,
1930 5383 2021 5432 ἐπὶ
2071 5382 2403 5433 ἐπίπλαστον

823 5454 1026 5522 θράσος
1088 5452 1404 5521 ὲφοίτησαν,
1462 5453 1811 5522 confugerunt
1878 5453 1944 5503 ad
2008 5452 2189 5520 fictam
2236 5453 2405 5504 auda-

827 5527 986 5577 riam.
1018 5522 1314 5591 Scripscl'it
1337 5538 1467 5592 ergo
1498 5525 1883 5592 Theophanes,
1900 5522 2234 5575 ἐπίπλαστον
2258 5528 2406 5575 αντι-

829 5612 995 5665 παρ.,
1070 5593 1379 5646 simulatam
1444 5594 1727 5647 audaciam
1788 5602 2175 5661 opposuerunt;
2232 5595 2281 5646 in
2343 5608 2408 5645 eo

828 5664 1136 5718 minutento
1195 5666 1397 5733 posito.
1447 5665 1593 5731 quo'd
1649 5666 1851 5732 apertis
1909 5664 2115 5731 portis,
2170 5679 2407 5733 pugnam

828 5736 1320 5803 rotmuinat'entur,
1359 5736 1416 5786 ὲν
1451 5734 1623 5803 δειλία
1659 5735 1881 5802 ἐξαισίῳ
1920 5734 2109 5795 ὅντεςε
2168 5744 2226 5786 ut
2275 5738 2410 5787 bene

832 5804 946 5858 i'al.
986 5802 1145 5874 Peyr.
1180 5804 1418 5873 legitque
1441 5802 1671 5869 Anast.,
1708 5819 1825 5857 cum
1875 5803 2187 5870 gravissimo
2215 5821 2404 5870 πται-σιτ

832 5885 1156 5929 tenerentur.
1190 5874 1489 5931 Dolcndum
1525 5876 1603 5931 sic
1654 5874 1837 5930 omnia
1895 5875 2191 5929 devorasw
2238 5876 2403 5928 ililL'l-

2574 5102 2651 5168 (6)
2715 5101 2831 5154 Non
2910 5099 3311 5153 contemnenda
3363 5097 3554 5168 lectio,
3588 5096 3753 5151 Barb.
3807 5099 3907 5153 cod
3948 5134 3961 5150 .
3992 5140 4003 5161 ,
4039 5099 4095 5150 ὲν

2499 5167 2805 5251 διαλέξεσιν
2832 5170 2985 5231 ὅντες
3008 5168 3191 5251 '“Pa|..
3227 5178 3407 5251 tamen
3438 5167 3769 5251 \'e_l_Peyrez_.
3815 5170 4097 5237 exempla-

2505 5243 2581 5296 ris
2651 5242 2942 5311 praefertur
2991 5240 3097 5292 alia
3132 5240 3234 5296 ιὲν
3256 5239 3432 5308 δειλία
3497 5239 3721 5307 ἐξαισίῳ
3747 5240 3919 5300 ὄντες,
3978 5255 4097 5307 qum

2506 5313 2804 5367 Anastasio
2854 5321 3075 5379 recepta
3107 5350 3122 5373 ,
3184 5325 3301 5362 rum
3370 5322 3540 5363 essent
3577 5313 3628 5361 in
3688 5312 3972 5375 formidine
4017 5311 4095 5361 in-

2507 5394 2668 5453 genu.

2580 5454 2660 5524 (7)
2708 5453 3015 5521 Legebatur
3050 5449 3401 5524 “cpida.th
3441 5466 3586 5524 num
3617 5451 3869 5524 suspensi
3920 5450 4093 5524 animi

2511 5521 2763 5583 dubium,
2799 5535 2852 5577 et
2894 5523 3202 5577 hacsitantia
3234 5521 3405 5574 felicis
3435 5522 3657 5574 consilii
3702 5521 3937 5589 parens?
3979 5521 4093 5573 Non

2514 5596 2609 5647 ita.
2650 5594 2916 5647 Εὐϐουλέα
2952 5594 3136 5661 itaque
3181 5592 3431 5662 prosperi
3484 5606 3781 5644 successus
3833 5600 4006 5643 mater
4047 5601 4098 5641 et

2513 5666 2687 5731 origo.
2724 5664 3177 5719 Etnenlatiouem
3237 5662 3526 5715 confirmat
3575 5662 3929 5723 AnaSIasius,
3974 5673 4097 5711 tunc

2516 5738 2709 5801 optimo
2786 5736 2917 5788 inito
2982 5732 3205 5788 consilio
3244 5742 3507 5787 armatur.
3555 5744 3659 5785 etc.
3710 5732 3894 5784 Situoe
3953 5732 3975 5782 l.
4024 5745 4097 5791 \",

2515 5828 2562 5861 ρ.
2595 5808 2645 5864 Si,
2684 5806 2960 5873 agn/gyan;
2989 5802 3277 5856 ἀκόλουθον
3311 5802 3507 5873 βουλὴν
3539 5801 3946 5872 προηνέγκατο.
