4444 6436
437 418 543 482 565

1742 402 2311 464 CHRONOGRAPI]
2324 404 2419 463 1A.

3594 408 3695 471 566

438 543 652 586 συνέσει
687 526 796 599 γὰρ
827 522 856 579 δ
897 522 1173 594 Ῥωμανδς
1210 521 1571 589 ἐκεκόσμητο.
1618 514 2011 584 Συμϐαλόντων
2042 516 2086 569 Α
2115 511 2193 568 sis

1941 529 2011 564 ων
2042 516 2086 569 Α
2115 511 2214 577 sis,
2256 513 2516 581 praeclara
2554 512 2820 569 Romanis
2842 515 3035 570 relicta
3063 522 3147 570 est
3180 514 3428 570 victuria.
3459 514 3696 589 Direptis

436 625 496 681 δέ
527 620 778 691 ἀλλήλοις
806 617 903 671 καὶ
942 612 1152 669 πολλῶν
1188 610 1585 681 ἀναιρεθέντων
1625 604 1926 676 Βαρϐάρων
1952 602 2017 666 ¹⁷,

443 714 675 788 μεγίστη
717 709 1004 779 Ῥωμαίων
1030 706 1237 775 γίνεται
1269 704 1393 774 νίκη
1412 719 1425 733 °
1464 699 1816 755 σκυλεύονται
1839 695 2021 750 τοίνυν

440 787 493 871 οἰ
527 807 815 879 βάρϐαροι,
840 803 936 857 καὶ
952 800 1131 870 ταφῆς
1154 797 1577 868 ἁμοιρήσαντες,
1602 795 1713 856 τοῖς
1736 791 1779 823 ¹⁸
1810 787 2021 860 Θηρίοις

442 902 684 969 γίνονται
726 895 1087 967 κατάϐρωμα.
1123 891 1296 945 Τοῦτο
1332 889 1372 920 ¹⁹
1405 887 1645 949 ἀκούσας
1687 888 1715 940 ὁ
1740 884 1847 937 τῶν
1878 882 2021 952 Περ-

446 990 556 1044 σῶν
599 986 871 1059 βασιλεὺς,
916 985 1009 1038 καὶ
1037 982 1135 1051 τὴν
1175 979 1438 1049 αἰσχύνην
1482 977 1556 1048 μὴ
1597 976 1799 1047 φέρων,
1834 988 2021 1041 γυναι-

445 1082 600 1136 κείαν
630 1080 833 1149 ἐσθῆτα
860 1076 938 1149 τῷ
965 1074 1159 1144 Βαράμ
1198 1071 1504 1140 ἐξέπεμψεν
1523 1086 1536 1101 ·
1571 1067 1666 1122 καὶ
1694 1067 1795 1136 τῆς
1827 1080 2023 1134 στρατ-

447 1171 610 1239 ηγίας
677 1168 866 1222 τοῦτον
920 1166 1242 1220 ἀπέπαυσεν
1275 1162 1341 1215 ὀ.
1381 1157 1710 1229 Νεωτερίζει
1778 1154 1957 1208 τοίνυν
1997 1152 2024 1204 ὁ

448 1261 666 1332 Βαράμ,
701 1260 796 1314 καὶ
841 1258 978 1330 πρὸς
1010 1254 1303 1327 τυραννίδα
1332 1255 1528 1324 χωρεῖ’
1574 1252 1669 1305 καὶ
1710 1246 2025 1317 ἀνθυϐρίζει

447 1353 536 1406 διὰ
562 1352 908 1422 γραμμάτων
933 1350 1025 1402 τ’ὸν
1070 1346 1391 1418 Ὀρμίσδαν,
1440 1342 1752 1412 ἐπιγράψας
1781 1341 1879 1407 τὴν
1903 1340 2025 1391 ἐπι-

450 1445 678 1514 στολήν·
741 1442 1008 1513 Ὀρμίσδα
1058 1444 1125 1511 τῇ
1183 1439 1414 1507 θυγατρὶ
1457 1435 1699 1505 Χοσρόου
1750 1435 1778 1487 ὁ
1830 1430 2027 1501 Βαρὰμ

447 1539 619 1593 ταῦτα
668 1536 973 1591 ἐπιστέλλει
1004 1534 1071 1587 ¹¹.
1133 1530 1466 1600 Συναγαγὼν
1518 1530 1574 1581 δὲ
1642 1528 1708 1582 τὸ
1765 1524 2027 1596 στρατεύο

453 1649 599 1702 ματα
628 1633 695 1693 ’³,
726 1628 966 1698 ἔφασκεν
998 1625 1327 1694 ἀγανακτεῖν
1356 1626 1405 1660 ’³
1432 1622 1524 1674 τὸν
1566 1617 2028 1691 Ὀρμίσδανηκατὰ

448 1726 556 1777 τῶν
603 1720 1050 1793 στρατευμάτων,
1077 1718 1154 1780 ὡς
1188 1715 1293 1770 ὑπὸ
1336 1712 1621 1784 Ῥωμαίων
1666 1711 2022 1781 ἡττηθέντων.

461 1815 837 1870 Ἐπεδεὶκνυεν
870 1812 916 1845 ’⁸
945 1812 1002 1864 δὲ
1029 1810 1124 1864 καὶ
1153 1808 1461 1863 ἐπίπλαστα
1489 1804 1791 1875 γράμματα
1817 1804 1892 1866 ὡς
1923 1803 2029 1857 ἀπὸ

461 1907 751 1978 Ὀρμίσδα,
804 1904 942 1976 πρὸς
992 1904 1053 1957 τὸ
1102 1901 1445 1971 ὕπομειῶσαι
1505 1899 1604 1961 τὰς
1641 1899 1685 1930 ’⁸
1710 1897 1818 1950 τῶν
1861 1913 2027 1964 στρα-

450 1996 661 2050 τιωτῶν
692 1996 880 2066 ρόγας,
921 1993 1360 2063 ὑπομιμνήσκων
1395 1988 1590 2051 αὐτοὺς
1631 1988 1693 2041 τό
1729 2005 1788 2040 τε
1819 1986 2028 2057 ἀπηνὲς

453 2091 545 2144 τοῦ
586 2088 853 2160 Ὀρμίσδα
884 2087 979 2141 καὶ
1021 2085 1327 2155 ὠμότατον,
1352 2082 1413 2136 τὸ
1465 2080 1798 2151 φιλάργυρόν
1845 2096 1904 2133 τε
1935 2081 2029 2133 καὶ

455 2182 657 2252 βίαιον·
689 2180 784 2233 καὶ
815 2179 963 2241 ὅπως
1013 2177 1194 2247 φόνοις
1224 2176 1323 2246 μὲν
1365 2173 1757 2245 ἀρεσκόμενος,
1808 2172 2031 2243 εἰρήνης

451 2274 509 2327 δὲ
538 2273 897 2343 ἀπεχόμενος,
933 2270 1029 2323 καὶ
1058 2268 1177 2333 πῶς
1204 2268 1332 2330 τοὺς
1374 2265 1705 2337 μεγιστᾶνας
1733 2266 1779 2298 ’⁵
1813 2264 2031 2335 δεσμοῖς

456 2362 837 2416 καθυπέϐαλεν
865 2361 909 2393 ⁸⁷
930 2377 941 2389 °
986 2360 1079 2414 καὶ
1110 2358 1233 2421 τοὺς
1269 2357 1366 2428 μέν
1406 2356 1549 2424 ξίφει
1578 2354 1872 2426 ἀπέτεμεν,
1907 2355 2029 2417 τοὺς

454 2456 511 2509 δέ
536 2453 832 2521 ἀπέπνιξεν
877 2454 935 2507 ἐν
964 2452 1043 2523 τῷ
1071 2450 1314 2521 Τίγριδι’
1344 2450 1437 2504 καὶ
1467 2449 1583 2512 πῶς
1618 2448 2031 2518 κατηνάγκαζεν

456 2546 673 2617 Πέρσας
701 2546 759 2598 ἐν
793 2544 1053 2615 μεγάλοις
1082 2541 1341 2612 πολέμοις
1371 2542 1593 2611 χωρεῖν,
1622 2542 1769 2602 ὅπως
1800 2541 2030 2609 διαφθα-

458 2638 614 2709 ρῶσι,
650 2639 742 2690 καί
774 2638 849 2707 μὴ
891 2637 1011 2690 κατ’
1052 2634 1220 2689 αὑτοῦ
1255 2635 1641 2689 στασιάσωσιν.
1687 2632 1963 2698 Τοιούτοις
1987 2633 2033 2664 ’³

456 2730 511 2783 δὲ
538 2729 718 2795 λόγοις
769 2728 1060 2798 συμϐαλὼν
1088 2728 1115 2780 ό
1145 2726 1342 2797 Βαράμ
1386 2725 1457 2779 τὰ
1499 2724 1908 2797 στρατεύματα,
1944 2743 2036 2779 τυ-

460 2822 683 2892 ραννίδα
719 2819 963 2892 μεγάλην
994 2819 1134 2873 κατὰ
1174 2802 1436 2889 θορμίσδα
1467 2817 1662 2887 ἐξῆψεν
1682 2834 1694 2847 ·
1725 2819 1821 2871 καὶ
1853 2818 2034 2888 ὅρκοις

457 2916 550 2968 τὸν
578 2912 779 2985 Βαρὰμ
818 2910 1202 2983 ὀχυρώσαντες
1240 2909 1627 2979 δογματίζουσι
1662 2909 1865 2972 πάντες
1907 2909 2038 2963 καθ-

459 3007 599 3061 ελεῖν
613 3008 703 3059 τὸν
719 3003 1110 3076 Ὀρμίσδαν.⁹0
1135 3004 1193 3057 δὲ
1208 3002 1500 3075 Ὀρμίσδας
1516 3004 1560 3042 ³ο
1582 3003 1894 3073 Φερογάνην
1925 3002 2036 3071 (87)

458 3104 548 3154 τον
596 3097 858 3168 μάγειρον
891 3097 957 3128 ⁸⁸·
986 3094 1155 3151 αὑτοῦ
1182 3093 1522 3156 καθοπλίσας
1542 3133 1557 3158 ,
1591 3093 1731 3164 μετά
1759 3093 2039 3165 δυνάμεως

2124 604 2315 674 spoliis
2384 605 2744 661 Barbarorum
2808 607 2969 676 222
3026 607 3291 664 cadavera
3349 609 3402 663 in
3459 607 3698 664 ferarum

2122 710 2279 754 escas
2328 713 2421 769 per
2469 713 2631 769 agros
2661 699 2870 770 passim
2898 701 3159 769 .exposita
3203 700 3444 771 iacuere.
3490 700 3702 767 Quibus

2125 791 2326 847 auditis
2387 789 2673 847 Persarum
2732 808 2823 848 rex
2872 793 3011 847 tanti
3058 793 3343 849 dedecoris
3392 795 3699 865 impatiens,

2125 885 2375 940 muliebri
2406 896 2556 941 veste
2581 883 2647 939 ad
2686 884 2879 939 Baram
2913 886 3103 952 missa,
3134 886 3292 940 ducis
3322 900 3547 942 munere
3574 903 3699 942 eum

2126 980 2380 1050 privavit.
2438 980 2619 1046 Quare
2664 979 2932 1034 novandis
2986 980 3152 1036 rebus
3206 979 3449 1035 animum
3505 977 3700 1034 Baram

2128 1070 2385 1141 applicat,
2449 1080 2503 1126 et
2558 1071 2902 1141 tyrannidem
2958 1071 3197 1125 excitare
3241 1071 3465 1125 molitur
3514 1088 3527 1124 :
3568 1069 3706 1123 llor-

2129 1163 2356 1219 misdam
2403 1164 2629 1234 insuper
2662 1181 2757 1233 per
2802 1166 3015 1219 litteras
3074 1163 3420 1219 contumeliis
3454 1163 3707 1218 reverbe-

2128 1267 2232 1322 rat,
2275 1258 2430 1314 afﬁxa
2470 1259 2525 1313 in
2587 1258 2701 1313 bare
2752 1259 2919 1313 verba
2979 1256 3705 1325 inscriptione:Hormisdm

2128 1351 2389 1407 Chosrois
2435 1350 2557 1405 ﬁliae
2602 1351 2715 1405 lucc
2774 1349 2967 1403 Baram
3022 1349 3232 1405 scribit.
3289 1348 3369 1403 Ad
3422 1349 3536 1404 haec
3579 1363 3701 1403 cum

2130 1445 2372 1501 exercitu
2400 1444 2724 1506 collocutus,
2749 1443 2820 1497 ob
2841 1441 3049 1497 cladem
3083 1457 3111 1496 a
3132 1442 3395 1497 Romanis
3429 1450 3706 1510 acceptam

2132 1536 2479 1594 llormisdam
2533 1535 2801 1590 militibus
2840 1534 3075 1604 graviter
3111 1549 3458 1598 succensere,
3489 1548 3705 1588 asseve-

2131 1631 2271 1686 ravit
2300 1649 2313 1687 :
2348 1630 2503 1685 ﬁctas
2534 1642 2752 1700 quoque
2780 1627 2994 1682 litteras
3022 1633 3283 1698 tanquam
3316 1625 3384 1681 ab
3415 1623 3705 1679 Hormisda

2132 1724 2353 1787 missas,
2385 1723 2585 1794 quibus
2610 1721 2866 1776 militaria
2923 1718 3197 1790 stipendia
3237 1718 3564 1789 iuberentur
3606 1716 3708 1773 mi-

2132 1816 2250 1879 nui,
2281 1814 2521 1871 ostendit
2556 1831 2569 1867 :
2602 1828 2765 1883 quam
2834 1811 3044 1867 immite
3090 1810 3324 1880 denique
3379 1808 3519 1864 foret
3567 1805 3706 1861 Hor-

2131 1907 2321 1964 misdze
2377 1906 2679 1979 ingenium,
2716 1920 2875 1974 quam
2914 1903 2968 1957 in
3016 1901 3408 1957 immanitatem
3442 1901 3704 1972 proclive,

2130 2008 2333 2069 quanta
2362 2000 2608 2071 pecuniae
2640 1998 2896 2068 cogendae
2945 1996 3134 2063 libido,
3187 2010 3347 2067 quam
3399 2010 3705 2064 propensus

2134 2096 2187 2148 iu
2223 2093 2539 2148 violentiam
2569 2091 2807 2155 animus,
2842 2089 3049 2161 ipsisin
3075 2086 3392 2144 memoriam
3410 2101 3704 2152 revocare;

2132 2197 2191 2241 ut
2244 2185 2486 2242 caedibus
2539 2183 2813 2254 gaudeat,
2875 2196 3066 2253 pacem
3119 2187 3420 2241 aversetur,
3470 2178 3706 2234 vinculis
3750 2166 3758 2171 ’

2134 2277 2433 2346 subiecerit
2490 2275 2806 2347 optimates.
2864 2289 3004 2344 quos
3041 2272 3239 2345 partim
3270 2271 3474 2343 gladio,
3508 2270 3706 2341 partim

2134 2363 2375 2433 Tigridis
2404 2363 2621 2420 ﬂuentis
2673 2363 3017 2434 absumpsit;
3067 2370 3126 2417 ut
3158 2362 3409 2418 Persicos
3437 2361 3709 2417 exercitus

2135 2454 2388 2509 diuturna
2420 2455 2561 2510 bella
2621 2456 2896 2511 sustinere
2950 2464 3170 2511 coactos
3217 2455 3464 2510 minuere
3502 2460 3712 2523 satagat

2136 2564 2197 2603 ac
2221 2549 2441 2619 penitus
2481 2547 2833 2615 labefactare,
2873 2563 2941 2603 ne
2969 2547 3238 2603 tumultus
3265 2555 3359 2601 aut
3386 2544 3709 2603 seditionem

2142 2642 2195 2694 in
2223 2656 2344 2696 eum
2377 2647 2653 2705 moveant,
2683 2640 2754 2695 ob
2807 2641 2998 2696 oculos
3030 2654 3359 2710 proponere.
3398 2638 3493 2693 llis
3531 2638 3713 2693 verbis

2137 2733 2437 2788 evercitum
2474 2732 2736 2789 adversus
2767 2732 3112 2788 llormisdam
3144 2732 3514 2796 committens,
3547 2731 3714 2785 maxi-

2140 2839 2281 2877 mam
2340 2823 2393 2878 in
2451 2839 2576 2878 eum
2638 2804 2988 2879 rebellionem
3026 2822 3306 2878 excitavit.
3348 2820 3537 2877 Fidem
3580 2835 3712 2875 vero

2140 2931 2295 2973 suam
2326 2916 2573 2972 adhibito
2627 2916 2991 2985 iureiurando
3034 2915 3230 2970 Baram
3277 2914 3711 2984 obstringentcs.

2142 3007 2488 3064 ilormisdam
2526 3024 2693 3080 regno
2719 3008 2991 3079 depellere
3035 3017 3088 3064 et
3118 3024 3147 3064 c
3184 3007 3363 3064 medio
3393 3007 3586 3062 tollere
3623 3008 3715 3060 de.-

2141 3109 2450 3154 creverunt.
2511 3098 2580 3154 At
2642 3097 2960 3154 Hormisdas
3019 3098 3392 3168 Plzeroganem
3476 3112 3712 3166 coquum

458 3191 778 3247 ἀπέστειλεν
826 3189 968 3244 κατὰ
1001 3189 1215 3260 Βαράμ.
1260 3187 1318 3241 Ὀ
1363 3187 1420 3240 δέ
1474 3184 1673 3257 Βαράμ
1720 3186 1911 3257 ἐδήλου
1960 3186 2038 3255 τῷ
2064 3206 2106 3263 C
2141 3208 2213 3250 βω

1960 3186 2038 3255 τῷ
2064 3206 2106 3263 c
2141 3208 2298 3250 suum
2328 3192 2843 3248 armisinstructum
2876 3200 2929 3246 et
2950 3207 3145 3262 magno
3175 3190 3711 3258 exercitu-stipatum

458 3284 739 3355 Φερογάνῃ
780 3283 1026 3345 καὶτοῖς
1077 3278 1476 3352 στρατεύμασι,
1527 3279 1609 3333 ὃτι
1656 3278 1719 3332 ού
1767 3278 1848 3331 δεῖ
1898 3278 2038 3332 ὅπλα

460 3377 601 3431 κατὰ
629 3375 853 3445 Περσῶν
884 3373 1249 3443 ἐπιφέρεσθαι
1300 3373 1517 3442 Πέρσας
1539 3388 1553 3404 ·
1588 3371 1683 3425 καὶ
1721 3371 2037 3441 ύπεμίμνηυ

463 3488 592 3525 σκεν
619 3470 817 3533 αὐτοὺς
837 3468 936 3538 τὴν
965 3468 1059 3522 τοῦ
1095 3458 1357 3538 Ὀρμίσδα
1383 3465 1722 3537 τραχύτητα,
1747 3464 1807 3518 τδ
1832 3465 2036 3527 ἄδικον,

374 3608 391 3619 ,.
460 3562 522 3614 τὸ
549 3560 869 3631 αίμοχαρὲς,
900 3560 995 3612 καὶ
1024 3557 1311 3627 φιλόφονον
1341 3557 1408 3621 ³ο,
1439 3556 1502 3609 τὸ
1530 3555 1758 3609 ἄπιστον
1799 3557 1892 3609 καὶ
1911 3555 2040 3609 ἀλα-

463 3654 673 3718 ζονικόν
691 3653 755 3683 ³⁰”
784 3669 843 3704 τε
873 3652 965 3704 καί
989 3649 1184 3721 βίαιον.
1221 3648 1439 3702 Τούτων
1457 3648 1795 3724 αἰσθόμενοιί
1825 3647 2040 3712 ἀληθῶς

465 3743 773 3814 εἰρημένων
801 3742 843 3774 ³¹
876 3742 926 3794 oi
973 3740 1103 3810 περὶ
1136 3741 1229 3794 τὸν
1258 3739 1574 3811 Φερογάνην
1617 3738 1737 3791 λαοὶ
1769 3738 1906 3809 πρὸς
1932 3740 2039 3792 Βα-

466 3836 580 3907 ράμ
614 3833 1026 3905 μετατίθενται·
1062 3832 1270 3887 καὶτὸν
1306 3831 1619 3902 Φερογάνην
1650 3832 1930 3893 ἀνελόντες
1964 3829 2041 3901 τῷ

464 3928 660 3999 Βαράμ
712 3925 1034 3998 ὴνώθησαν·
1084 3926 1178 3980 καὶ
1213 3925 1304 3978 ἐπὶ
1342 3922 1711 3993 Κτησιφῶντα
1750 3922 2037 3993 ὥρμησαν.

475 4018 533 4071 '0
563 4009 619 4071 δὲ
663 4016 954 4089 Ὀρμίσδας
982 4013 1129 4086 εῖχεν
1154 4018 1210 4070 ἐν
1231 4015 1451 4086 δεσμοῖς
1474 4014 1697 4084 Βινδόην
1721 4013 1813 4068 τὸν
1840 4017 1897 4067 ἐν
1920 4014 2044 4086 ἀξίᾳ

468 4110 681 4183 μεγάλῃ
710 4110 987 4163 τελοῦντα.
1024 4107 1113 4163 Ἐν
1141 4109 1197 4162 δὲ
1225 4108 1371 4178 σάλῳ
1396 4108 1618 4178 μεγάλῳ
1648 4108 1757 4161 τῶν
1785 4108 2044 4177 πραγμά-

463 4219 573 4255 των
600 4202 769 4255 6ντων
793 4202 996 4255 Βεσδάν
1030 4202 1073 4238 ³¹
1112 4200 1225 4271 (88)
1254 4202 1282 4254 ὁ
1310 4198 1404 4253 τοῦ
1456 4198 1671 4253 Βινδόου
1711 4199 1937 4269 ἁδελφὸς
1966 4200 2044 4263 εἰς

464 4296 565 4365 τὴν
594 4293 839 4365 φρουρὰν
869 4292 1229 4361 εἰσπηδήσας,
1258 4288 1442 4359 ἐξάγει
1469 4291 1512 4324 ³³
1539 4290 1764 4359 Βινδόην
1789 4291 1880 4344 τὸν
1902 4292 2048 4345 ἁδελ-

468 4385 567 4453 φδν
591 4384 775 4448 αὑτοῦ,
818 4384 912 4436 καὶ
957 4380 1408 4453 συναθροίσαντες
1448 4380 1649 4450 πλῆθος
1689 4380 1964 4453 ἀγροίκων
1987 4397 2045 4433 τε

470 4478 565 4531 καὶ
590 4475 882 4530 πολιτικῶν
903 4476 947 4508 ³⁵
970 4476 1130 4547 τρίτῃ
1151 4475 1269 4545 ὥρα
1292 4476 1389 4543 τῆς
1413 4473 1519 4544 ὴμέ
1530 4490 1627 4543 ρας
1645 4473 1982 4543 εἰσέρχονται
2002 4474 2046 4507 ³⁸

2138 3292 2328 3339 contra
2360 3283 2554 3337 Baram
2600 3282 2891 3338 summisit.
2926 3281 3118 3336 Baram
3150 3298 3213 3335 ev
3248 3282 3479 3335 adverso
3514 3280 3715 3334 Phero-

2139 3378 2260 3449 gani
2287 3385 2341 3433 et
2374 3376 2669 3439 exercitui,
2722 3390 2751 3429 a
2802 3374 2988 3430 Persis
3048 3375 3100 3429 in
3141 3366 3491 3429 'contribules
3518 3372 3717 3427 Persas

2141 3482 2293 3522 arma
2317 3482 2423 3522 non
2455 3466 2744 3530 movenda,
2782 3464 3058 3537 signiﬁcat
3094 3482 3109 3519 :
3140 3480 3246 3519 una
3269 3464 3431 3519 simul
3464 3479 3715 3533 asperum

2143 3559 2448 3615 llormisda:
2502 3558 2768 3625 animum,
2808 3566 2868 3613 ut
2898 3558 3124 3613 nefariis
3178 3557 3417 3621 actibus,
3453 3557 3720 3627 sanguine

2143 3667 2206 3707 ac
2256 3651 2499 3706 caedibus
2559 3652 2818 3722 gaudeat,
2860 3652 3092 3707 solerter
3134 3649 3404 3720 exponit:
3450 3649 3535 3703 bis
3568 3648 3719 3703 addit

2146 3744 2271 3807 ﬁdei
2301 3743 2743 3809 inconstantiam,
2782 3743 2983 3799 fastum
3047 3753 3420 3814 arrogantem,
3450 3750 3504 3799 et
3552 3756 3718 3810 supra

2144 3832 2363 3888 modum
2397 3832 2563 3888 animi
2602 3842 2781 3888 motus
2812 3832 3100 3888 violentos.
3127 3833 3462 3903 Pberoganis
3494 3833 3715 3895 milites.

2144 3923 2238 3978 ubi
2266 3924 2405 3983 bzec.
2465 3938 2587 3993 quae
2634 3923 2836 3993 alioqui
2888 3939 3017 3978 vera
3068 3934 3243 3989 erant,
3275 3924 3613 3988 intellexere,
3653 3925 3717 3977 acl

2144 4016 2339 4069 Baram
2375 4015 2717 4079 defecerunt,
2738 4026 2791 4070 et
2824 4015 3143 4088 Pberogane
3168 4017 3353 4071 occiso
3382 4015 3532 4072 illius
3564 4032 3721 4072 exer-
3771 4003 3774 4007 ’

2147 4107 2277 4162 citui
2321 4123 2380 4163 se
2432 4108 2765 4175 adiunxere;
2820 4117 2874 4164 et
2928 4108 2992 4163 ad
3050 4108 3455 4178 Ctesiphontem
3491 4107 3719 4179 profecti

2150 4206 2297 4253 sunt.
2330 4198 2442 4254 Sub
2474 4198 2527 4254 id
2562 4214 2692 4254 vero
2721 4208 2934 4268 tempus
2970 4198 3205 4254 Bindoes
3253 4197 3602 4269 amplissimae
3634 4197 3720 4253 di-

2150 4288 2380 4359 gnitatis
2406 4289 2488 4343 vir
2546 4290 2614 4343 ab
2659 4287 2947 4344 liormisda
2985 4288 3039 4342 in
3073 4288 3308 4342 vinculis
3347 4286 3718 4342 detinebatur.

2150 4384 2320 4440 Porro
2351 4384 2403 4437 in
2438 4384 2781 4453 negotiorum
2806 4384 3041 4453 procella
3061 4397 3384 4452 summaque
3414 4381 3721 4435 animorum

2152 4475 2587 4546 perturbatione,
2644 4475 2849 4531 Besdas
2881 4475 3109 4531 Bindois
3157 4474 3324 4529 frater
3357 4474 3409 4527 in
3444 4487 3722 4528 carcerem

472 4569 551 4630 εἰς
594 4567 663 4620 τὰ
705 4544 1128 4635 βασίλειαοήκαί
1166 4564 1417 4635 εὑρόντες
1466 4564 1561 4617 τὸν
1600 4564 1896 4635 Ὀρμίσδαν
1952 4565 2045 4618 ἐπὶ
2076 4544 2118 4598 D
2151 4544 2227 4634 ἔτι·

1966 4565 2045 4618 ἐπὶ
2076 4544 2118 4598 Ῑ)
2151 4544 2482 4638 irrumpens,
2512 4567 2771 4622 Bindoem
2804 4567 3024 4622 fratrem
3059 4566 3184 4621 inde
3210 4566 3446 4621 extraxit
3475 4581 3488 4618 :
3515 4573 3569 4619 et
3604 4563 3721 4619 col-

473 4658 663 4729 θρόνου
697 4657 991 4729 βασιλικῶς
1032 4656 1418 4727 καθεζόμενον,
1450 4654 1641 4724 ὕϐρεσι
1679 4654 1869 4709 τοῦτον
1916 4656 2050 4709 πολ-

473 4751 591 4815 λαῖς
641 4749 1020 4804 καθυπέϐαλον
1051 4748 1116 4801 ⁸⁸.
1154 4749 1214 4801 '0
1262 4749 1318 4801 δέ
1358 4747 1579 4817 Βινδόης
1630 4749 1913 4818 κρατήσας
1956 4750 2049 4800 τὸν

481 4841 800 4913 ὐρμὶσδαν,
829 4840 1084 4912 ἀφείλετο
1119 4839 1162 4871 ³¹
1185 4838 1247 4892 τὸ
1270 4839 1508 4910 διάδημα
1542 4838 1651 4892 ἀπὸ
1678 4839 1775 4909 τῆς
1802 4839 2042 4910 κεφαλῆς

2149 4656 2288 4712 lecta
2325 4659 2655 4714 rusticorqu
2708 4670 2873 4729 atque
2922 4659 3123 4713 civium
3161 4659 3343 4723 turba,
3377 4657 3482 4712 sub
3508 4657 3719 4712 tertiam

2149 4748 2251 4803 diei
2314 4749 2503 4804 horam
2562 4750 2821 4820 palatium
2864 4750 3119 4816 ingressi,
3162 4748 3529 4814 llormisdam,
3561 4765 3721 4819 quem

2152 4841 2320 4910 regali
2354 4842 2539 4895 habitu
2581 4842 2797 4896 throno
2824 4841 3152 4897 insidentem
3207 4857 3479 4912 reperere,
3526 4849 3690 4895 contu

1784 4975 2020 5034 VARUS
2053 4976 2435 5033 LECTION—ES

548 5098 589 5130 ⁸⁷
617 5098 916 5167 Βαρϐάρων
958 5097 1081 5151 add.
1125 5110 1199 5169 ex
1248 5095 1330 5169 At
1352 5166 1363 5169 _
1390 5094 1433 5127 ¹⁸
1460 5093 1576 5169 τοῖς
1615 5091 1744 5169 add.
1773 5107 1837 5147 ex
1862 5091 1927 5151 Α.
1971 5089 2051 5169 Ι²⁹
2074 5087 2231 5169 τοῦτο
2259 5092 2297 5143 Α

1971 5089 2051 5169 Ι²⁹
2074 5087 2231 5143 τοῦτο
2259 5092 2324 5150 Α.
2369 5091 2576 5169 τούτων
2616 5091 2761 5156 vulg.
2839 5091 2886 5122 ”
2913 5090 3227 5143 ἀπέπαυσεν
3279 5090 3345 5149 Α.
3398 5087 3724 5157 ἀπέπεμψεν

475 5169 619 5235 vulg.
695 5158 738 5199 5‘
766 5158 1069 5221 ἐπιστέλλει
1110 5166 1173 5224 Α.
1226 5166 1431 5235 στέλλει
1462 5164 1608 5232 vulg.
1681 5164 1725 5235 ’ξ
1756 5158 2145 5235 στρατεύματα
2172 5166 2230 5222 Α,

1035 5185 1069 5220 ει
1110 5166 1173 5224 Α.
1226 5166 1431 5235 στέλλει
1462 5164 1608 5232 vulg.
1681 5164 1725 5235 '_'
1756 5158 2145 5235 στρατεύματα
2172 5166 2235 5222 Α,
2278 5160 2613 5235 στρατόπεδα
2646 5164 2790 5228 vnlg.

478 5232 622 5309 vulg.
697 5239 744 5270 ”
768 5238 1113 5309 ἐπεδείκνυεν
1146 5239 1213 5296 Α,
1243 5234 1600 5309 ὑπεδείκνυεν.
1620 5232 1767 5309 vulg.

478 5325 530 5373 a,
562 5304 671 5372 ¹ιῖοῖς
707 5309 1051 5377 μεγιστάνοις
1084 5306 1123 5372 f,
1167 5304 1659 5377 partmdvaevulg.

724 5379 768 5409 "
796 5380 823 5431 ὁ
856 5378 913 5430 δὲ
950 5378 1109 5445 ’(ὶρμ.
1161 5373 1223 5438 Α,
1281 5376 1439 5444 Ὀρμ.
1488 5373 1544 5425 δὲ
1588 5373 1731 5442 vulg.

479 5370 664 5447 vulgf
707 5370 823 5431 ""6
856 5378 913 5430 δὲ
950 5370 1115 5447 ὐρμέ
1161 5370 1439 5447 Ᾱ,ί⁰ορμ.
1488 5373 1544 5425 δὲ
1588 5370 1731 5447 vulg.
1760 5372 1872 5447 _""
1912 5370 2003 5447 τζιν

1842 5234 1888 5263 ’³
1918 5230 2015 5292 τὰς
2044 5229 2168 5283 add.
2213 5244 2281 5283 ex.
2307 5230 2371 5282 Α.
2448 5232 2489 5261 ²⁶
2517 5231 2643 5292 τοὺς
2683 5232 3011 5299 μεγιστᾶνας
3074 5231 3135 5287 Α.

1735 5305 1780 5336 ’τ
1808 5300 2186 5354 καθυπέϐαλεν
2236 5304 2300 5361 Α,
2350 5300 2759 5352 καθυπὲϐαλλεν
2796 5303 2937 5367 vulg.

2868 5161 2913 5192 ’³
2945 5162 3275 5226 ἀγανακτεῖν
3306 5161 3370 5224 Α,
3402 5160 3726 5225 ἀγανακτῶν

3184 5231 3310 5291 τοὺς
3368 5229 3725 5299 μεγιστάνους

3039 5302 3084 5337 ’⁸
3113 5297 3379 5361 τοιούτοις
3409 5298 3472 5359 Α,
3515 5297 3725 5360 τούτοις

2061 5370 2371 5449 μὲγίῗτρον,
2411 5372 2453 5422 Α
2487 5385 2521 5449 ἓ
2578 5371 2613 5422 r-
2690 5370 2736 5400 ³⁰
2780 5370 3063 5449 φιλόφρνον
3090 5373 3202 5449 .A.“
3237 5368 3722 5449 φιλόπονον-,τίειιβ

479 5449 544 5479 ³³⁵
574 5436 820 5501 υ«ξίιτιστον
855 5449 948 5523 καὶ
984 5436 1182 5523 ἄλαζον
1213 5436 1300 5509 VA,
1346 5436 1600 5523 ἄπιστον,
1646 5436 1707 5523 τξ
1748 5440 2019 5523 ἀλκτυίις.
2062 5436 2071 5439 ’
2100 5442 2141 5523 ’_'
2178 5442 2234 5508 εἱλ

1971 5456 2019 5509 ιι.
2062 5436 2141 5523 ’³,¹
2178 5436 3008 5523 εξρζῖ,μέ,νεε’νίφερομὶνονἕως·
3088 5438 3131 5478 ³’
3166 5436 3452 5523 Βεῗτδινπι
3521 5436 3725 5523 ’ζέξέ

479 5534 568 5584 γει
599 5520 637 5570 Α
663 5536 691 5571 a
724 5535 778 5583 e,
819 5516 1026 5584 εἰσάγει
1058 5516 1203 5585 vulg.

480 5587 642 5642 ϐαλον
676 5592 739 5653 Α,
796 5586 1206 5641 καθυπέϐαλλον
1253 5586 1400 5653 vulg.

1282 5516 1327 5548 “
1353 5512 1641 5567 πολιτικῶν
1676 5513 1739 5576 Α,
1780 5511 2012 5564 πολιτῶν
2044 5510 2185 5577 vulg.

1477 5585 1518 5616 ³⁷
1549 5582 1798 5652 ἀφείλετο
1847 5581 1914 5646 Α,
1952 5580 2210 5648 ἀφείλατο
2234 5579 2378 5648 vulg.

2264 5506 2684 5581 ’ἱεῖσι-ἔρχονται
2714 5508 2781 5575 Α,
2826 5506 3134 5580 εἰσέρχεται
3162 5510 3305 5580 vulg.
3409 5509 3454 5548 ³⁸
3484 5506 3724 5562 καθυπέ-

1789 5697 1929 5753 JAC.
1960 5695 2168 5753 GOAlll
2213 5694 2443 5750 ΝΟΤΑΞ.

576 5822 668 5883 δ’δ’)
725 5823 792 5875 Φε
804 5819 1052 5890 ροχάνην.

2234 5813 2346 5883 (88)
2402 5814 2720 5882 Simocatta,
2752 5813 2990 5886 Βεστάμ.
3021 5813 3366 5879 Anastasius,
3397 5812 3623 5868 Beatam.
