4444 6436
423 469 529 535 569

1736 461 2411 524 CHRONOGRAPHIA.

3606 470 3712 535 570

424 579 587 634 αὑτὸν
620 577 663 611 ³⁸
717 573 1038 645 αἰτούμενος
1083 573 1159 646 μὴ
1209 574 1576 646 συμμαχῆσαι
1620 572 1699 645 τῷ
1751 576 1970 651 Χοσρόῃ
2050 582 2095 638 Α
2126 591 2175 628 m

1948 593 1970 651 [ι
2050 575 2295 640 Amisit,
2354 574 2448 645 qui
2516 575 2809 631 adventum
2866 591 3025 633 suum
3055 576 3322 633 Romanis
3364 580 3703 638 nuntiarent.

422 670 638 726 κελεύει
666 670 725 725 δὲ
755 672 783 723 6
820 669 1074 740 βασιλεὺς
1105 667 1411 737 Μαυρίκιος
1433 666 1785 738 Κομεντιόλῳ
1812 685 2011 738 στρατ-

421 764 542 833 ηγῷ
590 765 670 825 εἰς
713 762 1015 834 Ἱεράπολιν
1062 761 1155 815 τὸν
1196 761 1444 832 Χοσρόην
1493 759 1876 823 ὑποδέξασθαι,
1920 760 2013 813 καὶ

422 852 730 922 βασιλικαῖς
752 852 1071 923 θεραπείαις
1098 851 1353 921 τιμῆσαι.
1384 850 1476 921 Τῷ
1504 850 1549 902 δ’
1568 850 1719 921 αύτῷ
1745 850 1852 903 ἔτει
1878 868 2011 905 κατ-

419 943 623 1008 έδειξεν
652 946 681 997 6
732 943 986 1014 βασιλεὺς
1020 943 1328 1014 Μαυρίκιος
1358 942 1467 1014 (90)
1502 940 1757 1011 γενέσθαι
1808 943 1887 1005 εἰς
1912 943 2013 1013 τὴν

420 1038 644 1107 μνήμην
678 1036 778 1108 τῆς
810 1038 974 1104 ἁγίας
1025 1036 1289 1090 Θεοτόκου
1330 1037 1429 1109 τὴν
1478 1035 1632 1107 λιτὴν
1666 1036 1722 1087 ὲν
1766 1036 2009 1107 Βλαχέρ-

418 1149 558 1193 ναις,
594 1132 683 1184 καὶ
731 1131 985 1202 ἐγκώμια
1026 1131 1206 1199 λέγειν
1235 1132 1334 1201 τῆς
1381 1129 1703 1202 Δεσποίνης,
1735 1131 2008 1200 ὀνομάσας

418 1223 587 1296 αὐτὴν
622 1227 929 1297 πανήγυριν
966 1225 1102 1295 (91).

2120 670 2364 740 Contigit
2393 680 2571 724 autem
2631 670 2869 725 Probum
2920 674 3209 743 patricium
3247 674 3317 728 ibi
3350 674 3492 728 forte
3520 690 3712 745 reper-

2119 771 2233 816 tum
2300 778 2423 815 eum
2480 764 2752 832 excipere,
2796 771 2847 818 ct
2905 779 3001 833 per
3055 765 3283 831 litteras,
3316 782 3439 836 qua:
3473 766 3538 820 ad
3579 780 3705 821 eum

2118 861 2452 924 spectarent.
2508 863 2702 907 cuncta
2760 854 3079 924 imperatori
3143 856 3475 925 signiﬁcare.
3534 857 3707 911 Porro

2117 944 2335 1010 Baram,
2365 942 2527 1016 224
2559 961 2626 998 ne
2679 944 2913 1000 Chosroi
2947 948 3231 1017 suppetias
3260 947 3429 1003 ferret
3462 950 3703 1021 impera-

2118 1047 2224 1101 tor,
2275 1034 2461 1090 missis
2519 1034 2587 1089 ad
2653 1050 2777 1089 eum
2828 1035 3021 1104 legatis
3055 1037 3253 1090 oravit.
3303 1035 3372 1090 At
3404 1035 3703 1093 Mauricius

2117 1129 2415 1198 imperator
2464 1128 2804 1183 Comentiolo
2854 1127 3131 1181 mandavit
3178 1129 3477 1184 Chosroem
3508 1128 3702 1186 Hiera-

2114 1222 2224 1292 poli
2266 1224 2593 1293 susciperet,
2623 1230 2676 1276 et
2708 1224 2871 1293 regiis
2908 1222 3212 1278 honoribus
3247 1234 3698 1293 prosequeretur.

416 1316 689 1375 Caeterum
724 1320 827 1375 hoc
858 1320 1020 1375 etiam
1047 1335 1192 1375 anno
1211 1320 1552 1377 celebrandae
1583 1322 1650 1376 ad
1676 1319 2009 1375 Blachernas
2030 1318 2449 1389 supplicationis
2479 1318 2531 1372 in
2563 1324 2766 1371 sancta:
2793 1316 3038 1387 Deipara:
3064 1319 3342 1387 exemplar
3363 1329 3416 1373 et
3446 1333 3695 1374 normam

418 1415 714 1483 imperator
771 1416 1070 1473 Mauricius
1122 1416 1291 1483 dedit,
1352 1425 1405 1473 et
1456 1416 1702 1472 Dominae
1752 1416 2001 1471 encomia
2046 1416 2262 1471 recitari
2302 1415 2490 1485 jussit,
2524 1416 2685 1487 idque
2715 1408 3032 1487 panegyrim
3067 1418 3432 1486 nuncupavit.

486 1511 551 1564 Α.
598 1510 669 1564 Μ.
728 1510 892 1567 6081.
939 1543 1009 1554 -
1056 1510 1310 1580 Περσῶν
1364 1512 1677 1579 βασιλέως
1732 1511 2005 1579 Χοσρόου

416 1602 552 1667 ἔτος
581 1601 653 1656 α’.

487 1695 675 1765 Τούτῳ
726 1696 804 1768 τῷ
840 1692 949 1751 ἔτει
980 1699 1396 1770 τεκνοποιηθεὶς
1434 1701 1461 1753 ὁ
1503 1698 1755 1770 βασιλεὺς
1783 1699 2000 1769 Μαυρί-

416 1806 530 1853 κιος
567 1790 678 1858 (9'2)
715 1792 965 1861 Χοσρόην
997 1792 1088 1845 τὸν
1122 1791 1346 1863 βασιλέα
1379 1792 1632 1863 Περσῶν,
1674 1791 2001 1859 Δομετιανὸν

413 1880 711 1935 ἐπίσκοπον
762 1883 1057 1954 Μελιτινῆς
1084 1884 1130 1915 ⁵³
1165 1882 1300 1955 πρὸς
1342 1884 1504 1938 αὑτὸν
1552 1883 1859 1953 ἐξέπεμψεν
1906 1884 1996 1935 τὸν
2027 1916 2068 1972 Β

414 1975 543 2029 [διον
570 1977 804 2045 συγγενῆ
842 1977 937 2030 σὺν
962 1976 1178 2047 Ναρσῇ.
1212 1976 1311 2047 τὴν
1347 1977 1648 2048 ἡγεμονίαν
1686 1974 1780 2029 τοῦ
1832 1974 1993 2028 πολέ-

414 2092 516 2144 μου
559 2074 732 2141 τούτρ
792 2073 1255 2136 καταπιστεύσας.
1321 2074 1535 2136 υἵτινες
1584 2072 1995 2144 παραλαϐόντες

409 2168 501 2221 τὸν
531 2168 575 2199 ⁸³
604 2168 852 2238 Χοσρόην
884 2170 977 2222 καὶ
1010 2168 1191 2233 πάσας
1232 2168 1332 2232 τὰς
1372 2167 1686 2239 Ῥωμαϊκὰς
1710 2167 1991 2237 δυνάμεις,

410 2263 489 2325 εἰς
514 2262 613 2333 τὴν
668 2262 903 2332 Περσίδα
938 2262 1333 2317 είσϐἀλλουσιν.
1373 2261 1429 2315 '0
1472 2262 1528 2315 δὲ
1582 2260 1780 2332 Βαρὰμ
1836 2261 1994 2316 τοῦτο

413 2357 600 2427 μαθὼν
628 2357 726 2420 τὰς
751 2357 881 2428 ’περὶ¹
913 2358 1075 2411 αὐτὸν
1111 2358 1368 2427 δυνάμεις
1410 2357 1713 2422 ἀναλαϐὼν,
1741 2359 1797 2411 ἐν
1842 2357 1993 2428 τόπῳ

421 2452 831 2521 Ἀλεξανδρίνης
886 2450 1273 2521 ὀνομαζομένῳ
1322 2450 1835 2520 ἐστρατοπέδευσεν,
1884 2466 1995 2501 κω-

406 2546 557 2601 λύειν
586 2547 829 2616 οἰόμενος
859 2545 929 2598 τὰ
958 2548 1021 2598 ἐκ
1045 2546 1141 2613 τῆς
1182 2544 1473 2613 Ἀρμενίας
1512 2544 1781 2613 ἐρχόμενα
1826 2560 1993 2614 στραο

406 2640 656 2710 τεύματα
690 2638 785 2692 τοῦ
819 2638 893 2710 μὴ
941 2638 1208 2707 ὲνωθῆναι
1248 2635 1327 2706 τῷ
1364 2637 1558 2707 Ναρσῇ
1588 2636 1655 2691 ⁸⁵.
1702 2635 1991 2689 Ἑκέλευσε

405 2732 516 2802 γὰρ
544 2732 851 2802 Μαυρίκιος
899 2730 1159 2799 Ἰωάννην
1191 2728 1283 2781 τὸν
1330 2728 1710 2781 Μουστάκωνα
1757 2728 1850 2780 τὸν
1893 2726 1992 2795 τῆς

421 2821 703 2893 Δρμενίας
732 2820 1111 2890 στρατηλάτην
1141 2818 1431 2871 ἀναλαϐεῖν
1462 2817 1529 2871 τὰ
1580 2817 1985 2887 στρατεύματα,

405 2914 502 2968 καὶ
529 2914 796 2983 ἑνωθῆναι
823 2912 901 2982 τῷ
928 2913 1144 2982 Ναρσῇ,
1182 2910 1275 2963 τοῦ
1323 2910 1439 2979 ἅμα
1492 2910 1868 2980 συστήσασθαι
1900 2910 1989 2962 τόν

405 3009 541 3079 πρὸς
568 3008 659 3060 τὸν
689 3006 889 3077 Βαρὰμ
924 3006 1178 3075 πόλεμον.
1204 3006 1302 3057 Διά
1338 3005 1393 3056 δὲ
1427 3004 1524 3070 τῆς
1549 3005 1744 3066 νυκτὲης
1780 3003 1991 3073 ἡνώθη·

404 3118 505 3155 σαν
540 3102 711 3155 πᾶσαι
755 3101 810 3153 αἱ
856 3098 1163 3170 Ῥωμαϊκαὶ
1206 3098 1463 3168 δυνάμεις
1493 3100 1561 3162 ⁵⁸,
1613 3097 1704 3150 καὶ
1744 3097 1989 3166 παρετά-

406 3192 564 3258 ξαντο
586 3192 730 3245 κατὰ
750 3193 967 3261 Βαράμ.
1009 3192 1067 3244 '0
1094 3190 1149 3243 δὲ
1181 3191 1372 3259 Βαρὰμ
1400 3189 1533 3257 πρὸς
1558 3189 1616 3241 τὸ
1638 3190 1762 3259 ὅρος
1792 3189 1988 3258 ἐστρα-

2180 1510 2241 1562 A.
2282 1510 2341 1563 C.
2381 1510 2504 1563 581.
2538 1539 2602 1549 -
2635 1509 2924 1563 Persarum
2956 1510 3091 1580 regis
3134 1508 3387 1565 Cliosrois
3414 1508 3496 1577 Il,
3522 1527 3695 1567 annua

2106 1618 2329 1671 primus.

2180 1695 2293 1751 Hoc
2349 1711 2493 1749 anno
2549 1695 2795 1752 Chosroe
2868 1694 3163 1751 Persarum
3208 1712 3333 1766 rege
3400 1698 3454 1751 in
3518 1696 3690 1753 filium

2103 1790 2385 1859 ad0ptato,
2450 1788 2821 1843 Domitianum
2882 1788 3153 1844 Melitines
3210 1788 3527 1859 episcopum
3565 1806 3694 1845 san-

2100 1884 2265 1952 guine
2327 1882 2431 1937 sibi
2482 1881 2834 1951 conjunctum
2895 1881 2960 1935 ad
3001 1896 3126 1937 eum
3191 1881 3341 1935 misit
3391 1882 3693 1953 imperator

2098 1975 2401 2031 Mauricius
2436 1990 2544 2030 una
2570 1991 2693 2030 cum
2736 1975 2984 2041 Narsete,
3030 1976 3117 2031 cui
3161 1975 3290 2031 belli
3327 1985 3381 2031 et
3412 1979 3690 2035 exercitus

2098 2073 2320 2144 regendi
2353 2088 2666 2143 supremam
2697 2073 2927 2127 contulit
2948 2080 3295 2143 potestatem.
3335 2076 3415 2128 Illi
3443 2074 3690 2132 Chosroe

2098 2184 2283 2224 secum
2320 2168 2507 2232 ducto,
2535 2178 2587 2223 et
2632 2168 2906 2223 universis
2935 2166 3200 2224 Romanis
3242 2168 3417 2238 copiis
3456 2168 3558 2223 sibi
3592 2170 3689 2224 ad—

2092 2262 2304 2332 junctis
2351 2262 2404 2316 in
2467 2261 2709 2316 Pcrsiam
2754 2261 3092 2330 irrumpunt.
3141 2260 3334 2314 Baram
3368 2277 3432 2317 eo
3461 2268 3687 2330 accepto

2097 2358 2311 2422 nuntio,
2353 2372 2514 2427 quem
2586 2370 2771 2410 secum
2832 2355 3023 2409 habuit
3063 2355 3389 2419 exercitum,
3424 2356 3545 2410 loco
3590 2355 3674 2409 cui

2096 2468 2297 2508 nomen
2331 2452 2702 2509 Alexandrina
2750 2450 3055 2514 constituit,
3100 2458 3154 2504 et
3200 2461 3383 2504 caStra
3417 2458 3678 2510 metatus.

2096 2546 2282 2616 copias
2314 2560 2379 2599 ex
2417 2544 2675 2599 Armenia
2728 2544 2956 2598 eductas
2984 2560 3051 2598 ne
3080 2542 3293 2598 Narscti
3326 2559 3688 2614 aggregareu-

2095 2648 2186 2695 tur
2248 2640 2512 2709 impedire
2588 2639 2979 2693 meditabatur.
3038 2638 3415 2692 Mustaconem
3482 2640 3685 2709 quippe

2092 2738 2359 2793 Joannem
2419 2734 2727 2789 Armeniae
2778 2734 2986 2788 militia:
3028 2735 3347 2804 magistrum
3392 2737 3539 2791 acies
3578 2738 3683 2791 sibi

2096 2828 2516 2883 commendatas
2547 2842 2731 2881 secum
2759 2836 3021 2891 sumeret,
3057 2837 3109 2881 et
3147 2828 3382 2892 Narseti,
3414 2830 3552 2885 be!lo
3575 2846 3682 2885 una

2093 2935 2217 2974 cmn
2259 2934 2324 2973 eo
2378 2920 2640 2972 adversus
2701 2917 2893 2971 Baram
2954 2919 3224 2973 movendo
3257 2935 3314 2974 se
3342 2920 3682 2991 adjungerct,

2093 3011 2388 3065 Mauricius
2414 3012 2795 3081 imperaverat.
2821 3010 2895 3065 De
2935 3022 3095 3068 nocte
3134 3012 3316 3081 itaque
3335 3024 3547 3069 cuncta:
3571 3014 3683 3067 Ro-

2092 3119 2376 3157 manorum
2423 3105 2595 3174 copia:
2626 3104 2678 3159 in
2713 3104 2883 3157 aciem
2918 3120 3080 3158 unam
3109 3107 3378 3171 conflatm,
3402 3108 3453 3159 in
3482 3107 3678 3161 Baram

2093 3198 2357 3266 prazclaro
2382 3196 2576 3251 ordine
2608 3196 2894 3251 instructae
2917 3204 3066 3251 sunt.
3100 3198 3294 3251 Baram
3329 3207 3473 3252 metu
3504 3200 3680 3268 agita-

402 3283 750 3344 τοπέδευσεν,
795 3280 970 3351 δειλίᾳ
1004 3279 1391 3348 κατεχόμενος.
1445 3276 1692 3345 Πολέμου
1740 3276 1792 3327 δὲ
1831 3275 1988 3343 ςοϐε-
2018 3272 2059 3328 C
2096 3298 2151 3342 ιι,

1924 3276 1988 3326 ῖε·
2018 3272 2059 3328 (ἶ
2096 3298 2185 3345 tus
2236 3289 2303 3343 ad
2361 3298 2599 3344 montem
2659 3300 2839 3345 castra
2882 3300 3134 3345 metatur.
3181 3290 3319 3347 inito
3358 3292 3679 3356 certamine,

404 3373 501 3445 ροῦ
527 3374 573 3406 ⁸⁷
601 3371 982 3444 κροτηθέντος,
1008 3372 1036 3422 6
1061 3372 1285 3440 Ναρσῆς
1315 3370 1422 3424 τῶν
1451 3368 1685 3422 Ἰνδικῶν
1708 3383 1985 3437 καταφρο-

401 3469 571 3538 νήσας
620 3465 848 3537 Θηρίων,
897 3466 996 3535 τὴν
1034 3466 1204 3535 μέσην
1255 3464 1361 3516 τῶν
1416 3462 1720 3531 Βαρϐάρων
1773 3461 1982 3513 διέλυσε

402 3561 678 3629 φάλαγγα.
716 3560 921 3612 Τούτου
951 3560 1007 3611 δὲ
1051 3556 1347 3627 γενομένου
1377 3557 1471 3608 καὶ
1499 3557 1542 3587 ⁸³
1574 3558 1628 3608 αἱ
1676 3555 1858 3607 λοιπαὶ
1888 3552 1983 3606 τοῦ

401 3651 598 3723 Βαρὰμ
618 3650 927 3721 ὴσθένησαν
959 3649 1262 3717 φάλαγγες,
1297 3648 1624 3717 καὶγίνεται
1664 3648 1756 3699 τοῦ
1787 3647 1985 3712 τυράν-

382 3760 494 3819 κνου
527 3743 734 3811 μεγάλη
768 3742 934 3811 φυγή.
984 3741 1040 3794 Ὀ
1074 3741 1129 3793 δὲ
1175 3740 1397 3810 Ναρσῆς
1452 3739 1836 3807 ἀκατασχέτως
1863 3738 1987 3790 διώ-

400 3852 513 3888 κων
555 3836 767 3887 ἀνεῖλεν
810 3834 938 3895 τοὺς
972 3833 1209 3903 Πέρσας.
1250 3831 1345 3898 Ἓξ
1383 3831 1438 3883 δὲ
1484 3831 1729 3901 χιλιάδας
1770 3831 1987 3901 ζωγρή-

403 3946 523 3994 σας,
560 3930 698 3999 πρὶς
728 3929 977 3998 Χοσρόην
1012 3929 1265 3997 δεσμίους
1298 3929 1525 3997 ἢγαγεν.
1570 3928 1627 3981 Ὀ
1649 3928 1704 3980 δὲ
1737 3928 1987 3998 Χοσρόης

401 4023 607 4085 πάντας
636 4022 847 4078 ἀνεῖλεν
876 4020 953 4090 τῷ
980 4021 1187 4091 δόρατι.
1220 4021 1373 4073 Ὀσοι
1403 4020 1459 4072 δὲ
1491 4020 1724 4089 Τοῦρκοι
1752 4019 1984 4089 ἐτύγχα-

400 4130 512 4175 νον,
543 4114 768 4177 τούτους
797 4113 875 4184 τῷ
897 4113 1262 4183 αὐτοκράτορι
1286 4114 1366 4176 εἰς
1395 4112 1688 4176 Βυζάντιον
1714 4112 1981 4185 ἔπεμψεν.

399 4205 522 4259 Τῶν
551 4206 609 4258 δὲ
660 4206 920 4276 Τούρκων
954 4208 1011 4258 ἐν
1049 4207 1160 4268 τοῖς
1206 4203 1482 4273 μετώποις
1528 4206 1618 4258 τὸν
1666 4206 1836 4258 τύπον
1887 4205 1981 4258 τοῦ

400 4301 637 4371 σταυροῦ
657 4300 742 4356 διὰ
773 4300 1001 4371 μέλανος
1032 4301 1076 4339 ⁵⁸
1100 4298 1361 4369 κεντητοῦ
1401 4301 1657 4372 ἐχόντων,
1685 4302 1979 4374 ἐρωτωμέ-

2084 3383 2285 3439 Narses
2316 3383 2539 3437 calcatis
2590 3383 2791 3438 Indicis
2820 3384 3214 3447 animantibus,
3261 3383 3494 3437 mediam
3542 3381 3679 3437 Bar~

2087 3475 2346 3529 barorum
2413 3474 2739 3544 phalangem
2788 3473 2985 3545 fregit:
3027 3488 3093 3528 eo
3136 3474 3400 3543 praestito,
3452 3473 3679 3543 reliquae

2085 3570 2251 3624 etiam
2308 3568 2503 3623 Baram
2537 3568 2836 3637 phalanges
2885 3567 3195 3631 infirmata),
3239 3573 3497 3633 totusque
3549 3580 3674 3618 cum

2087 3670 2327 3733 tyranno
2357 3663 2632 3717 exercitus
2660 3662 2713 3715 in
2743 3660 2942 3730 ffugam
2973 3660 3203 3715 effusus.
3237 3657 3441 3713 Narses
3473 3657 3673 3712 laxatis

2086 3755 2317 3810 habenis
2369 3755 2637 3825 fugientes
2674 3755 2982 3819 insecutus,
3024 3751 3317 3808 Persarum
3376 3750 3671 3805 maximam

2084 3848 2255 3903 edidit
2296 3856 2557 3918 stragem.
2590 3848 2670 3902 Ad
2706 3864 2797 3903 sex
2833 3847 3002 3901 millia
3041 3861 3171 3901 vero
3201 3846 3357 3899 vivos
3400 3854 3591 3913 captos
3621 3851 3675 3896 et

2081 3943 2317 3997 vinculis
2345 3942 2647 3997 obstrictas
2671 3940 2737 3995 ad
2761 3941 3061 3996 Chosroem
3095 3939 3326 3993 adduxit
3363 3956 3377 3992 :
3408 3952 3550 4007 quos
3582 3934 3674 3990 ille

2081 4037 2259 4092 hastis
2325 4036 2807 4092 transverberatos
2839 4035 2959 4089 neci
2998 4026 3242 4091 tradidit.
3282 4030 3503 4094 Narses,
3535 4042 3673 4100 quos

2078 4127 2285 4197 reperit
2312 4127 2544 4187 Turcos.
2582 4126 2649 4179 ad
2684 4126 3072 4194 imperatorem
3120 4120 3446 4191 Byzantium
3481 4126 3670 4172 trans-

2080 4219 2252 4274 misit.
2297 4218 2472 4273 Porro
2523 4216 2685 4272 Turci
2725 4218 2908 4271 crucis
2941 4216 3169 4286 figuram
3212 4214 3383 4281 nigris
3412 4210 3669 4281 punctio-

2091 4312 2255 4365 nibus
2278 4310 2567 4381 effigiatam
2596 4324 2719 4365 cum
2771 4317 2957 4379 gerant
3010 4306 3061 4360 in
3117 4304 3415 4369 frontibus,
3443 4317 3548 4372 qua
3578 4314 3669 4354 ra-

1694 4442 1932 4499 νΑιιιτΕ
1970 4445 2374 4502 LECTIONES.

500 4565 551 4649 ’ξ
576 4564 726 4649 πρὸς,
760 4562 1068 4649 ξῐαυρίκιον
1277 4562 1325 4593 ⁸³
1351 4561 1658 4649 βῐεὶκιτηνῆξ
1720 4564 1782 4618 Α.

397 4717 465 4763 ex
498 4710 562 4759 Α.

1892 4564 1938 4595 ⁸⁵
1977 4566 2068 4618 τὸν
2108 4566 2229 4619 add.
2281 4581 2344 4617 ex
2402 4565 2465 4617 Α.

398 4634 447 4673 ⁸⁸
475 4632 644 4691 πᾶσαι
676 4637 728 4687 αἱ
768 4635 1073 4703 ἀμιρότεραι
1102 4635 1240 4696 δυν.,
1278 4632 1377 4705 και
1416 4634 1611 4705 πάντες
1645 4635 2075 4705 ἐστρατεύσαντο
2100 4637 2241 4688 κατα
2268 4636 2462 4705 Βαρᾶμ
2486 4650 2535 4688 a.

658 4707 702 4737 "
727 4705 815 4757 διὰ
842 4706 1069 4774 μέλανος
1120 4703 1379 4772 κεντητοῦ
1418 4704 1479 4766 Α,
1508 4704 1765 4773 κεντητοῦ
1798 4705 1885 4757 διὰ
1911 4708 2029 4773 μέλ.
2075 4709 2220 4775 vulg.

2581 4564 2627 4596 ⁸³
2650 4563 2725 4632 τῷ
2786 4564 2978 4631 Ναρσῇ
3009 4592 3077 4601 —-
3113 4558 3381 4632 ἐνωθῆναι
3436 4573 3544 4632 om.
3585 4571 3661 4632 _a.

2617 4636 2658 4665 ⁵⁷
2688 4628 2919 4706 (ροϐεροῦ
2954 4628 3076 4686 add.
3113 4648 3174 4685 ex
3205 4632 3264 4685 Α.
3340 4630 3385 4662 ⁸⁸
3410 4629 3501 4681 καὶ
3533 4628 3660 4683 add.

1699 4795 1839 4850 MC.
1878 4796 2088 4850 GOAlil
2126 4799 2357 4853 ἉΟΤᾹΞ.

455 4893 569 4962 (90')
610 4892 990 4949 Processionis
1027 4906 1089 4943 ac
1126 4906 1346 4958 precum
1392 4891 1456 4965 ad
1518 4891 1849 4965 Blacheruas
1887 4895 1968 4946 iu-
2003 4899 2045 4953 Β
2078 4892 2227 4965 ᾆσμα
2279 4898 2463 4949 καινὸν
2490 4937 2502 4954 .
2558 4895 2633 4965 τῷ
2692 4892 2915 4965 Χριστῷ
2964 4892 3231 4965 ἐπινίκιον
3259 4894 3369 4965 τοῖς
3410 4891 3512 4965 ὠσὶ
3566 4894 3662 4946 τοῦ
3752 4942 3761 4951 ,

399 4965 645 5021 stitutum
690 4965 741 5016 iu
785 4970 1103 5026 sequentem
1132 4978 1331 5014 annum
1376 4963 1773 5029 deportandum
1826 4982 1967 5025 reor,

397 5052 507 5105 quo
549 5035 736 5089 Maria:
793 5033 1009 5105 nomine
1063 5034 1500 5105 (nou_angelica
1546 5034 1888 5105 salutatione.
1915 5046 1973 5088 ut

399 5102 515 5159 vult
568 5107 880 5157 Simocattm
923 5104 1194 5172 interpres
1232 5102 1460 5156 Latinus
1513 5106 1601 5156 lih.
1643 5104 1675 5156 5
1702 5120 1823 5172 cap.
1854 5107 1919 5160 10
1958 5114 1968 5167 )

398 5174 598 5233 Persas
646 5176 787 5228 inter
854 5183 908 5227 et
956 5174 1236 5245 liomanos
1285 5175 1407 5227 belli
1469 5176 1648 5229 εοιιὶοε
1702 5177 1752 5227 iu
1794 5193 1968 5245 pugna

396 5257 589 5302 contra
624 5248 914 5298 Baramum
954 5244 1005 5296 in
1042 5254 1303 5297 tesseram
1333 5245 1481 5304 dato,
1521 5244 1803 5300 Chosroes’
1834 5244 1972 5300 cele-

398 5318 549 5371 l)rem
624 5318 863 5370 obtinuit
927 5315 1254 5380 victoriam,
1296 5324 1347 5369 ct.
1398 5316 1683 5369 Persicum
1743 5333 1971 5387 regnum

396 5388 622 5455 adeptus
647 5396 751 5441 est.

470 5460 581 5525 (Ui)
626 5457 880 5511 Festivus
910 5471 973 5511 ac
1010 5455 1269 5524 frequens
1321 5456 1649 5510 Christiana:
1682 5459 1855 5526 plebis
1904 5460 1969 5511 a.l

394 5530 689 5585 ecclesiam
715 5538 915 5587 catus.
948 5545 1057 5593 quo
1094 5530 1211 5587 llei,
1259 5527 1317 5579 Β.
1351 5529 1603 5596 virginis,
1660 5538 1753 5581 aut
1823 5544 1969 5581 mar-

396 5608 577 5672 tyrum
613 5601 803 5653 laudes
832 5600 1086 5655 canticis.
1118 5601 1427 5651 orationum
1461 5614 1488 5651 e
1538 5608 1797 5668 suggestu
1847 5616 1972 5672 pro-

395 5671 777 5725 nuntiatarum
866 5672 1253 5727 sermonibus.
1315 5680 1511 5722 ornatu
1570 5672 1753 5736 templi
1818 5671 1969 5723 vario

396 5743 763 5811 explicantur.
800 5742 1074 5795 cstctiam
1145 5740 1305 5811 hodie
1363 5740 1567 5794 Cra-cis
1636 5743 1965 5810 πανήγυρις.

400 5810 699 5867 Simocatta
760 5812 852 5865 lib.
896 5829 966 5874 iv,
1033 5826 1153 5879 cap.
1181 5810 1258 5862 1ἲὶ
1313 5821 1594 5864 exeunte:
1650 5812 1965 5881 ΙΙανήγυριν

396 5886 507 5945 τοῖς
555 5882 883 5944 καλλινίκοις
936 5883 1348 5951 carmine/0;
1405 5884 1693 5951 μάρτυσιν,
1720 5884 1811 5935 ἐπὶ
1856 5884 1960 5934 τῶν

403 5952 660 6023 βημάτων
714 5954 816 6005 τῶν
864 5954 1080 6021 ’δ’ξτῖδιν
1141 5958 1236 6022 τῖε
1293 5952 1587 6023 ἐκκλησίας
1656 5954 1963 6017 παιωνίζων

2080 4963 2683 5033 κατεκκλησιασθέντοζ
2744 4963 2875 5017 λαοῦ
2946 4963 3072 5017 τάδε
3150 4981 3251 5017 που
3305 4964 3661 5031 διηγόρευεν·

2081 5035 2413 5107 Martyribus
2472 5036 2751 5101 prmclaris
2807 5035 3096 5107 victoribus
3154 5035 3496 5107 panegyrici.
3559 5035 3665 5088 sive

2078 5105 2427 5161 celebritatem
2458 5109 2759 5163 instituens.
2782 5123 2809 5160 e
2841 5106 3055 5159 sublimi
3090 5105 3348 5157 .ecclesia’
3392 5116 3661 5172 suggestu,

2078 5178 2145 5229 ad
2178 5178 2551 5247 gratulandum
2585 5177 2795 5232 Christo
2833 5176 3132 5247 nicton‘am.
3171 5177 3443 5247 canticum
3475 5191 3661 5247 norum

2082 5245 2324 5311 cantans,
2351 5249 2419 5302 ad
2447 5250 2695 5317 ponulum
2727 5256 3092 5317 congregatum
3114 5245 3661 5317 itadisseruil._Pnu-

2082 5320 2159 5371 cis
2197 5330 2385 5371 auctor
2416 5315 2724 5385 κατέδειξεν
2748 5315 2898 5387 λιτὴν
2942 5318 3036 5369 καὶ
3078 5316 3327 5383 ἐγκώμια
3386 5315 3660 5387 γενέσθαι,

2083 5389 2255 5441 Atiam
2272 5391 2744 5459 τῆς,ττανηγύρεως
2761 5385 3181 5451 significantiam
3206 5387 3372 5438 habes
3394 5402 3493 5453 pag
3534 5385 3658 5459 .

2154 5462 2262 5529 (9'2)
2310 5462 2381 5513 Ex
2413 5456 2719 5514 Simocattzc
2753 5461 2850 5513 lib.
2886 5460 2919 5511 4
2950 5460 3157 5511 ultimis
3189 5467 3427 5529 quatuor
3462 5456 3661 5521 capiti-

2079 5526 2201 5595 bus,
2233 5542 2283 5583 et
2316 5540 2430 5584 toto
2451 5532 2544 5585 lib.
2576 5532 2607 5585 5
2628 5531 3009 5596 compendiosa
3038 5529 3303 5581 narratio.
3329 5526 3499 5592 Cujus
3522 5540 3657 5587 pra:-

2078 5603 2513 5673 ripnoscveutus
2534 5604 2583 5655 in
2604 5617 2804 5673 annum
2823 5603 3051 5673 alterum
3075 5597 3403 5673 conferenda
3436 5604 3658 5673 monent

2081 5663 2397 5725 Simocattzc
2428 5674 2590 5725 verba
2627 5673 2721 5726 ιη).
2754 5672 2786 5724 ὅ
2818 5687 2937 5740 cap.
2972 5670 3004 5723 ’5
3034 5672 3296 5740 ineunte}
3326 5663 3501 5740 τΠρος
3546 5667 3656 5716 τοί-

2076 5761 2169 5814 νυν
2198 5744 2565 5814 ἁρχομένουό
2605 5738 3207 5814 νεώτεροςξστρατηγὸς
3251 5738 3501 5806 Χοσρόην
3547 5752 3654 5814 πα-

2080 5806 2353 5879 ραλαϐὥνξ
2371 5813 2559 5883 καὶτὰ
2593 5813 2719 5883 ἑξῆς
2743 5830 2756 5843 ·
2781 5806 2979 5883 Prima
3003 5806 3325 5883 itaqaevere
3352 5806 3657 5883 narrating

2072 5876 2230 5937 ducto
2253 5902 2425 5941 acrum
2451 5876 2704 5952 Chosroi,
2722 5893 2826 5938 etc.
2857 5876 3121 5953 livagrius
3146 5879 3295 5935 lilv.5
3318 5893 3437 5949 cap.
3475 5876 3655 5944 £6.11“

2071 5957 2239 6011 ct18.
