4444 6436
770 405 875 470 575

2176 406 2589 469 THEOPHAN
2599 407 2674 468 16

3948 407 4049 472 576

845 526 912 578 Α.
945 519 1009 576 C.
1039 519 1165 575 584.
1206 517 1321 573 Hoc
1370 531 1517 573 anno
1558 516 1852 590 Cbaganus
1894 518 1961 572 ad
1997 527 2208 591 pactam
2248 520 2350 576 sibi
2382 526 2428 581 Α
2528 523 2593 577 Α.

2301 520 2350 576 bi
2382 526 2428 581 Α
2528 523 2593 577 Α.
2626 520 2699 575 Μ.
2734 518 2898 576 6084.
2934 551 3003 562 -
3034 520 3224 592 Τούτῳ
3253 519 3332 592 τῷ
3370 517 3482 574 ιτει
3505 520 3535 574 ὁ
3584 520 3835 589 Χαγάνος
3864 519 4047 592 ιζήτδι

783 612 1137 669 σοςιιηίιιιιιηι
1169 623 1441 665 summam
1470 618 1827 683 augmentum
1865 610 1981 665 dari
2019 613 2355 683 postulabat.

780 703 1084 773 Imperator
1125 714 1255 755 vero
1296 700 1519 756 barbari
1566 698 1853 759 sermones
1890 704 2119 773 respuit.
2178 704 2360 771 Quare

776 797 979 866 bellum
1018 808 1284 849 renovare
1331 794 1627 865 Chaganus
1680 796 1971 851 constituit
2005 815 2020 863 ;
2054 813 2177 853 mox
2235 797 2359 852 Sin-

778 889 1030 955 gidonz‘m
1062 887 1294 953 obtinet,
1354 894 1408 941 et
1457 886 1525 941 ad
1569 886 1831 943 Sirmium
1886 898 2069 945 castra
2102 901 2356 946 metatur.

778 981 1083 1051 imperator
1117 990 1296 1034 autem
1332 980 1581 1036 Priscum
1608 980 1839 1054 Europae
1871 984 2065 1040 ducem
2099 985 2357 1040 instituit.

776 1070 1003 1128 Priscus
1044 1070 1359 1126 Salvianum
1392 1072 1495 1129 sub
1528 1089 1588 1128 se
1604 1073 1840 1145 legatum
1878 1076 2061 1147 elegit,
2117 1086 2171 1131 et
2220 1093 2358 1146 prae-

777 1180 1004 1221 currere
1039 1174 1163 1227 ante
1209 1166 1371 1236 227
1411 1168 1714 1223 exercitum
1752 1168 1927 1239 jubet.
1968 1169 2026 1224 In
2086 1169 2361 1226 Barbaros

779 1258 967 1327 itaque
994 1258 1308 1327 irruptione
1341 1257 1511 1324 facta,
1565 1260 1793 1331 acrique
1833 1270 2091 1317 conserto
2146 1264 2356 1334 praelio,

778 1365 948 1421 penes
980 1349 1259 1406 Romanos
1283 1352 1437 1408 stetit
1468 1352 1701 1407 victoria
1733 1370 1748 1418 ;
1777 1353 1949 1411 cladis
1972 1366 2200 1426 accepto
2222 1372 2361 1411 nun-

778 1444 875 1507 tio,
934 1444 1096 1496 alium
1159 1444 1461 1498 exercitum
1531 1445 1757 1501 instruit
1834 1447 2155 1518 Chaganus,
2207 1458 2261 1502 et
2292 1448 2358 1503 ad

784 1550 1021 1604 pugnam
1074 1534 1372 1605 egreditur.
1419 1535 1718 1592 Salvianus
1764 1548 2105 1593 armatorum
2152 1541 2360 1609 ingenti

778 1626 1126 1681 multitudine
1165 1636 1486 1698 conspecta,
1525 1629 1871 1695 deterretur,
1900 1639 1953 1686 et
1994 1631 2062 1685 ad
2109 1631 2358 1689 Priscum

778 1719 1092 1774 revertitur.
1151 1719 1391 1776 Recessu
1452 1719 1826 1777 Romanorum
1874 1726 2121 1794 cognito,
2165 1740 2362 1781 versus

781 1808 1105 1863 Anchialum
1148 1811 1440 1880 Chaganus
1489 1814 1758 1882 procedit,
1818 1814 2082 1869 Sanctum
2116 1816 2360 1872 Alexan-

779 1900 939 1955 drum
993 1901 1234 1970 intcllige
1270 1911 1363 1957 :et
1408 1913 1561 1958 vasto
1614 1904 1869 1960 incendio
1916 1907 2098 1962 locum
2140 1924 2359 1965 omnem

778 1992 1165 2063 depOpulatur.
1195 1993 1321 2048 Inde
1340 1992 1632 2065 Drizepera
1653 1996 1895 2061 divertit,
1921 2005 1977 2051 et
1994 1998 2361 2054 obsidionali-

780 2086 884 2140 bus
911 2085 1185 2139 machinis
1230 2088 1566 2155 comparatis
1593 2087 1855 2157 oppidum
1898 2105 2215 2160 expugnare
2247 2106 2363 2144 mo-

776 2178 930 2232 litur.
998 2176 1419 2247 Drizeperorum
1482 2178 1676 2233 incolae
1736 2187 1927 2248 pectus
1994 2181 2363 2237 audacissime

777 2272 1407 2342 opposuerezreseratis
1444 2272 1591 2327 enim
1646 2273 1841 2342 portis,
1906 2290 2029 2327 cum
2110 2274 2363 2330 barbaris

777 2377 838 2417 se
882 2362 1097 2417 fortiter
1146 2377 1566 2431 congressuros,
1622 2371 1865 2417 extrema
1904 2365 2236 2421 necessitate
2264 2381 2364 2437 op-

776 2454 954 2523 pressi
1030 2453 1403 2507 minabantur.
1466 2451 1620 2507 Tunc
1696 2469 1852 2519 sane,
1906 2462 2038 2509 tunc
2098 2459 2363 2528 temporis

777 2542 965 2596 divina
1000 2542 1113 2597 illis
1155 2540 1310 2596 affuit
1361 2544 1559 2598 virtus.
1612 2541 1900 2599 Manifesta
1946 2545 2146 2616 quippe
2202 2549 2366 2602 meri-

778 2640 888 2694 diei
952 2639 1073 2695 luce
1124 2638 1502 2693 Romanorum
1568 2638 1760 2708 copias
1820 2639 1960 2694 urbe
2014 2640 2365 2709 egredientes

779 2750 1005 2789 cernere
1091 2732 1313 2788 Barbari
1388 2733 1493 2789 sibi
1562 2733 1664 2787 visi
1731 2742 1882 2799 sunt,
1941 2741 1996 2788 et
2059 2734 2363 2790 ineundum

779 2841 1058 2881 armorum
1123 2826 1444 2881 minitantes
1496 2840 1910 2895 congressum:
1948 2842 2016 2883 ex
2064 2843 2175 2898 quo
2228 2844 2365 2884 con—

781 2920 1009 2983 turbati,
1067 2918 1121 2973 in
1174 2919 1516 2990 praecipitem
1594 2919 1779 2988 fugam
1854 2936 1914 2975 se
1984 2922 2364 2991 projicientes,

779 3010 1106 3064 Perinthum
1166 3025 1227 3065 se
1274 3011 1583 3065 contulere.
1653 3009 1877 3067 Priscus
1936 3024 2121 3068 autem
2190 3015 2365 3072 solius

788 3100 1094 3155 barbariem
1145 3099 1281 3155 aciei
1318 3108 1675 3171 conspectum
1714 3099 1858 3157 ferre
1909 3118 2019 3158 non
2057 3105 2365 3171 sustinens,

782 3194 838 3247 in
881 3190 1183 3245 Tzurulum
1229 3201 1476 3246 castrum
1511 3193 1791 3263 ingressus
1819 3195 2068 3265 diligenti
2102 3198 2357 3254 custodia
2397 3229 2442 3289 ο

782 3285 953 3340 vitam
982 3286 1271 3339 tutabatur
1304 3302 1317 3339 :
1351 3285 1552 3340 exinde
1593 3287 1662 3341 ad
1699 3288 2068 3343 obsidendum
2118 3290 2367 3347 Priscum

783 3376 1003 3432 animus
1065 3375 1301 3431 barbaro
1364 3376 1603 3447 principi
1647 3377 1848 3434 factus.
1906 3378 2065 3446 Quod
2121 3396 2242 3437 cum
2303 3382 2371 3437 ad

783 3465 1106 3522 Mauricium
1160 3467 1473 3537 perlatum,
1516 3468 1647 3538 quid
1703 3479 1912 3540 ageret,
1949 3472 2151 3529 dubius
2191 3474 2369 3530 haesit.

783 3560 937 3615 Bono
972 3560 1191 3614 tandem
1218 3560 1451 3615 consilio
1478 3561 1749 3618 adversus
1781 3564 2134 3620 innumeram
2170 3567 2371 3621 barba-

782 3669 971 3709 rorum
1020 3652 1429 3707 multitudinem
1481 3665 1749 3721 armatur,
1806 3664 1861 3711 et
1919 3658 2220 3727 prudentia
2270 3675 2369 3729 op-

783 3753 1010 3816 pugnat.
1065 3743 1139 3800 De
1192 3745 1573 3801 excubitorum
1632 3748 1797 3819 igitur
1826 3765 2056 3805 numero
2092 3766 2261 3805 unum
2299 3752 2366 3807 ad

783 3845 962 3891 castra
990 3834 1294 3906 profectum
1328 3838 1383 3891 in
1410 3838 1781 3893 Barbarorum
1815 3849 2145 3911 potestatem
2172 3852 2369 3912 sponte

786 3930 1005 4001 prolabi
1041 3930 1203 3986 donis
1235 3930 1548 4002 ingentibus
1598 3940 1653 3987 et
1700 3933 1964 4003 pollicitis
2008 3936 2370 4007 amplioribus

789 4023 1027 4077 suadet:
1064 4038 1127 4077 ac
1164 4037 1273 4078 una
1316 4024 1480 4078 simul
1512 4024 1580 4078 ad
1611 4022 1861 4080 Priscum
1895 4027 2105 4082 litteras
2133 4028 2183 4083 ei
2217 4043 2372 4083 com—

787 4116 957 4169 mittit
1000 4115 1054 4169 in
1107 4114 1222 4171 haac
1270 4117 1478 4172 verba:
1514 4115 1930 4175 Gloriosissimo
1984 4120 2111 4175 duci
2158 4120 2372 4176 Prisco.

785 4206 1064 4264 Nefarium
1094 4209 1458 4266 Barbarorum
1492 4220 1747 4267 conatum
1776 4227 1845 4267 ne
1872 4212 2205 4268 reformides
2233 4232 2245 4269 :
2270 4214 2365 4285 qui

787 4300 1012 4370 quidem
1062 4302 1236 4356 exitio
1285 4302 1421 4372 ipsis
1466 4302 1595 4358 erit.
1640 4302 1957 4373 Chaganum
1975 4317 2101 4358 cum
2142 4318 2345 4374 magno

2465 612 2787 686 προσθήκας
2816 614 2893 685 (4)
2928 614 3049 677 ταῖς
3102 613 3399 685 συνθήκαις
3421 613 3472 647 ⁸⁵
3526 612 3848 684 λαμϐάνειν.
3904 611 3961 667 '0
3994 611 4049 666 δδ

2462 710 2822 779 αὐτοκράτωρ
2870 708 2997 772 τοὺς
3031 708 3225 776 λόγους
3269 706 3363 761 τοῦ
3397 706 3676 779 βαρϐάρου
3717 708 3776 760 οὐ
3819 706 4046 778 παρεδέ-

2465 801 2592 867 ξατο
2614 802 2681 857 ⁸⁸.
2716 803 2814 855 Διὰ
2846 801 3003 854 τοῦτο
3023 802 3051 855 ὁ
3083 799 3338 868 Χαγάνος
3376 801 3550 870 ἦρατο
3573 799 3733 853 πάλιν
3768 798 3859 852 τὸν
3890 798 4039 852 πόλι.

2466 912 2588 966 μου,
2650 894 2744 949 καὶ
2783 894 3067 965 πολιορκεῖ
3099 893 3198 963 τὴν
3246 892 3557 961 Σιγγιδόνα,
3597 891 3692 945 καὶ¹
3746 906 4047 961 στρατοπε-

2462 987 2776 1041 δεύειοιατὰ
2800 987 2860 1040 τὸ
2892 986 3146 1057 Σέρμιον.
3184 984 3244 1038 '0
3272 984 3330 1038 δὲ
3356 984 3713 1056 αὐτοκράτωρ
3746 982 4049 1053 στρατηγὸν

2462 1080 2564 1150 τῆς
2601 1078 2875 1151 Εὐρώπης
2905 1079 3205 1150 χειροτονεῖ
3233 1078 3323 1132 τὸν
3346 1078 3607 1148 Πρίσκον.
3648 1077 3704 1130 ’0
3734 1078 3789 1129 δὲ
3814 1076 4048 1147 Πρίσκος

2463 1175 2554 1226 τὸν
2604 1172 2903 1226 Σαλϐιανὸν
2958 1172 3376 1241 ὑποστράτηγον
3434 1171 3671 1240 ποιήσας
3727 1169 4049 1240 προτρέχειν

2463 1264 2771 1318 ἐκέλευσεν.
2825 1262 2937 1316 Καὶ
2989 1263 3131 1315 κατᾶ
3188 1263 3297 1315 τῶν
3352 1261 3647 1333 βαρϐάρων
3698 1264 4049 1331 χωρήσαντες

2465 1356 2829 1429 συγκροτοῦσι
2852 1356 3089 1423 πόλεμον
3120 1356 3214 1409 καὶ
3252 1354 3476 1409 νικῶσιν
3502 1354 3544 1386 ⁸⁷
3586 1355 3866 1422 Ῥωμαῖοι.
3915 1352 4049 1405 Ὀδι

2463 1453 2715 1520 Χαγάνος
2763 1451 2924 1504 τοῦτο
2979 1447 3256 1519 ἀκηκοὼς,
3311 1445 3597 1500 ἀναλαϐὼν
3641 1446 3737 1509 τὰς
3771 1444 4048 1514 δυνάμεις,

2464 1544 2661 1613 ἐχώρει
2702 1541 2839 1613 πρὸς
2893 1540 3129 1609 πόλεμον
3157 1540 3223 1593 ⁸⁵.
3266 1540 3326 1591 '0
3378 1537 3434 1591 δὲ
3467 1536 3761 1599 Σαλϐιανος
3826 1535 3950 1588 ἰδὼν
3986 1535 4051 1586 τά

2465 1632 2645 1704 πλήθη
2674 1632 2772 1685 καὶ
2810 1617 3206 1697 καταπλαγεὶς,
3243 1629 3379 1699 πρὸς
3429 1627 3670 1698 Πρίσκον
3717 1627 4047 1694 ἀφικνεῖται.

2465 1726 2630 1788 Γνοὺς
2659 1724 2715 1777 δὲ
2738 1724 2766 1777 ὁ
2792 1721 3047 1791 Χαγάνος
3068 1719 3168 1791 τὴν
3190 1720 3301 1772 τῶν
3348 1718 3633 1789 Ῥωμαίων
3676 1716 4049 1786 ὑποχώρησιν,

2467 1820 2542 1882 εἰς
2597 1818 2883 1887 Ἀγχίαλον
2921 1814 3204 1885 ἐξέρχεται
3264 1814 3381 1885 ἦτοι
3418 1816 3497 1875 είς
3528 1811 3619 1866 τὸν
3658 1812 3849 1879 Ἀγιου
3907 1809 4054 1863 Ἀλέα

2469 1908 2725 1981 ξανδρον·
2792 1908 2887 1961 καὶ
2928 1905 3119 1960 τοῦτον
3180 1905 3258 1975 τῷ
3308 1904 3595 1975 παμφάγῳ
3641 1905 3771 1974 πυρὶ
3811 1903 4054 1974 παραδὲ-

2465 2002 2677 2055 δωκεν·
2737 1998 2981 2069 μεταϐὰς
3041 1997 3097 2051 δὲ
3160 1998 3241 2061 εἰς
3303 1996 3371 2049 τὰ
3426 1994 3732 2067 Δριζίπερα
3788 1995 4057 2063 ἐπιχειρεῖ

2464 2092 2807 2163 ὲκπορθῆσαι
2861 2090 2923 2143 τὸ
2979 2091 3245 2159 πόλισμα,
3311 2087 3708 2160 πολιορκητικὰ
3753 2086 4053 2157 ἐξεργασά-

2468 2203 2628 2257 μενος
2666 2185 2896 2256 ϐργανα.
2946 2185 3010 2237 Οἱ
3051 2182 3107 2236 δὲ
3161 2182 3229 2236 τὰ
3289 2181 3593 2253 Δριζίπερα
3636 2178 3915 2242 οἰκοῦντες
3963 2179 4055 2232 ἐπὶ

2466 2276 2719 2331 πλεῖστόν
2749 2275 2856 2348 [τε]
2884 2274 3200 2345 παρέταξαν
3242 2273 3305 2327 τὸ
3355 2273 3554 2345 θράσος
3574 2273 3620 2304 ⁸⁹
3662 2273 3763 2344 (5).
3792 2272 3905 2335 Τὰς
3949 2272 4056 2341 γὰρ

2466 2368 2640 2430 πύλας
2669 2365 3135 2429 ἀναπετάσαντες,
3166 2363 3426 2435 ἠπείλουν
3462 2364 3577 2428 τοῖς
3634 2362 3932 2433 βαρϐάροις
3961 2379 4057 2417 πο-

2465 2461 2673 2529 λεμεῖν,
2703 2460 2761 2512 ὲν
2789 2459 2965 2530 δειλίᾳ
2991 2458 3215 2527 ἐξαισίῳ
3244 2456 3398 2519 ὅντες
3432 2456 3477 2487 ⁹⁰
3512 2455 3612 2527 (6).
3650 2456 3785 2509 Τότε
3820 2456 3905 2526 δὴ,
3936 2456 4056 2509 τότε

2468 2552 2611 2606 θεῖαί
2638 2568 2785 2614 τινες
2815 2550 3001 2613 αὐτοῖς
3026 2548 3335 2637 ἐπέστησαν
3374 2546 3633 2617 δυνάμεις
3664 2550 3731 2601 ⁹¹.
3768 2547 4057 2616 Macedon;

2466 2644 2576 2714 γὰρ
2614 2643 2826 2714 ἡμέρας
2861 2643 2993 2712 ὀρᾷν
3033 2639 3219 2704 ἔδοξαν
3244 2640 3293 2693 οἱ
3338 2638 3606 2709 βάρϐαροι
3642 2638 3931 2709 Ῥωμαίων
3964 2639 4056 2693 δυ-

2469 2739 2665 2806 νάμεις
2701 2734 3023 2799 ἐπεξιούσας
3050 2731 3144 2786 τοῦ
3172 2732 3405 2794 ἄστεως,
3431 2730 3528 2785 καὶ
3557 2730 3774 2800 μέλλειν
3812 2730 4057 2800 συμπλέ-

2469 2829 2682 2895 κεσθαι,
2734 2828 2829 2881 καὶ
2877 2824 3325 2892 καταπλαγέντες
3380 2824 3617 2894 συντόνῳ
3670 2828 3814 2894 φυγῇ
3873 2823 4060 2876 ἀποδι-

2469 2922 2821 2991 δράσκουσιν,
2858 2919 2952 2974 καὶ
2980 2918 3072 2972 ἐπὶ
3098 2917 3197 2989 τὴν
3230 2916 3518 2989 Πείρινθον
3545 2919 3592 2950 ⁹⁹
3623 2916 3885 2986 γίνονται.
3924 2916 3981 2969 '0
4001 2917 4059 2969 δὲ

2472 3014 2714 3083 Πρίσκος
2766 3010 2902 3081 μηδὲ
2932 3011 2979 3043 ’³
3024 3010 3251 3081 θεωρεῖν
3301 3008 3483 3080 φέρων
3509 3010 3552 3040 ⁸⁸
3597 3008 3666 3061 τά
3721 3008 3899 3079 πλήθη
3949 3008 4058 3061 τῶν

2471 3104 2796 3176 Βαρϐάρων,
2832 3106 2915 3167 εἰς
2960 3106 3021 3157 το
3055 3102 3397 3174 Τζούρουλον
3417 3104 3483 3135 ’δ’
3514 3102 3771 3156 εἰσελθὼν
3799 3101 4059 3171 φρούριον

2472 3198 2822 3269 ἠσφαλίζετο.
2870 3198 2928 3249 '0
2972 3197 3029 3249 δὲ
3085 3197 3360 3268 βάρϐαρος
3414 3196 3509 3250 τὸν
3559 3196 3800 3265 Πρίσκον
3838 3194 4058 3264 πολιορ-

2474 3294 2592 3344 κεῖν
2618 3290 2905 3360 ἐνεχείρει.
2934 3288 3123 3342 Ταῦτα
3154 3288 3211 3341 δὲ
3242 3286 3498 3357 ἀκηκοὼς
3528 3288 3856 3357 Μαυρίκιος,
3882 3285 4063 3355 διηπό-

2477 3399 2560 3453 ρει
2587 3381 2640 3433 τί
2678 3381 2890 3451 δράσοι,
2930 3378 3188 3450 εὐϐουλίᾳ
3217 3380 3261 3412 ⁸⁸
3288 3379 3363 3450 (7)
3410 3378 3467 3430 δὲ
3503 3376 4062 3449 καταστρατηγεῖτῆς

2472 3476 2704 3546 ἀπείρου
2735 3473 3055 3544 δυνάμεως·
3087 3472 3181 3525 καὶ
3201 3472 3297 3524 ἕνα
3321 3470 3431 3523 τῶν
3457 3471 3857 3541 ὲξκουϐιτόρων
3891 3469 4059 3539 μεγάο

2471 3567 2590 3629 λαις
2629 3567 2861 3637 δωρεαῖς
2896 3566 2990 3617 καὶ
3018 3564 3350 3633 ὑποσχέσεσι
3390 3562 3568 3615 πείθει
3615 3564 3794 3615 ἑκοντὶ
3829 3580 4060 3633 περιπε-

2474 3661 2587 3712 σεῖν
2609 3661 2719 3721 τοῖς
2753 3658 3092 3728 Βαρϐάροις·
3119 3656 3214 3710 καὶ
3246 3656 3459 3709 δίδωσιν
3482 3655 3630 3724 αὐτῷ
3659 3656 3792 3723 προς
3826 3655 4064 3723 Πρίσκον

2472 3750 2779 3821 γράμματα
2802 3748 3124 3819 περιέχοντα
3158 3748 3314 3801 τάδε·
3348 3748 3441 3818 Τῷ
3494 3746 3824 3816 ἐνδοξοτάτῳ
3870 3763 4059 3816 στρατι

2473 3842 2593 3914 ηγῷ
2624 3840 2865 3912 Πρίσκῳ.
2900 3840 3012 3910 Τὴν
3042 3838 3330 3909 ἁλιτηρίαν
3369 3839 3478 3891 τῶν
3527 3838 3831 3908 Βαρϐάρων
3888 3838 4052 3907 ἐγχείη

2479 3950 2637 4007 ρησιν
2693 3933 2768 4005 μὴ
2822 3931 3138 4003 δειλιάσῃςο
3198 3930 3337 4000 πρὸς
3390 3930 3499 4000 γὰρ
3551 3928 3829 3983 ἀπώλειαν
3887 3930 4065 3983 αὐτῶν

2476 4026 2634 4080 τοῦτο
2664 4026 2908 4095 γέγονεν.
2940 4024 3181 4078 Γίνωσκε
3215 4023 3322 4092 γάρ
3352 4024 3434 4076 ὅτι
3468 4022 3607 4092 μετὰ
3648 4023 3850 4091 πολλῆς
3878 4021 4087 4093 αἰσχύ--

2480 4135 2577 4188 νης
2616 4118 2727 4188 ἔχει
2761 4118 2790 4170 ὁ
2828 4118 3081 4185 Χαγάνος
3118 4115 3461 4186 ὑποστρέψαι
3500 4115 3580 4178 εἰς
3605 4116 3702 4185 τὴν
3737 4116 4063 4187 ἀφιερωθεί-

2483 4226 2584 4264 σαν
2612 4208 2761 4280 αὐτῷ
2793 4208 2898 4262 ὑπὸ
2939 4208 3229 4277 Ῥωμαίων
3274 4206 3480 4278 χώραν.
3524 4207 3623 4260 Δια
3667 4205 3827 4260 τοῦτο
3863 4226 4062 4278 καρτεο

2486 4304 2630 4376 ρήσῃ
2656 4304 2703 4336 ⁸⁸
2727 4304 2761 4373 ή
2790 4302 2885 4355 σοῦ
2921 4300 3202 4372 ὲνδοξότης
3246 4302 3305 4354 ὲν
3340 4299 3667 4371 Τζουρούλῳ
3712 4300 4065 4371 περιρέμϐων

2132 4412 2371 4469 νΑῐιιΑῖ
2406 4413 2821 4472 LECTIONES.

888 4506 933 4540 ⁸⁸
960 4508 1077 4566 ταῖς
1141 4506 1437 4577 συνθήκαις
1497 4521 1607 4577 om.
1664 4505 1705 4558 Α

792 4576 838 4609 ⁸⁸
866 4579 990 4630 πολε
1000 4577 1133 4647 μικὰ
1161 4578 1225 4629 Α.

787 4647 1088 4714 διαλέξεσιν
1117 4648 1266 4710 ὄντες
1290 4648 1433 4716 vulg.

789 4718 836 4748 υ
862 4717 964 4777 eis;
995 4719 1091 4785 τὴν
1128 4720 1193 4775 ιι.
1224 4734 1253 4773 e
1297 4719 1331 4770 r.
1408 4719 1455 4750 ω

792 4735 836 4748 "
863 4735 964 4777 εως
995 4735 1091 4785 την
1128 4735 1193 4775 ιι.
1224 4735 1253 4773 e
1297 4735 1331 4770 l.
1410 4735 1455 4750 υ
1525 4735 1640 4787 ηοει
1672 4735 1812 4786 μηιι
1847 4735 1886 4771 ι.
1965 4735 2052 4786 "q

790 4790 1244 4858 quemadmodum
1280 4788 1420 4858 conj.
1454 4735 1617 4841 (Itur.
1650 4786 1875 4841 ἀϐουλία
1908 4788 2052 4859 vulg.

1818 4505 1864 4590 ξθ
1896 4506 2230 4575 παρεδέξατο
2263 4508 2358 4590 HA,
2415 4510 2600 4590 κατεδ.
2658 4509 2804 4577 vulg.
2829 4577 2840 4590 Ι
2912 4508 2958 4539 ⁸⁷
2992 4507 3085 4587 κα)
3131 4507 3355 4590 vixdum

1302 4574 1686 4650 ’δ’»παρεταξαν
1717 4574 1778 4650 τὸ
1811 4574 1899 4646 θρ.
1955 4574 2021 4650 ᾼ,
2058 4578 2445 4650 παρετάξαντο
2502 4579 2701 4650 θράσος
2751 4574 2931 4650 ὖιιιεη
2972 4580 3019 4650 ’_°
3054 4578 3112 4629 ὲν
3144 4577 3311 4647 δειλίᾳ
3367 4574 3590 4650 ἐξαισίῳ
3626 4578 3777 4650 ὄντες
3804 4577 3846 4627 Δ
3877 4590 3906 4628 e
3941 4576 4066 4650 f,_év

1508 4594 1686 4640 ιταςαν
1718 4594 1778 4627 το
1811 4594 1899 4646 ορ.
1955 4594 2021 4639 A,
2068 4594 2445 4648 παρετάξαντο
2502 4594 2701 4650 υρασος
2751 4594 2899 4702 vutg.

1508 4647 1728 4721 “Aosiaf
1752 4662 1895 4721 τινες
1922 4648 2105 4721 αυτοῖς
2129 4648 2440 4721 ἐπέστησαν
2465 4650 2725 4721 δυνάμεις
2755 4652 2794 4702 Α
2866 4690 2879 4711 ,
2914 4648 2971 4701 θε

1525 4715 1886 4790 ηδὲῙνμίὴ
1964 4717 2008 4790 ’ἦ
2032 4718 2235 4790 φέρων]
2279 4715 2449 4772 θέλων
2506 4735 2556 4773 a.

2912 4508 2958 4539 ⁸⁷
2992 4507 3085 4559 καὶ
3131 4507 3355 4559 νικῶσιν
3380 4538 3448 4547 -
3480 4507 3615 4577 πρὶς
3674 4504 3794 4558 πόλ.
3857 4521 3963 4577 om.
4000 4509 4063 4560 Α.

2982 4648 3033 4701 ία
3084 4665 3167 4719 τις
3198 4635 3381 4710 αὐτοῖς
3408 4635 3619 4719 versam;
3653 4635 3880 4714 δᾶναμις
3918 4635 4060 4717 vulg.

2637 4720 2701 4751 ’δ’
2733 4720 3098 4790 Τςουρουλλὸν
3132 4718 3197 4772 Α.
3250 4720 3317 4790 γ⁹⁵
3354 4718 3607 4790 εὐϐουλία
3648 4720 3689 4770 Α
3744 4732 3853 4771 sec.
3917 4734 4061 4771 man.

2126 4791 2173 4821 "
2201 4789 2517 4861 καρτερήσῃ
2552 4790 2616 4854 Α,
2654 4789 2913 4861 καρτερεῖ
2947 4791 2983 4857 f,
3025 4789 3357 4861 καρτερήσει
3390 4789 3533 4860 vulg.

2074 4907 2213 4963 JAC.
2239 4906 2451 4964 GOARI
2510 4906 2743 4963 ΝΟΤᾹΞ.

866 5026 1076 5097 (i)Htec
1104 5024 1210 5079 alia
1242 5026 1431 5081 eodem
1463 5028 1627 5103 tertio
1658 5026 1838 5095 capite
1860 5024 2111 5103 et_trib_t_ts
2130 5040 2368 5103 sequen-
2393 5032 2448 5093 1)
2474 5025 3022 5103 pretem:_C0!asrts.

795 5095 966 5162 tibus,
1015 5113 1136 5165 quae
1192 5107 1371 5149 tamen
1427 5098 1636 5166 absque
1693 5096 1958 5165 temporis
2022 5095 2364 5160 discrimine,

792 5170 944 5223 velut
970 5184 1114 5221 anno
1140 5168 1423 5234 superiore
1451 5178 1599 5237 gesta
1633 5179 1844 5220 narrat.

865 5239 941 5307 (5)
968 5238 1127 5293 Barb.
1159 5279 1173 5303 ,
1216 5238 1339 5290 Ἐπὶ
1387 5235 1639 5291 πλεῖστον
1686 5235 2189 5307 ἀντιπαρετάξαντο
2236 5236 2372 5307 θάρ-

796 5323 911 5372 σοςο
956 5307 1149 5360 Verum
1196 5324 1371 5375 neque
1398 5309 1501 5363 hoc
1537 5323 1755 5369 sanum,
1797 5308 1889 5360 sed
1935 5307 2153 5360 emend.
2187 5323 2253 5361 ex
2286 5306 2373 5360 Si-

799 5394 939 5433 moc.
970 5379 1007 5431 1.
1046 5394 1096 5431 \‘t
1132 5393 1183 5431 c.
1249 5379 1301 5440 5,
1338 5379 1431 5431 ubi
1478 5381 1522 5433 is
1573 5380 1646 5431 ita
1682 5379 1859 5443 elTerl,
1900 5379 1991 5428 ἐπὶ
2040 5378 2373 5431 ἐπίπλαστον

793 5450 1005 5519 θράσος
1058 5448 1373 5518 ὲφοίτησαν,
1432 5450 1780 5518 confugerunt
1847 5448 1913 5499 ad
1952 5447 2159 5519 fictam
2206 5450 2375 5501 auda-

797 5517 956 5573 riam.
988 5517 1284 5587 Scripserit
1307 5534 1435 5589 ergo
1468 5517 2204 5588 ΤΙιίειιρΙιιιιιοε,ἐπίπλαστον
2228 5525 2376 5572 αντι-

800 5608 965 5661 παρ.,
1040 5589 1348 5642 simulatam
1413 5590 1696 5644 audaciam
1757 5598 2145 5661 opposuerunt;
2201 5591 2251 5642 in
2313 5605 2378 5642 eo

798 5660 1107 5717 (ratiuncula
1164 5662 1367 5729 posito.
1416 5662 1561 5728 quoii
1618 5663 1820 5729 apertis
1878 5660 2085 5728 portis,
2141 5675 2377 5729 pugnam

798 5732 1290 5799 (:utniuinarentur,
1328 5733 1386 5783 ἐν
1420 5731 1592 5799 δειλία
1628 5732 1850 5799 ἐξαισίῳ
1890 5730 2078 5791 ὅντεςε
2138 5740 2196 5783 ιιι
2245 5734 2379 5782 bene

802 5801 915 5855 l'al.
956 5798 1114 5871 Peyr.
1150 5801 1387 5871 legitque
1410 5798 1601 5855 Atiast.
1629 5844 1640 5866 ,
1676 5816 1795 5853 cum
1826 5798 2157 5867 gravissimo
2184 5817 2374 5866 parare

802 5870 1124 5926 tenerentur.
1160 5870 1457 5927 Dolendum
1494 5873 1573 5927 sic
1622 5871 1806 5927 omnia
1864 5871 2161 5925 dei-orasse
2208 5872 2373 5924 inter-

2543 5098 2621 5167 (ϐ)
2685 5098 2801 5151 Non
2880 5095 3281 5167 contemnenda
3334 5093 3723 5167 lectio_Barb.
3776 5096 3876 5150 cod
3917 5132 3973 5158 .,
4009 5096 4066 5148 ὲν

2469 5164 2775 5232 διαλέξεσιν
2802 5168 2955 5228 ὄντες
2978 5182 2991 5195 ·
3030 5165 3147 5218 Pal.
3196 5175 3377 5219 tamen
3408 5166 3487 5220 vel
3514 5164 3739 5235 Peyrez.
3785 5168 4067 5235 exempla-

2475 5240 2551 5294 ris
2621 5239 2911 5309 praefertur
2960 5238 3067 5289 alia
3102 5253 3116 5292 :
3146 5237 3204 5289 ἐν
3226 5236 3402 5305 δειλία
3467 5236 3690 5304 ἐξαισίῳ
3716 5237 3889 5297 ὄντες,
3948 5252 4067 5305 quze

2477 5308 2774 5364 Anastasio
2823 5318 3045 5376 recepta
3076 5347 3091 5371 ,
3153 5323 3272 5359 cum
3340 5318 3510 5360 essent
3546 5311 3598 5358 in
3658 5310 3942 5372 formidine
3986 5308 4065 5359 in-

2511 5391 2637 5434 εηιι.

2541 5397 2637 5434 ΠΗ.

2477 5397 2630 5521 πρ)
2678 5450 2985 5518 Legebatur
3019 5446 3371 5521 ἀϐουλίαιλι
3410 5448 3839 5521 ntttttsuspettsi
3890 5448 4063 5521 annui

2480 5518 2732 5580 dubium.
2768 5532 2821 5575 et
2863 5520 3171 5573 btcsitantia
3203 5518 3375 5571 felicis
3404 5518 3626 5571 consilii
3672 5518 3907 5587 parcns?
3949 5519 4062 5570 Non

2484 5593 2578 5644 ita.
2619 5591 2885 5645 Εὐϐουλία
2920 5592 3105 5659 itaque
3150 5590 3401 5659 prosperi
3454 5603 3751 5641 successus
3802 5598 3977 5640 mater
4016 5598 4066 5639 et

2483 5663 2656 5729 origo.
2693 5662 3145 5715 limen-lationem
3207 5659 3496 5713 confirmat
3544 5659 3898 5721 Anastasius,
3944 5670 4066 5709 tunc

2485 5735 2679 5798 optimo
2756 5732 2886 5784 inito
2951 5730 3175 5785 consitio
3213 5739 3477 5785 armatur.
3524 5740 3628 5783 etc.
3679 5729 3863 5781 Simoc
3922 5730 3933 5779 l
3994 5743 4066 5789 ινδ,

2485 5824 2531 5857 ιτ.
2656 5802 2929 5869 ἀγχινοίας
2959 5800 3246 5853 ἔίκίῦλωθυν
3280 5800 3475 5871 βουλὴν
3508 5798 3916 5869 προηνέγκατο.
