4444 6436
464 473 570 538 589

1756 475 2430 536 CHBUNOGRAPHIA.

3620 485 3725 548 590

460 586 539 649 είς
571 582 641 636 τὰ
669 582 774 636 ίδια
798 580 1153 651 ἀνεχώρησαν
1177 582 1247 636 θ’.
1281 583 1369 652 Τῷ
1396 583 1440 637 δ’
1471 585 1619 654 αὐτῷ
1654 585 1755 637 ἕτῖο
1789 588 1989 656 Πέτρος
2020 588 2047 638 6
2078 608 2115 662 Α
2156 587 2215 642 De

1971 588 2047 649 ;6
2078 608 2115 662 Α
2156 587 2397 658 Deiparae
2431 588 2829 641 Arabiudarum
2882 589 3172 644 ecclesiam
3206 590 3443 648 diversis
3486 609 3723 649 marmo-

460 672 685 742 ἁδελφὸς
712 672 1018 741 Μαυρικίου
1042 673 1257 727 ἔκτισεν
1285 675 1383 743 τὴν
1417 676 1712 746 ἐκκλησίαν
1739 682 1835 748 τῆς
1875 681 2037 747 ἁγίας

461 764 724 817 Θεοτόκου
753 765 862 816 τῶν
905 764 1193 835 Ἀραϐίνδα
1223 765 1272 797 ⁸³
1313 769 1597 837 κοσμήσας
1625 770 1793 839 αὐτὴν
1830 774 1893 824 ἐκ
1926 771 2041 825 δια-

392 860 396 864 Α
461 856 640 925 φόρων
678 856 1016 925 μαρμάρων⁹
1056 857 1255 926 ὁμοίως
1285 858 1377 911 καὶ
1416 859 1691 927 Κνριακὸς
1718 862 1745 912 ὁ
1771 861 2040 933 πατριάρ-

459 966 559 1017 χης
603 949 648 980 ⁸⁵
705 948 772 1001 τὰ
802 949 1160 1020 Διακονίσσης
1184 949 1228 982 ⁸³
1256 950 1352 1021 τὴν
1391 952 1687 1022 ἐκκλησίαν
1727 954 1827 1023 τῆς
1879 955 2040 1021 ἁγίας

458 1038 739 1094 Θεοτόκου.

532 1134 595 1185 Λ.
631 1134 705 1187 Μ.
734 1129 895 1187 6091.
923 1165 992 1177 -
1015 1133 1200 1203 Τούτῳ
1226 1133 1304 1205 τῷ
1344 1135 1453 1188 ἔτει
1482 1134 1840 1205 συναθροίσας
1867 1138 1895 1188 6
1929 1137 2040 1189 Χα-

460 1224 620 1289 γάνος
651 1223 764 1294 (28)
794 1225 893 1295 τὴν
920 1224 1087 1278 αὑτοῦ
1126 1226 1354 1297 δύναμιν
1379 1228 1423 1258 ⁸⁸
1445 1226 1555 1298 (29)
1585 1229 1680 1280 ἐπὶ
1704 1228 1803 1298 τὴν
1830 1228 2042 1299 Δαλμα-

457 1315 579 1367 τίαν
610 1314 907 1385 ἐχώρησεν.
956 1316 1072 1369 Καὶ·
1118 1316 1443 1372 καταλαϐὼν
1473 1318 1574 1387 τὴν
1609 1320 1823 1391 Βάλϐης
1851 1319 1896 1352 ⁸⁷
1943 1321 2039 1372 καὶ

458 1406 556 1467 τας
594 1407 719 1476 περὶ
746 1408 916 1478 αὐτὴν
947 1410 1348 1479 τεσσεράκοντα
1382 1412 1567 1475 πόλεις
1590 1412 1635 1443 ⁸⁸
1664 1414 1841 1475 πάσας
1875 1414 2041 1484 ἐπόρ-

460 1497 644 1564 θησεν.
696 1496 753 1549 '0
788 1497 845 1550 δὲ
877 1498 1113 1568 Πρίσκος
1143 1500 1314 1554 ταῦτα
1364 1502 1699 1573 μεμαθηκὼς
1740 1504 2038 1574 Γουνδούην

459 1588 552 1640 ἐπὶ
580 1590 645 1657 τῇ
667 1593 985 1660 κατασκοπῇ
1012 1590 1118 1643 τῶν
1144 1597 1531 1662 πραττομένων
1561 1594 1880 1647 ἀπέστειλεν
1902 1612 1914 1625 ·
1948 1598 2039 1649 καὶ

459 1678 785 1733 καταλαϐὼν
824 1682 949 1744 τοὺς
1006 1682 1315 1755 βαρϐάρους
1352 1686 1442 1739 διὰ
1491 1686 1773 1740 δυσϐάτων
1820 1689 2036 1757 χωρίων

456 1769 554 1840 τὴν
588 1770 797 1839 βάδισιν
826 1773 871 1804 ⁸⁸
900 1774 1276 1843 ποιουμένους,
1327 1779 1713 1848 περιτυγχάνει
1763 1778 1857 1831 δύο
1907 1780 2038 1849 βαρ-

460 1862 647 1932 ϐάροις
682 1864 727 1895 ὀ
753 1864 831 1932 τῷ
876 1863 1003 1935 οἴνῳ
1038 1870 1481 1938 κεκαρωμένοις·
1542 1870 1637 1924 καὶ
1690 1870 1911 1933 τούτους
1960 1872 2038 1924 δι-

2150 682 2301 735 ribus
2357 689 2606 734 ornatam
2659 681 2951 735 exstruxit.
3008 682 3087 735 Ad
3136 681 3468 739 Diaconissae
3520 688 3724 757 pariter

2146 774 2443 843 compitum
2511 772 2775 843 Cyriacus
2836 773 3146 842 patriarcha
3212 785 3420 831 sanctae
3480 778 3723 848 Deiparze

2146 866 2433 920 ecclesiam
2465 848 2671 935 posuit.

2213 1129 2276 1183 A.
2338 1129 2397 1184 C.
2447 1129 2574 1183 59L
2632 1160 2698 1169 —
2732 1128 2844 1183 lloc
2905 1143 3051 1183 anno
3111 1130 3403 1200 Chaganus
3464 1129 3717 1187 collectis

2142 1222 2399 1276 omnibus
2430 1221 2604 1289 copiis
2660 1221 2712 1274 iu
2768 1221 3090 1275 Dalmatiam
3133 1223 3377 1293 suscepit
3409 1222 3714 1293 expeditio—

2142 1329 2263 1368 nem
2301 1330 2313 1365 :
2348 1312 2553 1366 Balbcn
2605 1328 2732 1367 vero
2796 1322 2851 1367 et
2903 1315 3297 1383 circumposita
3344 1315 3710 1387 quadraginta

2141 1406 2339 1475 oppida
2365 1407 2545 1459 omnia
2579 1407 2904 1460 devastavit.
2947 1406 3043 1461 Rei
3072 1409 3213 1461 fama
3246 1409 3461 1463 excitus
3490 1409 3711 1464 Priscus

2141 1498 2427 1555 Gunduem
2458 1513 2581 1567 qua':
2616 1499 2683 1551 ab
2713 1499 2965 1553 hostibus
2996 1500 3237 1555 admissa
3276 1500 3491 1555 fuerant
3522 1502 3714 1571 explo-

2141 1599 2323 1646 ratum
2356 1591 2522 1645 misit.
2561 1590 2653 1645 Ille
2690 1590 2825 1645 locis
2854 1591 3015 1660 plane
3044 1593 3324 1661 imperviis
3373 1594 3476 1649 iter
3520 1609 3714 1665 agens,

2144 1680 2414 1735 Barbaros
2466 1681 2605 1735 duos
2662 1682 2787 1734 vino
2836 1697 3030 1751 graves
3084 1682 3332 1747 offendit,
3391 1699 3597 1753 eosque
3648 1688 3715 1741 de

2141 1773 2508 1826 Barbarorum
2540 1773 2791 1845 consiliis
2834 1773 3159 1843 interrogat.
3192 1773 3548 1845 Respondent
3589 1778 3665 1830 illi
3703 1795 3715 1828 :

2144 1864 2381 1917 Millibus
2414 1846 2695 1917 hominum
2720 1863 2937 1919 duobus
2980 1867 3118 1919 bene
3149 1868 3374 1921 armatis
3397 1866 3716 1938 Chaganum

460 1954 646 2025 ηρώτα
676 1957 703 2009 6
735 1957 1028 2028 Γουνδούης
1060 1959 1126 2011 τὰ
1163 1958 1271 2012 τῶν
1302 1959 1591 2033 βαρϐάρων
1626 1964 1921 2033 κινήματα.
1974 1965 2037 2017 ΟΞ
2070 1948 2112 2002 Β
2144 1972 2215 2026 ρτε

1974 1965 2037 2017 οξ
2070 1948 2112 2002 Β
2144 1956 2382 2026 praedam
2417 1957 2861 2021 commendasse,
2880 1972 3111 2024 eamque
3132 1973 3347 2013 omnem
3383 1962 3447 2013 ad
3472 1959 3718 2030 Bulgaris

458 2046 513 2099 δὲ
550 2046 755 2115 ἔφασαν
788 2050 854 2113 ’³,
890 2050 1172 2120 δισχιλίοις
1226 2052 1473 2118 ὁπλίταις
1513 2054 1610 2125 τὴν
1655 2057 2035 2125 αἰχμαλωσίαν

459 2140 550 2193 τὸν
578 2142 830 2209 Χαγάνον
864 2144 1322 2214 παραδεδωκέναι,
1348 2149 1442 2201 καὶ
1468 2148 1602 2217 πρὸς
1618 2150 1684 2201 τὰ
1710 2151 1884 2203 οἰκεῖα
1906 2150 2039 2201 ἀπο-

460 2228 687 2281 στεῖλαι.
716 2229 901 2283 Ταῦτα
939 2233 965 2282 ὁ
1001 2231 1298 2302 Γουνδούης
1341 2234 1676 2305 μεμαθηκὼς
1730 2235 2033 2307 κρύπτεται

458 2322 515 2371 ἐν
552 2322 724 2392 μικρᾷ
755 2322 1019 2392 φάραγγι,
1069 2325 1165 2379 καὶ
1217 2326 1275 2392 ἐξ
1306 2324 1530 2379 ἑωθινοῦ
1577 2328 1621 2359 ³⁸
1652 2327 1745 2379 ἐπὶ
1778 2328 1848 2381 τὰ
1894 2328 2036 2381 νῶτα

456 2409 658 2466 τούτων
691 2414 737 2451 ⁸³
790 2415 1100 2485 γενόμενος,
1154 2417 1364 2487 ἁθρόως
1406 2418 1613 2481 πάντας
1661 2419 1910 2472 ἀνεῖλενο
1944 2422 2037 2473 καὶ

456 2503 553 2572 τὴν
578 2504 962 2573 αἰχμαλωσίαν
1010 2507 1191 2561 λαϐὼν
1221 2508 1357 2579 πρὸς
1390 2510 1482 2561 τὸν
1528 2510 1766 2580 Πρίσκον
1798 2512 2029 2581 ἢγαγεν.

469 2596 524 2647 ’0
561 2596 618 2649 δὲ
649 2596 898 2665 Χαγάνος
935 2599 1003 2651 τὰ
1042 2600 1140 2667 τῆς
1196 2601 1498 2670 ἀποτυχίας
1533 2602 1723 2671 μαθὼν
1747 2603 1794 2635 ⁸⁸
1824 2605 1905 2663 είς
1936 2603 2034 2672 τὴν

456 2687 648 2740 ἑαυτοῦ
680 2688 1039 2755 ὲπανέζευξεν
1070 2687 1255 2760 χώραν
1276 2704 1290 2719 ’
1328 2692 1421 2743 καὶ
1448 2693 1475 2744 6
1504 2693 1738 2762 Πρίσκος
1768 2694 2033 2764 ὑπέστρε-

455 2772 555 2841 ψεν
586 2776 665 2837 είς
693 2774 759 2828 τὰ
784 2776 909 2829 ἴδια.

525 2864 590 2916 Α.
626 2865 701 2917 Μ.
732 2865 888 2944 6092.
926 2896 994 2906 -—-
1015 2867 1200 2935 Τούτῳ
1234 2869 1311 2939 τῷ
1362 2869 1471 2922 ἔτει
1512 2871 1803 2925 ίνδικτιῶνι
1830 2880 1877 2940 γ’
1907 2876 2038 2944 μηνὶ

458 2952 685 3023 Μαρτίῳ
711 2955 997 3009 ἀναλαϐὼν
1032 2957 1131 3020 τὰς
1176 2958 1434 3027 δυνάμεις
1472 2961 1499 3012 ὁ
1536 2961 1774 3029 Πρίσκος
1806 2962 1901 3014 ἐπὶ
1933 2964 2034 3033 τὴν

460 3045 743 3113 Σιγγιδόνα
786 3050 1168 3117 παραγίνεται.
1216 3052 1273 3103 Ὀ
1304 3051 1358 3103 δὲ
1404 3053 1655 3119 Χαγάνος
1681 3054 2036 3124 συναθροίσας

457 3135 555 3206 τὴν
578 3136 771 3190 ἑαυτοῦ
795 3139 1022 3208 δύναμιν
1044 3141 1195 3209 ἄφνω
1215 3144 1279 3210 τῇ
1312 3143 1496 3214 Μυσία
1529 3145 1815 3211 ἐφίσταται
1846 3146 1911 3212 ⁸⁸,
1942 3147 2035 3199 καὶ

455 3226 555 3298 τὴν
593 3228 865 3297 Τομοσίαν
924 3230 1036 3299 (30)
1092 3231 1244 3284 πόλιν
1279 3233 1321 3264 ⁸⁸
1360 3234 1624 3305 ἐνεχείρει
1676 3234 1881 3289 λαϐεῖν.
1936 3239 2035 3289 Δια

455 3318 612 3372 τοῦτο
643 3320 737 3372 καὶ
767 3322 811 3353 ⁸⁷
836 3322 1070 3392 Πρίσκος
1100 3322 1196 3393 τὴν
1222 3325 1509 3393 Σιγγιδόνα
1546 3327 1879 3395 καταλιπὼν,
1910 3329 2034 3381 τού-

453 3427 534 3481 τῳ
565 3412 911 3482 ἐπλησίαζεν.
956 3416 1063 3484 Τῆς
1091 3416 1147 3468 δὲ
1193 3419 1383 3487 ἑορτῆς
1409 3419 1502 3471 τοῦ
1547 3421 1732 3490 πάσχα
1785 3422 2027 3475 καταλα-

457 3503 678 3573 ϐούσης,
699 3508 793 3559 καί
819 3506 927 3558 τῶν
953 3507 1241 3577 Ῥωμαίων
1272 3508 1417 3579 λιμῷ
1431 3512 1765 3581 τηκομένων,
1785 3513 2035 3584 ἀκηκοὼς

454 3597 482 3647 6
516 3596 765 3663 Χαγάνος
787 3597 863 3667 τῷ
879 3599 1102 3669 Πρίσκῳ
1135 3600 1323 3670 ἐδήλου
1346 3602 1558 3671 ἁμάξας
1583 3604 1865 3675 ἐκπέμψαι
1897 3606 2035 3673 πρὸς

456 3688 618 3739 αὐτὸν
654 3688 802 3751 ὅπως
839 3688 1204 3760 δαπανήματα
1259 3694 1559 3764 ἀποστείλῃ
1587 3695 1631 3725 9⁸
1682 3696 1887 3759 αὐτοῖς,
1944 3697 2033 3751 ἵνα

460 3780 597 3849 μετὰ
628 3782 943 3852 ἱλαρότητος
984 3786 1084 3853 τὴν
1115 3785 1325 3838 ἑαυτῶν
1360 3786 1555 3857 ἑορτὴν
1584 3787 2032 3858 ἐκπληρώσωσιν.

456 3874 824 3944 Τετρακοσίας
860 3876 968 3945 (51)
992 3876 1167 3929 τοίνυν
1184 3878 1227 3909 ⁸³
1251 3879 1465 3947 ἁμάξας
1498 3878 1795 3949 πληρώσας
1823 3879 2031 3943 τούτοις

454 3966 758 4036 ἐξέπεμψεν
782 3983 795 3996 ⁸
834 3969 1034 4037 ὁμοίως
1060 3970 1155 4022 καὶ
1174 3970 1202 4021 6
1231 3972 1247 4002 ¹
1282 3972 1520 4041 Πρίσκος
1539 3972 1652 4041 εἴδη
1684 3972 1804 4025 τινὰ
1838 3972 2032 4027 Ἰνδικὰ

453 4058 799 4128 ἀντέπεμψεν
834 4061 853 4089 ⁸
875 4060 951 4130 τῷ
980 4060 1238 4132 βαρϐάρῳ
1259 4078 1273 4093 ⁶
1328 4063 1529 4133 πέπερί
1567 4081 1626 4116 τε
1660 4064 1679 4095 ⁸
1705 4065 1799 4117 καὶ
1837 4064 2031 4133 φύλλον

467 4146 684 4200 Ἰνδικὸν
716 4149 807 4200 καὶ
830 4150 1020 4201 κόστον
1047 4152 1137 4203 καὶ
1169 4153 1420 4215 κασσίαν,
1456 4154 1550 4205 καὶ
1580 4154 1745 4224 ἕτερα
1766 4156 1872 4208 τῶν
1908 4157 2029 4207 tm.

456 4239 802 4308 ζητουμένων
838 4240 892 4272 δ’
926 4242 1292 4312 καθεζομένου
1355 4245 1449 4298 τοῦ
1516 4247 1770 4314 Χαγάνου
1834 4249 1912 4310 εἰς
1972 4247 2033 4299 τὸ

454 4330 687 4400 Θέρμιον
719 4328 851 4401 (52),
878 4334 968 4384 καὶ
993 4332 1165 4386 ταῦτα
1190 4334 1483 4403 δεξάμενος
1513 4336 1656 4405 ἥσθη
1684 4336 1770 4388 ἐπ’
1814 4338 1996 4399 αὐτοῖς
2016 4351 2029 4363 ·

456 4421 547 4472 καὶ
585 4420 744 4490 μέχρι
789 4422 879 4474 τοῦ
913 4424 1268 4494 πληρωθῆναι
1301 4426 1398 4495 τὴν
1442 4427 1634 4497 ἑορτὴν
1676 4427 1938 4497 Ῥωμαῖοί
1971 4444 2029 4481 τε

2138 2047 2475 2103 domesticos
2532 2048 2675 2102 lares
2720 2049 2830 2117 agi.
2878 2047 2955 2101 Eo
2989 2060 3295 2118 comperto,
3352 2049 3613 2106 Gundues
3662 2056 3715 2105 in

2137 2149 2367 2209 angusta
2409 2140 2548 2191 valle
2588 2138 2920 2203 occultatur,
2953 2150 3005 2193 et
3034 2140 3220 2195 hostes
3264 2156 3292 2193 a
3341 2149 3491 2211 tergo
3548 2142 3711 2215 234

2138 2245 2357 2285 summo
2415 2229 2663 2283 diluculo
2712 2230 2962 2291 adortus.
3018 2245 3084 2284 ex
3121 2231 3444 2300 improviso,
3485 2241 3717 2286 cunctos

2137 2320 2431 2377 confertim
2485 2321 2687 2375 occidit
2734 2340 2747 2375 :
2802 2329 2857 2376 et
2915 2332 3294 2391 recuperatam
3354 2323 3592 2392 praedam
3648 2324 3715 2377 ad

2138 2414 2388 2469 Priscum
2422 2412 2656 2469 reduxit.
2679 2411 2973 2482 Chaganus
3000 2414 3156 2469 clade
3179 2416 3397 2483 cognita
3428 2417 3710 2487 propriam

2138 2511 2338 2578 repetit
2369 2508 2669 2578 regionem,
2708 2516 2764 2561 et
2792 2506 3017 2563 Priscus
3044 2508 3247 2577 pariter
3281 2509 3501 2563 domum
3533 2522 3717 2564 rever-

2140 2602 2290 2657 titur.

2209 2870 2270 2921 A.
2306 2867 2371 2921 C.
2396 2866 2730 2923 592.——lloc
2760 2882 2925 2934 anno,
2970 2868 3267 2923 indictione
3293 2869 3479 2937 tertia,
3527 2884 3716 2929 mense

2137 2958 2355 3025 Martio,
2394 2959 2621 3014 Priscus
2648 2961 2849 3016 educto
2881 2962 3122 3017 exercitu
3149 2959 3503 3032 Singidonem
3528 2977 3718 3019 versus

2138 3050 2524 3118 proficiscitur.
2564 3050 2854 3121 Cbaganus
2895 3067 2958 3106 ex
3028 3052 3259 3107 adverso
3298 3053 3544 3108 collectis
3581 3055 3715 3109 viri-

2136 3140 2241 3195 bus
2263 3157 2329 3195 ex
2355 3141 2637 3210 inopinato
2670 3142 2724 3195 in
2751 3141 2978 3213 Mysiam
3011 3142 3287 3212 irrumpit,
3316 3152 3370 3197 et
3400 3141 3714 3198 Tomosiaiu

2140 3232 2329 3287 urbem
2360 3248 2633 3303 occupare
2687 3235 2928 3288 molitur.
2957 3232 3140 3299 Quare
3190 3232 3493 3304 Singidone
3522 3236 3714 3291 relicta

2060 3312 2103 3373 C
2140 3325 2359 3381 Priscus
2381 3327 2447 3380 ad
2476 3342 2599 3380 eum
2634 3328 2915 3396 proximus
2948 3328 3203 3382 accessit.
3231 3328 3553 3382 lmminentc
3582 3343 3712 3383 vero

2141 3420 2385 3490 paschali
2414 3419 2759 3485 celebritate,
2784 3419 3048 3474 Romanis
3082 3420 3225 3476 fame
3255 3418 3567 3487 tabefactis,
3586 3436 3713 3475 cum

2139 3525 2328 3566 eorum
2361 3512 2648 3581 penuriam
2672 3511 3008 3581 percepisset
3025 3510 3339 3583 Cbaganus,
3355 3511 3714 3568 convehendo

2138 3604 2467 3657 commeatui
2498 3618 2718 3671 currus,
2779 3620 2919 3674 quos
2954 3606 3121 3659 etiam
3178 3606 3316 3660 cibis
3354 3616 3583 3661 onustos
3629 3607 3711 3661 in-

2137 3702 2394 3753 strueret.
2422 3694 2487 3748 ad
2519 3696 2699 3763 ipsum
2745 3696 2884 3749 mitti
2924 3694 3115 3751 Prisco
3150 3696 3457 3765 significat:
3493 3707 3551 3751 ut
3586 3713 3713 3768 pro-

2138 3787 2315 3856 prium
2358 3788 2462 3841 sibi
2514 3787 2712 3842 festum
2756 3787 2991 3841 Romani
3037 3802 3165 3842 cum
3197 3789 3483 3858 epulorum
3513 3790 3714 3860 gaudio

2136 3887 2479 3950 peragerent.
2554 3878 2767 3934 Currus
2830 3878 3016 3947 itaque
3072 3881 3504 3949 quadringentos
3566 3880 3711 3936 cibis

2139 3971 2304 4039 probe
2331 3972 2565 4025 refertos
2598 3972 2664 4025 ad
2692 3986 2786 4027 eos
2812 3971 3129 4025 destinavit.
3163 3970 3387 4028 Priscus
3427 3973 3592 4027 etiam
3628 3972 3711 4026 vi-

2135 4063 2323 4118 cissim
2374 4064 2587 4133 species
2635 4061 2871 4126 Indicas,
2898 4064 3048 4131 piper
3089 4063 3372 4131 nimirum,
3402 4064 3593 4119 folium
3623 4063 3711 4119 ln-

2134 4155 2341 4219 (licum,
2379 4164 2621 4219 costum,
2666 4155 2927 4221 cassiam,
2986 4162 3041 4210 et
3087 4157 3193 4209 alia
3248 4160 3522 4225 postulata
3558 4156 3711 4211 misit

2134 4246 2199 4298 ad
2224 4246 2554 4310 Barbarum,
2590 4247 2681 4316 qui
2715 4256 2829 4301 tum
2851 4248 2917 4300 ad
2947 4247 3265 4302 Thermium
3295 4246 3481 4303 sedem
3506 4262 3709 4319 posue-

2133 4347 2217 4390 rat
2246 4353 2259 4389 :
2291 4346 2344 4391 et
2372 4338 2422 4390 id
2454 4338 2697 4391 muneris
2729 4338 3104 4393 laetantissime
3130 4337 3341 4406 accepit
3376 4355 3389 4391 :
3427 4347 3594 4407 atque
3632 4339 3707 4392 ita

2133 4430 2309 4483 donec
2370 4428 2492 4483 festi
2548 4428 2840 4484 celebritas
2897 4428 3234 4497 expleretur,
3282 4427 3515 4483 Romani
3578 4442 3704 4483 cum

454 4512 546 4563 καὶ
602 4510 863 4582 βάρϐαροι
906 4515 1157 4585 ἀλλήλοις
1208 4517 1625 4588 συνηυλίζοντο·
1660 4520 1754 4571 καὶ
1806 4520 1906 4572 οὐκ
1958 4514 2026 4589 ἦν
2060 4519 2209 4575 DBa:

1958 4514 2026 4589 ἦν
2060 4520 2103 4573 D
2129 4519 2382 4575 Barbaris
2414 4521 2717 4589 permistim
2774 4528 2827 4574 et
2860 4520 3070 4589 absque
3120 4519 3443 4575 discrimine
3471 4535 3704 4575 conver-

454 4604 615 4670 φόϐος
642 4607 699 4657 ἐν
733 4607 1018 4678 ἑκατέραις
1048 4609 1359 4679 δυνάμεσιν.
1409 4609 1521 4680 Τῆς
1562 4610 1618 4664 δὲ
1652 4611 1842 4681 ἑορτῆς
1883 4610 2021 4681 πλη-

2131 4613 2440 4678 sahantur;
2500 4626 2602 4665 nee
2638 4612 2693 4665 in
2740 4612 3062 4667 alterutrius
3101 4613 3298 4667 castris
3350 4612 3575 4667 terroris
3607 4626 3701 4668 su-

1746 4745 1984 4802 VARIE
2028 4744 2436 4803 LECTIONES.

548 4858 594 4889 “
622 4857 984 4929 ὑπεχώρησαν
1020 4859 1084 4913 Α.

452 4929 497 4961 ⁸³
523 4928 654 4983 fort.
687 4929 829 5001 κατὰ
857 4932 1011 5001 Διακ.
1081 4998 1092 5001 _
1114 4929 1159 4960 ⁸⁸
1183 4930 1278 5001 τὰς
1304 4931 1430 5001 περὶ
1456 4930 1621 4982 αὑτὸν
1666 4930 1926 5001 δυνάμεις
1958 4930 2022 4984 Δ.

455 4999 819 5070 μητροπόλεις
850 4999 999 5067 vulg.
1077 4998 1121 5031 "
1156 4998 1253 5069 τὴν
1297 5000 1519 5122 βαδικην
1542 5004 1606 5053 Α.
1711 5000 1775 5031 ⁸⁵⁸
1803 4998 1956 5083 ποιου

455 5088 573 5123 νους
603 5072 665 5123 Α.
743 5070 785 5101 ’⁸
825 5068 1035 5123 ἔφασαν
1063 5068 1127 5123 Α.
1164 5070 1371 5123 ἔφησαν
1398 5087 1467 5123 vu
1493 5086 1544 5123 α.
1622 5072 1667 5102 ’⁸
1699 5070 1956 5123 ἐξεωθηνο

451 5088 573 5131 νους
603 5086 665 5123 A.
745 5086 785 5101 "
825 5086 1035 5139 εφασαν
1063 5086 1127 5133 Α,
1164 5086 1371 5139 εφησαν
1398 5086 1544 5139 vutg.
1623 5086 1667 5102 "
1699 5086 1900 5139 εςεωυη

453 5140 639 5207 μαθὼν
666 5154 773 5193 om.
805 5139 871 5194 Δ.
947 5141 991 5172 ’⁸
1016 5142 1304 5208 ἐφίσταται
1335 5142 1399 5203 Α,
1432 5142 1719 5194 ἐπίσταται
1756 5143 1841 5193 vul
1862 5158 1900 5194 ν.

453 5211 636 5265 στείλη
666 5211 733 5265 Α.
763 5210 1022 5265 ἐκπέμψη
1053 5212 1197 5265 vulg.
1272 5210 1316 5241 ”
1347 5210 1523 5263 τοίνυν
1552 5209 1616 5265 Α.
1655 5208 1747 5264 οὖν
1777 5160 1900 5265 vui-tt

453 5211 637 5281 στείλῃ
666 5211 733 5274 Α,
763 5210 1022 5281 ἐκπέμψῃ
1053 5212 1197 5279 vulg.
1265 5210 1316 5281 7”
1347 5210 1523 5263 τοίνυν
1552 5209 1616 5272 Α,
1655 5208 1747 5264 οὖν
1777 5208 1923 5281 vulg.

451 5280 470 5309 ³
500 5281 702 5349 πέπερὶ
724 5296 781 5331 τε
802 5279 870 5344 Δ,
906 5279 1077 5350 πίπερ
1104 5298 1164 5332 τε
1189 5280 1333 5349 vulg.

1178 4860 1223 4889 ⁸³
1261 4858 1547 4928 Ἀραϐίνδα
1605 4860 1646 4913 Α
1703 4859 1816 4926 alii,
1856 4859 2127 4913 Ῥεοϐίνδα
2178 4861 2325 4933 vulg.
2439 4862 2450 4892 ‘

1183 4930 1278 4986 τὰς
1304 4931 1430 4986 περὶ
1456 4930 1621 4982 αὑτὸν
1666 4930 1926 4986 δυνάμεις
1958 4930 2022 4984 Δ.
2099 4931 2142 4960 '"
2166 4932 2379 4986 Βαλκηε
2412 4934 2450 4986 Α

2282 4949 2379 4993 κης
2412 4949 2472 4986 Α.

1966 4949 2022 4983 ix.
2099 4949 2139 4960 η’
2167 4949 2379 5002 natm;
2412 4949 2472 4986 Α.
2574 4949 2620 4963 ὐ
2655 4949 2783 4984 τεσσ

1966 5001 2159 5072 μένους
2192 5004 2260 5063 A,
2294 5003 2610 5072 ποιούμενος
2638 5002 2783 5072 vulg.

1622 5072 1667 5102 "
1699 5070 1993 5139 ἐξεωθῆναι
2029 5070 2067 5124 f.
2145 5072 2191 5103 ”
2218 5072 2424 5126 τούτων
2456 5070 2524 5137 Ἀ,
2560 5070 2752 5125 τούτου
2784 5075 2929 5142 vulg.

1976 5142 2021 5173 ³⁸
2050 5142 2230 5208 πόλιν]
2265 5143 2425 5198 πάλιν
2459 5144 2520 5195 Α.

2004 5214 2018 5242 ¹
2059 5214 2154 5282 καὶ
2181 5215 2209 5265 6
2237 5214 2304 5277 A,
2338 5212 2394 5264 δὲ
2422 5216 2450 5265 6
2474 5212 2623 5282 vulg.

1439 5280 1924 5351 δέπιζητουμένων
1972 5281 2039 5346 Α,
2072 5280 2423 5353 ζητουμένων
2452 5280 2597 5351 vulg.

2439 4862 2483 4892 ”
2536 4863 2674 4935 Kbp.
2701 4863 2728 4915 6
2760 4880 2922 4935 πατρ.
2957 4866 3022 4919 Α.
3056 4863 3085 4915 6
3132 4865 3294 4935 Kup._
3337 4880 3504 4935 πατρ,
3550 4865 3699 4935 vulg.

2574 4932 2620 4963 ⁸⁸
2655 4934 3073 5006 τεσσεράκοντα
3090 4932 3296 5006 πόλεις]
3332 4932 3382 5004 μ’
3417 4932 3600 4997 πόλεις
3632 4932 3699 4999 Ᾱ,

2866 5004 2911 5104 I”
2937 5003 3245 5104 paﬁﬁpjuc
3371 5006 3702 5104 1’ξειιαρωμέ-

2600 5073 2752 5125 ούτου
2784 5073 2945 5142 vulg.
3002 5073 3049 5113 οδ
3078 5074 3215 5144 πρὸς
3250 5073 3341 5126 τδν
3371 5074 3440 5127 Π.
3462 5104 3699 5115 -.-..-

2600 5144 2641 5174 ⁹⁷
2669 5145 2763 5195 καὶ
2801 5155 2924 5196 ante
2954 5144 3055 5211 Πρ.
3084 5144 3210 5196 add.
3252 5159 3317 5197 ex
3348 5143 3416 5198 Α.
3489 5142 3535 5176 ⁸⁸
3565 5144 3701 5195 ἀπο-

2700 5216 2720 5244 ¹
2752 5214 3101 5283 ἀντέπεμψεν
3125 5218 3191 5267 A.
3223 5213 3530 5283 ἐξέπεμψεν
3551 5215 3697 5283 vulg.

1706 5396 1848 5452 ΗΟ.
1881 5395 2092 5451 GOARI
2122 5396 2353 5453 NOTAE.

540 5484 631 5553 28)
659 5482 871 5557 Capitis
893 5484 1201 5539 duodecimi
1230 5486 1485 5557 epitome,
1532 5501 1642 5557 quo
1674 5486 1829 5541 locus
1878 5486 2016 5541 Βάλ-

449 5554 562 5626 ϐηςᾼ
584 5556 847 5609 scribitur
871 5556 1125 5622 Βάγκεις.

520 5624 632 5695 (29)
673 5630 712 5677 Α
746 5641 868 5695 cap.
900 5627 1026 5680 151.
1054 5626 1082 5677 7
1106 5626 1172 5681 ad
1203 5626 1448 5695 ejusdem
1478 5627 1637 5681 finem
1670 5628 1773 5680 ista
1826 5626 2020 5696 legun—

451 5705 537 5767 tur
580 5716 592 5749 :
641 5712 762 5767 quae
817 5699 978 5764 paulo
1026 5699 1281 5766 superius
1336 5712 1458 5767 cap.
1518 5698 1586 5750 l2
1630 5698 1775 5751 circa
1815 5712 2017 5750 annum

448 5765 699 5819 Mauricii
728 5766 999 5820 decimum
1034 5765 1238 5821 nonum
1269 5765 1568 5836 contigisse
1592 5777 1825 5823 testatur
1849 5767 2023 5821 Simo«

448 5846 591 5959 ﬁnita
619 5856 631 5890 :
663 5851 897 5918 moxque
932 5839 997 5891 ad
1023 5852 1111 5894 res
1158 5844 1303 5894 anno
1350 5840 1519 5894 altero
1563 5840 1709 5895 visas
1755 5852 2023 5910 exponen-

488 5922 545 5959 as
575 5915 795 5959 transrt.

488 5922 545 5962 as
575 5910 795 5963 transit.

2188 5486 2300 5558 (50)
2331 5486 2501 5558 Idem,
2536 5470 2773 5557 Τομέαν.
2806 5487 3132 5558 Anastasius
3162 5503 3382 5558 quoque
3421 5487 3691 5545 Tomeam.

2118 5558 2399 5623 Miscella,
2451 5557 2721 5613 Comeam.
2766 5588 2833 5597 ——
2880 5557 3009 5629 Leg.
3087 5557 3335 5628 Τομαίαν
3394 5574 3459 5629 e_x
3517 5560 3695 5615 Theo-

2119 5632 2267 5700 phyl.
2290 5631 2548 5700 clauast.
2567 5644 2687 5697 qua:
2700 5627 3252 5697 superius'nominata
3268 5629 3387 5696 fuit.
3402 5627 3693 5687 COIBEFIS.

2194 5697 2304 5767 (51)
2351 5697 2543 5752 Parem
2612 5714 2899 5753 numerum
2958 5702 3139 5754 cuncti
3208 5701 3365 5754 codd.
3421 5703 3688 5756 referunt.

2120 5770 2447 5826 Anastasius
2474 5776 2527 5822 et
2562 5767 2826 5836 Miscella,
2856 5771 3236 5840 quadraginta.

2201 5840 2311 5909 (5‘2)
2332 5840 2423 5913 ita
2463 5840 2657 5913 c_u_nct_i_
2680 5843 2901 5895 codices
2931 5860 2944 5897 :
2971 5840 3231 5896 Sermium
3272 5840 3425 5913 ponit
3455 5850 3690 5899 Anasta-

2136 5911 2274 5977 sius,
2328 5909 2563 5967 Misceila
2598 5909 2875 5967 Sirmium.
