4444 6436
386 422 494 490 609

1665 411 2350 476 CHRONOGRAPHIA.

3555 397 3664 466 610

387 535 492 588 τόν
519 531 674 586 λαὸν
703 529 812 598 τῆς
837 528 1121 600 ἀγελαίας
1158 528 1346 582 ἵππου
1379 527 1484 596 τῆς
1512 528 1842 596 νεμομένης
1872 542 1971 578 σοι
2005 534 2049 586 Α
2083 525 2134 576 in

1906 542 1971 578 ’οι
2005 534 2049 586 Α
2083 525 2360 576 im-usare.
2394 521 2666 574 Germano
2685 518 2892 572 crimen
2925 514 3280 570 excusatione
3310 511 3618 582 depellente
3650 532 3661 568 :

387 629 474 692 εἰς
493 623 918 693 τὰπροάστεια.
947 621 1150 676 Πάντα
1168 621 1276 691 γὰρ
1292 620 1640 688 διήρπασαν
1661 621 1725 684 ω,
1748 619 1842 671 καὶ
1864 617 1980 670 τῶν

387 717 520 774 σῶν
536 715 944 785 ἐφείσαντο¹¹.
985 713 1221 777 Φείδου,
1243 711 1538 781 Γερμανὲ,
1567 711 1670 765 τοῦ
1683 711 1981 779 μηκύνειν

389 810 496 862 τὸν
515 808 722 876 λόγον,
747 803 930 859 οὐδὲν
947 805 1244 873 ήδύτερον
1263 802 1371 856 τοῦ
1399 804 1495 855 διὰ
1519 803 1736 871 ξίφους
1774 802 1982 855 τεθνά-

387 915 486 954 ναι
515 898 653 970 (74).
699 899 758 952 '0
785 899 842 952 δέ
871 898 1152 968 Γερμανὸς
1179 899 1257 962 εἰς
1281 898 1373 950 τὸν
1396 898 1523 950 ναὸν
1558 897 1660 966 τῆς
1692 897 1975 966 Θεομήτοο

393 1007 483 1063 ρος
511 989 622 1042 τῶν
656 989 842 1060 Κύρου
873 992 915 1022 ⁸³
953 991 1066 1060 (7.3)
1095 987 1466 1059 προσέφυγεν.
1506 990 1617 1042 Καὶ
1653 988 1682 1040 ό
1725 987 1980 1056 βασιλεὺς

391 1082 552 1136 τοῦτο
585 1081 773 1153 μαθὼν
804 1083 1075 1151 Στέφανον
1104 1083 1196 1134 τὸν
1232 1082 1492 1152 εὐνοῦχον
1517 1082 1842 1135 ἀπέστειλεν
1879 1081 1976 1134 τοῦ

391 1175 686 1242 ἐξαγαγεῖν
743 1172 836 1225 τὸν
899 1173 1183 1244 Γερμανὸν
1237 1173 1338 1240 τῆς
1381 1171 1704 1241 ἐκκλησίας.
1751 1169 1860 1224 Τοῦ
1920 1171 1979 1223 δὲ

391 1266 670 1335 Στεφάνου
706 1264 820 1334 (76)
874 1264 1064 1335 βιαίως
1107 1263 1394 1332 ἐξαγαγεῖν
1422 1264 1611 1318 τοῦτον
1650 1265 1692 1296 ¹³
1715 1264 1980 1335 θελήσαν-

391 1375 506 1421 τος,
555 1357 602 1410 οἱ
635 1359 729 1410 τοῦ
757 1357 1039 1427 Γερμανοῦ
1076 1357 1421 1410 ὑπασπισταὶ
1460 1357 1978 1421 ἁντικαταστάντες,

393 1449 655 1514 ἐξωθοῦσι
712 1449 802 1502 τὸν
829 1449 1124 1517 Στέφανον,
1163 1452 1255 1500 καὶ
1284 1448 1542 1510 λαϐόντες
1574 1450 1665 1501 τὸν
1697 1449 1980 1519 Γερμανὸν

394 1544 473 1605 εἰς
509 1542 609 1612 τὴν
654 1540 918 1610 Μεγάλην
977 1540 1274 1609 ἐκκλησίαν
1317 1539 1776 1608 καταφεύγουσιν.
1822 1539 1878 1593 ’0
1924 1540 1981 1592 δὲ

396 1631 652 1700 βασιλεὺς
703 1629 921 1700 ῥάϐδοις
975 1631 1278 1699 ἐμαστίγου
1325 1629 1607 1682 Θεοδόσιον
1637 1630 1729 1682 τὸν
1780 1629 1978 1682 ἑαυτοῦ

398 1723 533 1776 υἱόν.
577 1723 857 1791 Ἐφασκεν
881 1720 990 1790 γὰρ
1030 1721 1097 1772 δι’
1121 1719 1288 1772 αὐτοῦ
1324 1719 1606 1790 Γερμανὸν
1639 1721 1684 1750 ¹⁸
1711 1720 1982 1788 φυγαδευ-

398 1816 558 1885 θῆναι
585 1833 598 1843 '
638 1816 733 1869 καὶ
759 1815 1084 1868 ἀποστέλλει
1111 1815 1518 1884 ἐξκουὸίτωρας
1562 1812 1656 1866 τοῦ
1691 1813 1980 1880 ἐξαγαγεῖν

401 1913 501 1980 τῆς
551 1909 817 1978 Μεγάλης
870 1909 1164 1978 ἐκκλησίας
1220 1909 1311 1962 τὸν
1355 1907 1656 1978 Γερμανὸν.
1697 1905 1980 1960 Ἐντεῦθεν

397 2002 627 2071 θρύλλος
659 2002 842 2072 μέγας
863 2005 929 2072 τῇ
969 2003 1124 2054 πόλει
1161 2001 1480 2070 ἐνέσκηψεν.
1526 2000 1584 2053 Ὀ
1613 1999 1669 2053 δὲ
1700 1999 1980 2070 Γερμανὸς

395 2093 667 2163 ἠθέλησεν
704 2092 966 2157 ἐξελθεῖν,
1000 2093 1098 2145 καὶ
1133 2092 1319 2145 δοῦναι
1350 2091 1566 2144 ἑαυτόν.
1598 2091 1679 2142 Τὰ
1709 2090 1765 2142 δὲ
1799 2090 1978 2160 πλήθη

395 2185 456 2236 οὐ
489 2185 868 2250 κατεδέξαντο,
903 2184 1017 2237 ἀλλ’
1049 2183 1240 2254 ὕϐρεσι
1301 2183 1573 2252 μεγάλαις
1611 2181 1704 2234 τὸν
1757 2181 1982 2252 βασιλέα

397 2278 674 2346 ἠτίμασαν
704 2279 768 2340 ⁸⁵,
794 2278 1045 2345 λέγοντες
1067 2290 1080 2303 ·
1105 2275 1202 2344 Μὴ
1230 2277 1410 2344 σχοίη
1445 2276 1486 2306 ¹⁶
1512 2274 1698 2344 δέρμα
1730 2278 1762 2328 ὀ
1787 2274 1983 2344 φιλῶν

398 2384 495 2431 σε,
533 2357 848 2436 ’Μαιιρικιε
895 2367 1336 2436 Μαρκιανιστὰ.
1385 2369 1449 2421 0i
1493 2369 1675 2420 τοίνυν
1721 2367 1790 2420 τὰ
1828 2367 1979 2437 τείχη

401 2461 769 2534 φρουροῦντες
799 2463 972 2514 ταῦτα
999 2462 1287 2531 μαθόντες,
1335 2460 1436 2528 τῆς
1467 2463 1708 2531 φρουρᾶς
1735 2461 1981 2531 κατημέ-

399 2555 588 2622 λησαν.
615 2555 747 2608 Τότε
779 2557 828 2608 οἱ
851 2552 944 2607 τοῦ
978 2540 1250 2624 Πρασίνου
1291 2553 1491 2622 μέρους
1525 2553 1624 2622 τὴν
1671 2552 1850 2605 οἰκίαν
1889 2551 1980 2604 τοῦ

403 2646 835 2713 Κωνσταντῖνου,
868 2648 962 2700 τοῦ
1002 2647 1298 2717 λεγομένου
1336 2647 1570 2716 Λάρδου,
1602 2639 1979 2714 καταιρλέγου-

403 2757 510 2793 σιν.
548 2741 606 2793 '0
651 2741 707 2792 δὲ
738 2741 1048 2811 Μαυρίκιος
1087 2740 1364 2810 μεσούσης
1390 2739 1490 2809 τῆς
1537 2739 1730 2800 νυκτὸς
1780 2739 1982 2791 ἀποδυ-

404 2831 636 2901 σάμενος
663 2832 760 2902 τὴν
809 2832 1095 2902 βασιλικὴν
1129 2832 1343 2902 στολὴν,
1377 2833 1471 2884 καὶ
1508 2829 1784 2900 ἰδιωτικὴν
1827 2847 1984 2900 περι-

402 2922 700 2992 ϐαλόμενος
736 2923 800 2987 ¹⁷,
838 2925 915 2985 εἰς
948 2922 1233 2991 δρόμωνάς
1277 2939 1336 2974 τε
1386 2920 1669 2984 εἰσελθὼν,
1721 2921 1858 2990 μετὰ
1883 2921 1982 2989 τῆς

402 3015 658 3082 γυναικός
691 3016 788 3068 καὶ
831 3016 940 3067 τῶν
973 3015 1177 3068 τέκνων
1211 3014 1374 3068 αὐτοῦ
1413 3014 1505 3067 καὶ
1546 3012 1982 3076 Κωνσταντίνου,

403 3108 817 3178 ἀποδιδράσκει.
871 3108 951 3159 Τὰ
999 3107 1055 3158 δὲ
1103 3105 1284 3176 πλήθη
1335 3106 1402 3158 δι’
1452 3103 1580 3174 ὅλης
1628 3104 1728 3172 τῆς
1790 3103 1983 3166 νυκτὸς

402 3195 712 3266 αἰσχίσταις
743 3194 936 3265 ὕϐρεσι
981 3195 1073 3248 τὸν
1116 3195 1340 3264 βασιλέα
1377 3191 1706 3264 καθύϐριζον
1735 3193 1983 3245 ἐπέσκω-

402 3288 537 3340 πτόν
567 3303 645 3350 τε,
675 3288 771 3338 καὶ
819 3285 911 3338 τὸν
964 3285 1310 3356 πατριάρχην
1365 3283 1666 3353 Κυριακόν.
1710 3283 1984 3348 Λαίλαπος

401 3381 582 3434 τοίνυν
612 3381 908 3449 γενομένου
953 3379 1193 3450 μεγάλου
1255 3381 1390 3450 μετά
1422 3377 1684 3431 κινδύνων
1713 3377 1984 3446 μεγίστων

403 3473 728 3537 διασώζεται
760 3472 1068 3542 Αὐτόνομος
1100 3473 1144 3504 ¹⁸
1177 3471 1313 3540 (77).
1358 3472 1446 3524 Ἐν
1473 3471 1611 3540 αὐτῇ
1641 3470 1699 3522 δὲ
1731 3473 1796 3540 τῇ
1827 3473 1986 3523 νυκτὶ

404 3565 740 3619 ἐπιτίθενται
769 3565 919 3635 αὐτῴ
944 3566 1040 3617 καὶ
1059 3565 1204 3617 νόσοι
1235 3562 1566 3634 ἀρθρίτιδες,
1598 3562 1663 3624 ἃς
1691 3561 1985 3629 ποδαλγίας

405 3660 498 3713 καὶ
536 3659 858 3729 χειραλγίας
893 3657 1174 3712 καλοῦσιν,
1235 3656 1518 3708 Ἐντεῦθεν
1563 3657 1603 3686 ¹⁹
1661 3655 1984 3707 ἀποστέλλει

403 3751 683 3805 Θεοδόσιον
710 3752 802 3803 τὸν
832 3750 1024 3804 ἐαυτοῦ
1066 3750 1182 3802 υίὸν
1225 3749 1363 3819 πρὸς
1393 3749 1642 3818 Χοσρόην
1671 3749 1715 3778 ²⁰
1770 3748 1859 3800 τὸν
1889 3747 1983 3817 βα-

406 3843 560 3896 σιλέα
581 3845 806 3914 Περσῶν
831 3843 968 3913 μετὰ
993 3844 1432 3906 Κωνσταντίνου,
1455 3843 1602 3904 ὅπως
1629 3843 1914 3914 ὑπομνήσῃ
1938 3843 1980 3874 ²¹

403 3937 512 3988 τῶν
545 3936 650 3988 ὐπὸ
680 3935 992 4006 Μαυρικίου
1022 3933 1328 4002 γεγονότων
1377 3933 1544 4003 αὐτῷ,
1587 3939 1682 3987 καὶ
1726 3934 1823 4004 τὴν
1853 3936 1983 3988 ἀντ-

404 4028 663 4082 απόδοσιν
696 4027 795 4096 τῆς
830 4027 1153 4098 εὐεργεσίας
1201 4026 1507 4096 προσνείμῃ
1540 4027 1617 4095 τῷ
1647 4025 1747 4096 υἱῷ
1790 4025 1978 4082 αὐτοῦ,

415 4120 474 4173 Ὀ
502 4120 558 4173 δὲ
585 4117 866 4190 Γερμανὸς
897 4120 1105 4189 πέμπει
1153 4118 1289 4188 πρὸς
1321 4120 1547 4190 Σέργιον
1574 4119 1666 4171 τὸν
1695 4121 1738 4149 ²¹
1771 4119 1982 4189 δήμαρ-

404 4231 498 4284 χον
517 4213 610 4266 τοῦ
640 4214 914 4283 Πρασίνου
946 4214 1168 4282 μέρους,
1191 4211 1338 4274 ὅπως
1367 4211 1808 4281 συναγωνίσηται
1833 4212 1980 4281 αὐτῷ

405 4307 498 4361 τοῦ
537 4306 869 4378 βασιλεῦσαι,
906 4306 1276 4377 ὑποσχόμενος
1304 4305 1534 4375 τιμῆσαι
1575 4303 1637 4356 τὸ
1670 4307 1836 4375 μέρος
1886 4304 1977 4356 τοῦ

407 4401 702 4468 Πρασίνου,
759 4399 854 4452 καὶ
892 4399 1055 4451 αὐτὸν
1109 4398 1372 4469 μεγάλαις
1425 4396 1606 4463 ἀξίαις
1637 4395 1975 4466 περιϐαλεῖν.

421 4491 481 4543 '0
507 4491 563 4543 δέ
596 4490 822 4559 Σέργιος
849 4491 961 4552 τοῖς
993 4489 1422 4560 ἐπισημοτέροις
1460 4487 1554 4540 τοῦ
1606 4487 1780 4558 δήμου
1820 4486 1980 4540 τοῦτο

2085 616 2130 667 0
2191 613 2470 676 Germane,
2531 611 2710 682 inquit
2769 609 3090 672 Mauricius,
3152 607 3472 676 suspicionis
3537 621 3666 659 mea:

2083 705 2244 777 242
2274 706 2377 756 duo
2427 716 2547 758 sunt
2602 713 2918 774 argumenta
2980 701 3312 756 validissima
3345 716 3358 752 :
3394 715 3424 751 a
3471 699 3667 766 populo

2084 798 2332 848 nimirum
2369 797 2436 848 ad
2460 807 2507 849 te
2536 798 2710 848 missrc
2735 794 2949 858 litterw,
2981 801 3030 845 et
3061 792 3200 860 quod
3235 807 3495 860 equarum
3537 802 3667 842 tua-

2084 898 2200 934 rum
2241 886 2384 953 gregi
2435 883 2509 936 ad
2543 883 2685 935 urbis
2747 883 2922 936 vicina
2983 881 3100 935 loca
3145 881 3384 947 poscenti
3437 881 3665 948 populus

2083 973 2218 1026 idem
2273 977 2526 1042 pepercit.
2566 975 2788 1030 thtcris
2817 977 2954 1028 cnim
2994 976 3246 1043 direptis,
3297 991 3360 1027 e.r
3395 975 3577 1042 populi
3609 976 3663 1025 in

2085 1074 2132 1118 te
2165 1067 2499 1118 humanitate
2551 1083 2631 1119 res
2665 1075 2768 1119 tua:
2797 1077 2942 1119 tecta:
2989 1077 3253 1134 sarta’que
3295 1064 3661 1132 perstiterunt.

2086 1157 2269 1222 Parce,
2331 1160 2622 1224 Germane,
2681 1176 2946 1212 sermones
3013 1159 3323 1228 ambagibus
3389 1157 3663 1216 involvere,

2085 1266 2248 1306 morte
2282 1254 2463 1321 gladio
2500 1253 2773 1321 inferenda
2815 1254 2944 1306 nihil
2985 1253 3112 1306 mihi
3154 1253 3472 1322 jucundius.
3527 1249 3666 1303 Tum

2084 1345 2396 1400 Germanus
2427 1347 2491 1402 ad
2535 1347 2627 1403 Dei
2657 1347 2958 1402 Genilricis
2990 1345 3187 1410 aedem,
3217 1348 3303 1399 cui
3339 1361 3368 1398 a
3402 1346 3545 1414 Cyro
3579 1344 3666 1398 fa-

2083 1451 2229 1492 crum
2265 1455 2484 1507 nomen,
2526 1441 2798 1511 confugit.
2835 1439 2990 1506 Quod
3022 1439 3114 1494 ubi
3160 1439 3387 1492 rescivit
3424 1439 3665 1508 impera-

2085 1539 2191 1592 tor,
2227 1529 2568 1601 Stephanum
2601 1534 2941 1596 eunuchum,
2987 1533 3078 1601 qui
3112 1531 3444 1585 Germanum
3489 1529 3665 1584 eccle-

2084 1621 2162 1673 sia
2196 1620 2478 1686 educeret,
2523 1624 2692 1679 misit.
2743 1625 3020 1694 Stephano
3055 1624 3122 1677 ad
3175 1639 3296 1676 eum
3357 1623 3662 1678 eruendum

2085 1714 2192 1766 vim
2233 1716 2554 1781 adhibente,
2613 1715 2870 1772 Germani
2929 1720 3227 1788 stipatores
3286 1727 3478 1770 contra
3530 1716 3667 1770 resi-

2085 1816 2319 1874 stentes,
2354 1808 2695 1871 Germanum
2735 1811 2860 1866 inde
2891 1823 3142 1882 ereptum
3178 1810 3243 1864 ad
3286 1810 3536 1882 Magnam
3571 1826 3667 1864 er-

2084 1901 2306 1955 clcsiam
2342 1900 2466 1972 fuga
2498 1903 2662 1957 celeri
2687 1889 2988 1958 deducunt.
3026 1902 3236 1957 Interea
3275 1903 3446 1956 lilium
3485 1902 3667 1957 Theo-

2083 1994 2299 2048 dosium
2356 1995 2525 2066 virgis
2557 1995 2692 2050 czedi
2739 1995 3274 2067 jubetimperator.
3329 1996 3665 2052 Germanum

2082 2088 2228 2142 enim
2257 2087 2380 2158 ejus
2433 2090 2686 2145 consiliis
2718 2089 2902 2158 fugam
2953 2092 3256 2160 arripuisse
3313 2091 3666 2145 causabatur.

2084 2181 2268 2246 Quare
2316 2182 2670 2238 excubitores
2717 2184 2809 2253 qui
2861 2199 2985 2238 cum
3056 2183 3302 2238 ecclesia
3350 2184 3664 2243 extrahant,

2085 2272 2305 2327 mandat
2345 2291 2358 2328 :
2401 2290 2466 2328 ex
2512 2289 2622 2343 quo
2663 2275 2932 2328 tumultus
2975 2274 3167 2343 ingens
3222 2274 3498 2328 civitatem
3554 2277 3644 2327 uni

2084 2380 2298 2420 versam
2335 2365 2564 2419 invadit.
2599 2365 2736 2420 Cum
2777 2381 2907 2419 vero
2958 2365 3261 2420 Germanus
3290 2367 3466 2436 exire,
3514 2381 3577 2418 ac
3610 2381 3670 2419 se

2086 2456 2228 2512 uitro
2255 2458 2456 2512 dedere
2487 2467 2727 2528 pararet,
2786 2459 2941 2527 plebs
2983 2458 3036 2512 id
3076 2459 3298 2513 minime
3333 2474 3490 2527 passa
3524 2467 3606 2514 est
3651 2477 3666 2512 :

2083 2549 2216 2618 quin
2249 2549 2720 2618 petulantioribus
2771 2549 3042 2603 conviciis
3076 2551 3128 2603 in
3163 2550 3548 2618 imperatorem
3582 2551 3669 2603 in-

2086 2650 2238 2696 vecta
2294 2660 2307 2696 :
2373 2642 2718 2707 Excorietur,
2785 2643 3140 2708 exclamavit,
3198 2643 3290 2712 qui
3357 2651 3404 2695 te
3465 2643 3663 2712 diligit,

2083 2736 2338 2798 Maurici,
2397 2734 2777 2790 Marcianista.
2816 2735 2942 2790 lstis
3007 2734 3233 2798 auditis,
3277 2735 3666 2804 quiintenihus

2085 2826 2446 2882 defendendis
2495 2828 2897 2898 invigilabant,
2967 2828 3264 2883 deseruere
3336 2828 3665 2882 custodiam.

2085 2919 2225 2972 Tum
2266 2934 2396 2974 vero
2445 2920 2540 2990 qui
2600 2919 2844 2974 Prasina:
2879 2923 3020 2990 parti
3057 2921 3259 2984 affecti,
3297 2920 3666 2984 Constantini,

2085 3012 2174 3065 eui
2206 3027 2511 3082 cognomen
2553 3012 2786 3077 Lardus,
2829 3015 3002 3068 autem
3056 3014 3490 3069 succemieruut.
3527 3013 3669 3085 Ergo

2089 3100 2388 3156 Mauricius
2419 3103 2769 3172 imperatoris
2801 3104 3114 3173 insignibus
3147 3113 3201 3158 et
3235 3105 3482 3159 vestibus
3533 3119 3666 3158 exu-

2011 3223 2054 3282 ο
2090 3203 2206 3256 tus,
2259 3197 2534 3265 privatum
2571 3196 2837 3263 induces,
2893 3197 3073 3252 media
3113 3207 3294 3262 nocte,
3344 3199 3670 3253 conscensis

2089 3285 2474 3352 dromonibus,
2529 3303 2652 3341 cum
2689 3304 2884 3351 uxore,
2946 3288 3134 3342 liheris
3185 3297 3237 3342 et
3283 3285 3668 3347 Constantino,

2091 3379 2218 3450 fuga
2261 3382 2496 3436 salutem
2530 3382 2745 3451 qumrit.
2801 3381 2991 3451 l’Opuli
3029 3396 3156 3436 vero
3193 3388 3386 3435 turmae
3417 3381 3670 3451 turpibus

2090 3473 2274 3528 verbis
2298 3481 2351 3527 et
2393 3473 2555 3529 fmdis
2590 3475 2808 3544 injuriis
2840 3491 2936 3544 per
2976 3485 3144 3529 totam
3189 3483 3400 3528 noctem
3430 3474 3668 3543 impera-

2089 3575 2263 3621 torem
2291 3566 2666 3636 proseindere,
2696 3577 2750 3622 et
2776 3568 2829 3622 in
2863 3569 3039 3638 ipsum
3072 3566 3443 3637 patriarcham
3475 3566 3667 3638 Cyria-

2086 3674 2212 3713 cum
2253 3659 2486 3714 dicteria
2514 3660 2926 3729 illiberalesque
2955 3659 3111 3728 jocos
3148 3674 3425 3730 spargere.
3463 3659 3668 3715 Exorta

2086 3761 2270 3806 autem
2305 3753 2539 3807 subinde
2563 3761 2886 3823 tempestate
2919 3754 3178 3818 maxima,
3214 3750 3517 3806 Mauricius
3546 3761 3671 3822 post

2086 3847 2235 3900 varia
2293 3847 2621 3901 discrimina
2651 3845 2717 3900 ad
2771 3846 3145 3900 Autonomum
3205 3846 3393 3901 salvus
3451 3846 3670 3900 delatus

2085 3947 2190 3992 est.
2247 3935 2562 4006 Eademque
2610 3945 2772 3992 nocte
2807 3938 3034 3992 morbus
3063 3936 3407 4000 articularis,
3450 3953 3614 4007 quem
3640 3955 3670 3990 a

2085 4043 2342 4084 manuum
2367 4029 2674 4099 pedumque
2712 4029 3017 4094 doloribus,
3042 4031 3344 4100 podalgiam
3377 4039 3431 4084 et
3465 4031 3671 4084 ehiral-

2084 4123 2228 4192 giam
2250 4132 2594 4192 nuncupant,
2614 4138 2738 4178 eum
2760 4123 3049 4190 corripuit.
3073 4120 3280 4177 Exinde
3299 4122 3669 4178 Theodosium

2085 4214 2255 4268 lilium
2287 4230 2410 4269 eum
2441 4217 2804 4270 Constantino
2837 4216 3002 4268 mittit
3041 4216 3108 4269 ad
3156 4215 3446 4270 Persarum
3488 4233 3667 4288 regem

2083 4303 2406 4368 Chosroem,
2432 4321 2539 4374 quo
2563 4305 2810 4360 beneficii
2841 4306 3113 4374 quomlam
3138 4307 3319 4360 collati
3348 4310 3669 4362 memoriam

2082 4404 2399 4461 renovaret,
2438 4405 2494 4451 et
2531 4397 2758 4467 proprio
2793 4395 2905 4451 filio
2941 4398 3081 4466 grati
3113 4397 3285 4451 animi
3317 4399 3554 4454 ollicium
3581 4415 3670 4455 re-

2085 4487 2375 4558 penderet,
2404 4497 2458 4544 et
2490 4489 2682 4559 gratia:
2713 4491 2885 4543 vicem
2923 4489 3257 4545 refunderet.
3284 4489 3496 4546 Interea
3531 4489 3670 4546 Ger.

381 4582 730 4653 .ἐθάῤῥησεν.
764 4582 828 4636 Οἱ
864 4581 922 4635 δέ
958 4581 1117 4636 τοῦτο
1166 4581 1228 4635 οὐ
1282 4579 1644 4646 κατεδέξαντο
1697 4579 1948 4648 λέγοντες
1973 4595 1985 4608 ·
2017 4566 2065 4624 D
2093 4595 2136 4634 m

1913 4595 1985 4642 ς·
2017 4566 2065 4624 D
2093 4595 2291 4635 manus
2323 4581 2390 4636 ad
2447 4581 2700 4653 Sergium
2759 4581 3004 4637 Prasinze
3065 4581 3326 4638 factionis
3386 4583 3668 4640 tribunum

1707 4671 1945 4726 VARUE
1985 4671 2398 4729 LECTIONES.

481 4774 525 4806 ¹⁶
553 4773 862 4844 διήρπασαν
894 4775 962 4834 A,
989 4774 1316 4844 ἐφήρπασαν
1345 4772 1492 4842 vulg.

405 4847 599 4914 γαγεῖν
624 4843 815 4897 τοῦτον
848 4846 914 4908 Α,
949 4863 997 4896 τ.
1034 4845 1111 4910 ἐξ.
1144 4845 1332 4914 βιαίως
1365 4845 1511 4911 vulg.

409 4911 552 4987 ἐσχῃ
580 4918 618 4968 Α
656 4917 692 4968 f.
780 4911 1379 4987 “fitapt6uko'pevog‘A,
1423 4911 1713 4987 περιϐαλλ.
1738 4911 1900 4987 _‘vulg_.

405 4989 448 5018 ²¹
479 4983 769 5059 tramam
793 4985 901 5040 τῶν
929 4983 1000 5050 Α,
1033 4983 1358 5056 ὑπομνησθῇ
1391 4984 1536 5054 vulg.

1601 4771 1640 4803 ¹¹
1672 4771 1960 4839 ἐφείσαντο
1985 4771 2049 4831 Α,
2072 4771 2310 4843 ᾲέφεισαν
2343 4773 2487 4843 vulg.

1592 4843 1636 4876 ’δ
1669 4843 1950 4913 Γερμανὸν
1981 4841 2105 4895 add.
2133 4858 2197 4895 ex
2228 4846 2294 4898 A.
2391 4846 2420 4876 ¹¹

1594 4911 1713 4965 αλλ.
1755 4913 1900 4967 vulg.
1979 4913 2024 4943 ¹⁸
2055 4913 2352 4967 αὐτόνομος
2379 4916 2420 4967 Α

1635 4931 1713 4964 ΑΛ.
1755 4931 1900 4979 vnlg.
1981 4931 2024 4943 ’τ’
2055 4931 2352 4984 αυτονομος
2379 4931 2444 4969 Α.

1635 4985 1680 5014 ³³
1703 4982 1794 5035 τὸν
1826 4982 1952 5035 add.
1979 4997 2044 5036 ex
2078 4983 2144 5035 Α.

2597 4775 2640 4805 ¹¹
2673 4775 2748 4836 είς
2780 4773 2846 4824 τὰ
2879 4772 3065 4843 Κύρου
3099 4789 3152 4828 a.
3251 4774 3295 4805 ¹⁸
3327 4773 3516 4844 βιαίως
3544 4772 3670 4844 ἐξατ

2391 4842 2828 4916 ιιίὴτίμασανγᾼ,
2855 4842 3158 4913 ἡτοίμασαν
3183 4842 3337 4916 vulg.
3392 4847 3456 4916 1'
3487 4842 3666 4914 σχοίη]

2525 4912 2569 4948 η
2594 4912 2830 4968 ἐνταῦθα
2859 4929 2912 4967 a.
2981 4912 3040 4960 ³ο.
3060 4912 3309 4987 Χοσρόην
3338 4913 3468 4970 add.
3497 4912 3564 4970 ei
3598 4912 3664 4970 Α.

1706 5076 1846 5132 JAC.
1879 5075 2090 5133 GOARI
2136 5078 2367 5135 ΝΟΤᾸΞ.

477 5173 588 5243 (Π)
651 5170 726 5226 De
775 5171 1050 5243 Germano
1082 5171 1187 5243 cui
1254 5169 1982 5243 Amortem_com_minaretur

409 5239 704 5297 Mauricius
761 5242 1029 5296 intellexit
1080 5241 1425 5295 Theodosius
1475 5239 1597 5308 ejus
1653 5240 1817 5304 filius,
1855 5254 1978 5292 cum

416 5315 482 5366 ad
518 5329 669 5366 aram
715 5311 905 5381 fugere
943 5313 1175 5375 inonuit,
1215 5323 1272 5365 ut
1301 5312 1466 5366 habet
1499 5310 1806 5380 Theophyl.
1843 5312 1982 5363 Cou-

412 5397 579 5437 BEFIS.

485 5455 598 5538 (75)
639 5452 938 5508 Simocatta
996 5453 1197 5537 citatus
1227 5467 1242 5504 :
1271 5451 1558 5538 Licia-i395)
1607 5451 1828 5538 ’ξεμέν-ἷι
1862 5450 1978 5538 (ῖῆῖ

412 5521 754 5594 Θεομήτορος
811 5523 1238 5592 προσεπέλασεν,
1268 5521 1296 5573 ὃ
1330 5523 1528 5594 κῦρον,
1578 5521 1683 5574 τὸν
1716 5522 1832 5594 ἐπὶΔ
1860 5521 1984 5594 Θεοι

413 5591 590 5646 δοσίου
621 5591 713 5646 τοῦ
755 5591 1157 5661 αὐτοκράτορος
1201 5593 1460 5660 γεγονότα
1504 5593 1793 5660 δείμασθαι
1823 5591 1980 5656 λόγος

414 5610 589 5646 οοσιου
621 5611 713 5646 του
755 5610 1060 5661 αυτοκρατο
1099 5611 1157 5654 ος
1201 5610 1460 5660 γεγονοτα
1504 5610 1793 5660 οειμασυαι
1823 5610 1979 5656 mro;

414 5663 751 5733 καθέστηκεν
775 5663 1033 5733 ἀψευδὴς·
1056 5610 1276 5716 ἕαενιιηι
1303 5663 1542 5731 Deipara:
1561 5664 1806 5730 templum
1831 5664 1979 5728 petit,

409 5733 545 5801 quod
581 5751 613 5787 a
643 5732 801 5803 Cyro
859 5732 1138 5787 Thebdosii
1183 5735 1498 5801 temporibus
1545 5750 1657 5802 esse
1690 5735 1979 5795 conditum,
2012 5746 2015 5748 '

412 5799 557 5871 [urna
589 5821 690 5856 non
708 5799 870 5870 '[a’sa
895 5805 1172 5869 pra’dical.
1193 5799 1340 5863 item
1375 5803 1520 5872 Orig.
1565 5799 1676 5858 ΟΡ.

483 5875 750 5944 (76)Etat
784 5875 828 5929 is
853 5876 1161 5938 eunuchus,
1217 5874 1448 5929 filiorum
1509 5873 1752 5928 Mauricii
1799 5873 1980 5942 prcda-

2092 5185 2282 5244 gogus.
2315 5175 2610 5245 Simocatla
2638 5190 2757 5245 cap.
2799 5175 2851 5228 8.

2163 5241 2272 5317 (77)
2308 5244 2456 5317 idem
2483 5265 2605 5317 cap.
2637 5247 2668 5301 9
2698 5241 2721 5299 ι’
2745 5245 2914 5307 Μόλις
2943 5245 2970 5297 ό
3002 5242 3310 5317 Μαυρίκιος
3335 5241 3663 5317 διασῴζεται

2092 5315 2185 5367 ἐπὶ
2236 5313 2326 5367 τὸν
2375 5316 2512 5368 νεὼν
2555 5313 2874 5383 Ἀύτονόμου
2941 5315 3032 5366 τοῦ
3091 5313 3390 5384 μάρτυρος,
3445 5313 3522 5377 ὡς
3559 5317 3668 5368 ἀπὸ

2093 5385 2324 5437 σταδίων
2365 5385 2407 5455 ρ’
2445 5388 2536 5441 καὶ
2571 5394 2611 5439 ν’
2642 5387 2741 5454 τῆς
2782 5385 2989 5448 πόλεως
3042 5384 3478 5436 Κωνσταντίνουο
3511 5385 3669 5437 Mau-

2091 5457 2252 5510 ricius
2284 5473 2417 5526 (egre
2457 5457 2733 5526 adhaedcm
2765 5457 3016 5522 martyris
3047 5456 3327 5526 Autonomi
3365 5456 3509 5526 vivus
3544 5471 3668 5526 era-

2091 5528 2190 5588 dit,
2212 5530 2300 5595 qui
2330 5516 2477 5580 locus
2505 5516 2609 5582 CP.
2636 5529 2848 5580 circiter
2880 5516 2980 5579 (50
3011 5527 3201 5578 studiis
3232 5524 3664 5595 abest—gem”

2091 5601 2170 5660 εἰς
2191 5589 2282 5649 τῖιν
2312 5599 2639 5667 Αὐτόνομον·
2679 5597 2876 5652 melius
2904 5597 3240 5662 Αὐτονόμου.
3287 5594 3378 5648 Sic
3405 5589 3668 5667 et_Tlteo-

2095 5669 2236 5738 phyl.
2279 5685 2398 5736 cap.
2433 5671 2463 5722 9
2505 5662 2530 5721 ι’
2603 5667 2728 5720 Ἐπὶ
2776 5669 2868 5718 τὸν
2893 5668 3028 5719 νεὼν
3061 5667 3372 5734 Αὐτονόμου
3395 5662 3488 5738 τοῦ
3525 5669 3665 5733 μάρ-

2092 5735 2270 5808 τυρος·
2308 5740 2495 5791 Sulvus
2525 5738 2697 5791 evadit
2734 5739 2801 5789 ad
2844 5738 3090 5804 templum
3136 5735 3422 5808 Autongmi
3459 5747 3663 5806 marty~

2096 5804 2205 5870 ns,-
2248 5811 2393 5879 quod
2423 5811 2497 5863 ait
2540 5811 2750 5865 distare
2781 5809 2884 5863 Ci‘.
2918 5810 3012 5863 150
3053 5807 3268 5864 stadiis.
3300 5804 3588 5863 Consus.
