4444 6436
429 446 535 509 629

1728 439 2403 506 CIIRONOGRAPHIA.

3581 423 3689 485 630

429 561 697 634 μυριάδας
740 561 797 613 έν
844 560 984 631 αὐτῇ
1021 561 1472 632 ᾐχμαλώτευσαν.
1514 562 1833 632 Ἡράκλειος
1892 560 1948 612 δὲ
1981 559 2009 610 6
2040 567 2082 621 Α
2114 572 2176 611 ca

1934 559 2009 612 :6
2040 567 2082 621 Α
2114 554 2487 625 captivitatem
2549 557 2802 621 egerunt.
2862 547 3150 603 lleraclius
3199 555 3381 601 autem
3457 545 3689 614 imperio

429 655 740 724 βασιλεὺς¹⁷
770 654 1094 723 βασιλεύσας
1130 656 1267 723 ('50),
1299 650 1427 724 εὗρε
1478 654 1904 727 παραλελυμὲνα
1936 654 2004 707 τά

424 746 524 813 τῆς
547 745 825 809 πολιτείας
851 748 895 777 ¹⁸
934 747 1222 816 Ῥωμαίων
1258 748 1582 818 πράγματα.
1610 748 1723 816 Τήν
1782 764 1841 799 τε
1897 746 2003 814 γάρ

428 836 698 907 Εὐρώπην
732 840 779 890 ol
809 838 1085 907 Βάρϐαροι
1110 841 1151 871 ¹⁹
1180 840 1499 909 ἐρήμωσαν,
1534 841 1629 892 καὶ
1674 840 1773 909 τὴν
1817 838 2004 891 Ἀσίαν

427 930 473 980 oi
509 929 712 999 Πέρσαι
744 931 929 982 πᾶσαν
962 930 1363 1002 κατέστρεψαν,
1391 932 1485 985 καὶ
1526 932 1623 994 τὰς
1679 932 1863 992 πόλεις
1909 932 2005 999 ᾐχ-

432 1020 805 1089 μαλώτευσαν,
852 1023 948 1074 καὶ
1000 1023 1091 1074 τὸν
1140 1024 1249 1076 τῶν
1306 1025 1594 1093 Ῥωμαίων
1659 1023 1885 1093 στρατὸν
1949 1025 2005 1075 ὲν

429 1113 543 1174 τοῖς
567 1112 827 1182 πολέμοις
857 1114 1163 1183 ἀνήλωσαν.
1203 1117 1311 1168 Καὶ
1338 1116 1511 1169 ταῦτα
1540 1116 1661 1168 ἰδὼν
1694 1119 1750 1168 ἐν
1801 1115 2006 1185 ἀπορίᾳ

427 1201 494 1275 ἦν
521 1208 633 1273 (51)
664 1210 716 1260 τί
745 1209 956 1278 δράσοι.
998 1210 1328 1277 Ἐρευνήσας
1374 1211 1483 1280 γὰρ
1514 1212 1605 1262 τὸν
1650 1211 1901 1279 στρατὸν,
1957 1210 2005 1262 εί

429 1294 536 1363 ἄρα
566 1296 835 1358 ἐσώζοντο
860 1298 923 1349 ἐκ
952 1297 1060 1349 τῶν
1090 1297 1226 1364 μετὰ
1274 1298 1436 1350 Φωκᾶ
1494 1298 1634 1350 κατὰ
1696 1295 2003 1367 Μαυρικίου

431 1388 939 1453 στρατευσάντων²⁰
978 1391 1070 1441 ἐπὶ
1126 1392 1190 1459 τῇ
1250 1390 1443 1442 τούτου
1502 1389 1859 1460 τυραννίδι²¹,
1914 1388 2006 1441 δύο

431 1478 624 1545 μόνους
662 1475 818 1549 εὗρεν
854 1479 964 1549 (52)
997 1484 1055 1532 ὲν
1090 1483 1225 1534 πᾶσι
1257 1483 1369 1546 τοῖς
1403 1482 1603 1552 οέμασι
1633 1484 1768 1550 (55).

499 1654 588 1725 Τῷ
621 1656 663 1708 δ’
698 1657 843 1726 αύτῴ
870 1658 978 1709 ἔτει
1006 1658 1119 1727 (54)
1159 1659 1290 1729 μην1⁵
1317 1659 1486 1730 Μαΐῳ
1525 1659 1571 1729 γ’
1613 1659 1908 1711 ίνδικτιῶνι
1944 1658 2002 1712 ιε’

429 1748 627 1818 ἐτέχθη
649 1749 725 1818 τῷ
756 1749 966 1818 βασιλεί
997 1753 1111 1814 υἱὸς
1140 1751 1248 1805 ἀπὸ
1275 1752 1564 1815 Εὺδοκίας,
1621 1753 1944 1823 Ἡράκλειος
1974 1753 2003 1804 6

431 1842 627 1910 μικρὸς
651 1844 677 1894 ὁ
699 1843 793 1894 καὶ
818 1844 936 1906 νέος
964 1845 1008 1875 ²¹
1040 1846 1471 1908 Κωνσταντίνος.
1509 1846 1599 1915 Τῷ
1630 1846 1669 1898 δ’
1706 1845 2004 1915 Αὐγούστῳ

2111 654 2416 714 assumpto.
2474 658 2587 698 rem
2651 656 2869 697 omnem
2938 639 3238 693 Romanam
3303 637 3687 691 labefactatam

2115 737 2335 806 reperit.
2377 734 2649 801 Eumpam
2681 732 2881 786 etenim
2915 730 3140 784 Barbari
3197 728 3549 784 reddiderant
3588 728 3687 782 de-

2115 838 2343 894 sertam,
2375 829 2687 883 universam
2729 825 2914 878 Asiam
2943 822 3123 877 Persae
3152 836 3370 891 pessum
3398 821 3686 885 dederant,

2112 933 2167 978 et
2204 923 2370 976 urbes
2398 923 2637 991 integras
2669 920 2722 973 in
2759 919 3130 987 captivitatem
3175 916 3542 981 abduxerant,
3575 916 3686 970 lto—

2114 1030 2449 1082 manumque
2488 1012 2789 1066 exercitum
2833 1010 2993 1064 bellis
3033 1016 3496 1078 consumpserant
3549 1023 3688 1063 con—

2115 1106 2307 1161 tinuis.
2367 1103 2471 1159 Ista
2533 1104 2881 1171 conspiciens
2938 1101 3262 1169 imperator,
3318 1101 3450 1169 quid
3500 1109 3687 1169 ageret

2112 1198 2314 1253 dubius
2362 1196 2620 1250 haerebat.
2665 1194 2921 1248 Exercitu
2976 1192 3248 1261 siquidem
3283 1192 3433 1246 omni
3506 1193 3690 1262 perlu-

2114 1299 2311 1350 strato.
2340 1306 2469 1343 num
2492 1288 2659 1357 aliqui
2692 1303 2754 1342 ex
2782 1289 2867 1351 iis,
2897 1289 3138 1357 quicum
3173 1284 3351 1340 Pboca
3377 1286 3688 1357 tyrannidis

2113 1385 2235 1453 ejus
2272 1385 2518 1438 fautores
2568 1383 2831 1438 adversus
2882 1381 3207 1436 Mauricium
3259 1381 3491 1449 praeliati
3544 1381 3688 1435 inter

2113 1478 2268 1532 vivos
2300 1484 2677 1546 superessent,
2711 1483 3114 1543 perscrutatus,
3144 1489 3240 1543 per
3269 1474 3510 1541 legiones
3550 1486 3688 1527 cun-

2114 1578 2232 1623 etas
2276 1568 2505 1621 rimatus
2536 1566 2676 1619 duos
2701 1565 2851 1619 solos
2876 1564 3083 1617 invenit
3110 1564 3383 1627 residuos,

2184 1663 2381 1718 Eodem
2400 1665 2559 1717 etiam
2574 1675 2716 1714 anno
2734 1658 2939 1714 mensis
2958 1658 3081 1712 Maii
3098 1658 3183 1711 die
3200 1655 3689 1717 tertio.indietione

2111 1754 2320 1807 dei-ima
2351 1754 2563 1822 quinta,
2603 1768 2664 1806 cx
2726 1749 2966 1803 Eudocia
3021 1749 3335 1817 imperatori
3389 1756 3685 1816 susceptus

2114 1841 2280 1903 lilius,
2311 1840 2594 1895 lleraclius
2626 1838 2835 1907 junior,
2870 1838 2961 1908 qui
2996 1845 3050 1891 et
3080 1852 3255 1892 novus
3286 1837 3686 1893 Constantinus

433 1933 561 2001 μηνὶ
613 1932 671 1987 ιδ’
722 1936 833 2004 (⁸55)
882 1936 1235 2007 ἐτελεύτησεν
1281 1935 1514 1991 Εύδοκία
1568 1936 1860 2007 Αὐγοῦστα
1907 1939 2005 2008 τῆς
2040 1936 2081 1991 Β
2111 1949 2188 2000 cog

1929 1939 2005 2008 τῆς
2040 1936 2081 1991 Β
2111 1934 2528 2001 cognominatus
2554 1942 2655 1987 est.
2689 1931 2920 1999 Augusti
2954 1945 3082 1985 vero
3114 1930 3319 1985 mensis
3347 1929 3435 1985 die
3470 1930 3684 1986 decimo

432 2025 602 2095 αὐτῆς
627 2033 687 2079 ιε’
724 2028 1080 2092 ινδικτιῶνος.

499 2207 561 2260 Α.
592 2208 665 2261 Μ.
701 2207 859 2263 ϐίοι.
910 2239 978 2250 -
1011 2210 1198 2281 Τούτῳ
1242 2211 1320 2282 τῷ
1355 2210 1464 2265 ἔτει
1512 2210 1645 2282 μηνὶ
1688 2212 2003 2283 ὐκτωϐρίῳ

428 2294 470 2345 δ’
496 2295 605 2364 (56)
637 2298 927 2351 Ξνδικτιῶνι
958 2297 1006 2350 α’
1033 2300 1322 2371 ὲστέφθηὴ
1354 2302 1675 2370 Ἐπιφάνεια
1697 2304 1730 2372 ἡ
1757 2301 2003 2369 θυγάτηρ

444 2386 763 2456 Ἡρακλείου
791 2392 894 2445 ὑπὸ
924 2393 1151 2463 Σεργίου
1208 2396 1548 2465 πατριάρχου
1608 2395 1898 2463 Αὑγούστα
1946 2396 2003 2446 ἐν

429 2480 501 2549 τῷ
534 2481 807 2551 εὐκτηρίμ
840 2483 934 2537 τοῦ
986 2485 1141 2554 ἁγίου
1190 2486 1464 2556 Στεφάνου
1519 2490 1577 2541 ὲν
1611 2488 1691 2559 τῷ
1729 2486 2000 2557 παλατίῳ.

537 2572 593 2624 δὲ
622 2575 940 2645 Δεκεμϐρίῳ
973 2577 1103 2646 μηνὶ
1134 2576 1390 2649 κεί(57),
1424 2582 1489 2651 τῇ
1531 2580 1668 2649 αύτῇ
1769 2586 1818 2633 α’
1880 2578 2002 2632 ίνδι-

429 2665 636 2730 κτιῶνι,
682 2668 919 2738 ἐστέφθη
959 2669 1279 2740 Ἡράκλειος
1334 2673 1362 2723 6
1405 2671 1521 2734 υίὸς
1567 2670 1913 2741 Ἡρακλείου,
1973 2671 2002 2721 6

427 2757 543 2819 νέος
567 2759 613 2790 ¹³
645 2760 1075 2828 Κωνσταντίνος,
1106 2762 1210 2816 ὑπὸ
1233 2764 1459 2834 Σεργίου
1483 2764 1844 2835 πατριάρχου.

499 2938 591 3010 Τῷ
620 2939 664 2992 δ’
694 2940 844 3009 αὐτῷ
883 2942 993 2994 ἔτει
1028 2943 1473 3013 ἐπεστράτευσαν
1503 2944 1814 3014 Σαρακηνοὶ
1865 2947 2001 2999 κατὰ

427 3031 673 3101 Συρίας·
747 3035 840 3088 καὶ
921 3034 1295 3107 λυμηνάμενοι
1404 3038 1567 3092 ἱκανὰ
1648 3038 1824 3109 χωρία
1896 3038 2002 3091 ὐπ-

426 3123 718 3195 έστρεψαν.

497 3220 562 3271 Α.
597 3220 675 3272 Μ.
708 3219 868 3275 6105.
896 3250 969 3261 -
1006 3222 1193 3294 Τούτῳ
1222 3222 1299 3293 τῷ
1323 3224 1433 3277 ἔτει
1476 3223 1668 3278 ἔλαϐον
1697 3226 1746 3279 oi
1795 3228 1998 3300 Πέρσαι

427 3308 526 3375 τὴν
598 3311 926 3379 Δαμασκὸν,
979 3313 1073 3366 καὶ
1129 3314 1564 3385 ῂχμαλώτευσαν
1616 3317 1744 3370 λαὸν
1800 3319 2002 3377 πολύν.

437 3397 761 3471 Ἡράκλειος
818 3403 874 3457 δὲ
939 3404 1192 3475 βασιλεὺς
1247 3406 1507 3477 πρέσϐεις
1563 3409 1699 3479 πρὸς
1756 3412 2006 3483 Χοσρόην

432 3493 751 3548 ἀπέστειλεν
769 3495 1083 3552 παύσασθαι
1098 3498 1190 3552 τοῦ
1221 3499 1435 3571 ὲκχέειν
1452 3501 1695 3573 ἀνηλεῶς
1712 3504 1778 3556 τά
1801 3504 2007 3571 αἵματα

429 3585 539 3637 τῶν
573 3586 915 3657 ἀνθρώπων,
948 3590 1042 3644 καὶ
1075 3591 1256 3661 ὁρίσαι
1313 3593 1534 3663 φόρους,
1577 3596 1669 3647 καὶ
1708 3596 2007 3666 λαμϐάνειν

430 3677 635 3732 πάκτα.
680 3680 738 3732 '0
782 3680 838 3734 δὲ
871 3682 998 3745 τοὺς
1043 3683 1305 3753 πρέσϐεις
1351 3685 1668 3756 ἀπράκτους
1711 3688 2001 3756 ἀπέλυσεν,

437 3770 510 3839 μὴ
538 3772 905 3841 ποιησάμενος
935 3776 1118 3839 αὐτοῖς
1149 3776 1325 3845 λόγον,
1370 3778 1606 3843 ἐλπίζων
1635 3780 1855 3844 τελείως
1897 3797 2007 3834 πα-

432 3862 691 3929 ραλαϐεῖν
729 3866 828 3933 τὴν
879 3866 986 3919 τῶν
1029 3868 1317 3937 Ῥωμαίων
1356 3870 1552 3940 ἀρχήν.
1611 3870 1669 3924 '0
1719 3872 1775 3924 δὲ
1841 3873 2005 3942 Ἡρά-

430 3956 609 4019 κλειος
654 3958 733 4027 τῷ
776 3960 925 4029 αύτῳ
975 3962 1154 4030 χρόνῳ
1187 3962 1396 4032 ἔγημεν
1426 3963 1732 4034 Μαρτίναν,
1766 3965 1859 4017 καὶ
1906 3966 2001 4019 ἀν-

429 4047 727 4118 ηγόρευσεν
758 4054 930 4119 αὐτὴν
970 4052 1293 4120 Αὐγοῦσταν
1342 4052 1545 4123 στέψας
1582 4055 1754 4124 αὐτὴν
1800 4058 1880 4119 εἰς
1910 4057 2003 4110 τὸν

428 4141 789 4211 αύγουστέαν,
820 4144 1110 4214 στεφθεῖσα
1139 4145 1244 4198 ὑπὸ
1268 4146 1497 4218 Σεργίου
1526 4147 1890 4219 πατριάρχου.

498 4323 562 4375 Α.
620 4324 696 4377 Μ.
757 4324 917 4381 6106.
971 4353 1044 4367 -
1078 4325 1270 4399 Τούτῳ
1320 4327 1399 4398 τῷ
1430 4327 1541 4381 ἔτει
1592 4329 1899 4400 παρέλαϐον
1946 4330 1996 4384 οἱ

2106 2036 2303 2096 quarto
2354 2025 2543 2080 eadem
2605 2023 2902 2079 indictione
2958 2022 3200 2077 Eudocia
3232 2023 3477 2095 Augusta
3534 2024 3679 2079 diem

2105 2126 2411 2173 extremum
2445 2117 2602 2171 obiit.

2179 2210 2243 2262 Α.
2278 2208 2337 2265 C.
2367 2209 2494 2263 606.
2542 2240 2609 2251 .-
2646 2207 2759 2264 lloe
2815 2224 2959 2262 anno
3014 2209 3220 2264 mensis
3281 2208 3536 2265 Octobris
3596 2209 3684 2265 die

2108 2311 2331 2371 quarto,
2393 2302 2691 2357 indictione
2722 2302 2919 2371 prima,
2984 2301 3285 2371 Epiphania
3335 2302 3685 2371 imperatoris

2105 2394 2345 2449 Heraclii
2410 2392 2521 2447 ﬁlia
2566 2394 2620 2446 in
2658 2393 2901 2448 oratorio
2941 2394 3119 2448 sancti
3194 2392 3479 2462 Stephani,
3534 2394 3682 2462 quod

2106 2485 2161 2539 in
2216 2484 2441 2554 palatio,
2491 2499 2521 2538 a
2573 2484 2767 2554 Sergio
2828 2483 3140 2554 patriarcha
3172 2483 3435 2555 Augustae
3477 2499 3683 2539 corona

2104 2576 2355 2632 redimita
2380 2583 2483 2631 est.
2515 2574 2830 2631 Decembris
2858 2586 3037 2631 autem
3069 2577 3157 2632 die
3182 2577 3441 2647 vigesimo
3464 2579 3682 2649 quinto.

2105 2668 2423 2734 indictione,
2461 2666 2747 2724 Heraclius
2789 2668 3025 2723 Heraclii
3070 2668 3235 2733 ﬁlius,
3276 2686 3452 2726 novus
3508 2670 3683 2739 prima

2104 2759 2786 2830 Constantinus,aSergio
2834 2760 3148 2830 patriarcha
3202 2761 3418 2830 imperii
3472 2762 3683 2833 collega

2105 2862 2398 2909 coronatus
2425 2860 2529 2907 est.

2177 2942 2379 2998 Eodem
2453 2944 2618 2998 etiam
2695 2930 2842 2998 anno
2893 2943 3299 3015 expeditionem
3358 2943 3410 2998 in
3466 2943 3680 3015 Syriam

2106 3037 2307 3103 fecere,
2332 3032 2679 3108 direptisque
2712 3037 2929 3108 oppidis
2979 3053 3142 3107 quam
3181 3038 3434 3108 plurimis
3459 3042 3680 3093 domum

2106 3129 2313 3184 reversi
2348 3137 2497 3183 sunt.

2177 3220 2242 3273 Α.
2276 3219 2338 3275 C.
2374 3219 2499 3275 605.
2534 3249 2606 3260 —
2634 3218 2746 3274 lloc
2781 3234 2926 3273 anno
2954 3218 3159 3284 Persae,
3187 3226 3345 3288 capta
3388 3219 3675 3287 Damasco,

2107 3311 2354 3380 captivos
2389 3311 2711 3366 innumeros
2755 3325 2941 3367 secum
2974 3309 3345 3366 abduxerunt.
3377 3312 3681 3384 Imperator

2107 3410 2289 3457 autem
2339 3402 2628 3458 iieraclius
2664 3402 2937 3473 legatione
2978 3403 3045 3458 ad
3087 3387 3387 3460 Chosroem
3437 3407 3675 3473 decreta,

2104 3503 2155 3548 ut
2185 3493 2469 3549 fundendo
2493 3495 2789 3550 crudeliter
2812 3496 3094 3550 hominum
3126 3496 3381 3564 sanguini
3410 3509 3677 3568 parceret,

2106 3583 2412 3645 admonuit,
2439 3584 2645 3639 tributa
2674 3600 2805 3640 vero
2834 3593 3119 3649 statueret,
3156 3597 3209 3641 et
3238 3588 3391 3659 pacis
3418 3591 3680 3647 conditio-

2106 3693 2204 3734 nes
2231 3678 2629 3748 prazscriberet,
2666 3680 2897 3750 rogavit.
2934 3680 3026 3736 llle
3051 3690 3230 3737 autem
3268 3684 3419 3738 nullo
3444 3699 3566 3739 cum
3598 3686 3678 3741 le-

2105 3774 2249 3841 gatis
2290 3771 2479 3827 habito
2499 3774 2796 3841 colloquio,
2825 3775 2981 3843 quasi
3010 3775 3077 3829 de
3102 3774 3468 3830 Romanorum
3505 3776 3678 3848 impe-

2104 3867 2186 3920 rio
2210 3866 2362 3921 brevi
2401 3867 2724 3936 occupando
2747 3876 2952 3930 certus,
2986 3883 3043 3922 re
3085 3866 3283 3922 infecta
3327 3885 3420 3924 eos
3445 3868 3674 3926 dimisit.

2101 3955 2384 4013 Heraclius
2408 3974 2568 4028 porro
2593 3958 2881 4013 Martinam
2913 3959 3105 4014 eodem
3128 3976 3271 4014 anno
3294 3960 3396 4015 sibi
3423 3963 3679 4033 coniugio

2102 4051 2409 4121 copulatam
2438 4052 2771 4106 renuntiavit
2800 4051 2960 4120 252
2992 4054 3290 4121 Augustam
3329 4075 3339 4108 :
3369 4063 3423 4109 et
3468 4053 3535 4108 ad
3574 4070 3677 4109 au-

2105 4152 2358 4213 gusteum
2418 4139 2611 4212 Sergio
2671 4142 2981 4212 patriarcha
3043 4158 3304 4198 coronam
3364 4145 3677 4215 imponentc

2108 4235 2376 4304 augustali
2412 4246 2695 4291 stemmate
2720 4236 3107 4293 redimiendam
3146 4237 3406 4301 decrevit,

2174 4326 2239 4378 A.
2271 4326 2331 4380 C.
2372 4328 2496 4382 606.
2526 4327 2735 4383 —-—lloc
2788 4343 2933 4383 anno
2983 4329 3163 4384 Persa:
3214 4327 3473 4386 Iordanis
3529 4331 3676 4404 loca,

1716 4438 1951 4496 VARUE
1986 4437 2390 4495 LECTIONES.

505 4525 544 4558 “
569 4528 597 4580 6
622 4526 871 4596 βασιλεὺς
895 4542 1004 4582 om.
1038 4544 1089 4582 a.

428 4597 572 4668 vulg.
646 4600 689 4631 ”
712 4601 740 4651 6
760 4598 853 4651 καὶ
874 4598 992 4663 νέος
1019 4613 1070 4664 a,
1094 4599 1188 4653 καὶ
1213 4599 1242 4652 6
1270 4600 1388 4664 νέος
1412 4601 1557 4672 vulg.

1169 4528 1451 4603 ton-6km;
1596 4531 1637 4563 η
1652 4533 1700 4583 οί
1723 4532 1975 4603 έᾹϐάρεις
2004 4549 2056 4588 a.

1633 4603 1679 4634 ”
1710 4602 1738 4654 6
1766 4602 1906 4666 νέος,
1938 4605 1967 4655 6
1989 4604 2081 4657 καὶ
2106 4604 2175 4657 Κ.
2207 4605 2258 4658 b.

2133 4534 2177 4605 3°
2198 4533 2616 4602 στρατευμάτων
2638 4535 2690 4596 b,
2719 4535 3147 4605 στρατεύσαντος
3169 4554 3218 4591 a.

3296 4540 3337 4570 “
3364 4541 3675 4613 τυραννίδος

1716 4719 1856 4778 JAC.
1903 4721 2113 4777 GOARI
2143 4723 2372 4779 NOTAE.

502 4804 775 4892 (2:0).Ubin
804 4806 1057 4892 βασιλεὺς
1086 4807 1429 4892 βασιλεύσας,
1467 4813 1663 4892 lubens
1701 4817 1984 4892 restituam
2023 4819 2063 4873 D
2096 4834 2291 4872 nomen
2328 4819 2645 4892 innovatum
2676 4820 2989 4892 suspicor;
3021 4821 3173 4892 Ἐπεὶ
3206 4823 3517 4892 νεόχμωσεν
3547 4825 3664 4879 ἑτέ-

429 4893 492 4950 es
526 4876 714 4950 Cedr.,
747 4876 1001 4950 βασιλεὺς
1048 4876 1401 4950 παραλαϐών,
1436 4883 1525 4936 ubi
1561 4884 1836 4950 imperium
1870 4889 1989 4940 iniit

434 4947 964 5023 llerqclius.‘quue
992 4962 1058 5002 eo
1088 4947 1167 5023 et
1210 4952 1371 5005 Barb.
1430 4968 1574 5015 mox,
1611 4947 1885 5023 Εὐρώπην
1939 4958 1991 5008 οἱ

442 5019 710 5086 Ἀϐάρεις.
734 5016 1047 5072 διιιιιίρετιθ
1083 5022 1136 5073 hi
1161 5022 1301 5075 inter
1325 5024 1592 5077 barbaros
1618 5025 1668 5076 in
1692 5016 1993 5081 Occidente

430 5089 664 5163 perhazc
698 5104 939 5163 tempora
972 5091 1420 5163 nominatissimi,
1444 5097 1645 5163 quique
1685 5112 1796 5149 rem
1831 5098 1990 5151 Rom.

427 5158 654 5229 perinde
683 5173 747 5213 ac
772 5158 949 5214 Persae
984 5159 1037 5214 in
1073 5159 1297 5216 Oriente
1348 5158 1822 5220 labe’fac‘taverint.
1847 5168 1995 5222 Cou—

427 5245 594 5283 BEFIS.

496 5297 607 5365 (51)
632 5294 763 5364 Quae
784 5315 846 5354 ex
875 5297 1180 5369 Nicephoro
1197 5301 1263 5355 ad
1284 5316 1485 5357 annum
1508 5305 1605 5361 6H
1636 5309 1989 5364 conveniendi

426 5369 855 5439 consulendique
881 5368 1127 5425 PrisCum
1157 5375 1294 5426 ratio
1330 5373 1452 5428 fuit.

498 5439 609 5517 (Ξῖ)
641 5441 948 5517 Attest_atur
990 5441 1293 5517 Simocatta
1325 5445 1419 5497 lib.
1467 5461 1583 5506 vin.
1630 5462 1751 5517 cap.
1810 5448 1895 5507 12.
1937 5458 1991 5503 ct

428 5510 480 5562 in
518 5507 779 5591 Baxatem
808 5510 1029 5591 Persam
1058 5513 1457 5583 expeditionem
1495 5518 1564 5571 ab
1595 5507 1845 5574 Heraclio
1868 5535 1991 5574 sus-

426 5588 636 5648 ceptam
666 5588 925 5649 suggerit.

495 5650 607 5727 (63)
636 5649 853 5727 Thema.
895 5650 1180 5727 .Dictarest
1221 5654 1274 5727 in
1298 5655 1676 5727 primislegio.
1710 5674 1828 5727 qua:
1864 5675 1985 5727 pro-

427 5721 863 5799 vi-nciaacuilibet
894 5720 1147 5799 imposita
1173 5742 1187 5790 ;
1222 5720 1348 5799 inde
1368 5720 1613 5799 inigloss.
1633 5720 1981 5799 legioni-iu,

428 5790 826 5869 Oépa._l)einde
871 5790 1133 5869 translato
1162 5797 1409 5869 nomine
1430 5790 1558 5863 ipsa:
1580 5790 1861 5864 prorinciae
1888 5790 1985 5869 Eni;

429 5862 623 5940 pellari‘
644 5872 927 5940 cmperunt
959 5863 1197 5940 θέματα.
1229 5867 1358 5940 inde
1389 5862 1676 5931 θεματικοὶ
1702 5882 1827 5925 sont
1862 5862 1983 5940 pro-

434 5931 698 5987 νωτιαίας.
738 5933 1025 5988 immutata
1088 5936 1281 5992 militia
1319 5934 1564 5994 ltomana
1609 5940 1674 5995 ab
1739 5931 1989 5999 nudum

2096 4905 2193 4956 ρας
2225 4892 2253 4941 ὁ
2288 4889 2476 4957 χρόνος
2506 4888 2787 4961 δυνάμεις.
2826 4888 3021 4956 Copias
3063 4890 3203 4944 alias
3262 4888 3509 4961 temporis
3543 4913 3663 4950 suc-

2093 4975 2270 5013 cessus
2302 4961 2580 5025 prompsit,
2609 4961 2683 5010 ait
2713 4959 3011 5012 Simocatta
3048 4963 3325 5016 laudatus.

2167 5030 2508 5101 (5ι1)ΩΙιιξ‹›ιι.
2544 5029 2831 5101 Alexanin
2861 5030 3202 5100 Nicephorus
3244 5036 3556 5101 patriarcha
3594 5038 3659 5089 ad

2096 5100 2445 5161 annum6l2,
2486 5110 2539 5151 et
2575 5098 2830 5153 Petavius
2879 5098 3021 5153 notis
3076 5104 3128 5155 in
3156 5098 3432 5159 eumilem.
3488 5103 3661 5159 Porro

2097 5171 2189 5239 qui
2216 5180 2433 5240 notatur
2492 5169 2579 5221 hic
2621 5169 2742 5221 Maii
2780 5170 2895 5223 dies
2950 5172 3147 5226 tertius
3187 5173 3439 5228 vitiosum
3476 5178 3660 5240 arguit

2094 5242 2343 5365 lejus‘dein
2363 5238 2570 5294 Petavii
2601 5242 2844 5294 codicem
2877 5240 3252 5311 Theophanis,
3271 5260 3380 5314 quo
3405 5238 3656 5315 quintum

2114 5328 2197 5365 ea:
2232 5351 2245 5364 .

2114 5312 2245 5366 eait.

2322 5380 2465 5434 Diem
2507 5381 2569 5434 l3
2591 5381 2770 5449 signat
2809 5380 3067 5435 Chronic.
3102 5384 3365 5437 Alexand.
3393 5383 3468 5439 Ex
3493 5385 3666 5439 comi-

2095 5452 2211 5525 tiali
2248 5453 2437 5504 morbo
2463 5452 2743 5525 interiisse
2772 5452 2966 5505 scribit
2985 5452 3327 5524 Nicephorus
3348 5454 3666 5525 patriarcha

2093 5523 2159 5574 ad
2183 5537 2385 5575 annum
2419 5522 2695 5577 eumdem.

2166 5592 2275 5663 (56)
2326 5591 2451 5647 llaec
2477 5593 2666 5647 eadem
2703 5592 3015 5650 Chronicon
3058 5596 3322 5650 Alexand.
3357 5611 3479 5663 qua:
3510 5605 3661 5650 extra

2094 5661 2410 5718 indictionis
2459 5665 2693 5732 propriae
2734 5665 2939 5721 limites
2991 5667 3262 5721 exhibuit.
3306 5661 3561 5721 Petavius
3606 5668 3661 5720 in

2096 5733 2351 5855 ηοιὶεϐῗᾶ
2386 5733 2750 5803 Nicephorum
2810 5737 2925 5791 haec
2972 5736 3245 5791 examinat
3296 5736 3429 5791 edit.
3482 5737 3659 5807 Regize

2097 5818 2217 5855 nae.
2323 5843 2334 5853 .

2133 5818 2217 5867 ag.
2247 5805 2334 5855 6|.

2133 5818 2217 5855 an.
2247 5818 2334 5855 bl.

2097 5818 2138 5947 p_
2167 5845 2275 5935 (57)
2315 5873 2464 5947 Diem
2494 5875 2565 5929 “2:!
2604 5877 2785 5941 posuit
2839 5877 3149 5933 Chronicon
3181 5876 3342 5933 idem.
3382 5876 3662 5947 Baptismn

2100 5944 2260 5999 simul
2290 5945 2518 6002 tinctum
2546 5947 2711 6001 refert
2747 5949 3105 6017 Nicephorus.
