  <div class='ocr_page' id='page_1' title='image "/cluster/home/n/w/nwhite01/storage/ocr_20150623/108/nnc1.0046979921/336.png"; bbox 0 0 4444 6436; ppageno 0'>
   <div class='ocr_carea' id='block_1_1' title="bbox 412 444 516 514">
    <p class='ocr_par' dir='ltr' id='par_1_1' title="bbox 412 444 516 514">
     <span class='ocr_line' id='line_1_1' title="bbox 412 444 516 514; baseline -0.096 -1"><span class='ocrx_word' id='word_1_1' title='bbox 412 444 516 514; x_wconf 66' lang='grc'><strong>63]</strong></span> 
     </span>
    </p>
   </div>
   <div class='ocr_carea' id='block_1_2' title="bbox 1704 439 2377 500">
    <p class='ocr_par' dir='ltr' id='par_1_2' title="bbox 1704 439 2377 500">
     <span class='ocr_line' id='line_1_2' title="bbox 1704 439 2377 500; baseline -0.001 0"><span class='ocrx_word' id='word_1_2' title='bbox 1704 439 2377 500; x_wconf 76' lang='lat' dir='ltr'><strong>CllRONOGRAPIIIA.</strong></span> 
     </span>
    </p>
   </div>
   <div class='ocr_carea' id='block_1_3' title="bbox 3560 438 3665 503">
    <p class='ocr_par' dir='ltr' id='par_1_3' title="bbox 3560 438 3665 503">
     <span class='ocr_line' id='line_1_3' title="bbox 3560 438 3665 503; baseline -0.019 0"><span class='ocrx_word' id='word_1_3' title='bbox 3560 438 3665 503; x_wconf 61' lang='lat'><strong>635</strong></span> 
     </span>
    </p>
   </div>
   <div class='ocr_carea' id='block_1_4' title="bbox 414 544 2169 622">
    <p class='ocr_par' dir='ltr' id='par_1_4' title="bbox 414 545 2169 622">
     <span class='ocr_line' id='line_1_4' title="bbox 414 545 2169 622; baseline -0.002 -19"><span class='ocrx_word' id='word_1_4' title='bbox 414 567 598 622; x_wconf 81' lang='grc' dir='ltr'>ρησεν.</span> <span class='ocrx_word' id='word_1_5' title='bbox 639 547 964 613; x_wconf 73' lang='grc' dir='ltr'>Ἐκπλαγεὶς</span> <span class='ocrx_word' id='word_1_6' title='bbox 1014 546 1071 600; x_wconf 78' lang='grc' dir='ltr'>δὲ</span> <span class='ocrx_word' id='word_1_7' title='bbox 1118 548 1145 600; x_wconf 85' lang='grc' dir='ltr'><strong>δ</strong></span> <span class='ocrx_word' id='word_1_8' title='bbox 1171 546 1426 615; x_wconf 73' lang='grc' dir='ltr'>βασιλεὺς</span> <span class='ocrx_word' id='word_1_9' title='bbox 1464 546 1542 614; x_wconf 80' lang='grc' dir='ltr'>τῷ</span> <span class='ocrx_word' id='word_1_10' title='bbox 1580 547 1974 618; x_wconf 73' lang='grc' dir='ltr'><strong>ἀπροσδοκήτῳ</strong></span> <span class='ocrx_word' id='word_1_11' title='bbox 2004 558 2054 618; x_wconf 69' lang='grc' dir='ltr'>Α</span> <span class='ocrx_word' id='word_1_12' title='bbox 2078 545 2169 600; x_wconf 49' lang='lat' dir='ltr'><strong>visi</strong></span> 
     </span>
    </p>
   </div>
   <div class='ocr_carea' id='block_1_5' title="bbox 1907 544 3662 622">
    <p class='ocr_par' dir='ltr' id='par_1_5' title="bbox 1907 544 3662 618">
     <span class='ocr_line' id='line_1_5' title="bbox 1907 544 3662 618; baseline 0.001 -19"><span class='ocrx_word' id='word_1_13' title='bbox 1907 564 1974 617; x_wconf 80' lang='grc' dir='ltr'><strong>τῳ</strong></span> <span class='ocrx_word' id='word_1_14' title='bbox 2004 558 2054 618; x_wconf 69' lang='grc' dir='ltr'><strong>Α</strong></span> <span class='ocrx_word' id='word_1_15' title='bbox 2078 545 2197 600; x_wconf 87' lang='lat' dir='ltr'><strong>viso</strong></span> <span class='ocrx_word' id='word_1_16' title='bbox 2228 544 2539 601; x_wconf 82' lang='lat' dir='ltr'><strong>Ileracliutn</strong></span> <span class='ocrx_word' id='word_1_17' title='bbox 2588 546 2806 601; x_wconf 74' lang='lat' dir='ltr'><strong>infestis</strong></span> <span class='ocrx_word' id='word_1_18' title='bbox 2831 549 2998 603; x_wconf 89' lang='lat' dir='ltr'><strong>armis</strong></span> <span class='ocrx_word' id='word_1_19' title='bbox 3035 547 3263 604; x_wconf 88' lang='lat' dir='ltr'><strong>adortus</strong></span> <span class='ocrx_word' id='word_1_20' title='bbox 3293 558 3398 603; x_wconf 86' lang='lat' dir='ltr'><strong>est.</strong></span> <span class='ocrx_word' id='word_1_21' title='bbox 3425 546 3662 617; x_wconf 82' lang='lat' dir='ltr'><strong>Impera-</strong></span> 
     </span>
    </p>
   </div>
   <div class='ocr_carea' id='block_1_6' title="bbox 411 635 1979 710">
    <p class='ocr_par' dir='ltr' id='par_1_6' title="bbox 411 635 1979 710">
     <span class='ocr_line' id='line_1_6' title="bbox 411 635 1979 710; baseline -0.001 -21"><span class='ocrx_word' id='word_1_22' title='bbox 411 641 505 694; x_wconf 77' lang='grc' dir='ltr'>τοῦ</span> <span class='ocrx_word' id='word_1_23' title='bbox 540 638 889 710; x_wconf 79' lang='grc' dir='ltr'>πράγματος,</span> <span class='ocrx_word' id='word_1_24' title='bbox 934 635 1113 705; x_wconf 81' lang='grc' dir='ltr'>φυγὰς</span> <span class='ocrx_word' id='word_1_25' title='bbox 1158 636 1251 687; x_wconf 75' lang='grc' dir='ltr'>ἐπὶ</span> <span class='ocrx_word' id='word_1_26' title='bbox 1291 636 1393 705; x_wconf 83' lang='grc' dir='ltr'>τὴν</span> <span class='ocrx_word' id='word_1_27' title='bbox 1436 635 1589 688; x_wconf 88' lang='grc' dir='ltr'>πόλιν</span> <span class='ocrx_word' id='word_1_28' title='bbox 1620 636 1979 705; x_wconf 70' lang='grc' dir='ltr'>ὑπέστρεψεν.</span> 
     </span>
    </p>
   </div>
   <div class='ocr_carea' id='block_1_7' title="bbox 415 724 1983 795">
    <p class='ocr_par' dir='ltr' id='par_1_7' title="bbox 415 724 1983 795">
     <span class='ocr_line' id='line_1_7' title="bbox 415 724 1983 795; baseline -0.002 -13"><span class='ocrx_word' id='word_1_29' title='bbox 415 727 609 782; x_wconf 77' lang='grc' dir='ltr'>Λαϐὼν</span> <span class='ocrx_word' id='word_1_30' title='bbox 640 728 696 778; x_wconf 85' lang='grc' dir='ltr'>δὲ</span> <span class='ocrx_word' id='word_1_31' title='bbox 727 728 754 778; x_wconf 90' lang='grc' dir='ltr'>ὁ</span> <span class='ocrx_word' id='word_1_32' title='bbox 791 724 1064 795; x_wconf 73' lang='grc' dir='ltr'>βάρϐαρος</span> <span class='ocrx_word' id='word_1_33' title='bbox 1093 725 1192 793; x_wconf 81' lang='grc' dir='ltr'>τὴν</span> <span class='ocrx_word' id='word_1_34' title='bbox 1222 724 1505 795; x_wconf 83' lang='grc' dir='ltr'>βασιλικὴν</span> <span class='ocrx_word' id='word_1_35' title='bbox 1538 726 1850 795; x_wconf 84' lang='grc' dir='ltr'>ἀποσκευὴν</span> <span class='ocrx_word' id='word_1_36' title='bbox 1888 726 1983 779; x_wconf 71' lang='grc' dir='ltr'>καὶ</span> 
     </span>
    </p>
   </div>
   <div class='ocr_carea' id='block_1_8' title="bbox 411 817 1983 890">
    <p class='ocr_par' dir='ltr' id='par_1_8' title="bbox 411 817 1983 890">
     <span class='ocr_line' id='line_1_8' title="bbox 411 817 1983 890; baseline -0.002 -17"><span class='ocrx_word' id='word_1_37' title='bbox 411 821 757 890; x_wconf 74' lang='grc' dir='ltr'>δορυφορίαν,</span> <span class='ocrx_word' id='word_1_38' title='bbox 786 819 881 870; x_wconf 77' lang='grc' dir='ltr'><strong>καὶ</strong></span> <span class='ocrx_word' id='word_1_39' title='bbox 898 818 1056 880; x_wconf 80' lang='grc' dir='ltr'><strong>ὅσους</strong></span> <span class='ocrx_word' id='word_1_40' title='bbox 1089 817 1414 871; x_wconf 85' lang='grc' dir='ltr'>καταλαϐεῖν</span> <span class='ocrx_word' id='word_1_41' title='bbox 1435 819 1699 887; x_wconf 63' lang='grc' dir='ltr'>ἠδυνήθη,</span> <span class='ocrx_word' id='word_1_42' title='bbox 1718 818 1983 889; x_wconf 75' lang='grc' dir='ltr'>ὑπέστρεο</span> 
     </span>
    </p>
   </div>
   <div class='ocr_carea' id='block_1_9' title="bbox 410 910 1980 983">
    <p class='ocr_par' dir='ltr' id='par_1_9' title="bbox 410 910 1980 983">
     <span class='ocr_line' id='line_1_9' title="bbox 410 910 1980 983; baseline -0.001 -18"><span class='ocrx_word' id='word_1_43' title='bbox 410 914 510 982; x_wconf 68' lang='grc' dir='ltr'><strong>ψεν</strong></span> <span class='ocrx_word' id='word_1_44' title='bbox 544 912 713 966; x_wconf 80' lang='grc' dir='ltr'>πολλά</span> <span class='ocrx_word' id='word_1_45' title='bbox 762 911 936 983; x_wconf 79' lang='grc' dir='ltr'>χωρία</span> <span class='ocrx_word' id='word_1_46' title='bbox 986 911 1087 977; x_wconf 78' lang='grc' dir='ltr'>τῆς</span> <span class='ocrx_word' id='word_1_47' title='bbox 1132 911 1354 981; x_wconf 79' lang='grc' dir='ltr'><strong>Θρᾴκης</strong></span> <span class='ocrx_word' id='word_1_48' title='bbox 1401 912 1725 981; x_wconf 74' lang='grc' dir='ltr'><strong>ληϊσάμενος</strong></span> <span class='ocrx_word' id='word_1_49' title='bbox 1769 913 1834 964; x_wconf 84' lang='grc' dir='ltr'><strong>ἐκ</strong></span> <span class='ocrx_word' id='word_1_50' title='bbox 1884 910 1980 964; x_wconf 75' lang='grc' dir='ltr'>τοῦ</span> 
     </span>
    </p>
   </div>
   <div class='ocr_carea' id='block_1_10' title="bbox 412 1003 1982 1075">
    <p class='ocr_par' dir='ltr' id='par_1_10' title="bbox 412 1003 1982 1075">
     <span class='ocr_line' id='line_1_10' title="bbox 412 1003 1982 1075; baseline -0.001 -16"><span class='ocrx_word' id='word_1_51' title='bbox 412 1006 817 1075; x_wconf 79' lang='grc' dir='ltr'><strong>ἀπροσδοκήτου</strong></span> <span class='ocrx_word' id='word_1_52' title='bbox 862 1006 907 1036; x_wconf 82' lang='grc'><strong><em>²⁶</em></strong></span> <span class='ocrx_word' id='word_1_53' title='bbox 933 1003 1283 1074; x_wconf 83' lang='grc' dir='ltr'>ἀπατηθέντα</span> <span class='ocrx_word' id='word_1_54' title='bbox 1313 1007 1376 1037; x_wconf 68' lang='grc' dir='ltr'><strong>’θ’</strong></span> <span class='ocrx_word' id='word_1_55' title='bbox 1404 1004 1504 1075; x_wconf 84' lang='grc' dir='ltr'>τὴν</span> <span class='ocrx_word' id='word_1_56' title='bbox 1550 1006 1740 1058; x_wconf 79' lang='grc' dir='ltr'>ἐλπίδα</span> <span class='ocrx_word' id='word_1_57' title='bbox 1768 1004 1868 1073; x_wconf 80' lang='grc' dir='ltr'>τῆς</span> <span class='ocrx_word' id='word_1_58' title='bbox 1899 1007 1982 1058; x_wconf 87' lang='grc' dir='ltr'>εί-</span> 
     </span>
    </p>
   </div>
   <div class='ocr_carea' id='block_1_11' title="bbox 413 1099 611 1167">
    <p class='ocr_par' dir='ltr' id='par_1_11' title="bbox 413 1099 611 1167">
     <span class='ocr_line' id='line_1_11' title="bbox 413 1099 611 1167; baseline 0 0"><span class='ocrx_word' id='word_1_59' title='bbox 413 1099 611 1167; x_wconf 64' lang='lat' dir='ltr'><strong>rivo:-</strong></span> 
     </span>
    </p>
   </div>
   <div class='ocr_carea' id='block_1_12' title="bbox 478 1187 1982 1258">
    <p class='ocr_par' dir='ltr' id='par_1_12' title="bbox 478 1187 1982 1258">
     <span class='ocr_line' id='line_1_12' title="bbox 478 1187 1982 1258; baseline 0.001 -17"><span class='ocrx_word' id='word_1_60' title='bbox 478 1190 542 1242; x_wconf 73' lang='grc' dir='ltr'>Α.</span> <span class='ocrx_word' id='word_1_61' title='bbox 573 1189 647 1243; x_wconf 88' lang='grc' dir='ltr'>Μ.</span> <span class='ocrx_word' id='word_1_62' title='bbox 681 1188 837 1243; x_wconf 90' lang='grc'><strong>6111.</strong></span> <span class='ocrx_word' id='word_1_63' title='bbox 860 1217 931 1228; x_wconf 87' lang='lat'><strong>—-</strong></span> <span class='ocrx_word' id='word_1_64' title='bbox 957 1187 1416 1257; x_wconf 69' lang='grc' dir='ltr'><strong>Ἀλεξανδρείας</strong></span> <span class='ocrx_word' id='word_1_65' title='bbox 1436 1188 1773 1244; x_wconf 79' lang='grc' dir='ltr'><strong>ἐπισκόπου</strong></span> <span class='ocrx_word' id='word_1_66' title='bbox 1789 1193 1982 1258; x_wconf 83' lang='grc' dir='ltr'>Γεωρ-</span> 
     </span>
    </p>
   </div>
   <div class='ocr_carea' id='block_1_13' title="bbox 408 1280 798 1349">
    <p class='ocr_par' dir='ltr' id='par_1_13' title="bbox 408 1280 798 1349">
     <span class='ocr_line' id='line_1_13' title="bbox 408 1280 798 1349; baseline -0.003 -15"><span class='ocrx_word' id='word_1_67' title='bbox 408 1282 540 1349; x_wconf 76' lang='grc' dir='ltr'>γίου</span> <span class='ocrx_word' id='word_1_68' title='bbox 568 1280 701 1346; x_wconf 79' lang='grc' dir='ltr'>ἔτος</span> <span class='ocrx_word' id='word_1_69' title='bbox 726 1280 798 1334; x_wconf 87' lang='grc' dir='ltr'><strong>α’.</strong></span> 
     </span>
    </p>
   </div>
   <div class='ocr_carea' id='block_1_14' title="bbox 480 1372 1983 1443">
    <p class='ocr_par' dir='ltr' id='par_1_14' title="bbox 480 1372 1983 1443">
     <span class='ocr_line' id='line_1_14' title="bbox 480 1372 1983 1443; baseline 0.002 -19"><span class='ocrx_word' id='word_1_70' title='bbox 480 1372 666 1440; x_wconf 75' lang='grc' dir='ltr'>Τούτῳ</span> <span class='ocrx_word' id='word_1_71' title='bbox 696 1373 772 1441; x_wconf 81' lang='grc' dir='ltr'>τῷ</span> <span class='ocrx_word' id='word_1_72' title='bbox 813 1372 923 1425; x_wconf 76' lang='grc' dir='ltr'>ἐτει</span> <span class='ocrx_word' id='word_1_73' title='bbox 965 1372 1285 1442; x_wconf 78' lang='grc' dir='ltr'><strong>Ἡράκλειος</strong></span> <span class='ocrx_word' id='word_1_74' title='bbox 1323 1374 1457 1443; x_wconf 83' lang='grc' dir='ltr'>πρὸς</span> <span class='ocrx_word' id='word_1_75' title='bbox 1482 1373 1573 1426; x_wconf 81' lang='grc' dir='ltr'><strong>τὸν</strong></span> <span class='ocrx_word' id='word_1_76' title='bbox 1614 1375 1862 1442; x_wconf 85' lang='grc' dir='ltr'>Χαγάνον</span> <span class='ocrx_word' id='word_1_77' title='bbox 1892 1376 1983 1427; x_wconf 76' lang='grc' dir='ltr'><strong>τὸν</strong></span> 
     </span>
    </p>
   </div>
   <div class='ocr_carea' id='block_1_15' title="bbox 411 1464 1982 1539">
    <p class='ocr_par' dir='ltr' id='par_1_15' title="bbox 411 1464 1982 1539">
     <span class='ocr_line' id='line_1_15' title="bbox 411 1464 1982 1539; baseline 0.003 -21"><span class='ocrx_word' id='word_1_78' title='bbox 411 1464 688 1535; x_wconf 77' lang='grc' dir='ltr'>βάρϐαρον</span> <span class='ocrx_word' id='word_1_79' title='bbox 746 1465 857 1534; x_wconf 69' lang='grc'><strong>(45)</strong></span> <span class='ocrx_word' id='word_1_80' title='bbox 894 1464 1153 1535; x_wconf 81' lang='grc' dir='ltr'>πρέσϐεις</span> <span class='ocrx_word' id='word_1_81' title='bbox 1199 1467 1528 1530; x_wconf 79' lang='grc' dir='ltr'><strong>ἀποστείλας</strong></span> <span class='ocrx_word' id='word_1_82' title='bbox 1572 1469 1817 1522; x_wconf 86' lang='grc' dir='ltr'>ἐνεκάλει</span> <span class='ocrx_word' id='word_1_83' title='bbox 1852 1469 1982 1539; x_wconf 79' lang='grc' dir='ltr'>περὶ</span> 
     </span>
    </p>
   </div>
   <div class='ocr_carea' id='block_1_16' title="bbox 411 1556 1986 1632">
    <p class='ocr_par' dir='ltr' id='par_1_16' title="bbox 411 1556 1986 1632">
     <span class='ocr_line' id='line_1_16' title="bbox 411 1556 1986 1632; baseline 0.003 -24"><span class='ocrx_word' id='word_1_84' title='bbox 411 1558 520 1608; x_wconf 81' lang='grc' dir='ltr'>τῶν</span> <span class='ocrx_word' id='word_1_85' title='bbox 550 1558 854 1625; x_wconf 68' lang='grc' dir='ltr'>γεγονότων</span> <span class='ocrx_word' id='word_1_86' title='bbox 893 1558 986 1609; x_wconf 78' lang='grc' dir='ltr'><strong>ὑπ’</strong></span> <span class='ocrx_word' id='word_1_87' title='bbox 1016 1556 1182 1610; x_wconf 81' lang='grc' dir='ltr'>αὑτοῦ</span> <span class='ocrx_word' id='word_1_88' title='bbox 1212 1558 1489 1627; x_wconf 76' lang='grc' dir='ltr'><strong>ἀθέσμων,</strong></span> <span class='ocrx_word' id='word_1_89' title='bbox 1528 1561 1620 1612; x_wconf 74' lang='grc' dir='ltr'><strong>καὶ</strong></span> <span class='ocrx_word' id='word_1_90' title='bbox 1662 1559 1800 1629; x_wconf 81' lang='grc' dir='ltr'>πρὸς</span> <span class='ocrx_word' id='word_1_91' title='bbox 1834 1561 1986 1632; x_wconf 75' lang='grc' dir='ltr'>εἰρή-</span> 
     </span>
    </p>
   </div>
   <div class='ocr_carea' id='block_1_17' title="bbox 414 1647 1983 1717">
    <p class='ocr_par' dir='ltr' id='par_1_17' title="bbox 414 1647 1983 1717">
     <span class='ocr_line' id='line_1_17' title="bbox 414 1647 1983 1717; baseline 0.001 -19"><span class='ocrx_word' id='word_1_92' title='bbox 414 1666 510 1716; x_wconf 77' lang='grc' dir='ltr'><strong>νην</strong></span> <span class='ocrx_word' id='word_1_93' title='bbox 540 1648 930 1717; x_wconf 79' lang='grc' dir='ltr'><strong>προετρέπετο.</strong></span> <span class='ocrx_word' id='word_1_94' title='bbox 975 1647 1434 1716; x_wconf 80' lang='grc' dir='ltr'>Ἐπιστρατεῦσαι</span> <span class='ocrx_word' id='word_1_95' title='bbox 1480 1648 1588 1717; x_wconf 88' lang='grc' dir='ltr'><strong>γάρ</strong></span> <span class='ocrx_word' id='word_1_96' title='bbox 1610 1648 1983 1717; x_wconf 82' lang='grc' dir='ltr'>διανοούμενος</span> 
     </span>
    </p>
   </div>
   <div class='ocr_carea' id='block_1_18' title="bbox 411 1736 1979 1809">
    <p class='ocr_par' dir='ltr' id='par_1_18' title="bbox 411 1736 1979 1809">
     <span class='ocr_line' id='line_1_18' title="bbox 411 1736 1979 1809; baseline 0.003 -20"><span class='ocrx_word' id='word_1_97' title='bbox 411 1738 549 1790; x_wconf 84' lang='grc' dir='ltr'><strong>κατά</strong></span> <span class='ocrx_word' id='word_1_98' title='bbox 576 1738 835 1807; x_wconf 70' lang='grc' dir='ltr'>Περσίδος</span> <span class='ocrx_word' id='word_1_99' title='bbox 862 1736 1169 1805; x_wconf 81' lang='grc' dir='ltr'>είρηνεύειν</span> <span class='ocrx_word' id='word_1_100' title='bbox 1200 1737 1338 1805; x_wconf 82' lang='grc' dir='ltr'>μετὰ</span> <span class='ocrx_word' id='word_1_101' title='bbox 1361 1737 1455 1789; x_wconf 81' lang='grc' dir='ltr'>τοῦ</span> <span class='ocrx_word' id='word_1_102' title='bbox 1483 1739 1738 1804; x_wconf 83' lang='grc' dir='ltr'>Χαγάνου</span> <span class='ocrx_word' id='word_1_103' title='bbox 1768 1739 1979 1809; x_wconf 72' lang='grc' dir='ltr'>ἠθελεν.</span> 
     </span>
    </p>
   </div>
   <div class='ocr_carea' id='block_1_19' title="bbox 422 1825 1983 1899">
    <p class='ocr_par' dir='ltr' id='par_1_19' title="bbox 422 1825 1983 1899">
     <span class='ocr_line' id='line_1_19' title="bbox 422 1825 1983 1899; baseline 0.003 -22"><span class='ocrx_word' id='word_1_104' title='bbox 422 1829 480 1879; x_wconf 82' lang='lat'><strong>&#39;0</strong></span> <span class='ocrx_word' id='word_1_105' title='bbox 513 1827 569 1879; x_wconf 77' lang='grc' dir='ltr'>δὲ</span> <span class='ocrx_word' id='word_1_106' title='bbox 603 1827 853 1894; x_wconf 84' lang='grc' dir='ltr'>Χαγάνος</span> <span class='ocrx_word' id='word_1_107' title='bbox 881 1825 1149 1888; x_wconf 75' lang='grc' dir='ltr'>αἰδεσθεὶς</span> <span class='ocrx_word' id='word_1_108' title='bbox 1179 1827 1281 1895; x_wconf 85' lang='grc' dir='ltr'>τὴν</span> <span class='ocrx_word' id='word_1_109' title='bbox 1312 1828 1407 1880; x_wconf 82' lang='grc' dir='ltr'>τοῦ</span> <span class='ocrx_word' id='word_1_110' title='bbox 1447 1826 1714 1895; x_wconf 85' lang='grc' dir='ltr'>βασιλέως</span> <span class='ocrx_word' id='word_1_111' title='bbox 1762 1829 1983 1899; x_wconf 81' lang='grc' dir='ltr'><strong>ἀγάπην</strong></span> 
     </span>
    </p>
   </div>
   <div class='ocr_carea' id='block_1_20' title="bbox 2087 640 3661 708">
    <p class='ocr_par' dir='ltr' id='par_1_20' title="bbox 2087 640 3661 708">
     <span class='ocr_line' id='line_1_20' title="bbox 2087 640 3661 708; baseline 0.002 -18"><span class='ocrx_word' id='word_1_112' title='bbox 2087 647 2173 691; x_wconf 82' lang='grc' dir='ltr'>ιοι·</span> <span class='ocrx_word' id='word_1_113' title='bbox 2194 654 2322 693; x_wconf 91' lang='lat' dir='ltr'><strong>vero</strong></span> <span class='ocrx_word' id='word_1_114' title='bbox 2356 647 2465 692; x_wconf 89' lang='lat' dir='ltr'><strong>tam</strong></span> <span class='ocrx_word' id='word_1_115' title='bbox 2504 640 2800 708; x_wconf 70' lang='lat' dir='ltr'><strong>insperata:</strong></span> <span class='ocrx_word' id='word_1_116' title='bbox 2849 641 2926 693; x_wconf 98' lang='lat' dir='ltr'><strong>rei</strong></span> <span class='ocrx_word' id='word_1_117' title='bbox 2977 641 3258 695; x_wconf 85' lang='lat' dir='ltr'><strong>molimine</strong></span> <span class='ocrx_word' id='word_1_118' title='bbox 3313 641 3661 708; x_wconf 84' lang='lat' dir='ltr'><strong>perterritus,</strong></span> 
     </span>
    </p>
   </div>
   <div class='ocr_carea' id='block_1_21' title="bbox 2087 728 3662 798">
    <p class='ocr_par' dir='ltr' id='par_1_21' title="bbox 2087 728 3662 798">
     <span class='ocr_line' id='line_1_21' title="bbox 2087 728 3662 798; baseline 0.004 -17"><span class='ocrx_word' id='word_1_119' title='bbox 2087 728 2213 798; x_wconf 79' lang='lat' dir='ltr'><strong>iuga</strong></span> <span class='ocrx_word' id='word_1_120' title='bbox 2261 739 2479 797; x_wconf 87' lang='lat' dir='ltr'><strong>arrepta</strong></span> <span class='ocrx_word' id='word_1_121' title='bbox 2510 732 2562 783; x_wconf 92' lang='lat' dir='ltr'><strong>in</strong></span> <span class='ocrx_word' id='word_1_122' title='bbox 2593 732 2781 785; x_wconf 85' lang='lat' dir='ltr'><strong>urbem</strong></span> <span class='ocrx_word' id='word_1_123' title='bbox 2815 733 3061 785; x_wconf 75' lang='lat' dir='ltr'><strong>revertit.</strong></span> <span class='ocrx_word' id='word_1_124' title='bbox 3102 731 3374 787; x_wconf 83' lang='lat' dir='ltr'><strong>Barbarus</strong></span> <span class='ocrx_word' id='word_1_125' title='bbox 3405 733 3662 787; x_wconf 86' lang='lat' dir='ltr'><strong>universo</strong></span> 
     </span>
    </p>
   </div>
   <div class='ocr_carea' id='block_1_22' title="bbox 2085 820 3660 890">
    <p class='ocr_par' dir='ltr' id='par_1_22' title="bbox 2085 820 3660 890">
     <span class='ocr_line' id='line_1_22' title="bbox 2085 820 3660 890; baseline 0.003 -17"><span class='ocrx_word' id='word_1_126' title='bbox 2085 820 2436 888; x_wconf 72' lang='lat' dir='ltr'><strong>imperatoris</strong></span> <span class='ocrx_word' id='word_1_127' title='bbox 2464 830 2727 889; x_wconf 82' lang='lat' dir='ltr'><strong>apparatu</strong></span> <span class='ocrx_word' id='word_1_128' title='bbox 2779 822 3142 890; x_wconf 84' lang='lat' dir='ltr'><strong>satellitioque</strong></span> <span class='ocrx_word' id='word_1_129' title='bbox 3170 831 3350 890; x_wconf 88' lang='lat' dir='ltr'><strong>capto,</strong></span> <span class='ocrx_word' id='word_1_130' title='bbox 3392 838 3517 877; x_wconf 90' lang='lat' dir='ltr'><strong>cum</strong></span> <span class='ocrx_word' id='word_1_131' title='bbox 3544 837 3660 877; x_wconf 86' lang='lat' dir='ltr'><strong>om-</strong></span> 
     </span>
    </p>
   </div>
   <div class='ocr_carea' id='block_1_23' title="bbox 2086 912 3665 982">
    <p class='ocr_par' dir='ltr' id='par_1_23' title="bbox 2086 912 3665 982">
     <span class='ocr_line' id='line_1_23' title="bbox 2086 912 3665 982; baseline 0.004 -18"><span class='ocrx_word' id='word_1_132' title='bbox 2086 912 2246 966; x_wconf 87' lang='lat' dir='ltr'><strong>nibus</strong></span> <span class='ocrx_word' id='word_1_133' title='bbox 2282 912 2402 967; x_wconf 87' lang='lat' dir='ltr'><strong>aliis</strong></span> <span class='ocrx_word' id='word_1_134' title='bbox 2436 929 2559 982; x_wconf 76' lang='lat' dir='ltr'><strong>qua:</strong></span> <span class='ocrx_word' id='word_1_135' title='bbox 2587 915 3057 981; x_wconf 85' lang='lat' dir='ltr'><strong>comprehendere</strong></span> <span class='ocrx_word' id='word_1_136' title='bbox 3109 915 3311 982; x_wconf 84' lang='lat' dir='ltr'><strong>potuit,</strong></span> <span class='ocrx_word' id='word_1_137' title='bbox 3356 925 3504 969; x_wconf 91' lang='lat' dir='ltr'><strong>retro</strong></span> <span class='ocrx_word' id='word_1_138' title='bbox 3540 931 3665 971; x_wconf 80' lang='lat' dir='ltr'><strong>ces-</strong></span> 
     </span>
    </p>
   </div>
   <div class='ocr_carea' id='block_1_24' title="bbox 2085 1002 3663 1075">
    <p class='ocr_par' dir='ltr' id='par_1_24' title="bbox 2085 1002 3663 1075">
     <span class='ocr_line' id='line_1_24' title="bbox 2085 1002 3663 1075; baseline 0.004 -19"><span class='ocrx_word' id='word_1_139' title='bbox 2085 1004 2156 1056; x_wconf 86' lang='lat' dir='ltr'><strong>sit</strong></span> <span class='ocrx_word' id='word_1_140' title='bbox 2190 1020 2203 1057; x_wconf 89' lang='lat'><strong>:</strong></span> <span class='ocrx_word' id='word_1_141' title='bbox 2237 1005 2520 1073; x_wconf 89' lang='lat' dir='ltr'><strong>multaque</strong></span> <span class='ocrx_word' id='word_1_142' title='bbox 2555 1002 2805 1058; x_wconf 67' lang='lat' dir='ltr'><strong>Thracia:</strong></span> <span class='ocrx_word' id='word_1_143' title='bbox 2836 1006 3034 1074; x_wconf 81' lang='lat' dir='ltr'><strong>Oppida</strong></span> <span class='ocrx_word' id='word_1_144' title='bbox 3064 1020 3159 1074; x_wconf 91' lang='lat' dir='ltr'><strong>spe</strong></span> <span class='ocrx_word' id='word_1_145' title='bbox 3198 1007 3348 1075; x_wconf 84' lang='lat' dir='ltr'><strong>pacis</strong></span> <span class='ocrx_word' id='word_1_146' title='bbox 3382 1006 3567 1062; x_wconf 83' lang='lat' dir='ltr'><strong>delusa</strong></span> <span class='ocrx_word' id='word_1_147' title='bbox 3597 1023 3663 1062; x_wconf 92' lang='lat' dir='ltr'><strong>ac</strong></span> 
     </span>
    </p>
   </div>
   <div class='ocr_carea' id='block_1_25' title="bbox 2086 1096 3203 1165">
    <p class='ocr_par' dir='ltr' id='par_1_25' title="bbox 2086 1096 3203 1165">
     <span class='ocr_line' id='line_1_25' title="bbox 2086 1096 3203 1165; baseline 0.004 -17"><span class='ocrx_word' id='word_1_148' title='bbox 2086 1096 2162 1148; x_wconf 89' lang='lat' dir='ltr'><strong>nil</strong></span> <span class='ocrx_word' id='word_1_149' title='bbox 2189 1097 2299 1150; x_wconf 85' lang='lat' dir='ltr'><strong>tale</strong></span> <span class='ocrx_word' id='word_1_150' title='bbox 2327 1097 2670 1165; x_wconf 85' lang='lat' dir='ltr'><strong>suspieantia</strong></span> <span class='ocrx_word' id='word_1_151' title='bbox 2718 1098 3061 1165; x_wconf 78' lang='lat' dir='ltr'><strong>deprzedatus</strong></span> <span class='ocrx_word' id='word_1_152' title='bbox 3099 1107 3203 1152; x_wconf 88' lang='lat' dir='ltr'><strong>est.</strong></span> 
     </span>
    </p>
   </div>
   <div class='ocr_carea' id='block_1_26' title="bbox 2155 1184 3663 1256">
    <p class='ocr_par' dir='ltr' id='par_1_26' title="bbox 2155 1184 3663 1256">
     <span class='ocr_line' id='line_1_26' title="bbox 2155 1184 3663 1256; baseline -0.001 -16"><span class='ocrx_word' id='word_1_153' title='bbox 2155 1188 2219 1242; x_wconf 86' lang='lat' dir='ltr'><strong>A.</strong></span> <span class='ocrx_word' id='word_1_154' title='bbox 2248 1186 2309 1240; x_wconf 87' lang='lat' dir='ltr'><strong>C.</strong></span> <span class='ocrx_word' id='word_1_155' title='bbox 2340 1186 2463 1240; x_wconf 77' lang='lat' dir='ltr'><strong>(ili.</strong></span> <span class='ocrx_word' id='word_1_156' title='bbox 2494 1215 2565 1224; x_wconf 89' lang='lat'>—</span> <span class='ocrx_word' id='word_1_157' title='bbox 2598 1185 2940 1240; x_wconf 73' lang='lat' dir='ltr'><strong>Alexandria:</strong></span> <span class='ocrx_word' id='word_1_158' title='bbox 2982 1187 3213 1255; x_wconf 74' lang='lat' dir='ltr'><strong>episcopi</strong></span> <span class='ocrx_word' id='word_1_159' title='bbox 3240 1184 3451 1256; x_wconf 75' lang='lat' dir='ltr'><strong>Georgii</strong></span> <span class='ocrx_word' id='word_1_160' title='bbox 3492 1202 3663 1240; x_wconf 73' lang='lat' dir='ltr'><strong>annus</strong></span> 
     </span>
    </p>
   </div>
   <div class='ocr_carea' id='block_1_27' title="bbox 2084 1278 3355 1346">
    <p class='ocr_par' dir='ltr' id='par_1_27' title="bbox 2084 1278 3355 1346">
     <span class='ocr_line' id='line_1_27' title="bbox 2084 1278 3355 1346; baseline 0.002 -17"><span class='ocrx_word' id='word_1_161' title='bbox 2084 1278 2311 1346; x_wconf 82' lang='lat' dir='ltr'><strong>primus.</strong></span> <span class='ocrx_word' id='word_1_162' title='bbox 3349 1294 3355 1300; x_wconf 78' lang='lat'><strong><em>’</em></strong></span> 
     </span>
    </p>
   </div>
   <div class='ocr_carea' id='block_1_28' title="bbox 2154 1354 3660 1429">
    <p class='ocr_par' dir='ltr' id='par_1_28' title="bbox 2154 1354 3660 1429">
     <span class='ocr_line' id='line_1_28' title="bbox 2154 1354 3660 1429; baseline 0.005 -8"><span class='ocrx_word' id='word_1_163' title='bbox 2154 1367 2269 1423; x_wconf 86' lang='lat' dir='ltr'><strong>Hoc</strong></span> <span class='ocrx_word' id='word_1_164' title='bbox 2298 1385 2447 1423; x_wconf 90' lang='lat' dir='ltr'><strong>anno</strong></span> <span class='ocrx_word' id='word_1_165' title='bbox 2480 1370 2767 1425; x_wconf 88' lang='lat' dir='ltr'><strong>Heraclius</strong></span> <span class='ocrx_word' id='word_1_166' title='bbox 2795 1354 2983 1427; x_wconf 74' lang='lat' dir='ltr'><strong>missis</strong></span> <span class='ocrx_word' id='word_1_167' title='bbox 3031 1372 3228 1426; x_wconf 87' lang='lat' dir='ltr'><strong>iterum</strong></span> <span class='ocrx_word' id='word_1_168' title='bbox 3270 1372 3335 1426; x_wconf 85' lang='lat' dir='ltr'><strong>ad</strong></span> <span class='ocrx_word' id='word_1_169' title='bbox 3368 1373 3660 1429; x_wconf 89' lang='lat' dir='ltr'><strong>barbarum</strong></span> 
     </span>
    </p>
   </div>
   <div class='ocr_carea' id='block_1_29' title="bbox 2083 1459 3663 1532">
    <p class='ocr_par' dir='ltr' id='par_1_29' title="bbox 2083 1459 3663 1532">
     <span class='ocr_line' id='line_1_29' title="bbox 2083 1459 3663 1532; baseline 0.001 -16"><span class='ocrx_word' id='word_1_170' title='bbox 2083 1459 2400 1531; x_wconf 83' lang='lat' dir='ltr'><strong>Chaganum</strong></span> <span class='ocrx_word' id='word_1_171' title='bbox 2448 1461 2661 1530; x_wconf 71' lang='lat' dir='ltr'><strong>legatis,</strong></span> <span class='ocrx_word' id='word_1_172' title='bbox 2710 1462 2777 1517; x_wconf 91' lang='lat' dir='ltr'><strong>de</strong></span> <span class='ocrx_word' id='word_1_173' title='bbox 2818 1463 2885 1517; x_wconf 90' lang='lat' dir='ltr'><strong>iis</strong></span> <span class='ocrx_word' id='word_1_174' title='bbox 2919 1478 3040 1532; x_wconf 66' lang='lat' dir='ltr'><strong>quae</strong></span> <span class='ocrx_word' id='word_1_175' title='bbox 3099 1464 3313 1518; x_wconf 79' lang='lat' dir='ltr'><strong>violatis</strong></span> <span class='ocrx_word' id='word_1_176' title='bbox 3366 1464 3663 1519; x_wconf 61' lang='lat' dir='ltr'><strong>foederibus</strong></span> 
     </span>
    </p>
   </div>
   <div class='ocr_carea' id='block_1_30' title="bbox 2084 1552 3660 1618">
    <p class='ocr_par' dir='ltr' id='par_1_30' title="bbox 2084 1552 3660 1618">
     <span class='ocr_line' id='line_1_30' title="bbox 2084 1552 3660 1618; baseline 0.004 -12"><span class='ocrx_word' id='word_1_177' title='bbox 2084 1552 2150 1606; x_wconf 90' lang='lat' dir='ltr'><strong>ab</strong></span> <span class='ocrx_word' id='word_1_178' title='bbox 2183 1568 2249 1608; x_wconf 90' lang='lat' dir='ltr'><strong>eo</strong></span> <span class='ocrx_word' id='word_1_179' title='bbox 2276 1553 2513 1609; x_wconf 85' lang='lat' dir='ltr'><strong>admissa</strong></span> <span class='ocrx_word' id='word_1_180' title='bbox 2543 1562 2722 1615; x_wconf 86' lang='lat' dir='ltr'><strong>erant,</strong></span> <span class='ocrx_word' id='word_1_181' title='bbox 2755 1556 3115 1618; x_wconf 86' lang='lat' dir='ltr'><strong>causabatur.</strong></span> <span class='ocrx_word' id='word_1_182' title='bbox 3146 1566 3201 1611; x_wconf 88' lang='lat' dir='ltr'><strong>et</strong></span> <span class='ocrx_word' id='word_1_183' title='bbox 3235 1556 3301 1610; x_wconf 90' lang='lat' dir='ltr'><strong>ad</strong></span> <span class='ocrx_word' id='word_1_184' title='bbox 3336 1559 3660 1613; x_wconf 72' lang='lat' dir='ltr'><strong>servandam</strong></span> 
     </span>
    </p>
   </div>
   <div class='ocr_carea' id='block_1_31' title="bbox 2085 1648 3661 1719">
    <p class='ocr_par' dir='ltr' id='par_1_31' title="bbox 2085 1648 3661 1719">
     <span class='ocr_line' id='line_1_31' title="bbox 2085 1648 3661 1719; baseline 0.003 -21"><span class='ocrx_word' id='word_1_185' title='bbox 2085 1661 2272 1716; x_wconf 88' lang='lat' dir='ltr'><strong>pacem</strong></span> <span class='ocrx_word' id='word_1_186' title='bbox 2309 1648 2577 1701; x_wconf 80' lang='lat' dir='ltr'><strong>invitabat</strong></span> <span class='ocrx_word' id='word_1_187' title='bbox 2611 1666 2625 1703; x_wconf 91' lang='lat'><strong><em>:</em></strong></span> <span class='ocrx_word' id='word_1_188' title='bbox 2661 1650 2714 1702; x_wconf 92' lang='lat' dir='ltr'><strong>in</strong></span> <span class='ocrx_word' id='word_1_189' title='bbox 2750 1648 3026 1703; x_wconf 79' lang='lat' dir='ltr'><strong>Persidem</strong></span> <span class='ocrx_word' id='word_1_190' title='bbox 3078 1651 3280 1719; x_wconf 86' lang='lat' dir='ltr'><strong>quippe</strong></span> <span class='ocrx_word' id='word_1_191' title='bbox 3321 1656 3473 1705; x_wconf 89' lang='lat' dir='ltr'><strong>arma</strong></span> <span class='ocrx_word' id='word_1_192' title='bbox 3529 1668 3661 1706; x_wconf 90' lang='lat' dir='ltr'><strong>con-</strong></span> 
     </span>
    </p>
   </div>
   <div class='ocr_carea' id='block_1_32' title="bbox 2086 1739 3663 1808">
    <p class='ocr_par' dir='ltr' id='par_1_32' title="bbox 2086 1739 3663 1808">
     <span class='ocr_line' id='line_1_32' title="bbox 2086 1739 3663 1808; baseline 0.003 -16"><span class='ocrx_word' id='word_1_193' title='bbox 2086 1750 2303 1793; x_wconf 78' lang='lat' dir='ltr'><strong>vertere</strong></span> <span class='ocrx_word' id='word_1_194' title='bbox 2366 1739 2684 1805; x_wconf 85' lang='lat' dir='ltr'><strong>meditatus,</strong></span> <span class='ocrx_word' id='word_1_195' title='bbox 2746 1756 2868 1793; x_wconf 91' lang='lat' dir='ltr'><strong>cum</strong></span> <span class='ocrx_word' id='word_1_196' title='bbox 2912 1740 3171 1808; x_wconf 81' lang='lat' dir='ltr'><strong>Chagano</strong></span> <span class='ocrx_word' id='word_1_197' title='bbox 3218 1755 3401 1808; x_wconf 87' lang='lat' dir='ltr'><strong>pacem</strong></span> <span class='ocrx_word' id='word_1_198' title='bbox 3466 1742 3663 1796; x_wconf 84' lang='lat' dir='ltr'><strong>habere</strong></span> 
     </span>
    </p>
   </div>
   <div class='ocr_carea' id='block_1_33' title="bbox 2089 1827 3663 1896">
    <p class='ocr_par' dir='ltr' id='par_1_33' title="bbox 2089 1827 3663 1896">
     <span class='ocr_line' id='line_1_33' title="bbox 2089 1827 3663 1896; baseline -0.001 -14"><span class='ocrx_word' id='word_1_199' title='bbox 2089 1828 2504 1883; x_wconf 86' lang='lat' dir='ltr'><strong>consillabatur.</strong></span> <span class='ocrx_word' id='word_1_200' title='bbox 2535 1828 2826 1896; x_wconf 84' lang='lat' dir='ltr'><strong>Chaganus</strong></span> <span class='ocrx_word' id='word_1_201' title='bbox 2850 1828 3117 1880; x_wconf 82' lang='lat' dir='ltr'><strong>humanos</strong></span> <span class='ocrx_word' id='word_1_202' title='bbox 3152 1827 3496 1896; x_wconf 87' lang='lat' dir='ltr'><strong>imperatoris</strong></span> <span class='ocrx_word' id='word_1_203' title='bbox 3516 1827 3663 1881; x_wconf 86' lang='lat' dir='ltr'><strong>~all‘e-</strong></span> 
     </span>
    </p>
   </div>
   <div class='ocr_carea' id='block_1_34' title="bbox 413 1918 2168 1990">
    <p class='ocr_par' dir='ltr' id='par_1_34' title="bbox 413 1918 2168 1990">
     <span class='ocr_line' id='line_1_34' title="bbox 413 1918 2168 1990; baseline 0 -17"><span class='ocrx_word' id='word_1_204' title='bbox 413 1918 1971 1990; x_wconf 71' lang='grc' dir='ltr'>μετανοείνὲπηγγέλλετο,καὶεἰρήνηνποιεῖνὺπισχνεῖτο·</span> <span class='ocrx_word' id='word_1_205' title='bbox 2016 1929 2057 1982; x_wconf 80' lang='grc' dir='ltr'><strong><em>Β</em></strong></span> <span class='ocrx_word' id='word_1_206' title='bbox 2092 1929 2168 1974; x_wconf 84' lang='lat' dir='ltr'><strong>ctt</strong></span> 
     </span>
    </p>
   </div>
   <div class='ocr_carea' id='block_1_35' title="bbox 1907 1918 3662 1990">
    <p class='ocr_par' dir='ltr' id='par_1_35' title="bbox 1907 1918 3662 1987">
     <span class='ocr_line' id='line_1_35' title="bbox 1907 1918 3662 1987; baseline -0.001 -14"><span class='ocrx_word' id='word_1_207' title='bbox 1907 1938 1971 1973; x_wconf 83' lang='lat'><strong>:0-</strong></span> <span class='ocrx_word' id='word_1_208' title='bbox 2016 1929 2057 1982; x_wconf 78' lang='grc' dir='ltr'><strong><em>Β</em></strong></span> <span class='ocrx_word' id='word_1_209' title='bbox 2092 1929 2210 1975; x_wconf 89' lang='lat' dir='ltr'><strong>ctus</strong></span> <span class='ocrx_word' id='word_1_210' title='bbox 2241 1935 2365 1974; x_wconf 89' lang='lat' dir='ltr'><strong>cum</strong></span> <span class='ocrx_word' id='word_1_211' title='bbox 2420 1919 2738 1973; x_wconf 71' lang='lat' dir='ltr'><strong>reverentiae</strong></span> <span class='ocrx_word' id='word_1_212' title='bbox 2777 1933 2941 1971; x_wconf 88' lang='lat' dir='ltr'><strong>sensu</strong></span> <span class='ocrx_word' id='word_1_213' title='bbox 2974 1919 3302 1987; x_wconf 89' lang='lat' dir='ltr'><strong>suscipiens.</strong></span> <span class='ocrx_word' id='word_1_214' title='bbox 3336 1918 3566 1986; x_wconf 89' lang='lat' dir='ltr'><strong>pristina</strong></span> <span class='ocrx_word' id='word_1_215' title='bbox 3602 1932 3662 1972; x_wconf 80' lang='lat' dir='ltr'><strong>se</strong></span> 
     </span>
    </p>
   </div>
   <div class='ocr_carea' id='block_1_36' title="bbox 411 2010 2017 2082">
    <p class='ocr_par' dir='ltr' id='par_1_36' title="bbox 411 2010 2017 2082">
     <span class='ocr_line' id='line_1_36' title="bbox 411 2010 2017 2082; baseline 0.001 -18"><span class='ocrx_word' id='word_1_216' title='bbox 411 2015 505 2065; x_wconf 72' lang='grc' dir='ltr'>καὶ</span> <span class='ocrx_word' id='word_1_217' title='bbox 539 2014 923 2081; x_wconf 75' lang='grc' dir='ltr'>στοιχήσαντες</span> <span class='ocrx_word' id='word_1_218' title='bbox 956 2011 1140 2063; x_wconf 84' lang='grc' dir='ltr'>πάκτα</span> <span class='ocrx_word' id='word_1_219' title='bbox 1170 2010 1515 2081; x_wconf 67' lang='grc' dir='ltr'>ὑπέστρεψαν</span> <span class='ocrx_word' id='word_1_220' title='bbox 1541 2013 1588 2064; x_wconf 89' lang='grc' dir='ltr'>οί</span> <span class='ocrx_word' id='word_1_221' title='bbox 1636 2012 1896 2082; x_wconf 87' lang='grc' dir='ltr'>πρέσϐεις</span> <span class='ocrx_word' id='word_1_222' title='bbox 1927 2014 1984 2065; x_wconf 83' lang='grc' dir='ltr'><strong>ἐν</strong></span> <span class='ocrx_word' id='word_1_223' title='bbox 2012 2052 2017 2055; x_wconf 47' lang='grc' dir='ltr'><strong>λ</strong></span> 
     </span>
    </p>
   </div>
   <div class='ocr_carea' id='block_1_37' title="bbox 411 2104 623 2175">
    <p class='ocr_par' dir='ltr' id='par_1_37' title="bbox 411 2104 623 2175">
     <span class='ocr_line' id='line_1_37' title="bbox 411 2104 623 2175; baseline 0 -20"><span class='ocrx_word' id='word_1_224' title='bbox 411 2104 623 2175; x_wconf 79' lang='grc' dir='ltr'>εἰρήνῃ.</span> 
     </span>
    </p>
   </div>
   <div class='ocr_carea' id='block_1_38' title="bbox 480 2284 1985 2358">
    <p class='ocr_par' dir='ltr' id='par_1_38' title="bbox 480 2284 1985 2358">
     <span class='ocr_line' id='line_1_38' title="bbox 480 2284 1985 2358; baseline 0 -19"><span class='ocrx_word' id='word_1_225' title='bbox 480 2288 569 2358; x_wconf 79' lang='grc' dir='ltr'><strong>Τῷ</strong></span> <span class='ocrx_word' id='word_1_226' title='bbox 594 2287 636 2339; x_wconf 84' lang='grc' dir='ltr'>δ’</span> <span class='ocrx_word' id='word_1_227' title='bbox 667 2286 817 2355; x_wconf 74' lang='grc' dir='ltr'>αὐτῷ</span> <span class='ocrx_word' id='word_1_228' title='bbox 848 2286 957 2338; x_wconf 79' lang='grc' dir='ltr'>ἔτει</span> <span class='ocrx_word' id='word_1_229' title='bbox 994 2284 1301 2356; x_wconf 86' lang='grc' dir='ltr'>παρέλαϐον</span> <span class='ocrx_word' id='word_1_230' title='bbox 1331 2284 1537 2355; x_wconf 78' lang='grc' dir='ltr'>Πέρσαι</span> <span class='ocrx_word' id='word_1_231' title='bbox 1572 2286 1673 2356; x_wconf 78' lang='grc' dir='ltr'>τὴν</span> <span class='ocrx_word' id='word_1_232' title='bbox 1699 2286 1985 2357; x_wconf 71' lang='grc' dir='ltr'>’Ἄγκυραν</span> 
     </span>
    </p>
   </div>
   <div class='ocr_carea' id='block_1_39' title="bbox 410 2379 944 2449">
    <p class='ocr_par' dir='ltr' id='par_1_39' title="bbox 410 2379 944 2449">
     <span class='ocr_line' id='line_1_39' title="bbox 410 2379 944 2449; baseline 0.006 -18"><span class='ocrx_word' id='word_1_233' title='bbox 410 2379 677 2442; x_wconf 78' lang='grc' dir='ltr'>Γαλατίας</span> <span class='ocrx_word' id='word_1_234' title='bbox 703 2380 944 2449; x_wconf 61' lang='grc' dir='ltr'>πολέμῳ.</span> 
     </span>
    </p>
   </div>
   <div class='ocr_carea' id='block_1_40' title="bbox 410 2472 1985 2543">
    <p class='ocr_par' dir='ltr' id='par_1_40' title="bbox 410 2472 1985 2543">
     <span class='ocr_line' id='line_1_40' title="bbox 410 2472 1985 2543; baseline 0.001 -19"><span class='ocrx_word' id='word_1_235' title='bbox 410 2532 416 2537; x_wconf 16' lang='grc' dir='ltr'>ἢ</span> <span class='ocrx_word' id='word_1_236' title='bbox 481 2476 542 2525; x_wconf 80' lang='grc' dir='ltr'>Α.</span> <span class='ocrx_word' id='word_1_237' title='bbox 571 2473 643 2526; x_wconf 81' lang='grc' dir='ltr'>Μ.</span> <span class='ocrx_word' id='word_1_238' title='bbox 673 2472 835 2526; x_wconf 72' lang='grc'><strong>6112.</strong></span> <span class='ocrx_word' id='word_1_239' title='bbox 858 2502 927 2513; x_wconf 91' lang='lat'>—</span> <span class='ocrx_word' id='word_1_240' title='bbox 952 2474 1139 2543; x_wconf 76' lang='grc' dir='ltr'>Τούτῳ</span> <span class='ocrx_word' id='word_1_241' title='bbox 1157 2472 1237 2541; x_wconf 89' lang='grc' dir='ltr'>τῷ</span> <span class='ocrx_word' id='word_1_242' title='bbox 1259 2472 1547 2543; x_wconf 80' lang='grc' dir='ltr'>έτειέσκλή</span> <span class='ocrx_word' id='word_1_243' title='bbox 1560 2490 1716 2542; x_wconf 81' lang='grc' dir='ltr'>ρυνεν</span> <span class='ocrx_word' id='word_1_244' title='bbox 1734 2472 1985 2542; x_wconf 82' lang='grc' dir='ltr'>Χοσρόης</span> 
     </span>
    </p>
   </div>
   <div class='ocr_carea' id='block_1_41' title="bbox 407 2564 1988 2635">
    <p class='ocr_par' dir='ltr' id='par_1_41' title="bbox 407 2564 1988 2635">
     <span class='ocr_line' id='line_1_41' title="bbox 407 2564 1988 2635; baseline -0.002 -16"><span class='ocrx_word' id='word_1_245' title='bbox 407 2567 498 2619; x_wconf 68' lang='grc' dir='ltr'><strong>τδν</strong></span> <span class='ocrx_word' id='word_1_246' title='bbox 537 2566 700 2633; x_wconf 73' lang='grc' dir='ltr'>ζυγὸν</span> <span class='ocrx_word' id='word_1_247' title='bbox 744 2566 911 2619; x_wconf 76' lang='grc' dir='ltr'>αὑτοῦ</span> <span class='ocrx_word' id='word_1_248' title='bbox 939 2568 1031 2619; x_wconf 74' lang='grc' dir='ltr'>ἐπὶ</span> <span class='ocrx_word' id='word_1_249' title='bbox 1075 2566 1283 2629; x_wconf 80' lang='grc' dir='ltr'>πάντας</span> <span class='ocrx_word' id='word_1_250' title='bbox 1312 2564 1635 2635; x_wconf 80' lang='grc' dir='ltr'>ἀνθρώπους</span> <span class='ocrx_word' id='word_1_251' title='bbox 1658 2566 1734 2628; x_wconf 85' lang='grc' dir='ltr'><strong>είς</strong></span> <span class='ocrx_word' id='word_1_252' title='bbox 1762 2564 1988 2633; x_wconf 63' lang='grc' dir='ltr'>αίμοϐοκ</span> 
     </span>
    </p>
   </div>
   <div class='ocr_carea' id='block_1_42' title="bbox 410 2654 1985 2726">
    <p class='ocr_par' dir='ltr' id='par_1_42' title="bbox 410 2654 1985 2726">
     <span class='ocr_line' id='line_1_42' title="bbox 410 2654 1985 2726; baseline 0.001 -19"><span class='ocrx_word' id='word_1_253' title='bbox 410 2656 534 2726; x_wconf 83' lang='grc' dir='ltr'>ρίαν</span> <span class='ocrx_word' id='word_1_254' title='bbox 564 2659 656 2709; x_wconf 76' lang='grc' dir='ltr'>καὶ</span> <span class='ocrx_word' id='word_1_255' title='bbox 688 2656 1030 2725; x_wconf 73' lang='grc' dir='ltr'>φορολογίαν.</span> <span class='ocrx_word' id='word_1_256' title='bbox 1076 2655 1371 2725; x_wconf 74' lang='grc' dir='ltr'>Ἐπαρθεὶς</span> <span class='ocrx_word' id='word_1_257' title='bbox 1395 2657 1505 2725; x_wconf 78' lang='grc' dir='ltr'><strong>γάρ</strong></span> <span class='ocrx_word' id='word_1_258' title='bbox 1528 2658 1592 2724; x_wconf 82' lang='grc' dir='ltr'>τῇ</span> <span class='ocrx_word' id='word_1_259' title='bbox 1628 2656 1754 2725; x_wconf 85' lang='grc' dir='ltr'>νίκῃ</span> <span class='ocrx_word' id='word_1_260' title='bbox 1784 2655 1883 2707; x_wconf 79' lang='grc' dir='ltr'><strong>οὑκ</strong></span> <span class='ocrx_word' id='word_1_261' title='bbox 1907 2654 1985 2709; x_wconf 75' lang='grc' dir='ltr'>ἔτι</span> 
     </span>
    </p>
   </div>
   <div class='ocr_carea' id='block_1_43' title="bbox 412 2741 1987 2816">
    <p class='ocr_par' dir='ltr' id='par_1_43' title="bbox 412 2741 1987 2816">
     <span class='ocr_line' id='line_1_43' title="bbox 412 2741 1987 2816; baseline -0.001 -16"><span class='ocrx_word' id='word_1_262' title='bbox 412 2750 470 2801; x_wconf 77' lang='grc' dir='ltr'><strong>ἐν</strong></span> <span class='ocrx_word' id='word_1_263' title='bbox 525 2748 601 2816; x_wconf 79' lang='grc' dir='ltr'>τῷ</span> <span class='ocrx_word' id='word_1_264' title='bbox 645 2747 948 2799; x_wconf 79' lang='grc' dir='ltr'>καθεστῶτι</span> <span class='ocrx_word' id='word_1_265' title='bbox 995 2741 1134 2800; x_wconf 71' lang='grc' dir='ltr'>εἶναι</span> <span class='ocrx_word' id='word_1_266' title='bbox 1182 2747 1431 2816; x_wconf 77' lang='grc' dir='ltr'>ἠδύνατο.</span> <span class='ocrx_word' id='word_1_267' title='bbox 1472 2745 1603 2799; x_wconf 84' lang='grc' dir='ltr'>Τότε</span> <span class='ocrx_word' id='word_1_268' title='bbox 1668 2746 1987 2815; x_wconf 77' lang='grc' dir='ltr'>Ἡράκλειος</span> 
     </span>
    </p>
   </div>
   <div class='ocr_carea' id='block_1_44' title="bbox 412 2817 1987 2909">
    <p class='ocr_par' dir='ltr' id='par_1_44' title="bbox 412 2837 1987 2909">
     <span class='ocr_line' id='line_1_44' title="bbox 412 2837 1987 2909; baseline -0.001 -19"><span class='ocrx_word' id='word_1_269' title='bbox 412 2837 570 2905; x_wconf 72' lang='grc' dir='ltr'>ζῆλον</span> <span class='ocrx_word' id='word_1_270' title='bbox 606 2837 742 2891; x_wconf 85' lang='grc' dir='ltr'><strong>Θεοῦ</strong></span> <span class='ocrx_word' id='word_1_271' title='bbox 771 2837 1079 2901; x_wconf 83' lang='grc' dir='ltr'>ἀναλαϐὼν,</span> <span class='ocrx_word' id='word_1_272' title='bbox 1104 2841 1200 2891; x_wconf 72' lang='grc' dir='ltr'>καὶ</span> <span class='ocrx_word' id='word_1_273' title='bbox 1231 2838 1368 2907; x_wconf 85' lang='grc' dir='ltr'>μετὰ</span> <span class='ocrx_word' id='word_1_274' title='bbox 1394 2838 1501 2891; x_wconf 86' lang='grc' dir='ltr'><strong>τῶν</strong></span> <span class='ocrx_word' id='word_1_275' title='bbox 1540 2838 1797 2908; x_wconf 73' lang='grc' dir='ltr'>Ἂϐάρων</span> <span class='ocrx_word' id='word_1_276' title='bbox 1835 2841 1987 2909; x_wconf 79' lang='grc' dir='ltr'>εἰρη-</span> 
     </span>
    </p>
   </div>
   <div class='ocr_carea' id='block_1_45' title="bbox 411 2929 1986 3000">
    <p class='ocr_par' dir='ltr' id='par_1_45' title="bbox 411 2929 1986 3000">
     <span class='ocr_line' id='line_1_45' title="bbox 411 2929 1986 3000; baseline 0.001 -19"><span class='ocrx_word' id='word_1_277' title='bbox 411 2929 626 2992; x_wconf 85' lang='grc' dir='ltr'>νεύσας,</span> <span class='ocrx_word' id='word_1_278' title='bbox 660 2929 735 2991; x_wconf 85' lang='grc' dir='ltr'>ὡς</span> <span class='ocrx_word' id='word_1_279' title='bbox 782 2930 1052 2998; x_wconf 74' lang='grc' dir='ltr'>ἐνόμιζεν,</span> <span class='ocrx_word' id='word_1_280' title='bbox 1094 2932 1429 3000; x_wconf 84' lang='grc' dir='ltr'>μετήνεγκεν</span> <span class='ocrx_word' id='word_1_281' title='bbox 1480 2931 1550 2983; x_wconf 81' lang='grc' dir='ltr'><strong>τά</strong></span> <span class='ocrx_word' id='word_1_282' title='bbox 1601 2930 1986 2999; x_wconf 76' lang='grc' dir='ltr'>στρατεύματα</span> 
     </span>
    </p>
   </div>
   <div class='ocr_carea' id='block_1_46' title="bbox 410 3020 1985 3093">
    <p class='ocr_par' dir='ltr' id='par_1_46' title="bbox 410 3020 1985 3093">
     <span class='ocr_line' id='line_1_46' title="bbox 410 3020 1985 3093; baseline 0.001 -20"><span class='ocrx_word' id='word_1_283' title='bbox 410 3023 509 3089; x_wconf 69' lang='grc' dir='ltr'>τῆς</span> <span class='ocrx_word' id='word_1_284' title='bbox 547 3021 815 3091; x_wconf 77' lang='grc' dir='ltr'>Εὐρώπης</span> <span class='ocrx_word' id='word_1_285' title='bbox 858 3021 952 3074; x_wconf 71' lang='grc' dir='ltr'><strong>ἐπὶ</strong></span> <span class='ocrx_word' id='word_1_286' title='bbox 980 3022 1078 3090; x_wconf 79' lang='grc' dir='ltr'>τὴν</span> <span class='ocrx_word' id='word_1_287' title='bbox 1136 3022 1345 3085; x_wconf 83' lang='grc' dir='ltr'>Ἀσίαν,</span> <span class='ocrx_word' id='word_1_288' title='bbox 1390 3023 1483 3075; x_wconf 77' lang='grc' dir='ltr'><strong>καὶ</strong></span> <span class='ocrx_word' id='word_1_289' title='bbox 1515 3022 1769 3075; x_wconf 87' lang='grc' dir='ltr'>διενοεῖτο</span> <span class='ocrx_word' id='word_1_290' title='bbox 1799 3024 1863 3093; x_wconf 82' lang='grc' dir='ltr'><strong>τῇ</strong></span> <span class='ocrx_word' id='word_1_291' title='bbox 1891 3020 1985 3075; x_wconf 75' lang='grc' dir='ltr'>τοῦ</span> 
     </span>
    </p>
   </div>
   <div class='ocr_carea' id='block_1_47' title="bbox 410 3113 1622 3186">
    <p class='ocr_par' dir='ltr' id='par_1_47' title="bbox 410 3113 1622 3186">
     <span class='ocr_line' id='line_1_47' title="bbox 410 3113 1622 3186; baseline -0.001 -18"><span class='ocrx_word' id='word_1_292' title='bbox 410 3113 545 3168; x_wconf 80' lang='grc' dir='ltr'><strong>Θεοῦ</strong></span> <span class='ocrx_word' id='word_1_293' title='bbox 575 3116 869 3185; x_wconf 73' lang='grc' dir='ltr'>συνεργεία</span> <span class='ocrx_word' id='word_1_294' title='bbox 895 3115 1036 3168; x_wconf 83' lang='grc' dir='ltr'>κατὰ</span> <span class='ocrx_word' id='word_1_295' title='bbox 1069 3114 1327 3186; x_wconf 84' lang='grc' dir='ltr'>Περσίδος</span> <span class='ocrx_word' id='word_1_296' title='bbox 1350 3114 1622 3184; x_wconf 80' lang='grc' dir='ltr'>χωρῆσαι.</span> 
     </span>
    </p>
   </div>
   <div class='ocr_carea' id='block_1_48' title="bbox 2088 2010 3661 2080">
    <p class='ocr_par' dir='ltr' id='par_1_48' title="bbox 2088 2010 3661 2080">
     <span class='ocr_line' id='line_1_48' title="bbox 2088 2010 3661 2080; baseline 0 -17"><span class='ocrx_word' id='word_1_297' title='bbox 2088 2022 2492 2080; x_wconf 90' lang='lat' dir='ltr'><strong>reparaturum,</strong></span> <span class='ocrx_word' id='word_1_298' title='bbox 2539 2018 2594 2063; x_wconf 87' lang='lat' dir='ltr'><strong>et</strong></span> <span class='ocrx_word' id='word_1_299' title='bbox 2637 2010 2904 2063; x_wconf 87' lang='lat' dir='ltr'><strong>cultorem</strong></span> <span class='ocrx_word' id='word_1_300' title='bbox 2939 2025 2998 2064; x_wconf 92' lang='lat' dir='ltr'><strong>se</strong></span> <span class='ocrx_word' id='word_1_301' title='bbox 3037 2011 3189 2077; x_wconf 83' lang='lat' dir='ltr'><strong>pacis</strong></span> <span class='ocrx_word' id='word_1_302' title='bbox 3238 2010 3479 2064; x_wconf 76' lang='lat' dir='ltr'><strong>futurum</strong></span> <span class='ocrx_word' id='word_1_303' title='bbox 3531 2024 3661 2079; x_wconf 83' lang='lat' dir='ltr'><strong>pro-</strong></span> 
     </span>
    </p>
   </div>
   <div class='ocr_carea' id='block_1_49' title="bbox 2088 2101 3662 2170">
    <p class='ocr_par' dir='ltr' id='par_1_49' title="bbox 2088 2101 3662 2170">
     <span class='ocr_line' id='line_1_49' title="bbox 2088 2101 3662 2170; baseline 0.001 -17"><span class='ocrx_word' id='word_1_304' title='bbox 2088 2101 2235 2155; x_wconf 89' lang='lat' dir='ltr'><strong>misit</strong></span> <span class='ocrx_word' id='word_1_305' title='bbox 2279 2119 2291 2153; x_wconf 91' lang='lat'><strong>:</strong></span> <span class='ocrx_word' id='word_1_306' title='bbox 2336 2101 2727 2169; x_wconf 84' lang='lat' dir='ltr'><strong>renovatisque</strong></span> <span class='ocrx_word' id='word_1_307' title='bbox 2759 2102 2957 2154; x_wconf 89' lang='lat' dir='ltr'><strong>iterum</strong></span> <span class='ocrx_word' id='word_1_308' title='bbox 2996 2103 3171 2170; x_wconf 88' lang='lat' dir='ltr'><strong>pactis</strong></span> <span class='ocrx_word' id='word_1_309' title='bbox 3196 2110 3249 2155; x_wconf 90' lang='lat' dir='ltr'><strong>et</strong></span> <span class='ocrx_word' id='word_1_310' title='bbox 3276 2103 3446 2170; x_wconf 88' lang='lat' dir='ltr'><strong>probe</strong></span> <span class='ocrx_word' id='word_1_311' title='bbox 3480 2102 3662 2156; x_wconf 83' lang='lat' dir='ltr'><strong>Iirma-</strong></span> 
     </span>
    </p>
   </div>
   <div class='ocr_carea' id='block_1_50' title="bbox 2087 2192 3109 2261">
    <p class='ocr_par' dir='ltr' id='par_1_50' title="bbox 2087 2192 3109 2261">
     <span class='ocr_line' id='line_1_50' title="bbox 2087 2192 3109 2261; baseline 0.002 -17"><span class='ocrx_word' id='word_1_312' title='bbox 2087 2192 2158 2245; x_wconf 90' lang='lat' dir='ltr'><strong>tis</strong></span> <span class='ocrx_word' id='word_1_313' title='bbox 2195 2192 2514 2254; x_wconf 70' lang='lat' dir='ltr'><strong>itederibus,</strong></span> <span class='ocrx_word' id='word_1_314' title='bbox 2552 2192 2712 2261; x_wconf 80' lang='lat' dir='ltr'><strong>legati</strong></span> <span class='ocrx_word' id='word_1_315' title='bbox 2741 2192 2940 2246; x_wconf 83' lang='lat' dir='ltr'><strong>reversi</strong></span> <span class='ocrx_word' id='word_1_316' title='bbox 2962 2203 3109 2246; x_wconf 89' lang='lat' dir='ltr'><strong>sunt.</strong></span> 
     </span>
    </p>
   </div>
   <div class='ocr_carea' id='block_1_51' title="bbox 2158 2278 3659 2360">
    <p class='ocr_par' dir='ltr' id='par_1_51' title="bbox 2158 2278 3659 2360">
     <span class='ocr_line' id='line_1_51' title="bbox 2158 2278 3659 2360; baseline 0.005 -30"><span class='ocrx_word' id='word_1_317' title='bbox 2158 2278 2272 2333; x_wconf 86' lang='lat' dir='ltr'><strong>Hoc</strong></span> <span class='ocrx_word' id='word_1_318' title='bbox 2296 2279 2487 2334; x_wconf 89' lang='lat' dir='ltr'><strong>eodem</strong></span> <span class='ocrx_word' id='word_1_319' title='bbox 2519 2295 2666 2335; x_wconf 88' lang='lat' dir='ltr'><strong>anno</strong></span> <span class='ocrx_word' id='word_1_320' title='bbox 2702 2278 2885 2360; x_wconf 69' lang='lat' dir='ltr'><strong>Persae</strong></span> <span class='ocrx_word' id='word_1_321' title='bbox 2908 2281 3177 2351; x_wconf 85' lang='lat' dir='ltr'><strong>Ancyram</strong></span> <span class='ocrx_word' id='word_1_322' title='bbox 3210 2279 3435 2336; x_wconf 63' lang='lat' dir='ltr'><strong>Galatia!</strong></span> <span class='ocrx_word' id='word_1_323' title='bbox 3466 2282 3659 2337; x_wconf 90' lang='lat' dir='ltr'><strong>civita-</strong></span> 
     </span>
    </p>
   </div>
   <div class='ocr_carea' id='block_1_52' title="bbox 2087 2373 2582 2443">
    <p class='ocr_par' dir='ltr' id='par_1_52' title="bbox 2087 2373 2582 2443">
     <span class='ocr_line' id='line_1_52' title="bbox 2087 2373 2582 2443; baseline 0 -16"><span class='ocrx_word' id='word_1_324' title='bbox 2087 2380 2195 2427; x_wconf 85' lang='lat' dir='ltr'><strong>tem</strong></span> <span class='ocrx_word' id='word_1_325' title='bbox 2225 2373 2271 2425; x_wconf 78' lang='lat' dir='ltr'><strong>vi</strong></span> <span class='ocrx_word' id='word_1_326' title='bbox 2296 2384 2582 2443; x_wconf 90' lang='lat' dir='ltr'><strong>ceperunt.</strong></span> 
     </span>
    </p>
   </div>
   <div class='ocr_carea' id='block_1_53' title="bbox 2121 2464 3663 2524">
    <p class='ocr_par' dir='ltr' id='par_1_53' title="bbox 2121 2464 3663 2524">
     <span class='ocr_line' id='line_1_53' title="bbox 2121 2464 3663 2524; baseline 0.004 -6"><span class='ocrx_word' id='word_1_327' title='bbox 2121 2465 2221 2519; x_wconf 80' lang='lat' dir='ltr'><strong>-A.</strong></span> <span class='ocrx_word' id='word_1_328' title='bbox 2246 2465 2311 2518; x_wconf 86' lang='lat' dir='ltr'><strong>C.</strong></span> <span class='ocrx_word' id='word_1_329' title='bbox 2344 2465 2469 2520; x_wconf 72' lang='lat'><strong>612.</strong></span> <span class='ocrx_word' id='word_1_330' title='bbox 2499 2496 2571 2504; x_wconf 98' lang='lat'><strong>—</strong></span> <span class='ocrx_word' id='word_1_331' title='bbox 2601 2464 2715 2520; x_wconf 80' lang='lat' dir='ltr'><strong>Huc</strong></span> <span class='ocrx_word' id='word_1_332' title='bbox 2746 2481 2893 2522; x_wconf 87' lang='lat' dir='ltr'><strong>anno</strong></span> <span class='ocrx_word' id='word_1_333' title='bbox 2947 2466 3221 2523; x_wconf 86' lang='lat' dir='ltr'><strong>Chosroes</strong></span> <span class='ocrx_word' id='word_1_334' title='bbox 3272 2468 3663 2524; x_wconf 87' lang='lat' dir='ltr'><strong>dominationis</strong></span> 
     </span>
    </p>
   </div>
   <div class='ocr_carea' id='block_1_54' title="bbox 2087 2557 3663 2630">
    <p class='ocr_par' dir='ltr' id='par_1_54' title="bbox 2087 2557 3663 2630">
     <span class='ocr_line' id='line_1_54' title="bbox 2087 2557 3663 2630; baseline 0.001 -17"><span class='ocrx_word' id='word_1_335' title='bbox 2087 2572 2201 2613; x_wconf 66' lang='lat' dir='ltr'><strong>suae</strong></span> <span class='ocrx_word' id='word_1_336' title='bbox 2229 2557 2419 2625; x_wconf 86' lang='lat' dir='ltr'><strong>jugum</strong></span> <span class='ocrx_word' id='word_1_337' title='bbox 2451 2558 2708 2611; x_wconf 90' lang='lat' dir='ltr'><strong>omnibus</strong></span> <span class='ocrx_word' id='word_1_338' title='bbox 2734 2558 3079 2615; x_wconf 86' lang='lat' dir='ltr'><strong>intolerabile</strong></span> <span class='ocrx_word' id='word_1_339' title='bbox 3106 2575 3205 2630; x_wconf 89' lang='lat' dir='ltr'><strong>per</strong></span> <span class='ocrx_word' id='word_1_340' title='bbox 3233 2560 3456 2615; x_wconf 87' lang='lat' dir='ltr'><strong>crebras</strong></span> <span class='ocrx_word' id='word_1_341' title='bbox 3486 2561 3663 2615; x_wconf 60' lang='lat' dir='ltr'><strong>cades</strong></span> 
     </span>
    </p>
   </div>
   <div class='ocr_carea' id='block_1_55' title="bbox 2087 2648 3660 2722">
    <p class='ocr_par' dir='ltr' id='par_1_55' title="bbox 2087 2648 3660 2722">
     <span class='ocr_line' id='line_1_55' title="bbox 2087 2648 3660 2722; baseline 0.003 -19"><span class='ocrx_word' id='word_1_342' title='bbox 2087 2658 2251 2718; x_wconf 88' lang='lat' dir='ltr'><strong>atque</strong></span> <span class='ocrx_word' id='word_1_343' title='bbox 2273 2648 2559 2720; x_wconf 76' lang='lat' dir='ltr'><strong>vectigalia</strong></span> <span class='ocrx_word' id='word_1_344' title='bbox 2593 2650 2790 2705; x_wconf 81' lang='lat' dir='ltr'><strong>ell‘ecit.</strong></span> <span class='ocrx_word' id='word_1_345' title='bbox 2819 2649 3076 2707; x_wconf 80' lang='lat' dir='ltr'><strong>Victoriis</strong></span> <span class='ocrx_word' id='word_1_346' title='bbox 3098 2653 3299 2722; x_wconf 91' lang='lat' dir='ltr'><strong>quippe</strong></span> <span class='ocrx_word' id='word_1_347' title='bbox 3316 2654 3433 2707; x_wconf 89' lang='lat' dir='ltr'><strong>suis</strong></span> <span class='ocrx_word' id='word_1_348' title='bbox 3456 2652 3660 2717; x_wconf 89' lang='lat' dir='ltr'><strong>elatus,</strong></span> 
     </span>
    </p>
   </div>
   <div class='ocr_carea' id='block_1_56' title="bbox 2088 2739 3665 2809">
    <p class='ocr_par' dir='ltr' id='par_1_56' title="bbox 2088 2739 3665 2809">
     <span class='ocr_line' id='line_1_56' title="bbox 2088 2739 3665 2809; baseline 0.002 -15"><span class='ocrx_word' id='word_1_349' title='bbox 2088 2739 2387 2808; x_wconf 83' lang='lat' dir='ltr'><strong>intrajusti</strong></span> <span class='ocrx_word' id='word_1_350' title='bbox 2420 2752 2471 2794; x_wconf 91' lang='lat' dir='ltr'><strong>et</strong></span> <span class='ocrx_word' id='word_1_351' title='bbox 2500 2741 2641 2809; x_wconf 74' lang='lat' dir='ltr'><strong>aequi</strong></span> <span class='ocrx_word' id='word_1_352' title='bbox 2673 2740 2876 2796; x_wconf 90' lang='lat' dir='ltr'><strong>limites</strong></span> <span class='ocrx_word' id='word_1_353' title='bbox 2928 2742 3069 2795; x_wconf 87' lang='lat' dir='ltr'><strong>ultra</strong></span> <span class='ocrx_word' id='word_1_354' title='bbox 3122 2758 3182 2797; x_wconf 87' lang='lat' dir='ltr'><strong>se</strong></span> <span class='ocrx_word' id='word_1_355' title='bbox 3236 2743 3520 2797; x_wconf 90' lang='lat' dir='ltr'><strong>continere</strong></span> <span class='ocrx_word' id='word_1_356' title='bbox 3570 2759 3665 2797; x_wconf 89' lang='lat' dir='ltr'><strong>ne-</strong></span> 
     </span>
    </p>
   </div>
   <div class='ocr_carea' id='block_1_57' title="bbox 2087 2832 3666 2902">
    <p class='ocr_par' dir='ltr' id='par_1_57' title="bbox 2087 2832 3666 2902">
     <span class='ocr_line' id='line_1_57' title="bbox 2087 2832 3666 2902; baseline 0.002 -17"><span class='ocrx_word' id='word_1_357' title='bbox 2087 2834 2297 2902; x_wconf 87' lang='lat' dir='ltr'><strong>quibat.</strong></span> <span class='ocrx_word' id='word_1_358' title='bbox 2338 2832 2492 2887; x_wconf 86' lang='lat' dir='ltr'><strong>Tune</strong></span> <span class='ocrx_word' id='word_1_359' title='bbox 2526 2836 2694 2901; x_wconf 77' lang='lat' dir='ltr'><strong>igitur</strong></span> <span class='ocrx_word' id='word_1_360' title='bbox 2729 2833 3012 2889; x_wconf 85' lang='lat' dir='ltr'><strong>lleraelius</strong></span> <span class='ocrx_word' id='word_1_361' title='bbox 3067 2834 3257 2889; x_wconf 87' lang='lat' dir='ltr'><strong>divino</strong></span> <span class='ocrx_word' id='word_1_362' title='bbox 3303 2836 3503 2889; x_wconf 90' lang='lat' dir='ltr'><strong>ardore</strong></span> <span class='ocrx_word' id='word_1_363' title='bbox 3529 2834 3666 2890; x_wconf 90' lang='lat' dir='ltr'><strong>inci-</strong></span> 
     </span>
    </p>
   </div>
   <div class='ocr_carea' id='block_1_58' title="bbox 2089 2926 3663 2995">
    <p class='ocr_par' dir='ltr' id='par_1_58' title="bbox 2089 2926 3663 2995">
     <span class='ocr_line' id='line_1_58' title="bbox 2089 2926 3663 2995; baseline 0.003 -20"><span class='ocrx_word' id='word_1_364' title='bbox 2089 2933 2259 2985; x_wconf 88' lang='lat' dir='ltr'><strong>tatus,</strong></span> <span class='ocrx_word' id='word_1_365' title='bbox 2317 2938 2450 2991; x_wconf 83' lang='lat' dir='ltr'><strong>pace</strong></span> <span class='ocrx_word' id='word_1_366' title='bbox 2496 2938 2560 2977; x_wconf 85' lang='lat' dir='ltr'><strong>ex</strong></span> <span class='ocrx_word' id='word_1_367' title='bbox 2634 2931 2763 2978; x_wconf 85' lang='lat' dir='ltr'><strong>voto</strong></span> <span class='ocrx_word' id='word_1_368' title='bbox 2815 2938 2939 2978; x_wconf 89' lang='lat' dir='ltr'><strong>cum</strong></span> <span class='ocrx_word' id='word_1_369' title='bbox 3009 2926 3283 2981; x_wconf 84' lang='lat' dir='ltr'><strong>Abaribus</strong></span> <span class='ocrx_word' id='word_1_370' title='bbox 3337 2928 3663 2995; x_wconf 86' lang='lat' dir='ltr'><strong>composita,</strong></span> 
     </span>
    </p>
   </div>
   <div class='ocr_carea' id='block_1_59' title="bbox 2086 3015 3664 3085">
    <p class='ocr_par' dir='ltr' id='par_1_59' title="bbox 2086 3015 3664 3085">
     <span class='ocr_line' id='line_1_59' title="bbox 2086 3015 3664 3085; baseline 0.002 -16"><span class='ocrx_word' id='word_1_371' title='bbox 2086 3016 2364 3070; x_wconf 69' lang='lat' dir='ltr'><strong>exercitus</strong></span> <span class='ocrx_word' id='word_1_372' title='bbox 2395 3030 2526 3070; x_wconf 92' lang='lat' dir='ltr'><strong>suos</strong></span> <span class='ocrx_word' id='word_1_373' title='bbox 2559 3016 2629 3070; x_wconf 91' lang='lat' dir='ltr'><strong>ab</strong></span> <span class='ocrx_word' id='word_1_374' title='bbox 2676 3017 2892 3085; x_wconf 88' lang='lat' dir='ltr'><strong>Europa</strong></span> <span class='ocrx_word' id='word_1_375' title='bbox 2925 3015 2978 3070; x_wconf 92' lang='lat' dir='ltr'><strong>in</strong></span> <span class='ocrx_word' id='word_1_376' title='bbox 3019 3018 3202 3071; x_wconf 81' lang='lat' dir='ltr'><strong>Asiam</strong></span> <span class='ocrx_word' id='word_1_377' title='bbox 3233 3019 3535 3081; x_wconf 86' lang='lat' dir='ltr'><strong>transtulit,</strong></span> <span class='ocrx_word' id='word_1_378' title='bbox 3575 3019 3664 3072; x_wconf 88' lang='lat' dir='ltr'><strong>in-</strong></span> 
     </span>
    </p>
   </div>
   <div class='ocr_carea' id='block_1_60' title="bbox 2089 3104 3663 3177">
    <p class='ocr_par' dir='ltr' id='par_1_60' title="bbox 2089 3104 3663 3177">
     <span class='ocr_line' id='line_1_60' title="bbox 2089 3104 3663 3177; baseline 0.004 -19"><span class='ocrx_word' id='word_1_379' title='bbox 2089 3105 2463 3176; x_wconf 72' lang='lat' dir='ltr'><strong>vadendaeque</strong></span> <span class='ocrx_word' id='word_1_380' title='bbox 2530 3105 2773 3163; x_wconf 87' lang='lat' dir='ltr'><strong>Persidis</strong></span> <span class='ocrx_word' id='word_1_381' title='bbox 2844 3104 2955 3161; x_wconf 91' lang='lat' dir='ltr'><strong>Deo</strong></span> <span class='ocrx_word' id='word_1_382' title='bbox 3014 3108 3314 3177; x_wconf 86' lang='lat' dir='ltr'><strong>opitulante</strong></span> <span class='ocrx_word' id='word_1_383' title='bbox 3369 3109 3663 3164; x_wconf 89' lang='lat' dir='ltr'><strong>consilium</strong></span> 
     </span>
    </p>
   </div>
   <div class='ocr_carea' id='block_1_61' title="bbox 2088 3199 2252 3267">
    <p class='ocr_par' dir='ltr' id='par_1_61' title="bbox 2088 3199 2252 3267">
     <span class='ocr_line' id='line_1_61' title="bbox 2088 3199 2252 3267; baseline -0.012 -15"><span class='ocrx_word' id='word_1_384' title='bbox 2088 3199 2252 3267; x_wconf 87' lang='lat' dir='ltr'><strong>cepit.</strong></span> 
     </span>
    </p>
   </div>
   <div class='ocr_carea' id='block_1_62' title="bbox 483 3268 2238 3365">
    <p class='ocr_par' dir='ltr' id='par_1_62' title="bbox 483 3268 2224 3363">
     <span class='ocr_line' id='line_1_62' title="bbox 483 3268 2224 3363; baseline -0.004 -14"><span class='ocrx_word' id='word_1_385' title='bbox 483 3297 547 3348; x_wconf 85' lang='lat' dir='ltr'><strong>A.</strong></span> <span class='ocrx_word' id='word_1_386' title='bbox 586 3295 660 3349; x_wconf 80' lang='grc' dir='ltr'>Μ.</span> <span class='ocrx_word' id='word_1_387' title='bbox 707 3294 868 3349; x_wconf 75' lang='lat' dir='ltr'><strong>ous.</strong></span> <span class='ocrx_word' id='word_1_388' title='bbox 903 3326 973 3336; x_wconf 90' lang='lat'><strong><em>—</em></strong></span> <span class='ocrx_word' id='word_1_389' title='bbox 1003 3293 1189 3363; x_wconf 81' lang='grc' dir='ltr'><strong>Τούτῳ</strong></span> <span class='ocrx_word' id='word_1_390' title='bbox 1238 3292 1313 3363; x_wconf 81' lang='grc' dir='ltr'>τῷ</span> <span class='ocrx_word' id='word_1_391' title='bbox 1361 3293 1471 3347; x_wconf 75' lang='grc' dir='ltr'>ἔτει</span> <span class='ocrx_word' id='word_1_392' title='bbox 1523 3293 1652 3363; x_wconf 72' lang='grc' dir='ltr'>μηνὶ</span> <span class='ocrx_word' id='word_1_393' title='bbox 1692 3268 2054 3362; x_wconf 72' lang='grc' dir='ltr'>Ἀπριλλίῳσ</span> <span class='ocrx_word' id='word_1_394' title='bbox 2158 3290 2224 3343; x_wconf 85' lang='grc' dir='ltr'>Α.</span> 
     </span>
    </p>
   </div>
   <div class='ocr_carea' id='block_1_63' title="bbox 1907 3268 3662 3365">
    <p class='ocr_par' dir='ltr' id='par_1_63' title="bbox 1907 3268 3662 3365">
     <span class='ocr_line' id='line_1_63' title="bbox 1907 3268 3662 3365; baseline 0.003 -22"><span class='ocrx_word' id='word_1_395' title='bbox 1907 3291 1985 3361; x_wconf 74' lang='grc' dir='ltr'>ιίῳ</span> <span class='ocrx_word' id='word_1_396' title='bbox 2012 3268 2054 3324; x_wconf 77' lang='lat' dir='ltr'><strong>C</strong></span> <span class='ocrx_word' id='word_1_397' title='bbox 2158 3290 2224 3343; x_wconf 88' lang='lat' dir='ltr'><strong>A.</strong></span> <span class='ocrx_word' id='word_1_398' title='bbox 2249 3290 2311 3343; x_wconf 89' lang='lat' dir='ltr'><strong>C.</strong></span> <span class='ocrx_word' id='word_1_399' title='bbox 2334 3292 2457 3346; x_wconf 79' lang='grc'><strong>615.</strong></span> <span class='ocrx_word' id='word_1_400' title='bbox 2483 3271 2848 3355; x_wconf 81' lang='lat' dir='ltr'><strong>—lioc_anno</strong></span> <span class='ocrx_word' id='word_1_401' title='bbox 2874 3294 3079 3350; x_wconf 84' lang='lat' dir='ltr'><strong>mensis</strong></span> <span class='ocrx_word' id='word_1_402' title='bbox 3102 3293 3308 3365; x_wconf 84' lang='lat' dir='ltr'><strong>Aprilis</strong></span> <span class='ocrx_word' id='word_1_403' title='bbox 3338 3294 3425 3349; x_wconf 90' lang='lat' dir='ltr'><strong>die</strong></span> <span class='ocrx_word' id='word_1_404' title='bbox 3444 3303 3662 3363; x_wconf 87' lang='lat' dir='ltr'><strong>quarto.</strong></span> 
     </span>
    </p>
   </div>
   <div class='ocr_carea' id='block_1_64' title="bbox 408 3384 1986 3455">
    <p class='ocr_par' dir='ltr' id='par_1_64' title="bbox 408 3384 1986 3455">
     <span class='ocr_line' id='line_1_64' title="bbox 408 3384 1986 3455; baseline -0.003 -14"><span class='ocrx_word' id='word_1_405' title='bbox 408 3387 451 3441; x_wconf 86' lang='grc' dir='ltr'>δ’</span> <span class='ocrx_word' id='word_1_406' title='bbox 483 3386 617 3455; x_wconf 66' lang='lat' dir='ltr'><strong>(ﬂ),</strong></span> <span class='ocrx_word' id='word_1_407' title='bbox 655 3386 945 3439; x_wconf 83' lang='grc' dir='ltr'>ἱνδικτιῶνι</span> <span class='ocrx_word' id='word_1_408' title='bbox 978 3387 1030 3447; x_wconf 88' lang='grc' dir='ltr'><strong>ι’,</strong></span> <span class='ocrx_word' id='word_1_409' title='bbox 1058 3387 1284 3448; x_wconf 88' lang='grc' dir='ltr'>τελέσας</span> <span class='ocrx_word' id='word_1_410' title='bbox 1312 3387 1340 3438; x_wconf 83' lang='grc' dir='ltr'>ὁ</span> <span class='ocrx_word' id='word_1_411' title='bbox 1369 3384 1624 3454; x_wconf 77' lang='grc' dir='ltr'>βασιλεὺς</span> <span class='ocrx_word' id='word_1_412' title='bbox 1666 3384 1986 3453; x_wconf 81' lang='grc' dir='ltr'>Ἡράκλειος</span> 
     </span>
    </p>
   </div>
   <div class='ocr_carea' id='block_1_65' title="bbox 410 3474 1985 3550">
    <p class='ocr_par' dir='ltr' id='par_1_65' title="bbox 410 3474 1985 3550">
     <span class='ocr_line' id='line_1_65' title="bbox 410 3474 1985 3550; baseline -0.003 -18"><span class='ocrx_word' id='word_1_413' title='bbox 410 3497 510 3550; x_wconf 80' lang='grc' dir='ltr'><strong>τήν</strong></span> <span class='ocrx_word' id='word_1_414' title='bbox 538 3480 731 3550; x_wconf 71' lang='grc' dir='ltr'>ἑορτὴν</span> <span class='ocrx_word' id='word_1_415' title='bbox 762 3479 854 3531; x_wconf 78' lang='grc' dir='ltr'><strong>τοῦ</strong></span> <span class='ocrx_word' id='word_1_416' title='bbox 906 3478 1117 3547; x_wconf 79' lang='grc' dir='ltr'>Πάσχα,</span> <span class='ocrx_word' id='word_1_417' title='bbox 1146 3476 1346 3539; x_wconf 79' lang='grc' dir='ltr'>εὐθέως</span> <span class='ocrx_word' id='word_1_418' title='bbox 1387 3478 1452 3543; x_wconf 86' lang='grc' dir='ltr'>τῇ</span> <span class='ocrx_word' id='word_1_419' title='bbox 1485 3474 1716 3545; x_wconf 74' lang='grc' dir='ltr'>δευτέρα</span> <span class='ocrx_word' id='word_1_420' title='bbox 1745 3477 1985 3544; x_wconf 79' lang='grc' dir='ltr'>ἑσπέρας</span> 
     </span>
    </p>
   </div>
   <div class='ocr_carea' id='block_1_66' title="bbox 411 3566 1984 3641">
    <p class='ocr_par' dir='ltr' id='par_1_66' title="bbox 411 3566 1984 3641">
     <span class='ocr_line' id='line_1_66' title="bbox 411 3566 1984 3641; baseline -0.005 -16"><span class='ocrx_word' id='word_1_421' title='bbox 411 3572 661 3641; x_wconf 75' lang='grc' dir='ltr'>ἐκίνησεν</span> <span class='ocrx_word' id='word_1_422' title='bbox 702 3571 844 3623; x_wconf 84' lang='grc' dir='ltr'><strong>κατά</strong></span> <span class='ocrx_word' id='word_1_423' title='bbox 874 3571 1155 3638; x_wconf 87' lang='grc' dir='ltr'>Περσίδος,</span> <span class='ocrx_word' id='word_1_424' title='bbox 1190 3567 1387 3636; x_wconf 71' lang='grc' dir='ltr'>Λαϐὼν</span> <span class='ocrx_word' id='word_1_425' title='bbox 1416 3566 1471 3619; x_wconf 84' lang='grc' dir='ltr'>δὲ</span> <span class='ocrx_word' id='word_1_426' title='bbox 1515 3566 1585 3619; x_wconf 66' lang='grc' dir='ltr'>τὰ</span> <span class='ocrx_word' id='word_1_427' title='bbox 1614 3566 1721 3619; x_wconf 84' lang='grc' dir='ltr'>τῶν</span> <span class='ocrx_word' id='word_1_428' title='bbox 1769 3566 1984 3633; x_wconf 83' lang='grc' dir='ltr'>εὐαγῶν</span> 
     </span>
    </p>
   </div>
   <div class='ocr_carea' id='block_1_67' title="bbox 411 3659 1982 3734">
    <p class='ocr_par' dir='ltr' id='par_1_67' title="bbox 411 3659 1982 3734">
     <span class='ocr_line' id='line_1_67' title="bbox 411 3659 1982 3734; baseline -0.003 -18"><span class='ocrx_word' id='word_1_429' title='bbox 411 3666 576 3717; x_wconf 71' lang='grc' dir='ltr'>οἴκων</span> <span class='ocrx_word' id='word_1_430' title='bbox 606 3666 863 3734; x_wconf 82' lang='grc' dir='ltr'>χρήματα</span> <span class='ocrx_word' id='word_1_431' title='bbox 889 3664 1000 3725; x_wconf 69' lang='grc'><strong>(45)</strong></span> <span class='ocrx_word' id='word_1_432' title='bbox 1028 3665 1083 3713; x_wconf 83' lang='grc' dir='ltr'><strong>ἐν</strong></span> <span class='ocrx_word' id='word_1_433' title='bbox 1103 3660 1329 3715; x_wconf 82' lang='grc' dir='ltr'>δανείων</span> <span class='ocrx_word' id='word_1_434' title='bbox 1357 3660 1562 3731; x_wconf 75' lang='grc' dir='ltr'>ἀπορίᾳ</span> <span class='ocrx_word' id='word_1_435' title='bbox 1592 3659 1982 3728; x_wconf 80' lang='grc' dir='ltr'>κατεχόμενος,</span> 
     </span>
    </p>
   </div>
   <div class='ocr_carea' id='block_1_68' title="bbox 410 3746 1988 3820">
    <p class='ocr_par' dir='ltr' id='par_1_68' title="bbox 410 3746 1988 3820">
     <span class='ocr_line' id='line_1_68' title="bbox 410 3746 1988 3820; baseline -0.006 -13"><span class='ocrx_word' id='word_1_436' title='bbox 410 3754 600 3807; x_wconf 79' lang='grc' dir='ltr'>ἔλαϐεν</span> <span class='ocrx_word' id='word_1_437' title='bbox 664 3754 755 3806; x_wconf 68' lang='grc' dir='ltr'>καὶ</span> <span class='ocrx_word' id='word_1_438' title='bbox 810 3753 908 3820; x_wconf 78' lang='grc' dir='ltr'>τῆς</span> <span class='ocrx_word' id='word_1_439' title='bbox 980 3750 1239 3820; x_wconf 75' lang='grc' dir='ltr'>Μεγάλης</span> <span class='ocrx_word' id='word_1_440' title='bbox 1321 3748 1618 3819; x_wconf 76' lang='grc' dir='ltr'>ἐκκλησίας</span> <span class='ocrx_word' id='word_1_441' title='bbox 1715 3746 1988 3800; x_wconf 84' lang='grc' dir='ltr'>πολυκάν-</span> 
     </span>
    </p>
   </div>
   <div class='ocr_carea' id='block_1_69' title="bbox 410 3836 1981 3913">
    <p class='ocr_par' dir='ltr' id='par_1_69' title="bbox 410 3836 1981 3913">
     <span class='ocr_line' id='line_1_69' title="bbox 410 3836 1981 3913; baseline -0.006 -15"><span class='ocrx_word' id='word_1_442' title='bbox 410 3844 545 3909; x_wconf 84' lang='grc' dir='ltr'>δηλά</span> <span class='ocrx_word' id='word_1_443' title='bbox 580 3844 692 3913; x_wconf 68' lang='grc'><strong>(46)</strong></span> <span class='ocrx_word' id='word_1_444' title='bbox 740 3860 796 3895; x_wconf 88' lang='grc' dir='ltr'><strong>τε</strong></span> <span class='ocrx_word' id='word_1_445' title='bbox 832 3843 925 3894; x_wconf 75' lang='grc' dir='ltr'>καὶ</span> <span class='ocrx_word' id='word_1_446' title='bbox 954 3843 1119 3910; x_wconf 81' lang='grc' dir='ltr'>’ἐτερα</span> <span class='ocrx_word' id='word_1_447' title='bbox 1159 3840 1328 3908; x_wconf 82' lang='grc' dir='ltr'>σκεύη</span> <span class='ocrx_word' id='word_1_448' title='bbox 1360 3838 1695 3909; x_wconf 78' lang='grc' dir='ltr'>ὑπουργικά,</span> <span class='ocrx_word' id='word_1_449' title='bbox 1735 3836 1981 3908; x_wconf 81' lang='grc' dir='ltr'>χαράξας</span> 
     </span>
    </p>
   </div>
   <div class='ocr_carea' id='block_1_70' title="bbox 412 3929 1978 4005">
    <p class='ocr_par' dir='ltr' id='par_1_70' title="bbox 412 3929 1978 4005">
     <span class='ocr_line' id='line_1_70' title="bbox 412 3929 1978 4005; baseline -0.005 -16"><span class='ocrx_word' id='word_1_450' title='bbox 412 3936 746 4005; x_wconf 75' lang='grc' dir='ltr'>νομίσματα,</span> <span class='ocrx_word' id='word_1_451' title='bbox 772 3935 863 3988; x_wconf 70' lang='grc' dir='ltr'><strong>καὶ</strong></span> <span class='ocrx_word' id='word_1_452' title='bbox 888 3932 1336 4003; x_wconf 69' lang='grc' dir='ltr'>μιλιαρίσιάμἾ)</span> <span class='ocrx_word' id='word_1_453' title='bbox 1358 3930 1674 4001; x_wconf 73' lang='grc' dir='ltr'>πάμπολλα.</span> <span class='ocrx_word' id='word_1_454' title='bbox 1704 3929 1978 3983; x_wconf 79' lang='grc' dir='ltr'>Κατέλιπε</span> 
     </span>
    </p>
   </div>
   <div class='ocr_carea' id='block_1_71' title="bbox 410 4020 1978 4094">
    <p class='ocr_par' dir='ltr' id='par_1_71' title="bbox 410 4020 1978 4094">
     <span class='ocr_line' id='line_1_71' title="bbox 410 4020 1978 4094; baseline -0.004 -13"><span class='ocrx_word' id='word_1_455' title='bbox 410 4027 467 4081; x_wconf 78' lang='grc' dir='ltr'>δὲ</span> <span class='ocrx_word' id='word_1_456' title='bbox 524 4028 614 4077; x_wconf 72' lang='grc' dir='ltr'><strong>τὸν</strong></span> <span class='ocrx_word' id='word_1_457' title='bbox 643 4026 774 4080; x_wconf 85' lang='grc' dir='ltr'>ῐδιον</span> <span class='ocrx_word' id='word_1_458' title='bbox 831 4026 946 4076; x_wconf 76' lang='grc' dir='ltr'>υἱὸν</span> <span class='ocrx_word' id='word_1_459' title='bbox 1000 4025 1111 4094; x_wconf 70' lang='grc'><strong>(48)</strong></span> <span class='ocrx_word' id='word_1_460' title='bbox 1144 4024 1241 4076; x_wconf 84' lang='grc' dir='ltr'>σὺν</span> <span class='ocrx_word' id='word_1_461' title='bbox 1287 4022 1497 4094; x_wconf 82' lang='grc' dir='ltr'>Σεργίῳ</span> <span class='ocrx_word' id='word_1_462' title='bbox 1534 4020 1612 4090; x_wconf 84' lang='grc' dir='ltr'>τῷ</span> <span class='ocrx_word' id='word_1_463' title='bbox 1664 4020 1978 4090; x_wconf 84' lang='grc' dir='ltr'>πατριάρχῃ</span> 
     </span>
    </p>
   </div>
   <div class='ocr_carea' id='block_1_72' title="bbox 413 4111 1983 4185">
    <p class='ocr_par' dir='ltr' id='par_1_72' title="bbox 413 4111 1983 4185">
     <span class='ocr_line' id='line_1_72' title="bbox 413 4111 1983 4185; baseline -0.004 -14"><span class='ocrx_word' id='word_1_464' title='bbox 413 4116 1028 4178; x_wconf 80' lang='grc' dir='ltr'>Κωνσταντινονπόλεως</span> <span class='ocrx_word' id='word_1_465' title='bbox 1059 4116 1280 4168; x_wconf 80' lang='grc' dir='ltr'>διοικεῖν</span> <span class='ocrx_word' id='word_1_466' title='bbox 1318 4115 1622 4185; x_wconf 84' lang='grc' dir='ltr'>πράγματα</span> <span class='ocrx_word' id='word_1_467' title='bbox 1650 4114 1746 4165; x_wconf 79' lang='grc' dir='ltr'>σὺν</span> <span class='ocrx_word' id='word_1_468' title='bbox 1768 4111 1983 4181; x_wconf 83' lang='grc' dir='ltr'>Βονοσῷ</span> 
     </span>
    </p>
   </div>
   <div class='ocr_carea' id='block_1_73' title="bbox 412 4202 1982 4283">
    <p class='ocr_par' dir='ltr' id='par_1_73' title="bbox 412 4202 1982 4283">
     <span class='ocr_line' id='line_1_73' title="bbox 412 4202 1982 4283; baseline -0.005 -20"><span class='ocrx_word' id='word_1_469' title='bbox 412 4211 489 4280; x_wconf 77' lang='grc' dir='ltr'>τῷ</span> <span class='ocrx_word' id='word_1_470' title='bbox 525 4210 794 4280; x_wconf 80' lang='grc' dir='ltr'>πατρικίῳ</span> <span class='ocrx_word' id='word_1_471' title='bbox 828 4208 979 4278; x_wconf 81' lang='grc' dir='ltr'>ἀνδρὶ</span> <span class='ocrx_word' id='word_1_472' title='bbox 1030 4208 1279 4276; x_wconf 74' lang='grc' dir='ltr'>ἐχέφρονι</span> <span class='ocrx_word' id='word_1_473' title='bbox 1319 4207 1413 4258; x_wconf 78' lang='grc' dir='ltr'><strong>καὶ</strong></span> <span class='ocrx_word' id='word_1_474' title='bbox 1454 4207 1524 4259; x_wconf 74' lang='grc' dir='ltr'><strong>τὰ</strong></span> <span class='ocrx_word' id='word_1_475' title='bbox 1570 4205 1747 4283; x_wconf 79' lang='grc' dir='ltr'>πάντα</span> <span class='ocrx_word' id='word_1_476' title='bbox 1781 4202 1982 4274; x_wconf 80' lang='grc' dir='ltr'>συνετῷ</span> 
     </span>
    </p>
   </div>
   <div class='ocr_carea' id='block_1_74' title="bbox 380 4280 1983 4368">
    <p class='ocr_par' dir='ltr' id='par_1_74' title="bbox 380 4280 1983 4368">
     <span class='ocr_line' id='line_1_74' title="bbox 380 4280 1983 4368; baseline -0.005 -15"><span class='ocrx_word' id='word_1_477' title='bbox 380 4280 508 4353; x_wconf 50' lang='lat' dir='ltr'><strong>2ita).</strong></span> <span class='ocrx_word' id='word_1_478' title='bbox 537 4299 986 4368; x_wconf 81' lang='grc' dir='ltr'>πεπειρασμένῳ.</span> <span class='ocrx_word' id='word_1_479' title='bbox 1020 4295 1299 4366; x_wconf 70' lang='grc' dir='ltr'>Ἐγραψεν</span> <span class='ocrx_word' id='word_1_480' title='bbox 1328 4294 1385 4348; x_wconf 84' lang='grc' dir='ltr'>δὲ</span> <span class='ocrx_word' id='word_1_481' title='bbox 1416 4296 1552 4365; x_wconf 86' lang='grc' dir='ltr'>πρὸς</span> <span class='ocrx_word' id='word_1_482' title='bbox 1598 4280 1693 4347; x_wconf 79' lang='grc' dir='ltr'>τὸν</span> <span class='ocrx_word' id='word_1_483' title='bbox 1732 4293 1983 4361; x_wconf 83' lang='grc' dir='ltr'>Χαγάνον</span> 
     </span>
    </p>
   </div>
   <div class='ocr_carea' id='block_1_75' title="bbox 410 4384 1984 4460">
    <p class='ocr_par' dir='ltr' id='par_1_75' title="bbox 410 4384 1984 4460">
     <span class='ocr_line' id='line_1_75' title="bbox 410 4384 1984 4460; baseline -0.004 -16"><span class='ocrx_word' id='word_1_484' title='bbox 410 4393 519 4444; x_wconf 81' lang='grc' dir='ltr'>τῶν</span> <span class='ocrx_word' id='word_1_485' title='bbox 564 4392 812 4459; x_wconf 83' lang='grc' dir='ltr'>Ἀϐάρων</span> <span class='ocrx_word' id='word_1_486' title='bbox 843 4392 885 4421; x_wconf 79' lang='grc'><strong>³⁷</strong></span> <span class='ocrx_word' id='word_1_487' title='bbox 917 4389 1291 4460; x_wconf 84' lang='grc' dir='ltr'>παρακλήσεις</span> <span class='ocrx_word' id='word_1_488' title='bbox 1323 4386 1414 4441; x_wconf 82' lang='grc' dir='ltr'>τοῦ</span> <span class='ocrx_word' id='word_1_489' title='bbox 1447 4390 1761 4456; x_wconf 83' lang='grc' dir='ltr'>ἐπικουρεῖν</span> <span class='ocrx_word' id='word_1_490' title='bbox 1782 4388 1849 4441; x_wconf 75' lang='grc' dir='ltr'>τὰ</span> <span class='ocrx_word' id='word_1_491' title='bbox 1873 4384 1984 4440; x_wconf 87' lang='grc' dir='ltr'><strong>τῶν</strong></span> 
     </span>
    </p>
   </div>
   <div class='ocr_carea' id='block_1_76' title="bbox 2086 3381 3665 3445">
    <p class='ocr_par' dir='ltr' id='par_1_76' title="bbox 2086 3381 3665 3445">
     <span class='ocr_line' id='line_1_76' title="bbox 2086 3381 3665 3445; baseline 0.003 -10"><span class='ocrx_word' id='word_1_492' title='bbox 2086 3381 2387 3438; x_wconf 92' lang='lat' dir='ltr'><strong>indictione</strong></span> <span class='ocrx_word' id='word_1_493' title='bbox 2420 3384 2659 3445; x_wconf 90' lang='lat' dir='ltr'><strong>decima,</strong></span> <span class='ocrx_word' id='word_1_494' title='bbox 2705 3385 2997 3441; x_wconf 74' lang='lat' dir='ltr'><strong>Heraclius</strong></span> <span class='ocrx_word' id='word_1_495' title='bbox 3027 3385 3381 3441; x_wconf 84' lang='lat' dir='ltr'><strong>solemnitate</strong></span> <span class='ocrx_word' id='word_1_496' title='bbox 3412 3384 3665 3440; x_wconf 85' lang='lat' dir='ltr'><strong>Paschali</strong></span> 
     </span>
    </p>
   </div>
   <div class='ocr_carea' id='block_1_77' title="bbox 2086 3474 3663 3548">
    <p class='ocr_par' dir='ltr' id='par_1_77' title="bbox 2086 3474 3663 3548">
     <span class='ocr_line' id='line_1_77' title="bbox 2086 3474 3663 3548; baseline 0.001 -21"><span class='ocrx_word' id='word_1_497' title='bbox 2086 3474 2335 3543; x_wconf 77' lang='lat' dir='ltr'><strong>peracta,</strong></span> <span class='ocrx_word' id='word_1_498' title='bbox 2381 3475 2517 3529; x_wconf 78' lang='lat' dir='ltr'><strong>feria</strong></span> <span class='ocrx_word' id='word_1_499' title='bbox 2576 3478 2817 3531; x_wconf 85' lang='lat' dir='ltr'><strong>secunda</strong></span> <span class='ocrx_word' id='word_1_500' title='bbox 2879 3478 2980 3533; x_wconf 91' lang='lat' dir='ltr'><strong>sub</strong></span> <span class='ocrx_word' id='word_1_501' title='bbox 3035 3493 3318 3548; x_wconf 82' lang='lat' dir='ltr'><strong>vesperam</strong></span> <span class='ocrx_word' id='word_1_502' title='bbox 3375 3476 3663 3534; x_wconf 79' lang='lat' dir='ltr'><strong>confestim</strong></span> 
     </span>
    </p>
   </div>
   <div class='ocr_carea' id='block_1_78' title="bbox 2086 3568 3665 3641">
    <p class='ocr_par' dir='ltr' id='par_1_78' title="bbox 2086 3568 3665 3641">
     <span class='ocr_line' id='line_1_78' title="bbox 2086 3568 3665 3641; baseline 0.003 -22"><span class='ocrx_word' id='word_1_503' title='bbox 2086 3580 2239 3619; x_wconf 88' lang='lat' dir='ltr'><strong>arma</strong></span> <span class='ocrx_word' id='word_1_504' title='bbox 2266 3574 2518 3621; x_wconf 86' lang='lat' dir='ltr'><strong>moturus</strong></span> <span class='ocrx_word' id='word_1_505' title='bbox 2550 3568 2603 3621; x_wconf 91' lang='lat' dir='ltr'><strong>in</strong></span> <span class='ocrx_word' id='word_1_506' title='bbox 2636 3569 2912 3624; x_wconf 79' lang='lat' dir='ltr'><strong>Persidem</strong></span> <span class='ocrx_word' id='word_1_507' title='bbox 2950 3572 3209 3641; x_wconf 85' lang='lat' dir='ltr'><strong>perrexit.</strong></span> <span class='ocrx_word' id='word_1_508' title='bbox 3243 3569 3382 3623; x_wconf 87' lang='lat' dir='ltr'><strong>Tum</strong></span> <span class='ocrx_word' id='word_1_509' title='bbox 3412 3585 3539 3625; x_wconf 90' lang='lat' dir='ltr'><strong>vero</strong></span> <span class='ocrx_word' id='word_1_510' title='bbox 3569 3568 3665 3624; x_wconf 89' lang='lat' dir='ltr'><strong>ubi</strong></span> 
     </span>
    </p>
   </div>
   <div class='ocr_carea' id='block_1_79' title="bbox 2085 3660 3662 3731">
    <p class='ocr_par' dir='ltr' id='par_1_79' title="bbox 2085 3660 3662 3731">
     <span class='ocr_line' id='line_1_79' title="bbox 2085 3660 3662 3731; baseline 0.004 -21"><span class='ocrx_word' id='word_1_511' title='bbox 2085 3660 2370 3727; x_wconf 86' lang='lat' dir='ltr'><strong>pecuniam</strong></span> <span class='ocrx_word' id='word_1_512' title='bbox 2403 3668 2595 3715; x_wconf 91' lang='lat' dir='ltr'><strong>mutuo</strong></span> <span class='ocrx_word' id='word_1_513' title='bbox 2622 3662 2704 3715; x_wconf 88' lang='lat' dir='ltr'><strong>vel</strong></span> <span class='ocrx_word' id='word_1_514' title='bbox 2728 3678 2855 3717; x_wconf 91' lang='lat' dir='ltr'><strong>cum</strong></span> <span class='ocrx_word' id='word_1_515' title='bbox 2890 3661 3100 3717; x_wconf 60' lang='lat' dir='ltr'><strong>fenore</strong></span> <span class='ocrx_word' id='word_1_516' title='bbox 3124 3664 3400 3731; x_wconf 87' lang='lat' dir='ltr'><strong>acciperet</strong></span> <span class='ocrx_word' id='word_1_517' title='bbox 3438 3663 3662 3729; x_wconf 89' lang='lat' dir='ltr'><strong>dubius,</strong></span> 
     </span>
    </p>
   </div>
   <div class='ocr_carea' id='block_1_80' title="bbox 2096 3751 3664 3824">
    <p class='ocr_par' dir='ltr' id='par_1_80' title="bbox 2096 3751 3664 3824">
     <span class='ocr_line' id='line_1_80' title="bbox 2096 3751 3664 3824; baseline 0.005 -22"><span class='ocrx_word' id='word_1_518' title='bbox 2096 3758 2411 3804; x_wconf 85' lang='lat' dir='ltr'><strong>sanctarum</strong></span> <span class='ocrx_word' id='word_1_519' title='bbox 2471 3751 2671 3806; x_wconf 61' lang='lat' dir='ltr'><strong>aedium</strong></span> <span class='ocrx_word' id='word_1_520' title='bbox 2737 3754 3028 3810; x_wconf 81' lang='lat' dir='ltr'><strong>facultates</strong></span> <span class='ocrx_word' id='word_1_521' title='bbox 3083 3753 3233 3816; x_wconf 88' lang='lat' dir='ltr'><strong>tulit.</strong></span> <span class='ocrx_word' id='word_1_522' title='bbox 3289 3754 3664 3824; x_wconf 86' lang='lat' dir='ltr'><strong>cudendisque</strong></span> 
     </span>
    </p>
   </div>
   <div class='ocr_carea' id='block_1_81' title="bbox 2095 3841 3663 3913">
    <p class='ocr_par' dir='ltr' id='par_1_81' title="bbox 2095 3841 3663 3913">
     <span class='ocr_line' id='line_1_81' title="bbox 2095 3841 3663 3913; baseline 0.004 -19"><span class='ocrx_word' id='word_1_523' title='bbox 2095 3841 2545 3906; x_wconf 87' lang='lat' dir='ltr'><strong>numismatibus,</strong></span> <span class='ocrx_word' id='word_1_524' title='bbox 2600 3852 2655 3898; x_wconf 93' lang='lat' dir='ltr'><strong>et</strong></span> <span class='ocrx_word' id='word_1_525' title='bbox 2712 3846 2941 3901; x_wconf 89' lang='lat' dir='ltr'><strong>minutis</strong></span> <span class='ocrx_word' id='word_1_526' title='bbox 2997 3846 3305 3901; x_wconf 88' lang='lat' dir='ltr'><strong>milisiariis</strong></span> <span class='ocrx_word' id='word_1_527' title='bbox 3336 3845 3663 3913; x_wconf 81' lang='lat' dir='ltr'><strong>conﬂandis,</strong></span> 
     </span>
    </p>
   </div>
   <div class='ocr_carea' id='block_1_82' title="bbox 2084 3932 3667 4009">
    <p class='ocr_par' dir='ltr' id='par_1_82' title="bbox 2084 3932 3667 4009">
     <span class='ocr_line' id='line_1_82' title="bbox 2084 3932 3667 4009; baseline 0.006 -25"><span class='ocrx_word' id='word_1_528' title='bbox 2084 3932 2351 3987; x_wconf 83' lang='lat' dir='ltr'><strong>multiﬁda</strong></span> <span class='ocrx_word' id='word_1_529' title='bbox 2378 3934 2587 4004; x_wconf 74' lang='lat' dir='ltr'><strong>Magnte</strong></span> <span class='ocrx_word' id='word_1_530' title='bbox 2630 3936 2880 3992; x_wconf 72' lang='lat' dir='ltr'><strong>ecclesia:</strong></span> <span class='ocrx_word' id='word_1_531' title='bbox 2903 3937 3231 3992; x_wconf 87' lang='lat' dir='ltr'><strong>candelabra</strong></span> <span class='ocrx_word' id='word_1_532' title='bbox 3259 3936 3424 4009; x_wconf 63' lang='lat'><strong>255</strong></span> <span class='ocrx_word' id='word_1_533' title='bbox 3444 3939 3667 4008; x_wconf 69' lang='lat' dir='ltr'><strong>aliaque</strong></span> 
     </span>
    </p>
   </div>
   <div class='ocr_carea' id='block_1_83' title="bbox 2085 4024 3654 4098">
    <p class='ocr_par' dir='ltr' id='par_1_83' title="bbox 2085 4024 3654 4098">
     <span class='ocr_line' id='line_1_83' title="bbox 2085 4024 3654 4098; baseline 0.003 -20"><span class='ocrx_word' id='word_1_534' title='bbox 2085 4024 2354 4091; x_wconf 88' lang='lat' dir='ltr'><strong>ejusmodi</strong></span> <span class='ocrx_word' id='word_1_535' title='bbox 2385 4027 2527 4081; x_wconf 88' lang='lat' dir='ltr'><strong>sacri</strong></span> <span class='ocrx_word' id='word_1_536' title='bbox 2561 4026 2854 4083; x_wconf 90' lang='lat' dir='ltr'><strong>ministerii</strong></span> <span class='ocrx_word' id='word_1_537' title='bbox 2879 4043 3005 4083; x_wconf 88' lang='lat' dir='ltr'><strong>vasa</strong></span> <span class='ocrx_word' id='word_1_538' title='bbox 3032 4028 3338 4098; x_wconf 89' lang='lat' dir='ltr'><strong>usurpavit.</strong></span> <span class='ocrx_word' id='word_1_539' title='bbox 3365 4030 3654 4098; x_wconf 85' lang='lat' dir='ltr'><strong>Propriqu</strong></span> 
     </span>
    </p>
   </div>
   <div class='ocr_carea' id='block_1_84' title="bbox 2089 4118 3658 4190">
    <p class='ocr_par' dir='ltr' id='par_1_84' title="bbox 2089 4118 3658 4190">
     <span class='ocr_line' id='line_1_84' title="bbox 2089 4118 3658 4190; baseline 0.003 -19"><span class='ocrx_word' id='word_1_540' title='bbox 2089 4127 2269 4173; x_wconf 91' lang='lat' dir='ltr'><strong>autem</strong></span> <span class='ocrx_word' id='word_1_541' title='bbox 2311 4119 2482 4176; x_wconf 82' lang='lat' dir='ltr'><strong>[ilium</strong></span> <span class='ocrx_word' id='word_1_542' title='bbox 2511 4118 2689 4189; x_wconf 77' lang='lat' dir='ltr'><strong>Sergii</strong></span> <span class='ocrx_word' id='word_1_543' title='bbox 2716 4120 3045 4190; x_wconf 66' lang='lat' dir='ltr'><strong>patriarcha:</strong></span> <span class='ocrx_word' id='word_1_544' title='bbox 3079 4120 3313 4190; x_wconf 88' lang='lat' dir='ltr'><strong>Cpoleos</strong></span> <span class='ocrx_word' id='word_1_545' title='bbox 3343 4119 3658 4189; x_wconf 81' lang='lat' dir='ltr'><strong>Bonosique</strong></span> 
     </span>
    </p>
   </div>
   <div class='ocr_carea' id='block_1_85' title="bbox 2089 4208 3687 4286">
    <p class='ocr_par' dir='ltr' id='par_1_85' title="bbox 2089 4208 3687 4286">
     <span class='ocr_line' id='line_1_85' title="bbox 2089 4208 3687 4286; baseline 0.004 -27"><span class='ocrx_word' id='word_1_546' title='bbox 2089 4208 2331 4277; x_wconf 83' lang='lat' dir='ltr'><strong>patricii,</strong></span> <span class='ocrx_word' id='word_1_547' title='bbox 2374 4210 2473 4263; x_wconf 86' lang='lat' dir='ltr'><strong>viri</strong></span> <span class='ocrx_word' id='word_1_548' title='bbox 2503 4212 2819 4279; x_wconf 71' lang='lat' dir='ltr'><strong>praestantis</strong></span> <span class='ocrx_word' id='word_1_549' title='bbox 2842 4211 3044 4281; x_wconf 75' lang='lat' dir='ltr'><strong>ingenii</strong></span> <span class='ocrx_word' id='word_1_550' title='bbox 3083 4226 3399 4281; x_wconf 72' lang='lat' dir='ltr'><strong>magnaeque</strong></span> <span class='ocrx_word' id='word_1_551' title='bbox 3422 4210 3687 4286; x_wconf 58' lang='lat' dir='ltr'><strong>pruden-~</strong></span> 
     </span>
    </p>
   </div>
   <div class='ocr_carea' id='block_1_86' title="bbox 2090 4299 3665 4372">
    <p class='ocr_par' dir='ltr' id='par_1_86' title="bbox 2090 4299 3665 4372">
     <span class='ocr_line' id='line_1_86' title="bbox 2090 4299 3665 4372; baseline 0.002 -20"><span class='ocrx_word' id='word_1_552' title='bbox 2090 4299 2176 4353; x_wconf 67' lang='lat' dir='ltr'><strong>tiae</strong></span> <span class='ocrx_word' id='word_1_553' title='bbox 2201 4308 2255 4353; x_wconf 91' lang='lat' dir='ltr'><strong>ct</strong></span> <span class='ocrx_word' id='word_1_554' title='bbox 2281 4300 2631 4368; x_wconf 77' lang='lat' dir='ltr'><strong>experientia:</strong></span> <span class='ocrx_word' id='word_1_555' title='bbox 2660 4302 2997 4372; x_wconf 87' lang='lat' dir='ltr'><strong>multiplicis,</strong></span> <span class='ocrx_word' id='word_1_556' title='bbox 3026 4303 3261 4357; x_wconf 88' lang='lat' dir='ltr'><strong>consilio</strong></span> <span class='ocrx_word' id='word_1_557' title='bbox 3287 4316 3399 4355; x_wconf 90' lang='lat' dir='ltr'><strong>rem</strong></span> <span class='ocrx_word' id='word_1_558' title='bbox 3424 4316 3665 4355; x_wconf 85' lang='lat' dir='ltr'><strong>commu-</strong></span> 
     </span>
    </p>
   </div>
   <div class='ocr_carea' id='block_1_87' title="bbox 2089 4390 3656 4461">
    <p class='ocr_par' dir='ltr' id='par_1_87' title="bbox 2089 4390 3656 4461">
     <span class='ocr_line' id='line_1_87' title="bbox 2089 4390 3656 4461; baseline 0.001 -17"><span class='ocrx_word' id='word_1_559' title='bbox 2089 4406 2212 4445; x_wconf 92' lang='lat' dir='ltr'><strong>nem</strong></span> <span class='ocrx_word' id='word_1_560' title='bbox 2252 4391 2767 4446; x_wconf 85' lang='lat' dir='ltr'><strong>administraturum</strong></span> <span class='ocrx_word' id='word_1_561' title='bbox 2803 4393 2856 4446; x_wconf 90' lang='lat' dir='ltr'><strong>in</strong></span> <span class='ocrx_word' id='word_1_562' title='bbox 2883 4393 3018 4447; x_wconf 90' lang='lat' dir='ltr'><strong>urbe</strong></span> <span class='ocrx_word' id='word_1_563' title='bbox 3046 4392 3288 4461; x_wconf 88' lang='lat' dir='ltr'><strong>reliquit.</strong></span> <span class='ocrx_word' id='word_1_564' title='bbox 3324 4390 3405 4445; x_wconf 87' lang='lat' dir='ltr'><strong>Ad</strong></span> <span class='ocrx_word' id='word_1_565' title='bbox 3436 4391 3656 4460; x_wconf 70' lang='lat' dir='ltr'><strong>tilmga~</strong></span> 
     </span>
    </p>
   </div>
   <div class='ocr_carea' id='block_1_88' title="bbox 425 4483 2180 4555">
    <p class='ocr_par' dir='ltr' id='par_1_88' title="bbox 425 4483 2180 4555">
     <span class='ocr_line' id='line_1_88' title="bbox 425 4483 2180 4555; baseline -0.001 -18"><span class='ocrx_word' id='word_1_566' title='bbox 425 4484 711 4551; x_wconf 86' lang='grc' dir='ltr'>Ῥωμαίων</span> <span class='ocrx_word' id='word_1_567' title='bbox 747 4485 1073 4553; x_wconf 79' lang='grc' dir='ltr'>πράγματα,</span> <span class='ocrx_word' id='word_1_568' title='bbox 1097 4485 1172 4546; x_wconf 82' lang='grc' dir='ltr'>ὡς</span> <span class='ocrx_word' id='word_1_569' title='bbox 1220 4483 1402 4552; x_wconf 78' lang='grc' dir='ltr'>φιλίαν</span> <span class='ocrx_word' id='word_1_570' title='bbox 1436 4486 1803 4553; x_wconf 86' lang='grc' dir='ltr'>σπεισάμενος</span> <span class='ocrx_word' id='word_1_571' title='bbox 1841 4485 1979 4555; x_wconf 81' lang='grc' dir='ltr'>πρὸς</span> <span class='ocrx_word' id='word_1_572' title='bbox 2077 4498 2180 4535; x_wconf 86' lang='lat' dir='ltr'><strong>nun</strong></span> 
     </span>
    </p>
   </div>
   <div class='ocr_carea' id='block_1_89' title="bbox 1895 4483 3650 4555">
    <p class='ocr_par' dir='ltr' id='par_1_89' title="bbox 1895 4484 3650 4554">
     <span class='ocr_line' id='line_1_89' title="bbox 1895 4484 3650 4554; baseline 0.001 -17"><span class='ocrx_word' id='word_1_573' title='bbox 1895 4485 1979 4554; x_wconf 73' lang='grc' dir='ltr'><strong>οὺς</strong></span> <span class='ocrx_word' id='word_1_574' title='bbox 2077 4497 2207 4537; x_wconf 90' lang='lat' dir='ltr'><strong>num</strong></span> <span class='ocrx_word' id='word_1_575' title='bbox 2248 4497 2466 4552; x_wconf 88' lang='lat' dir='ltr'><strong>quoque</strong></span> <span class='ocrx_word' id='word_1_576' title='bbox 2501 4484 2741 4537; x_wconf 84' lang='lat' dir='ltr'><strong>Abarum</strong></span> <span class='ocrx_word' id='word_1_577' title='bbox 2771 4484 3097 4554; x_wconf 87' lang='lat' dir='ltr'><strong>principem,</strong></span> <span class='ocrx_word' id='word_1_578' title='bbox 3124 4485 3213 4539; x_wconf 91' lang='lat' dir='ltr'><strong>cui</strong></span> <span class='ocrx_word' id='word_1_579' title='bbox 3274 4485 3650 4554; x_wconf 87' lang='lat' dir='ltr'><strong>procuratoris</strong></span> 
     </span>
    </p>
   </div>
   <div class='ocr_carea' id='block_1_90' title="bbox 409 4573 1976 4638">
    <p class='ocr_par' dir='ltr' id='par_1_90' title="bbox 409 4573 1976 4638">
     <span class='ocr_line' id='line_1_90' title="bbox 409 4573 1976 4638; baseline -0.001 -10"><span class='ocrx_word' id='word_1_580' title='bbox 409 4575 594 4638; x_wconf 72' lang='grc' dir='ltr'>αὐτὸν,</span> <span class='ocrx_word' id='word_1_581' title='bbox 629 4577 720 4629; x_wconf 71' lang='grc' dir='ltr'>καὶ</span> <span class='ocrx_word' id='word_1_582' title='bbox 747 4575 1043 4628; x_wconf 70' lang='grc' dir='ltr'>ἐπίτροπον</span> <span class='ocrx_word' id='word_1_583' title='bbox 1071 4574 1165 4628; x_wconf 72' lang='grc' dir='ltr'><strong>τοῦ</strong></span> <span class='ocrx_word' id='word_1_584' title='bbox 1206 4573 1402 4628; x_wconf 77' lang='grc' dir='ltr'>ἑαυτοῦ</span> <span class='ocrx_word' id='word_1_585' title='bbox 1447 4573 1567 4628; x_wconf 80' lang='grc' dir='ltr'>υἱοῦ</span> <span class='ocrx_word' id='word_1_586' title='bbox 1614 4574 1976 4627; x_wconf 64' lang='grc' dir='ltr'>τοῦτονιὼνό-</span> 
     </span>
    </p>
   </div>
   <div class='ocr_carea' id='block_1_91' title="bbox 2076 4572 3656 4644">
    <p class='ocr_par' dir='ltr' id='par_1_91' title="bbox 2076 4572 3656 4644">
     <span class='ocr_line' id='line_1_91' title="bbox 2076 4572 3656 4644; baseline 0.002 -20"><span class='ocrx_word' id='word_1_587' title='bbox 2076 4572 2127 4625; x_wconf 88' lang='lat' dir='ltr'><strong>in</strong></span> <span class='ocrx_word' id='word_1_588' title='bbox 2159 4572 2329 4626; x_wconf 83' lang='lat' dir='ltr'><strong>lilium</strong></span> <span class='ocrx_word' id='word_1_589' title='bbox 2367 4587 2567 4627; x_wconf 84' lang='lat' dir='ltr'><strong>nomen</strong></span> <span class='ocrx_word' id='word_1_590' title='bbox 2602 4582 2659 4628; x_wconf 90' lang='lat' dir='ltr'><strong>et</strong></span> <span class='ocrx_word' id='word_1_591' title='bbox 2681 4573 3005 4644; x_wconf 79' lang='lat' dir='ltr'><strong>dignitatem</strong></span> <span class='ocrx_word' id='word_1_592' title='bbox 3055 4572 3275 4639; x_wconf 87' lang='lat' dir='ltr'><strong>indidit,</strong></span> <span class='ocrx_word' id='word_1_593' title='bbox 3307 4573 3511 4644; x_wconf 85' lang='lat' dir='ltr'><strong>quique</strong></span> <span class='ocrx_word' id='word_1_594' title='bbox 3561 4587 3656 4629; x_wconf 88' lang='lat' dir='ltr'><strong>se-</strong></span> 
     </span>
    </p>
   </div>
   <div class='ocr_carea' id='block_1_92' title="bbox 1715 4682 3261 4741">
    <p class='ocr_par' dir='ltr' id='par_1_92' title="bbox 1715 4682 3261 4741">
     <span class='ocr_line' id='line_1_92' title="bbox 1715 4682 3261 4741; baseline -0.005 0"><span class='ocrx_word' id='word_1_595' title='bbox 1715 4685 1947 4741; x_wconf 63' lang='lat' dir='ltr'><strong>VARIIE</strong></span> <span class='ocrx_word' id='word_1_596' title='bbox 1990 4682 2400 4739; x_wconf 74' lang='lat' dir='ltr'><strong>LECTIONES.</strong></span> <span class='ocrx_word' id='word_1_597' title='bbox 3220 4684 3261 4705; x_wconf 43' lang='grc' dir='ltr'><strong>Ὗ</strong></span> 
     </span>
    </p>
   </div>
   <div class='ocr_carea' id='block_1_93' title="bbox 481 4803 1502 4875">
    <p class='ocr_par' dir='ltr' id='par_1_93' title="bbox 481 4803 1502 4875">
     <span class='ocr_line' id='line_1_93' title="bbox 481 4803 1502 4875; baseline -0.002 -16"><span class='ocrx_word' id='word_1_598' title='bbox 481 4805 527 4837; x_wconf 77' lang='grc'><strong>⁸⁸</strong></span> <span class='ocrx_word' id='word_1_599' title='bbox 557 4803 855 4874; x_wconf 76' lang='lat' dir='ltr'><strong>chebatur</strong></span> <span class='ocrx_word' id='word_1_600' title='bbox 890 4805 935 4859; x_wconf 81' lang='grc' dir='ltr'><strong>ἐ.</strong></span> <span class='ocrx_word' id='word_1_601' title='bbox 968 4821 1021 4859; x_wconf 86' lang='grc' dir='ltr'><strong>τ.</strong></span> <span class='ocrx_word' id='word_1_602' title='bbox 1062 4804 1502 4875; x_wconf 86' lang='grc' dir='ltr'>ἀπροσδοκήτως.</span> 
     </span>
    </p>
   </div>
   <div class='ocr_carea' id='block_1_94' title="bbox 1579 4798 2254 4871">
    <p class='ocr_par' dir='ltr' id='par_1_94' title="bbox 1579 4798 2254 4871">
     <span class='ocr_line' id='line_1_94' title="bbox 1579 4798 2254 4871; baseline -0.001 -16"><span class='ocrx_word' id='word_1_603' title='bbox 1579 4803 1647 4834; x_wconf 83' lang='grc'><strong>²⁶⁹</strong></span> <span class='ocrx_word' id='word_1_604' title='bbox 1690 4801 2068 4871; x_wconf 78' lang='grc' dir='ltr'>ἀπατηθέντας</span> <span class='ocrx_word' id='word_1_605' title='bbox 2113 4798 2254 4869; x_wconf 83' lang='lat' dir='ltr'><strong>vulg.</strong></span> 
     </span>
    </p>
   </div>
   <div class='ocr_carea' id='block_1_95' title="bbox 2357 4798 2775 4868">
    <p class='ocr_par' dir='ltr' id='par_1_95' title="bbox 2357 4798 2775 4868">
     <span class='ocr_line' id='line_1_95' title="bbox 2357 4798 2775 4868; baseline 0.005 -17"><span class='ocrx_word' id='word_1_606' title='bbox 2357 4799 2402 4829; x_wconf 73' lang='grc' dir='ltr'>’τ</span> <span class='ocrx_word' id='word_1_607' title='bbox 2447 4798 2692 4868; x_wconf 66' lang='grc' dir='ltr'>Ἀράϐων</span> <span class='ocrx_word' id='word_1_608' title='bbox 2712 4814 2775 4853; x_wconf 60' lang='lat' dir='ltr'><strong>,e.</strong></span> 
     </span>
    </p>
   </div>
   <div class='ocr_carea' id='block_1_96' title="bbox 1691 4940 2344 4997">
    <p class='ocr_par' dir='ltr' id='par_1_96' title="bbox 1691 4940 2344 4997">
     <span class='ocr_line' id='line_1_96' title="bbox 1691 4940 2344 4997; baseline -0.002 -1"><span class='ocrx_word' id='word_1_609' title='bbox 1691 4940 1832 4996; x_wconf 75' lang='lat' dir='ltr'><strong>JAC.</strong></span> <span class='ocrx_word' id='word_1_610' title='bbox 1856 4940 2069 4997; x_wconf 80' lang='lat' dir='ltr'><strong>GOARI</strong></span> <span class='ocrx_word' id='word_1_611' title='bbox 2108 4940 2344 4996; x_wconf 67' lang='lat' dir='ltr'><strong>NOTAE.</strong></span> 
     </span>
    </p>
   </div>
   <div class='ocr_carea' id='block_1_97' title="bbox 482 5035 3643 5129">
    <p class='ocr_par' dir='ltr' id='par_1_97' title="bbox 482 5035 3643 5129">
     <span class='ocr_line' id='line_1_97' title="bbox 482 5035 3643 5129; baseline -0.003 -14"><span class='ocrx_word' id='word_1_612' title='bbox 482 5063 592 5129; x_wconf 72' lang='grc'><strong>(45)</strong></span> <span class='ocrx_word' id='word_1_613' title='bbox 619 5060 814 5115; x_wconf 85' lang='lat' dir='ltr'><strong>Pacem</strong></span> <span class='ocrx_word' id='word_1_614' title='bbox 852 5076 973 5114; x_wconf 85' lang='lat' dir='ltr'><strong>eum</strong></span> <span class='ocrx_word' id='word_1_615' title='bbox 1021 5035 1293 5115; x_wconf 84' lang='lat' dir='ltr'><strong>Aharibus</strong></span> <span class='ocrx_word' id='word_1_616' title='bbox 1341 5059 1530 5113; x_wconf 87' lang='lat' dir='ltr'><strong>initam</strong></span> <span class='ocrx_word' id='word_1_617' title='bbox 1578 5069 1846 5113; x_wconf 90' lang='lat' dir='ltr'><strong>memorat</strong></span> <span class='ocrx_word' id='word_1_618' title='bbox 1878 5058 1975 5113; x_wconf 84' lang='lat' dir='ltr'><strong>Ni-</strong></span> <span class='ocrx_word' id='word_1_619' title='bbox 2008 5062 2050 5118; x_wconf 91' lang='lat' dir='ltr'><strong>D</strong></span> <span class='ocrx_word' id='word_1_620' title='bbox 2078 5058 2146 5112; x_wconf 87' lang='lat' dir='ltr'><strong>ad</strong></span> <span class='ocrx_word' id='word_1_621' title='bbox 2173 5058 2406 5114; x_wconf 89' lang='lat' dir='ltr'><strong>Heraclii</strong></span> <span class='ocrx_word' id='word_1_622' title='bbox 2432 5058 2497 5112; x_wconf 64' lang='lat' dir='ltr'><strong>li</strong></span> <span class='ocrx_word' id='word_1_623' title='bbox 2526 5066 2580 5111; x_wconf 92' lang='lat' dir='ltr'><strong>et</strong></span> <span class='ocrx_word' id='word_1_624' title='bbox 2609 5053 2963 5129; x_wconf 68' lang='lat' dir='ltr'><strong>indictionent</strong></span> <span class='ocrx_word' id='word_1_625' title='bbox 2991 5052 3057 5107; x_wconf 70' lang='lat' dir='ltr'><strong>l2</strong></span> <span class='ocrx_word' id='word_1_626' title='bbox 3079 5058 3401 5129; x_wconf 58' lang='lat' dir='ltr'><strong>occurrunt.</strong></span> <span class='ocrx_word' id='word_1_627' title='bbox 3434 5049 3643 5129; x_wconf 54' lang='lat' dir='ltr'><strong>Legen-</strong></span> 
     </span>
    </p>
   </div>
   <div class='ocr_carea' id='block_1_98' title="bbox 412 5130 1977 5201">
    <p class='ocr_par' dir='ltr' id='par_1_98' title="bbox 412 5130 1977 5201">
     <span class='ocr_line' id='line_1_98' title="bbox 412 5130 1977 5201; baseline -0.003 -13"><span class='ocrx_word' id='word_1_628' title='bbox 412 5135 682 5201; x_wconf 82' lang='lat' dir='ltr'><strong>cephums</strong></span> <span class='ocrx_word' id='word_1_629' title='bbox 718 5132 782 5184; x_wconf 90' lang='lat' dir='ltr'><strong>ad</strong></span> <span class='ocrx_word' id='word_1_630' title='bbox 818 5147 1020 5185; x_wconf 90' lang='lat' dir='ltr'><strong>annum</strong></span> <span class='ocrx_word' id='word_1_631' title='bbox 1037 5131 1164 5186; x_wconf 65' lang='lat' dir='ltr'><strong>(iiii.</strong></span> <span class='ocrx_word' id='word_1_632' title='bbox 1190 5130 1471 5201; x_wconf 65' lang='lat' dir='ltr'><strong>Appendix;</strong></span> <span class='ocrx_word' id='word_1_633' title='bbox 1507 5130 1768 5201; x_wconf 81' lang='lat' dir='ltr'><strong>ad_Marii</strong></span> <span class='ocrx_word' id='word_1_634' title='bbox 1801 5132 1977 5183; x_wconf 83' lang='lat' dir='ltr'><strong>Chro-</strong></span> 
     </span>
    </p>
   </div>
   <div class='ocr_carea' id='block_1_99' title="bbox 414 5199 1987 5258">
    <p class='ocr_par' dir='ltr' id='par_1_99' title="bbox 414 5199 1987 5258">
     <span class='ocr_line' id='line_1_99' title="bbox 414 5199 1987 5258; baseline -0.002 0"><span class='ocrx_word' id='word_1_635' title='bbox 414 5199 573 5258; x_wconf 81' lang='lat' dir='ltr'><strong>nicou</strong></span> <span class='ocrx_word' id='word_1_636' title='bbox 610 5203 859 5255; x_wconf 70' lang='lat' dir='ltr'><strong>llistorire</strong></span> <span class='ocrx_word' id='word_1_637' title='bbox 900 5201 1233 5255; x_wconf 87' lang='lat' dir='ltr'><strong>Francorum</strong></span> <span class='ocrx_word' id='word_1_638' title='bbox 1271 5199 1415 5254; x_wconf 88' lang='lat' dir='ltr'><strong>tomo</strong></span> <span class='ocrx_word' id='word_1_639' title='bbox 1449 5200 1465 5253; x_wconf 94' lang='lat' dir='ltr'><strong>l</strong></span> <span class='ocrx_word' id='word_1_640' title='bbox 1497 5217 1508 5251; x_wconf 88' lang='lat'><strong>:</strong></span> <span class='ocrx_word' id='word_1_641' title='bbox 1553 5199 1733 5253; x_wconf 82' lang='lat' dir='ltr'><strong>Hunni</strong></span> <span class='ocrx_word' id='word_1_642' title='bbox 1774 5216 1987 5255; x_wconf 89' lang='lat' dir='ltr'><strong>murum</strong></span> 
     </span>
    </p>
   </div>
   <div class='ocr_carea' id='block_1_100' title="bbox 414 5268 1987 5341">
    <p class='ocr_par' dir='ltr' id='par_1_100' title="bbox 414 5268 1987 5341">
     <span class='ocr_line' id='line_1_100' title="bbox 414 5268 1987 5341; baseline -0.003 -14"><span class='ocrx_word' id='word_1_643' title='bbox 414 5277 621 5341; x_wconf 83' lang='lat' dir='ltr'><strong>longum</strong></span> <span class='ocrx_word' id='word_1_644' title='bbox 641 5275 1142 5338; x_wconf 79' lang='lat' dir='ltr'><strong>interrumpentes,et</strong></span> <span class='ocrx_word' id='word_1_645' title='bbox 1160 5270 1227 5324; x_wconf 87' lang='lat' dir='ltr'><strong>ad</strong></span> <span class='ocrx_word' id='word_1_646' title='bbox 1246 5272 1430 5326; x_wconf 76' lang='lat' dir='ltr'><strong>moenia</strong></span> <span class='ocrx_word' id='word_1_647' title='bbox 1447 5268 1488 5324; x_wconf 71' lang='grc' dir='ltr'><strong>(Ι</strong></span> <span class='ocrx_word' id='word_1_648' title='bbox 1497 5268 1557 5323; x_wconf 87' lang='grc' dir='ltr'>Ρ.</span> <span class='ocrx_word' id='word_1_649' title='bbox 1575 5269 1987 5337; x_wconf 83' lang='lat' dir='ltr'><strong>peraccedentes,</strong></span> 
     </span>
    </p>
   </div>
   <div class='ocr_carea' id='block_1_101' title="bbox 421 5341 1992 5409">
    <p class='ocr_par' dir='ltr' id='par_1_101' title="bbox 421 5341 1992 5409">
     <span class='ocr_line' id='line_1_101' title="bbox 421 5341 1992 5409; baseline -0.003 -12"><span class='ocrx_word' id='word_1_650' title='bbox 421 5362 535 5397; x_wconf 82' lang='lat' dir='ltr'><strong>cum</strong></span> <span class='ocrx_word' id='word_1_651' title='bbox 559 5343 811 5409; x_wconf 66' lang='lat' dir='ltr'><strong>pra&#39;dicto</strong></span> <span class='ocrx_word' id='word_1_652' title='bbox 832 5344 954 5408; x_wconf 87' lang='lat' dir='ltr'><strong>imp.</strong></span> <span class='ocrx_word' id='word_1_653' title='bbox 984 5352 1167 5395; x_wconf 87' lang='lat' dir='ltr'><strong>mutuo</strong></span> <span class='ocrx_word' id='word_1_654' title='bbox 1208 5342 1263 5393; x_wconf 85' lang='lat' dir='ltr'><strong>in</strong></span> <span class='ocrx_word' id='word_1_655' title='bbox 1295 5358 1445 5393; x_wconf 87' lang='lat' dir='ltr'><strong>muro</strong></span> <span class='ocrx_word' id='word_1_656' title='bbox 1466 5350 1638 5393; x_wconf 78' lang='lat' dir='ltr'><strong>stante</strong></span> <span class='ocrx_word' id='word_1_657' title='bbox 1660 5341 1992 5407; x_wconf 78' lang='lat' dir='ltr'><strong>conloquun-</strong></span> 
     </span>
    </p>
   </div>
   <div class='ocr_carea' id='block_1_102' title="bbox 416 5411 1984 5480">
    <p class='ocr_par' dir='ltr' id='par_1_102' title="bbox 416 5411 1984 5480">
     <span class='ocr_line' id='line_1_102' title="bbox 416 5411 1984 5480; baseline -0.002 -14"><span class='ocrx_word' id='word_1_658' title='bbox 416 5426 520 5476; x_wconf 85' lang='lat' dir='ltr'><strong>tur;</strong></span> <span class='ocrx_word' id='word_1_659' title='bbox 543 5415 629 5480; x_wconf 87' lang='lat' dir='ltr'><strong>qui</strong></span> <span class='ocrx_word' id='word_1_660' title='bbox 654 5423 921 5479; x_wconf 84' lang='lat' dir='ltr'><strong>acceptum</strong></span> <span class='ocrx_word' id='word_1_661' title='bbox 946 5411 1009 5463; x_wconf 87' lang='lat' dir='ltr'><strong>ab</strong></span> <span class='ocrx_word' id='word_1_662' title='bbox 1027 5428 1084 5465; x_wconf 84' lang='lat' dir='ltr'><strong>eo</strong></span> <span class='ocrx_word' id='word_1_663' title='bbox 1105 5412 1247 5479; x_wconf 73' lang='lat' dir='ltr'><strong>pacis</strong></span> <span class='ocrx_word' id='word_1_664' title='bbox 1265 5415 1512 5477; x_wconf 84' lang='lat' dir='ltr'><strong>pretium,</strong></span> <span class='ocrx_word' id='word_1_665' title='bbox 1534 5412 1601 5463; x_wconf 85' lang='lat' dir='ltr'><strong>ad</strong></span> <span class='ocrx_word' id='word_1_666' title='bbox 1622 5425 1820 5476; x_wconf 78' lang='lat' dir='ltr'><strong>tempus</strong></span> <span class='ocrx_word' id='word_1_667' title='bbox 1842 5426 1984 5464; x_wconf 81' lang='lat' dir='ltr'><strong>rece-</strong></span> 
     </span>
    </p>
   </div>
   <div class='ocr_carea' id='block_1_103' title="bbox 414 5481 1981 5551">
    <p class='ocr_par' dir='ltr' id='par_1_103' title="bbox 414 5481 1981 5551">
     <span class='ocr_line' id='line_1_103' title="bbox 414 5481 1981 5551; baseline -0.002 -15"><span class='ocrx_word' id='word_1_668' title='bbox 414 5486 563 5536; x_wconf 84' lang='lat' dir='ltr'><strong>dunt.</strong></span> <span class='ocrx_word' id='word_1_669' title='bbox 608 5516 668 5528; x_wconf 84' lang='lat'><strong><em>—</em></strong></span> <span class='ocrx_word' id='word_1_670' title='bbox 710 5481 821 5535; x_wconf 84' lang='lat' dir='ltr'><strong>Hoc</strong></span> <span class='ocrx_word' id='word_1_671' title='bbox 854 5498 917 5536; x_wconf 80' lang='lat' dir='ltr'><strong>ex</strong></span> <span class='ocrx_word' id='word_1_672' title='bbox 956 5482 1149 5535; x_wconf 82' lang='lat' dir='ltr'><strong>Anast.</strong></span> <span class='ocrx_word' id='word_1_673' title='bbox 1194 5483 1422 5551; x_wconf 88' lang='lat' dir='ltr'><strong>ipsoque</strong></span> <span class='ocrx_word' id='word_1_674' title='bbox 1475 5492 1697 5551; x_wconf 81' lang='lat' dir='ltr'><strong>auctore</strong></span> <span class='ocrx_word' id='word_1_675' title='bbox 1758 5496 1811 5549; x_wconf 92' lang='lat' dir='ltr'><strong>p.</strong></span> <span class='ocrx_word' id='word_1_676' title='bbox 1864 5497 1981 5551; x_wconf 81' lang='lat' dir='ltr'><strong>seq.</strong></span> 
     </span>
    </p>
   </div>
   <div class='ocr_carea' id='block_1_104' title="bbox 415 5550 1981 5620">
    <p class='ocr_par' dir='ltr' id='par_1_104' title="bbox 415 5550 1981 5620">
     <span class='ocr_line' id='line_1_104' title="bbox 415 5550 1981 5620; baseline -0.002 -13"><span class='ocrx_word' id='word_1_677' title='bbox 415 5554 656 5616; x_wconf 76' lang='lat' dir='ltr'><strong>ementl.,</strong></span> <span class='ocrx_word' id='word_1_678' title='bbox 716 5552 854 5617; x_wconf 78' lang='grc' dir='ltr'>πρὸς</span> <span class='ocrx_word' id='word_1_679' title='bbox 904 5553 994 5604; x_wconf 78' lang='grc' dir='ltr'>τὸν</span> <span class='ocrx_word' id='word_1_680' title='bbox 1026 5550 1276 5617; x_wconf 81' lang='grc' dir='ltr'>Χαγάνον</span> <span class='ocrx_word' id='word_1_681' title='bbox 1314 5551 1426 5603; x_wconf 85' lang='grc' dir='ltr'>τῶν</span> <span class='ocrx_word' id='word_1_682' title='bbox 1468 5550 1737 5620; x_wconf 80' lang='grc' dir='ltr'>Ἀϐάρων,</span> <span class='ocrx_word' id='word_1_683' title='bbox 1800 5550 1981 5605; x_wconf 79' lang='lat' dir='ltr'><strong>missis</strong></span> 
     </span>
    </p>
   </div>
   <div class='ocr_carea' id='block_1_105' title="bbox 417 5621 1982 5691">
    <p class='ocr_par' dir='ltr' id='par_1_105' title="bbox 417 5621 1982 5691">
     <span class='ocr_line' id='line_1_105' title="bbox 417 5621 1982 5691; baseline -0.001 -15"><span class='ocrx_word' id='word_1_684' title='bbox 417 5626 603 5676; x_wconf 76' lang='lat' dir='ltr'><strong>iterum</strong></span> <span class='ocrx_word' id='word_1_685' title='bbox 631 5623 699 5675; x_wconf 90' lang='lat' dir='ltr'><strong>ad</strong></span> <span class='ocrx_word' id='word_1_686' title='bbox 728 5622 1039 5691; x_wconf 84' lang='lat' dir='ltr'><strong>Cltaganum</strong></span> <span class='ocrx_word' id='word_1_687' title='bbox 1077 5624 1309 5676; x_wconf 73' lang='lat' dir='ltr'><strong>Avarum</strong></span> <span class='ocrx_word' id='word_1_688' title='bbox 1338 5622 1550 5691; x_wconf 79' lang='lat' dir='ltr'><strong>legatis,</strong></span> <span class='ocrx_word' id='word_1_689' title='bbox 1576 5621 1826 5674; x_wconf 78' lang='grc' dir='ltr'>ἐνεκάλει</span> <span class='ocrx_word' id='word_1_690' title='bbox 1852 5622 1982 5691; x_wconf 76' lang='grc' dir='ltr'>περὶ</span> 
     </span>
    </p>
   </div>
   <div class='ocr_carea' id='block_1_106' title="bbox 415 5693 975 5747">
    <p class='ocr_par' dir='ltr' id='par_1_106' title="bbox 415 5693 975 5747">
     <span class='ocr_line' id='line_1_106' title="bbox 415 5693 975 5747; baseline -0.004 0"><span class='ocrx_word' id='word_1_691' title='bbox 415 5694 520 5747; x_wconf 80' lang='grc' dir='ltr'>τῶν</span> <span class='ocrx_word' id='word_1_692' title='bbox 551 5695 659 5746; x_wconf 80' lang='grc' dir='ltr'>ὑπ’.</span> <span class='ocrx_word' id='word_1_693' title='bbox 685 5693 975 5747; x_wconf 75' lang='lat' dir='ltr'><strong>CUIBEFIS.</strong></span> 
     </span>
    </p>
   </div>
   <div class='ocr_carea' id='block_1_107' title="bbox 488 5760 1965 5832">
    <p class='ocr_par' dir='ltr' id='par_1_107' title="bbox 488 5760 1965 5832">
     <span class='ocr_line' id='line_1_107' title="bbox 488 5760 1965 5832; baseline -0.001 -18"><span class='ocrx_word' id='word_1_694' title='bbox 488 5764 599 5823; x_wconf 64' lang='grc' dir='ltr'>ιιι)</span> <span class='ocrx_word' id='word_1_695' title='bbox 640 5764 869 5816; x_wconf 72' lang='lat' dir='ltr'><strong>lleraclii</strong></span> <span class='ocrx_word' id='word_1_696' title='bbox 899 5775 1048 5832; x_wconf 80' lang='lat' dir='ltr'><strong>gesta</strong></span> <span class='ocrx_word' id='word_1_697' title='bbox 1087 5762 1428 5832; x_wconf 83' lang='lat' dir='ltr'><strong>Theophani,</strong></span> <span class='ocrx_word' id='word_1_698' title='bbox 1455 5771 1511 5815; x_wconf 83' lang='lat' dir='ltr'><strong>et</strong></span> <span class='ocrx_word' id='word_1_699' title='bbox 1540 5762 1810 5815; x_wconf 78' lang='lat' dir='ltr'><strong>Chronico</strong></span> <span class='ocrx_word' id='word_1_700' title='bbox 1841 5760 1965 5832; x_wconf 84' lang='lat' dir='ltr'><strong>Ale-</strong></span> 
     </span>
    </p>
   </div>
   <div class='ocr_carea' id='block_1_108' title="bbox 416 5830 1968 5900">
    <p class='ocr_par' dir='ltr' id='par_1_108' title="bbox 416 5830 1968 5900">
     <span class='ocr_line' id='line_1_108' title="bbox 416 5830 1968 5900; baseline -0.001 -13"><span class='ocrx_word' id='word_1_701' title='bbox 416 5837 607 5887; x_wconf 68' lang='lat' dir='ltr'><strong>xauulr.</strong></span> <span class='ocrx_word' id='word_1_702' title='bbox 644 5830 1013 5887; x_wconf 78' lang='lat' dir='ltr'><strong>concordibus</strong></span> <span class='ocrx_word' id='word_1_703' title='bbox 1059 5830 1281 5900; x_wconf 76' lang='lat' dir='ltr'><strong>scriptis</strong></span> <span class='ocrx_word' id='word_1_704' title='bbox 1312 5835 1500 5894; x_wconf 78' lang='lat' dir='ltr'><strong>relata,</strong></span> <span class='ocrx_word' id='word_1_705' title='bbox 1530 5833 1581 5885; x_wconf 88' lang='lat' dir='ltr'><strong>in</strong></span> <span class='ocrx_word' id='word_1_706' title='bbox 1623 5848 1798 5885; x_wconf 83' lang='lat' dir='ltr'><strong>annos</strong></span> <span class='ocrx_word' id='word_1_707' title='bbox 1828 5830 1968 5886; x_wconf 85' lang='lat' dir='ltr'><strong>duos</strong></span> 
     </span>
    </p>
   </div>
   <div class='ocr_carea' id='block_1_109' title="bbox 418 5902 1964 5972">
    <p class='ocr_par' dir='ltr' id='par_1_109' title="bbox 418 5902 1964 5972">
     <span class='ocr_line' id='line_1_109' title="bbox 418 5902 1964 5972; baseline -0.002 -16"><span class='ocrx_word' id='word_1_708' title='bbox 418 5903 742 5969; x_wconf 63' lang='lat' dir='ltr'><strong>:ostcriotcs</strong></span> <span class='ocrx_word' id='word_1_709' title='bbox 774 5906 837 5958; x_wconf 69' lang='grc' dir='ltr'>..ιι</span> <span class='ocrx_word' id='word_1_710' title='bbox 861 5906 961 5957; x_wconf 70' lang='lat' dir='ltr'><strong>isto</strong></span> <span class='ocrx_word' id='word_1_711' title='bbox 998 5902 1331 5970; x_wconf 70' lang='lat' dir='ltr'><strong>sepeliuntur</strong></span> <span class='ocrx_word' id='word_1_712' title='bbox 1357 5922 1365 5953; x_wconf 91' lang='lat'>:</span> <span class='ocrx_word' id='word_1_713' title='bbox 1395 5903 1647 5972; x_wconf 74' lang='lat' dir='ltr'><strong>quocirca</strong></span> <span class='ocrx_word' id='word_1_714' title='bbox 1681 5902 1964 5972; x_wconf 68' lang='lat' dir='ltr'><strong>pt‘a:$&lt;:ttti:t</strong></span> 
     </span>
    </p>
   </div>
   <div class='ocr_carea' id='block_1_110' title="bbox 2094 5121 3654 5198">
    <p class='ocr_par' dir='ltr' id='par_1_110' title="bbox 2094 5121 3654 5198">
     <span class='ocr_line' id='line_1_110' title="bbox 2094 5121 3654 5198; baseline -0.006 -15"><span class='ocrx_word' id='word_1_715' title='bbox 2094 5130 2178 5183; x_wconf 62' lang='lat' dir='ltr'><strong>dae</strong></span> <span class='ocrx_word' id='word_1_716' title='bbox 2208 5131 2291 5183; x_wconf 89' lang='lat' dir='ltr'><strong>hic</strong></span> <span class='ocrx_word' id='word_1_717' title='bbox 2320 5132 2589 5198; x_wconf 65' lang='lat' dir='ltr'><strong>praeclarae</strong></span> <span class='ocrx_word' id='word_1_718' title='bbox 2610 5125 3161 5198; x_wconf 72' lang='lat' dir='ltr'><strong>Petaviiconjectura:</strong></span> <span class='ocrx_word' id='word_1_719' title='bbox 3187 5123 3239 5176; x_wconf 90' lang='lat' dir='ltr'><strong>in</strong></span> <span class='ocrx_word' id='word_1_720' title='bbox 3266 5121 3654 5190; x_wconf 83' lang='lat' dir='ltr'><strong>Nicephorum,</strong></span> 
     </span>
    </p>
   </div>
   <div class='ocr_carea' id='block_1_111' title="bbox 2091 5195 2845 5264">
    <p class='ocr_par' dir='ltr' id='par_1_111' title="bbox 2091 5195 2845 5264">
     <span class='ocr_line' id='line_1_111' title="bbox 2091 5195 2845 5264; baseline -0.013 -9"><span class='ocrx_word' id='word_1_721' title='bbox 2091 5195 2348 5255; x_wconf 81' lang='lat' dir='ltr'><strong>editionis</strong></span> <span class='ocrx_word' id='word_1_722' title='bbox 2390 5198 2568 5262; x_wconf 70' lang='lat' dir='ltr'><strong>Regia:</strong></span> <span class='ocrx_word' id='word_1_723' title='bbox 2599 5212 2720 5264; x_wconf 79' lang='lat' dir='ltr'><strong>pag.</strong></span> <span class='ocrx_word' id='word_1_724' title='bbox 2758 5195 2845 5247; x_wconf 86' lang='grc'>67.</span> 
     </span>
    </p>
   </div>
   <div class='ocr_carea' id='block_1_112' title="bbox 2162 5261 3128 5337">
    <p class='ocr_par' dir='ltr' id='par_1_112' title="bbox 2162 5261 3128 5337">
     <span class='ocr_line' id='line_1_112' title="bbox 2162 5261 3128 5337; baseline -0.004 -14"><span class='ocrx_word' id='word_1_725' title='bbox 2162 5270 2272 5337; x_wconf 66' lang='grc'><strong>(65)</strong></span> <span class='ocrx_word' id='word_1_726' title='bbox 2300 5261 2637 5337; x_wconf 82' lang='lat' dir='ltr'><strong>Nicephurns</strong></span> <span class='ocrx_word' id='word_1_727' title='bbox 2667 5261 2732 5320; x_wconf 74' lang='lat' dir='ltr'><strong>ad</strong></span> <span class='ocrx_word' id='word_1_728' title='bbox 2767 5261 3128 5337; x_wconf 73' lang='lat' dir='ltr'><strong>annum_62l_.</strong></span> 
     </span>
    </p>
   </div>
   <div class='ocr_carea' id='block_1_113' title="bbox 2162 5330 3658 5408">
    <p class='ocr_par' dir='ltr' id='par_1_113' title="bbox 2162 5330 3658 5408">
     <span class='ocr_line' id='line_1_113' title="bbox 2162 5330 3658 5408; baseline -0.005 -16"><span class='ocrx_word' id='word_1_729' title='bbox 2162 5330 2274 5407; x_wconf 69' lang='grc'><strong>(46)</strong></span> <span class='ocrx_word' id='word_1_730' title='bbox 2310 5330 2582 5408; x_wconf 79' lang='grc' dir='ltr'>Κανδῆλα,</span> <span class='ocrx_word' id='word_1_731' title='bbox 2614 5340 2832 5408; x_wconf 75' lang='lat' dir='ltr'><strong>lucerna</strong></span> <span class='ocrx_word' id='word_1_732' title='bbox 2852 5343 2943 5408; x_wconf 80' lang='lat' dir='ltr'><strong>est</strong></span> <span class='ocrx_word' id='word_1_733' title='bbox 2981 5332 3278 5408; x_wconf 69' lang='lat' dir='ltr'><strong>lumini_ex_</strong></span> <span class='ocrx_word' id='word_1_734' title='bbox 3311 5330 3432 5408; x_wconf 84' lang='lat' dir='ltr'><strong>oleo</strong></span> <span class='ocrx_word' id='word_1_735' title='bbox 3460 5345 3658 5385; x_wconf 79' lang='lat' dir='ltr'><strong>accen-</strong></span> 
     </span>
    </p>
   </div>
   <div class='ocr_carea' id='block_1_114' title="bbox 2090 5402 3544 5472">
    <p class='ocr_par' dir='ltr' id='par_1_114' title="bbox 2090 5402 3544 5472">
     <span class='ocr_line' id='line_1_114' title="bbox 2090 5402 3544 5472; baseline -0.008 -9"><span class='ocrx_word' id='word_1_736' title='bbox 2090 5402 2265 5463; x_wconf 79' lang='lat' dir='ltr'><strong>den-lo</strong></span> <span class='ocrx_word' id='word_1_737' title='bbox 2297 5402 2513 5471; x_wconf 76' lang='lat' dir='ltr'><strong>idonea,</strong></span> <span class='ocrx_word' id='word_1_738' title='bbox 2543 5403 2941 5472; x_wconf 73' lang='grc' dir='ltr'>πολυκάνδηλον</span> <span class='ocrx_word' id='word_1_739' title='bbox 2966 5402 3155 5464; x_wconf 78' lang='grc' dir='ltr'>σκεῦος</span> <span class='ocrx_word' id='word_1_740' title='bbox 3189 5402 3315 5457; x_wconf 90' lang='lat' dir='ltr'><strong>inde</strong></span> <span class='ocrx_word' id='word_1_741' title='bbox 3346 5402 3544 5472; x_wconf 81' lang='lat' dir='ltr'><strong>oritur.</strong></span> 
     </span>
    </p>
   </div>
   <div class='ocr_carea' id='block_1_115' title="bbox 2160 5468 3655 5547">
    <p class='ocr_par' dir='ltr' id='par_1_115' title="bbox 2160 5468 3655 5547">
     <span class='ocr_line' id='line_1_115' title="bbox 2160 5468 3655 5547; baseline -0.009 -14"><span class='ocrx_word' id='word_1_742' title='bbox 2160 5478 2271 5547; x_wconf 61' lang='grc'><strong>(47)</strong></span> <span class='ocrx_word' id='word_1_743' title='bbox 2309 5468 2528 5541; x_wconf 78' lang='lat' dir='ltr'><strong>Suidas,</strong></span> <span class='ocrx_word' id='word_1_744' title='bbox 2562 5468 2907 5547; x_wconf 76' lang='grc' dir='ltr'>μιλιαρίσιον,</span> <span class='ocrx_word' id='word_1_745' title='bbox 2936 5472 2995 5547; x_wconf 66' lang='lat'><strong>10</strong></span> <span class='ocrx_word' id='word_1_746' title='bbox 3019 5472 3108 5524; x_wconf 76' lang='grc' dir='ltr'><strong>τοῦ</strong></span> <span class='ocrx_word' id='word_1_747' title='bbox 3134 5468 3655 5547; x_wconf 44' lang='grc' dir='ltr'>νομίσματος-δωδέ-</span> 
     </span>
    </p>
   </div>
   <div class='ocr_carea' id='block_1_116' title="bbox 2089 5540 3653 5611">
    <p class='ocr_par' dir='ltr' id='par_1_116' title="bbox 2089 5540 3653 5611">
     <span class='ocr_line' id='line_1_116' title="bbox 2089 5540 3653 5611; baseline -0.008 -9"><span class='ocrx_word' id='word_1_748' title='bbox 2089 5540 2282 5611; x_wconf 58' lang='grc' dir='ltr'>κατον,</span> <span class='ocrx_word' id='word_1_749' title='bbox 2335 5540 2645 5601; x_wconf 74' lang='lat' dir='ltr'><strong>duodecima</strong></span> <span class='ocrx_word' id='word_1_750' title='bbox 2680 5540 3018 5596; x_wconf 78' lang='lat' dir='ltr'><strong>numismatis</strong></span> <span class='ocrx_word' id='word_1_751' title='bbox 3062 5540 3211 5609; x_wconf 57' lang='lat' dir='ltr'><strong>pars;</strong></span> <span class='ocrx_word' id='word_1_752' title='bbox 3263 5544 3426 5597; x_wconf 82' lang='lat' dir='ltr'><strong>Plura</strong></span> <span class='ocrx_word' id='word_1_753' title='bbox 3469 5540 3653 5611; x_wconf 82' lang='lat' dir='ltr'><strong>Meur-</strong></span> 
     </span>
    </p>
   </div>
   <div class='ocr_carea' id='block_1_117' title="bbox 2087 5610 3649 5687">
    <p class='ocr_par' dir='ltr' id='par_1_117' title="bbox 2087 5610 3649 5687">
     <span class='ocr_line' id='line_1_117' title="bbox 2087 5610 3649 5687; baseline -0.006 -14"><span class='ocrx_word' id='word_1_754' title='bbox 2087 5620 2228 5677; x_wconf 90' lang='lat' dir='ltr'><strong>sius.</strong></span> <span class='ocrx_word' id='word_1_755' title='bbox 2255 5628 2309 5672; x_wconf 88' lang='lat' dir='ltr'><strong>et</strong></span> <span class='ocrx_word' id='word_1_756' title='bbox 2343 5621 2407 5672; x_wconf 86' lang='lat' dir='ltr'><strong>ad</strong></span> <span class='ocrx_word' id='word_1_757' title='bbox 2459 5631 2680 5687; x_wconf 72' lang='lat' dir='ltr'><strong>aequum</strong></span> <span class='ocrx_word' id='word_1_758' title='bbox 2704 5615 2964 5667; x_wconf 79' lang='lat' dir='ltr'><strong>doctrina:</strong></span> <span class='ocrx_word' id='word_1_759' title='bbox 2992 5614 3209 5681; x_wconf 89' lang='lat' dir='ltr'><strong>pondus</strong></span> <span class='ocrx_word' id='word_1_760' title='bbox 3244 5612 3501 5667; x_wconf 84' lang='lat' dir='ltr'><strong>Petavius</strong></span> <span class='ocrx_word' id='word_1_761' title='bbox 3531 5610 3649 5663; x_wconf 87' lang='lat' dir='ltr'><strong>suis</strong></span> 
     </span>
    </p>
   </div>
   <div class='ocr_carea' id='block_1_118' title="bbox 2086 5685 2735 5757">
    <p class='ocr_par' dir='ltr' id='par_1_118' title="bbox 2086 5685 2735 5757">
     <span class='ocr_line' id='line_1_118' title="bbox 2086 5685 2735 5757; baseline -0.009 -14"><span class='ocrx_word' id='word_1_762' title='bbox 2086 5690 2140 5743; x_wconf 89' lang='lat' dir='ltr'><strong>in</strong></span> <span class='ocrx_word' id='word_1_763' title='bbox 2174 5685 2537 5757; x_wconf 81' lang='lat' dir='ltr'><strong>Epiphaniuni</strong></span> <span class='ocrx_word' id='word_1_764' title='bbox 2572 5685 2735 5739; x_wconf 86' lang='lat' dir='ltr'><strong>notis.</strong></span> 
     </span>
    </p>
   </div>
   <div class='ocr_carea' id='block_1_119' title="bbox 2154 5705 3649 5829">
    <p class='ocr_par' dir='ltr' id='par_1_119' title="bbox 2154 5705 3649 5829">
     <span class='ocr_line' id='line_1_119' title="bbox 2174 5705 2735 5757; baseline -0.005 -17"><span class='ocrx_word' id='word_1_765' title='bbox 2174 5705 2215 5740; x_wconf 85' lang='lat' dir='ltr'><strong>r.</strong></span> <span class='ocrx_word' id='word_1_766' title='bbox 2257 5705 2537 5757; x_wconf 79' lang='lat' dir='ltr'><strong>ipnantum</strong></span> <span class='ocrx_word' id='word_1_767' title='bbox 2572 5705 2735 5739; x_wconf 81' lang='lat' dir='ltr'><strong>nous.</strong></span> 
     </span>
     <span class='ocr_line' id='line_1_120' title="bbox 2154 5705 3649 5829; baseline -0.007 -18"><span class='ocrx_word' id='word_1_768' title='bbox 2154 5705 2265 5829; x_wconf 62' lang='grc' dir='ltr'><strong>(ίὲ)</strong></span> <span class='ocrx_word' id='word_1_769' title='bbox 2303 5760 2639 5827; x_wconf 69' lang='grc' dir='ltr'>Νίιξιιριιοι-υς</span> <span class='ocrx_word' id='word_1_770' title='bbox 2668 5752 2984 5829; x_wconf 74' lang='lat' dir='ltr'><strong>patriarcha</strong></span> <span class='ocrx_word' id='word_1_771' title='bbox 3013 5750 3309 5829; x_wconf 56' lang='lat' dir='ltr'><strong>amomi.</strong></span> <span class='ocrx_word' id='word_1_772' title='bbox 3339 5749 3449 5829; x_wconf 68' lang='lat' dir='ltr'><strong>Qui</strong></span> <span class='ocrx_word' id='word_1_773' title='bbox 3485 5764 3649 5829; x_wconf 74' lang='lat' dir='ltr'><strong>porro</strong></span> 
     </span>
    </p>
   </div>
   <div class='ocr_carea' id='block_1_120' title="bbox 2080 5821 3643 5892">
    <p class='ocr_par' dir='ltr' id='par_1_120' title="bbox 2080 5821 3643 5892">
     <span class='ocr_line' id='line_1_121' title="bbox 2080 5821 3643 5892; baseline -0.006 -11"><span class='ocrx_word' id='word_1_774' title='bbox 2080 5821 2169 5882; x_wconf 65' lang='lat' dir='ltr'><strong>hic</strong></span> <span class='ocrx_word' id='word_1_775' title='bbox 2198 5821 2451 5892; x_wconf 67' lang='lat' dir='ltr'><strong>Bovosdg,</strong></span> <span class='ocrx_word' id='word_1_776' title='bbox 2479 5821 2749 5882; x_wconf 61' lang='lat' dir='ltr'><strong>Clu-auito</strong></span> <span class='ocrx_word' id='word_1_777' title='bbox 2792 5824 2997 5878; x_wconf 67' lang='lat' dir='ltr'><strong>Metuit</strong></span> <span class='ocrx_word' id='word_1_778' title='bbox 3022 5825 3089 5879; x_wconf 89' lang='lat' dir='ltr'><strong>lr.</strong></span> <span class='ocrx_word' id='word_1_779' title='bbox 3122 5822 3306 5887; x_wconf 74' lang='grc' dir='ltr'>Βόνος,</span> <span class='ocrx_word' id='word_1_780' title='bbox 3339 5821 3643 5891; x_wconf 71' lang='lat' dir='ltr'><strong>Nicephoro</strong></span> 
     </span>
    </p>
   </div>
   <div class='ocr_carea' id='block_1_121' title="bbox 2077 5899 2559 5961">
    <p class='ocr_par' dir='ltr' id='par_1_121' title="bbox 2077 5899 2559 5961">
     <span class='ocr_line' id='line_1_122' title="bbox 2077 5899 2559 5961; baseline 0.004 -11"><span class='ocrx_word' id='word_1_781' title='bbox 2077 5899 2251 5961; x_wconf 65' lang='grc' dir='ltr'>Βεῦλος</span> <span class='ocrx_word' id='word_1_782' title='bbox 2287 5901 2559 5954; x_wconf 63' lang='lat' dir='ltr'><strong>scribitur.</strong></span> 
     </span>
    </p>
   </div>
  </div>
