4444 6436
794 409 903 471 635

2172 403 2218 461 'l'
2226 402 2272 462 ll
2281 401 2473 461 EOPH
2483 402 2576 461 ΛΝ
2587 402 2658 462 IS

3946 411 4049 474 636

798 539 923 577 rtttlt
955 520 1253 577 amicitiam
1305 534 1369 574 ex
1422 516 1597 588 pactis
1651 516 1983 578 ﬁrmaverat,
2045 524 2102 569 nt
2157 515 2441 575 alllictisA
2477 537 2550 587 μα

2293 515 2371 571 tis
2401 521 2441 575 Α
2477 534 2667 587 μασεν.
2705 520 2949 590 Ἀπάρας
2964 516 3137 589 δὲίτῆς
3166 523 3557 599 βασιλευούσης
3576 524 3803 589 πόλεως,
3828 526 4048 593 ἐξῆλθεν

800 618 965 672 rebus
1012 614 1276 670 Romanis
1302 628 1459 682 opem
1492 613 1677 677 ferret,
1708 612 1918 665 litteras
1956 609 2373 688 cumprecibus

802 709 976 763 misit.
1018 705 1247 760 Urbium
1306 704 1493 775 regina
1557 702 1790 759 subinde
1829 701 2130 771 profectus,
2181 701 2373 755 itinere

802 800 1034 870 navigiis
1081 806 1361 868 suscepto,
1407 798 1550 861 loco,
1588 797 1675 850 cui
1727 793 1869 865 Pylae
1919 810 2141 857 nomen,
2188 794 2371 848 solvit.

803 893 929 946 Inde
979 890 1047 944 ad
1094 890 1394 944 thematum
1464 886 1781 955 provincias
1843 885 2080 948 delatus,
2134 885 2376 955 legiones

801 983 1027 1053 collegit
1081 982 1285 1040 varias.
1341 979 1543 1049 quibus
1582 993 1779 1032 novam
1832 978 2080 1031 militiam
2145 976 2371 1032 addidit.

800 1074 941 1129 Tum
972 1090 1066 1131 eos
1109 1072 1252 1128 bello
1283 1087 1565 1135 exercere,
1600 1071 1900 1140 Martisque
1947 1070 2239 1138 disciplina
2292 1072 2375 1123 in-

803 1178 1039 1223 struere.
1094 1164 1333 1220 Divisum
1366 1165 1636 1234 siquidem
1668 1164 1721 1217 in
1776 1178 1961 1231 aequas
2011 1172 2191 1233 partes
2239 1162 2375 1217 duas

803 1260 1105 1314 exercitum
1133 1257 1359 1311 ordines
1394 1271 1747 1325 componere.
1783 1255 2082 1309 incruentis
2113 1255 2375 1324 irruptio-

809 1351 969 1405 nibus
997 1351 1065 1404 ad
1124 1350 1360 1405 invicem
1400 1347 1684 1417 congredi,
1743 1347 2038 1401 clamorem
2096 1346 2374 1413 bellicum,

806 1457 1023 1512 pmanas
1082 1442 1454 1508 militaresque
1483 1441 1745 1507 strepitus
1772 1442 1957 1501 cdere,
1991 1438 2158 1494 fortes
2185 1441 2234 1492 in
2288 1441 2375 1494 in-

801 1534 975 1588 vicem
1031 1534 1243 1587 animos
1277 1534 1515 1586 excitare
1590 1532 1777 1586 docuit
1814 1547 1829 1585 :
1870 1532 2060 1599 utjam
2098 1546 2203 1585 non
2232 1532 2375 1597 ﬁcto,

815 1627 908 1682 sed
941 1641 1073 1681 vero
1110 1626 1277 1678 Marte
1301 1624 1590 1694 implicati,
1625 1624 1701 1677 rei
1728 1639 1881 1677 novat
1921 1639 2018 1678 usu
2052 1640 2158 1677 non
2195 1633 2375 1679 terre-

802 1727 1012 1782 rentur.
1044 1719 1135 1773 sed
1167 1719 1314 1772 velut
1352 1718 1419 1772 ad
1458 1718 1674 1781 ludum,
1705 1717 1780 1770 ita
1812 1718 1866 1770 in
1913 1718 2122 1783 hostes,
2156 1718 2223 1773 de
2275 1734 2376 1773 sua

800 1811 998 1866 virtute
1050 1811 1185 1867 bene
1213 1811 1404 1865 conﬁsi
1461 1811 1754 1865 irruerent.
1810 1808 1927 1863 Mox
1962 1811 2069 1863 lata
2125 1811 2378 1866 manibus

800 1904 1005 1959 ChriSIi
1053 1904 1142 1958 Dei
1165 1913 1219 1959 et
1239 1903 1477 1957 hominis
1532 1902 1727 1971 efﬁgie.
1784 1903 2020 1957 hominis
2074 1918 2238 1957 manu
2291 1905 2377 1958 vel

801 1997 1053 2067 penicillo
1066 2011 1175 2050 non
1198 1994 1393 2063 eﬂicta,
1412 1996 1504 2051 sed
1535 2011 1694 2066 quam
1717 1998 1769 2050 in
1796 1997 2051 2066 imagine,
2077 1996 2219 2066 quod
2243 2012 2381 2051 cun-

800 2102 888 2145 eta
916 2090 1239 2145 lormavitet
1260 2090 1616 2158 conﬁguravit
1638 2090 1879 2143 divinum
1901 2092 2149 2153 verbum,
2178 2089 2382 2159 absque

801 2182 1046 2236 colorum
1100 2182 1485 2244 delineatione,
1543 2188 1604 2235 ut
1658 2180 1866 2249 absque
1914 2182 2121 2235 semine
2169 2181 2378 2244 fartum,

802 2274 859 2328 in
891 2274 1066 2328 lucem
1092 2271 1323 2335 eduxit;
1356 2271 1696 2341 huiusmodi,
1730 2270 1874 2333 dico,
1905 2271 2076 2341 ﬁgura
2115 2273 2380 2327 divinitus

801 2372 1031 2418 exarata
1064 2365 1225 2434 plane
1261 2361 1455 2427 ﬁdens,
1487 2375 1539 2417 et
1570 2362 1929 2432 oppignorata
1959 2364 2220 2417 exercitui
2254 2364 2378 2427 ﬁde,

802 2470 922 2511 cum
971 2455 1053 2510 eis
1107 2454 1175 2508 ad
1233 2463 1461 2509 mortem
1530 2468 1700 2523 usque
1758 2453 2188 2518 decertaturnm,
2240 2465 2378 2509 etut

802 2546 1044 2616 propriis
1087 2544 1213 2599 ﬁliis
1262 2560 1479 2612 semper
1506 2544 1587 2599 eis
1628 2558 1687 2598 se
1736 2544 2157 2598 devinciendum
2187 2552 2241 2598 et
2286 2560 2381 2598 eoa

803 2638 1099 2707 pulandum
1137 2637 1435 2706 pollicitus,
1461 2636 1528 2690 ad
1554 2636 1776 2690 bellicos
1803 2634 2091 2689 conﬂictus
2136 2634 2378 2691 descen-

804 2730 910 2783 dit.
945 2728 1213 2783 Studebat
1247 2728 1392 2783 enim
1425 2726 1784 2782 exercendam
1818 2726 1870 2779 in
1898 2726 2097 2781 milites
2131 2728 2378 2781 auctori-

804 2828 968 2875 tatem
1005 2822 1186 2889 potius
1210 2820 1428 2883 atl‘ectu,
1467 2834 1631 2889 quam
1661 2819 1859 2872 timore
1879 2833 2215 2887 comparare.
2244 2820 2378 2872 Cum

808 2926 935 2965 vero
955 2912 1258 2965 exercitum
1286 2911 1496 2965 desidia
1538 2909 1893 2973 dissolutum,
1933 2911 2243 2963 animorum
2276 2910 2375 2964 de-

807 3001 1069 3069 iectione,
1118 3000 1331 3055 ordinis
1360 3000 1577 3055 delectu
1608 3008 1662 3053 et
1690 2997 2018 3051 confusione
2057 3012 2193 3066 pene
2234 2999 2380 3052 lace-

808 3108 954 3158 rum,
990 3101 1045 3148 et
1088 3092 1144 3147 in
1174 3094 1356 3147 varias
1390 3091 1798 3161 provinciarum
1843 3099 2024 3157 partes
2053 3089 2378 3159 dissipatum

808 3186 1107 3255 reperisset
1159 3203 1172 3239 :
1222 3184 1553 3254 quantocius
1608 3194 1661 3237 et
1716 3182 1967 3253 expedite
2034 3190 2261 3235 cunctos
2328 3182 2380 3233 in

809 3292 978 3333 unum
1009 3276 1251 3345 collegit.
1291 3275 1426 3330 llinc
1459 3276 1659 3343 singuli
1693 3276 1841 3329 velut
1891 3290 1998 3328 una
2034 3288 2168 3328 voce
2215 3274 2382 3327 robur

807 3376 862 3423 et
892 3368 1138 3421 animum
1166 3366 1513 3435 imperatoris
1559 3364 1853 3418 laudavere
1888 3381 1901 3417 :
1944 3363 2061 3431 ipse
2090 3363 2256 3416 etiam
2305 3376 2385 3415 ro-

817 3459 924 3513 bur
977 3458 1293 3529 pectoribus
1346 3457 1718 3526 inspiraturus
1752 3457 1837 3509 his
1870 3456 2050 3509 verbis
2086 3455 2339 3508 utebatur
2370 3470 2383 3506 :

820 3550 1046 3616 Videtis,
1078 3550 1273 3619 fratres
1311 3559 1360 3603 et
1398 3549 1520 3616 ﬁlii,
1552 3557 1609 3601 ut
1652 3548 1823 3600 hostes
1852 3548 2102 3599 ditionem
2136 3556 2376 3599 nostram

810 3645 1110 3698 universam
1151 3641 1479 3709 depopulati,
1517 3641 1669 3693 urbes
1713 3640 1912 3693 civibus
1972 3640 2211 3692 desertas
2268 3638 2385 3690 red—

810 3736 1069 3800 diderint,
1103 3734 1467 3788 succenderint
1499 3733 1724 3793 altaria,
1768 3743 1817 3785 et
1858 3733 2259 3784 incruentarum
2309 3732 2386 3783 vi—

813 3828 1099 3881 ctimarum
1136 3843 1343 3879 mensas
1388 3825 1619 3879 aedibus
1652 3833 1702 3877 et
1745 3826 2003 3893 sanguine
2048 3823 2383 3885 iuundarint,

814 3928 864 3971 et
898 3919 1158 3973 ecclesias
1181 3922 1468 3972 etiamnum
1497 3917 1631 3970 labis
1660 3918 1830 3970 omnis
1870 3918 2127 3969 immunes
2162 3917 2391 3982 volupta-

817 4009 959 4064 tibus
1015 4009 1321 4078 [certissimis
1376 4020 1754 4078 conspurcant.
1808 4007 1945 4062 Tum
2001 4023 2133 4063 vero
2188 4009 2389 4063 milites

816 4103 1033 4159 bellicis
1074 4103 1521 4159 esercitamentis
1586 4104 1981 4167 instructurus,
2039 4109 2283 4155 armatos
2336 4107 2389 4155 et

816 4210 1014 4265 pugnae
1031 4194 1144 4263 jam
1179 4204 1399 4264 paratos
1420 4195 1475 4247 in
1501 4194 1640 4249 duas
1659 4194 1808 4249 acies
1832 4192 2102 4259 dividere,
2126 4201 2180 4246 et
2205 4193 2388 4259 tubas,

816 4287 1244 4358 elypeorumque
1296 4288 1596 4357 phalanges
1656 4288 1710 4340 in
1752 4286 1985 4341 invicem
2043 4286 2388 4340 committere

817 4379 1061 4433 secundo
1093 4378 1283 4448 jussit.
1323 4379 1544 4435 interim
1578 4380 1854 4433 exercitus
1877 4378 2196 4432 thoracibus
2228 4386 2283 4431 et
2309 4393 2394 4431 ar-

818 4471 926 4527 mis
981 4472 1242 4527 omnibus
1283 4472 1530 4527 munitus
1586 4472 1877 4526 stationem
1935 4470 2283 4526 observabat.
2324 4470 2393 4525 Ut

819 4561 1005 4635 itaque
1045 4565 1099 4621 in
1129 4573 1248 4619 tuto
1272 4566 1642 4621 constiterunt
1678 4565 1924 4631 ordines,
1957 4580 2156 4619 manus
2197 4565 2264 4617 ad
2306 4563 2394 4617 in-

817 4656 992 4710 vicem
1031 4670 1321 4712 conserere
1360 4656 1519 4727 255
1560 4658 1809 4712 hortatus
1863 4666 1971 4721 est,
2023 4666 2079 4711 et
2117 4671 2225 4726 qua
2265 4656 2390 4711 vio-

820 4745 986 4801 lentis
1021 4747 1075 4803 in
1117 4748 1353 4803 invicem
1393 4748 1740 4819 impulsibus,
1791 4764 1899 4820 qua
1932 4747 2137 4804 mutuis
2170 4748 2401 4815 impres-

2475 612 2618 665 κατά
2646 612 2745 675 τάς
2774 613 3073 682 λεγομένας
3098 616 3279 677 Πύλας
3307 615 3429 668 πλοῖ
3455 617 3553 683 τὴν
3578 617 3803 685 πορείαν
3825 620 4050 686 ποιησά-

2479 718 2656 770 μενος.
2727 702 3009 756 Ἐντεῦθεν
3053 705 3111 758 δὲ
3161 706 3255 759 ἐπὶ
3300 706 3397 769 τὰς
3422 707 3531 758 τῶν
3562 707 3812 775 θεμάτων
3864 708 4047 778 χώρας

2474 794 2825 863 ἀφικόμενος,
2864 795 3151 864 συνέλεγεν
3178 796 3248 850 τά
3285 798 3644 869 στρατόπεδα.
3675 805 3769 850 καὶ
3799 800 4049 868 προσετί-

2476 887 2558 939 θει
2606 889 2789 952 αὐτοῖς
2836 891 2964 942 νέαν
3019 891 3333 959 στρατείαν.
3367 891 3603 953 Τούτους
3631 891 3687 944 δὲ
3747 892 4048 959 γυμνάζειν

2476 979 2700 1048 ἤρξατο.
2747 981 2843 1033 καὶ
2886 982 2955 1034 τά
2991 983 3265 1053 πολεμικά
3293 982 3430 1053 ἔργα
3465 983 3866 1047 ὲξεπαίόευσεν.
3915 985 4047 1054 Διχῆ

2476 1072 2585 1141 γὰρ
2616 1072 2801 1126 διελὼν
2822 1074 2911 1125 τὸν
2940 1076 3190 1144 στρατὸν,
3222 1077 3554 1145 παρατάξεις
3576 1092 3631 1127 τε
3661 1076 3747 1127 καὶ
3775 1074 4049 1143 συμϐολὰς

2478 1165 2616 1232 πρὸς
2682 1165 2945 1232 ἀλλήλους
3005 1166 3277 1236 ἀναιμωτὶ⁵
3334 1166 3663 1235 ποιήσασθαι
3727 1167 4044 1229 ἐκέλευσεν,

2479 1259 2725 1327 κραυγήν
2760 1275 2816 1309 τε
2846 1259 3150 1328 πολεμικὴν
3173 1260 3266 1311 καὶ
3295 1262 3554 1321 παιάνους
3582 1259 3675 1311 καὶ
3703 1258 4048 1328 ἀλλαλαγμὸν

2480 1352 2574 1404 καὶ
2606 1352 2877 1421 διέγερσιν
2908 1352 3051 1422 ἔχειν
3071 1352 3295 1416 τούτους
3335 1352 3592 1418 ἐδίδαξεν,
3623 1354 3710 1406 ἴνα
3742 1353 3842 1406 κᾶν
3867 1357 3923 1407 ἐν
3956 1371 4050 1407 πο-

2479 1444 2666 1514 λέμοις
2708 1446 3071 1516 εὐρίσκωνται
3110 1447 3180 1511 ’⁸,
3232 1447 3306 1516 μὴ
3339 1446 3676 1511 ξενίζωνται,
3734 1449 3869 1501 ἀλλὰ
3915 1448 4048 1515 θαρ-

2482 1538 2704 1605 ροῦντες
2738 1539 2813 1601 ὼς
2861 1539 3115 1605 παίγνιον
3162 1539 3303 1593 κατὰ
3343 1538 3452 1591 τῶν
3481 1538 3689 1608 ἐχθρῶν
3732 1540 4045 1609 χωρήσωσι.

2480 1630 2672 1682 Λαϐὼν
2698 1630 2753 1683 δὲ
2779 1633 2806 1683 ό
2843 1630 3093 1699 βασιλεὺς
3122 1631 3181 1683 ὲν
3215 1632 3404 1700 χερσὶν
3442 1631 3541 1699 τὴν
3573 1630 3892 1699 θεανδρικὴν
3922 1648 4051 1701 μορ-

2481 1722 2606 1791 φὴν,
2640 1723 2707 1792 ἢν
2741 1725 2920 1792 χεῖρες
2950 1723 3050 1774 οὐκ
3081 1724 3326 1792 ἔγραψαν
3348 1723 3481 1791 (49),
3512 1722 3626 1775 ἀλλ’
3651 1724 3768 1775 οἵαν
3797 1725 3850 1774 ὲν
3882 1723 4051 1775 εἰκόνι

2480 1818 2507 1869 ὁ
2539 1816 2717 1869 πάντα
2748 1817 2970 1885 μορφῶν
3002 1817 3096 1869 καὶ
3127 1816 3470 1870 διαπλάττων
3502 1817 3657 1883 λόγος
3684 1817 3808 1870 ἄνευ
3837 1818 4017 1887 γραυῆ
4026 1835 4051 1880 ς

2487 1906 2788 1978 μόρφωσιν,
2811 1907 2885 1969 ὡς
2902 1908 3029 1960 ἀνευ
3058 1909 3262 1976 σπορᾶς
3280 1908 3475 1976 κύησιν
3500 1908 3748 1977 ἡνεγκεν.
3770 1910 3861 1961 καὶ
3879 1908 4050 1976 τούτῳ

2483 1996 2759 2060 πεποιθὼς
2787 2000 2830 2031 ¹⁹
2856 1998 2933 2067 τῷ
2974 1997 3264 2069 θεογράφῳ
3295 2000 3450 2068 τύπῳ
3477 2000 3759 2069 ἀπήρξατο
3776 2000 3881 2051 τῶν
3905 2000 4050 2067 ἀγώ-

2481 2108 2607 2153 νων,
2642 2089 2812 2142 πιστά
2855 2090 2977 2153 δοὺς
3010 2090 3088 2160 τῷ
3121 2090 3255 2160 λαῷ,
3298 2091 3372 2152 ὡς
3410 2093 3503 2143 σὺν
3533 2092 3712 2152 αὐτοῖς
3758 2091 3917 2160 μέχρι
3953 2091 4051 2146 θα-

2481 2182 2642 2235 νάτου
2673 2183 3031 2251 ἀγωνίσηται,
3070 2184 3163 2235 καὶ
3183 2183 3258 2244 ὠς
3284 2184 3495 2245 τέκνοις
3520 2183 3739 2245 οἰκείοις
3772 2184 3814 2214 ³ο
3842 2182 4050 2246 τούτοις

2483 2273 2908 2342 συναρμόσηται.
2952 2272 3234 2325 Ἐϐούλετο
3260 2273 3367 2341 γὰρ
3394 2274 3491 2342 τὴν
3522 2273 3765 2338 ἐξουσίαν
3802 2273 3862 2325 ού
3904 2273 4050 2342 φόϐῳ

2480 2363 2736 2415 τοσοῦτον
2759 2363 2825 2427 ³¹,
2866 2362 2991 2415 ὅσον
3028 2365 3085 2415 ἐν
3108 2362 3258 2432 πόθῳ
3288 2363 3451 2431 ἔχειν.
3486 2362 3674 2432 Εὑρὼν
3700 2362 3754 2414 δὲ
3778 2363 3864 2415 τόν
3888 2380 4051 2433 στρα-

2479 2455 2570 2508 τὸν
2596 2457 2675 2518 είς
2698 2454 2972 2525 ῥαθυμίαν
2996 2453 3194 2524 πολλὴν
3232 2456 3325 2507 καὶ
3357 2455 3581 2519 δειλίαν,
3613 2455 3836 2519 ἀταξίαν
3868 2472 3927 2507 τε
3956 2456 4049 2507 καὶ

2480 2546 2750 2614 ἀκοσμίαν
2771 2545 2864 2598 καὶ
2886 2548 2965 2607 είς
2986 2546 3157 2599 πολλά
3180 2549 3275 2617 τῆς
3292 2546 3395 2614 γῆς
3420 2547 3557 2617 μέρη
3584 2546 3956 2616 ἐσπαρμένους
3980 2546 4046 2609 ³⁸,

2490 2637 2778 2707 συντόμως
2812 2637 3023 2699 πάντας
3047 2623 3126 2701 είς
3156 2637 3215 2690 ἒν
3246 2639 3575 2707 συνήγαγεν.
3605 2639 3712 2691 Καὶ
3745 2641 3945 2700 πάντες
3978 2637 4049 2701 ὡς

2483 2730 2545 2781 ὲκ
2604 2730 2731 2797 μιᾶς
2781 2730 3103 2797 συμφωνίας
3148 2728 3401 2799 ὕμνησαν
3457 2731 3516 2783 τὸ
3561 2731 3756 2799 κράτος
3812 2730 3904 2783 καὶ
3958 2731 4056 2795 τὴν

2481 2821 2732 2890 ἀνδρείαν
2756 2821 2847 2875 τοῦ
2878 2822 3163 2892 βασιλέως.
3201 2822 3371 2884 Αὐτὸς
3401 2822 3457 2875 δὲ
3487 2825 3596 2885 τοῖς
3636 2822 3813 2888 λόγοις
3849 2823 4057 2883 τούτοις

2481 2915 2864 2987 ἐπιῤῥωννύων
2911 2915 3128 2979 ἔλεγεν
3176 2915 3402 2983 Ὀρᾶτε,
3437 2916 3686 2983 ἀδελφοὶ
3724 2916 3819 2967 ναὶ
3854 2914 4053 2973 τέκνα.

2481 3006 2560 3071 ὡς
2592 3009 2645 3060 οἱ
2694 3007 2891 3076 ἐχθροὶ
2938 3009 3044 3060 τοῦ
3078 3008 3225 3062 Θεοῦ
3260 3008 3686 3072 κατεπτὶτησαν
3724 3006 3890 3075 ἡμῶν
3947 3007 4058 3072 τὴν

2484 3097 2685 3167 χώραν
2730 3100 2826 3153 καί
2862 3102 2967 3165 τὰς
3006 3104 3212 3166 πόλεις
3250 3101 3580 3169 ἠρήμωσαν
3615 3102 3710 3154 καὶ
3745 3101 3815 3154 τὰ
3848 3105 4056 3155 θυσια-

2409 3203 2450 3259 (ς
2484 3192 2699 3257 στήρια
2724 3191 3111 3246 κατέκαυσαν
3160 3194 3257 3246 καὶ
3297 3193 3403 3258 τὰς
3436 3191 3719 3260 τραπέζας
3752 3192 3869 3244 τῶν
3898 3194 4062 3246 ἀναι-

2483 3281 2726 3349 μάκτων
2751 3280 2979 3334 θυσιῶν
3008 3281 3271 3351 αἱμάτων
3305 3283 3639 3351 μιαιφόνων
3675 3281 4058 3350 ἐπλήρωσαν,

2488 3372 2585 3424 καὶ
2622 3372 2727 3437 τὰς
2756 3371 3045 3440 ἀὸἐκτους
3088 3373 3209 3427 τῶν
3237 3373 3441 3427 παθῶν
3474 3376 3801 3440 ἐκκλησίας
3834 3376 3901 3427 ἐν
3931 3375 4063 3440 ἡδο-

2488 3465 2623 3531 ναῖς
2653 3468 3015 3533 κραίνουσιν
3060 3467 3539 3535 ἐμπαθεστάταις
3572 3465 3637 3518 ³⁸.
3689 3466 3855 3519 Πάλιν
3890 3466 3944 3518 δὲ
3975 3465 4064 3518 τὸν

2493 3557 2622 3610 λαὸν
2671 3558 2809 3627 πρὸς
2860 3560 3171 3626 γυμνασίαν
3219 3558 3521 3629 πολεμικὴν
3573 3554 3827 3621 ὁπλίζων,
3883 3559 4063 3623 τάξεις

2492 3650 2584 3702 δύο
2610 3651 2872 3713 ἐνόπλους
2902 3651 3288 3719 ποιησάμενος,
3319 3650 3617 3716 σάλπιγγές
3644 3666 3703 3702 τε
3739 3651 3830 3703 καὶ
3864 3650 4068 3716 φάλαγ-

2493 3759 2587 3809 γες
2615 3742 2881 3807 ἀσπίδων,
2903 3744 2996 3795 καὶ
3014 3743 3140 3805 λαὸς
3170 3742 3647 3812 τεθωρακισμένος
3676 3743 3879 3795 ἵστατο.
3915 3740 4068 3794 Ἐπεὶ

2492 3835 2548 3887 δὲ
2587 3833 2845 3901 ἀσφαλῶς
2894 3832 3233 3903 συνέστησαν
3280 3832 3349 3886 τὰ
3404 3834 3682 3901 τάγματα,
3740 3833 4069 3902 συμϐάλλειν

2495 3924 2746 3995 ἀλλήλοις
2770 3924 3083 3988 ἐκέλευσεν,
3115 3922 3349 3993 ὠθισμοί
3380 3941 3437 3976 τε
3472 3923 3638 3993 βίαιοι
3674 3928 3769 3976 καὶ
3800 3924 4069 3993 συγκρού-

2497 4034 2679 4087 σματα
2727 4016 2865 4084 πρὸς
2915 4016 3179 4085 ἀλλήλους
3227 4016 3491 4083 ἐγίνοντο,
3541 4014 3638 4069 καὶ
3692 4015 4071 4085 σχηματισμὸς

2495 4108 2589 4162 τοῦ
2624 4107 2864 4177 πολέμου
2895 4107 3194 4161 ἐδείκνυτο.
3230 4108 3340 4161 Καὶ
3371 4102 3440 4177 ἦν
3474 4108 3601 4160 ίδεϊν
3632 4108 3861 4177 φρικτὸν
3895 4108 4072 4175 θέαμα

2497 4204 2658 4272 φόνου
2683 4202 2855 4272 χωρὶς
2886 4200 3131 4254 κινδύνου
3161 4202 3227 4263 ³⁸,
3255 4203 3349 4254 καὶ
3373 4200 3509 4271 πρὸς
3544 4201 3736 4270 φόνους
3763 4200 4073 4261 συννεύσεις

2495 4295 2744 4364 αἱμάτων
2762 4294 2907 4364 δίχα,
2925 4292 3019 4346 καὶ
3041 4295 3147 4362 πρὸ
3161 4294 3256 4363 τῆς
3282 4293 3529 4363 ἀνάγκης
3548 4294 3917 4362 τοὺςτρόπους
3938 4316 3944 4345 ι
3962 4293 4070 4351 50),

2496 4386 2643 4446 ὅπως
2674 4385 2903 4446 ἕκαστος
2932 4385 2997 4435 ἐκ
3018 4384 3117 4453 τῆς
3149 4383 3435 4437 ἀκινδύνου
3458 4384 3668 4452 σφαγῆς
3696 4383 3873 4436 λαϐὼν
3908 4385 4075 4453 agap-

2504 4475 2609 4545 μὰς
2633 4474 3037 4542 ἀσφαλέστερος
3073 4472 3232 4542 μένῃ.
3256 4472 3412 4524 Οὓτω
3432 4471 3488 4523 δὲ
3508 4471 3846 4532 καθοπλίσας
3872 4471 4077 4529 πάντας

2503 4565 2874 4635 παρήγγειλεν
2919 4563 3137 4625 ἀδικίας
3198 4562 3499 4631 ἀπέχεσθαι
3559 4562 3650 4615 καὶ
3705 4561 3988 4623 εὐσεϐείας
4033 4560 4075 4593 ³⁸

2503 4656 2841 4725 ἀντέχεσθαι.
2887 4654 3181 4723 Γενόμενος
3229 4654 3285 4706 δὲ
3328 4654 3418 4706 ἐπὶ
3468 4653 3535 4705 τὰ
3585 4651 3721 4722 μέρη
3765 4652 4073 4721 Ἀρμενίας,

2509 4745 2833 4816 προτρέχειν
2864 4744 2975 4813 (51)
3001 4743 3203 4812 πλῆθος
3236 4744 3448 4796 ίππεων
3473 4744 3515 4774 ³⁸
3539 4743 3648 4809 ιὸὶ)
3680 4741 3852 4811 λάθρα
3887 4745 4078 4795 ἐπιπε-

2125 4837 2354 4894 VARIIE
2409 4835 2818 4892 LECTIONES.

894 4957 945 5033 ’ξ
966 4956 1307 5033 εὑρίσκονται
1326 4958 1468 5029 vulg.
1542 4961 1588 4991 ’θ
1610 4958 1766 5011 τοῦτο
1789 4975 1920 5010 πεπ.
1940 4956 2015 5026 τῷ
2042 4956 2160 5023 Θεῷ
2186 4956 2379 5033 γράφω
2413 4955 2449 5011 l'.
2476 5026 2485 5033 _
2528 4955 2571 4987 '°
2591 4953 2886 5033 dt;té_XVOt;
2910 4952 3015 5033 pix.
3035 4967 3083 5001 τ.
3100 4966 3231 5033 ισυν.
3252 4964 3368 5033 ‘om.
3401 4963 3451 5033 ξι.
3528 4948 3567 5033 ³ξ
3589 4948 3837 5033 τοσούτου
3858 4948 3977 5033 ald:
4012 4962 4079 5000 ex

823 5028 969 5098 conj.

1047 5029 1091 5060 "
1115 5025 1455 5098 ἐσπαρμένον
1482 5045 1530 5089 a.
1561 5030 1954 5097 εὐπαραμένων
1986 5025 2024 5081 l'.
2101 5029 2147 5058 ³³
2176 5025 2800 5098 ἐμπαθεστατοιςηνιιις.

2910 5022 2955 5052 ³⁸
2988 5021 3151 5089 χωρὶς
3179 5022 3274 5072 καί
3308 5020 3444 5071 κινδ.
3476 5020 3623 5089 vulg.
3724 5020 3764 5050 ³⁵
3796 5022 3889 5072 καὶ
3925 5020 4073 5070 εὐσε-

827 5089 981 5163 ϐείας
1012 5089 1335 5170 ἀντέχεσθαι
1363 5103 1485 5154 add.
1516 5116 1581 5154 ex
1612 5116 1643 5153 e
1672 5089 1721 5156 [ξ
1781 5089 1828 5131 ³⁵
1855 5109 1976 5169 post
2007 5089 2221 5150 ἱππέων
2246 5099 2451 5165 aliquid
2479 5089 3007 5153 excidisse—videtur,
3044 5089 3173 5143 fort.
3208 5090 3498 5151 κελεύσας.

2138 5188 2275 5243 JAC.
2314 5187 2523 5241 GOABI
2558 5183 2790 5239 ΝΟΤᾹΞ.

904 5284 1014 5353 (49)
1066 5283 1139 5338 De
1169 5298 1275 5352 qua
1303 5282 1543 5338 Jacobus
1582 5283 1874 5339 Gretserus
1902 5284 2079 5351 ample
2123 5280 2394 5353 opusculo

832 5350 1259 5424 cie-imaginibus
1289 5370 1395 5407 non
1438 5355 1770 5409 manulactis
1815 5369 1972 5424 capp.
1997 5350 2072 5407 Ην
2102 5350 2175 5407 et‘
2202 5350 2291 5415 l5,
2342 5358 2398 5405 et

835 5426 1108 5480 Baronins
1142 5425 1205 5478 ad
1236 5423 1296 5479 C.
1326 5440 1529 5478 annum
1558 5425 1682 5477 (5‘21.

906 5495 1019 5566 (50)
1048 5492 1239 5548 Oratio
1273 5497 1459 5566 mutila
1491 5511 1557 5549 ex
1589 5499 1783 5549 Anast.
1814 5493 2101 5549 sarcienda
2128 5510 2143 5545 :
2176 5491 2407 5566 καιπρὸ

835 5563 932 5634 τῆἐ
960 5565 1225 5633 ἀνάγκης.
1250 5564 1347 5633 τῆς
1374 5566 1617 5634 ἀνάγκης
1646 5567 1773 5628 τοὺς
1794 5567 2048 5634 τρόπους·
2074 5573 2188 5616 erat
2226 5563 2409 5634 ridere

840 5633 962 5689 ante
993 5636 1381 5699 necessitatem,
1413 5636 1737 5690 necessitatis
1776 5633 1954 5688 nitidos
2003 5651 2063 5687 ac
2096 5633 2413 5700 specimina:

845 5718 972 5777 puta
999 5707 1273 5776 fugientes
1310 5708 1474 5771 alios,
1515 5708 1651 5762 alios
1690 5708 2065 5777 insequentes,
2101 5713 2207 5759 etc.
2261 5702 2412 5757 Cou-

846 5790 1019 5831 ΒΕΓΙΒ.

922 5847 1031 5912 ί51)
1068 5846 1244 5905 Locus
1289 5848 1535 5905 mutilus.
1578 5850 1769 5903 Anast.
1819 5847 1898 5903 sic
1944 5846 2155 5917 plenius
2211 5844 2410 5901 habet:

2503 5278 2635 5333 Cum
2664 5277 2977 5343 pervenisset
3012 5277 3079 5327 ad
3116 5284 3295 5343 partes
3324 5276 3589 5328 Armenii?
3622 5290 3944 5340 prtrcurrere
3973 5276 4084 5326 ius-

2505 5351 2573 5403 sit
2604 5350 2837 5402 electos:
2879 5345 3266 5400 Saracenorum
3293 5362 3412 5399 vero
3463 5358 3583 5398 tunc
3621 5344 3715 5397 sub
3749 5348 3915 5411 pactis
3956 5343 4085 5397 Per-

2508 5436 2693 5472 sarum
2726 5419 3139 5471 constitutorum
3188 5415 3473 5469 multitudo
3512 5416 3766 5485 equitum,
3808 5417 3944 5467 clam
3986 5414 4085 5466 im-

2515 5498 2833 5557 peratorem,
2868 5496 2977 5541 etc.

2590 5559 2703 5626 (ΒΞ)
2738 5562 2818 5610 An
2849 5557 2991 5625 quod
3026 5558 3181 5612 aliter
3212 5558 3402 5625 legerit
3432 5555 3781 5614 Anastasius.
3816 5555 4087 5623 interpre-

2519 5629 2704 5684 tatur?
2732 5627 3121 5682 Saracenorum
3148 5644 3267 5682 vero
3292 5630 3385 5680 sub
3412 5628 3579 5694 pactis
3615 5630 3685 5689 (id
3718 5637 3819 5681 est.
3854 5637 4086 5692 appensa

2522 5700 2773 5768 pecunia)
2804 5699 3091 5753 Persarum
3116 5700 3520 5753 constitutorum
3548 5696 3829 5751 multitudo
3855 5694 4087 5764 equitum

2522 5773 2659 5825 clam
2689 5771 2741 5823 in
2766 5772 2891 5838 imp.
2922 5771 3121 5823 irruere
3153 5769 3527 5823 meditabatur.
