4444 6436
419 405 521 467 637

422 522 533 573 σεῖν
558 518 636 589 τῷ
679 517 889 589 βασιλεῖ
936 519 1212 574 διενοεῖτο.
1246 522 1309 574 Οἱ
1339 522 1395 574 δὲ
1449 524 1849 595 προτρέχοντες
1894 527 1989 579 τοῦ
2018 530 2069 589 Α
2093 530 2346 587 siouibus

421 613 684 684 βασιλέως
716 615 926 677 τούτοις
963 616 1415 684 συναντήσαντες,
1446 618 1537 669 τόν
1577 635 1636 670 τε
1687 620 1993 689 στρατηγὸν

421 708 605 759 αὐτῶν
644 705 935 776 δεσμώτην
970 708 1176 777 ἤγαγον
1210 708 1345 777 πρὸς
1391 708 1481 760 τὸν
1521 710 1861 779 Ἡράκλειον,
1901 714 1995 765 καὶ

420 798 643 859 τούτους
675 800 1007 871 τρεψάμενοι
1044 801 1272 865 πολλοὺς
1315 802 1542 857 ἀνεῖλον.
1605 804 1757 857 ἐπεὶ
1782 805 1838 857 δὲ
1881 821 1995 874 χει-

426 892 541 964 μὼν
579 893 898 957 κατέλαϐεν,
936 895 1268 958 ἀποκλείσας
1304 896 1331 947 6
1364 894 1617 965 βασιλεὺς
1662 896 1725 949 τὸ
1774 896 1996 949 Πόντιον

423 987 595 1057 κλίμα
618 989 658 1018 ³⁷
688 988 824 1058 (53),
848 989 993 1054 εδοξε
1026 993 1135 1052 τοῖς
1189 990 1483 1060 βαρϐάροις
1538 994 1595 1043 ὲν
1623 989 1798 1059 τούτῳ
1835 991 1998 1044 αὐτὸν

425 1078 885 1148 παραχειμάζειν.
924 1078 1116 1130 Λαθὼν
1148 1079 1202 1131 δὲ
1230 1080 1356 1143 τοὺς
1380 1081 1593 1149 Πέρσας
1615 1082 1709 1132 καὶ
1735 1081 1996 1150 ἐπιστρα-

423 1169 567 1235 φεὶς,
597 1171 678 1231 είς
714 1172 811 1239 τὴν
840 1169 1078 1238 Περσίδα
1110 1170 1404 1226 εἰσϐάλλει.
1455 1170 1626 1223 Τοῦτο
1654 1172 1911 1241 μαθόντες
1940 1172 1991 1223 οι

429 1261 697 1333 βάρϐαροι
724 1264 801 1324 εἰς
844 1262 1115 1333 ῥαθυμίαν
1143 1258 1306 1333 ἦλθον
1349 1263 1425 1332 τῷ
1466 1265 1856 1333 ἀπροσδοκήτῳ
1901 1265 1998 1331 τῆς

422 1353 612 1406 τούτου
644 1353 874 1405 εἰσόδου.
925 1353 981 1406 '0
1029 1353 1085 1405 δὲ.
1133 1353 1415 1423 Σάρϐαρος
1435 1353 1479 1385 ³⁸
1534 1356 1562 1406 6
1612 1353 1720 1405 τῶν
1777 1354 1999 1422 Περσων

428 1444 736 1514 στρατηγὸς
766 1442 947 1495 λαϐὼν
987 1445 1086 1513 τὴν
1128 1426 1324 1497 ὲάυτοῦ
1357 1444 1425 1497 δύ
1460 1462 1587 1512 αμιν
1617 1440 1780 1515 ἦλθεν
1817 1447 1873 1497 ὲν
1901 1447 2000 1497 Κι-

427 1535 613 1605 λικία,
648 1536 795 1597 ὅπως
834 1537 915 1597 εἰς
955 1535 1264 1604 Ῥωμανίαν
1315 1535 1547 1600 ἐξελθὼν
1599 1535 1787 1588 τοῦτον
1848 1552 2000 1604 περι-

429 1626 623 1697 τρέψῃ.
678 1625 944 1695 Φοϐηθεὶς
992 1626 1049 1678 δὲ
1088 1627 1160 1695 μὴ
1189 1624 1276 1676 διά
1305 1625 1403 1694 τῆς
1431 1626 1722 1695 Ἀρμενίας
1778 1628 1856 1686 εἰς
1901 1627 2001 1693 τὴν

432 1717 668 1788 Περσίδα
700 1718 726 1769 ὁ
756 1717 1009 1786 βασιλεὺς
1065 1717 1332 1771 εἰσϐαλὼν
1380 1718 1585 1787 ταύτην
1611 1717 1821 1787 ταράξῃ
1850 1758 1865 1781 ,
1900 1718 2001 1769 οὐκ

430 1808 575 1881 εἶχεν
599 1813 688 1864 τὸν
723 1813 917 1865 ἑαυτοῦ
948 1813 1207 1881 λογισμὸν
1260 1813 1617 1882 βεϐηκόταη,
1649 1813 1677 1866 6
1711 1831 1762 1865 τι
1790 1813 1999 1883 δράσοι.

432 1905 620 1974 Ὅμως
654 1905 974 1974 ἠναγκάσθη
1012 1906 1325 1959 ἀκολουθεῖν
1372 1906 1547 1961 ὀπίσω
1592 1905 1684 1958 τοῦ
1727 1904 1995 1974 Ῥωμαίου

433 1997 686 2067 στρατοῦ,
722 1996 916 2064 κλέψαι
956 1998 1238 2067 μεριμνῶν
1300 1997 1391 2049 τὸν
1449 1997 1704 2066 πόλεμον,
1767 1996 1859 2047 καὶ
1911 1995 2001 2048 διά

432 2090 625 2151 νυκτὸς
652 2088 927 2157 άεξεγγοῦς
951 2090 1159 2151 τούτοις
1190 2089 1543 2160 προσϐαλεῖν.
1578 2088 1919 2158 Πανσελήνου
1945 2087 2001 2141 δὲ

432 2180 594 2249 οὔσης
626 2180 727 2249 τῆς
764 2181 976 2244 νυκτὸς,
999 2180 1353 2249 ἀπεκρούσθη
1400 2180 1496 2233 τοῦ
1534 2182 1868 2249 σκέμματος,
1906 2181 2000 2234 καὶ

431 2276 530 2342 τὴν
557 2275 684 2343 πρὶν
717 2273 895 2327 αὐτῶν
932 2274 1234 2343 σεϐασμίαν
1270 2273 1469 2346 [αὐτῶν
1490 2273 1557 2345 ⁸⁸]
1589 2275 1889 2344 ἐδυσφήμει
1915 2291 2001 2325 σε-

432 2368 621 2437 λήνην.
661 2368 724 2420 ’Π
760 2368 814 2419 δὲ
852 2368 1055 2438 σελήνη
1091 2369 1298 2439 ὑπέστη
1348 2369 1468 2421 κατ’
1497 2368 1670 2439 αὐτὴν
1699 2371 1798 2438 τὴν
1828 2368 2000 2421 νύκτα

433 2461 495 2512 ὲκ
524 2460 615 2512 τοῦ
659 2459 1089 2530 συμϐεϐηκότος.
1136 2461 1230 2513 Ἐκ
1265 2459 1453 2513 τούτου
1489 2461 1687 2514 ἐδειλία
1722 2465 1749 2514 6
1789 2462 2001 2531 Σάρϐαο

435 2569 524 2621 ρος
545 2554 586 2584 ’δί
623 2551 947 2622 προσϐαλεῖν
966 2551 1041 2622 τῷ
1066 2552 1295 2622 βασιλεῖ,
1321 2555 1416 2607 καὶ
1444 2556 1511 2607 τὰ
1540 2554 1641 2623 ὅρη
1673 2553 1996 2616 κατέλαϐεν,

434 2645 507 2707 ὡς
540 2646 816 2715 δορκάδες,
884 2646 1027 2715 ὁρῶν
1080 2648 1179 2713 τὴν
1236 2646 1581 2717 καλλίτεχνον
1600 2648 1645 2678 ⁸⁸
1706 2648 1799 2699 καὶ
1834 2647 2003 2717 σοφὴν

436 2739 770 2809 στρατηγίαν
821 2738 913 2806 ἀφ’
964 2736 1132 2807 ὕψους
1162 2738 1272 2789 τῶν
1312 2738 1620 2807 Ῥωμαίων.
1676 2740 1839 2802 Γνοὺς
1878 2740 1935 2791 δὲ
1977 2741 2004 2791 6

435 2827 687 2898 βασιλεὺς
720 2829 819 2898 τὴν
844 2828 1035 2881 τούτου
1062 2828 1283 2893 δειλίαν,
1308 2829 1523 2899 θαρρῶν
1551 2832 1607 2882 ὲν
1642 2830 1826 2893 τόποις
1852 2831 2004 2900 ηὐλί-

436 2919 637 2985 ζετοδῆ
671 2920 1031 2983 ἀναπαύσεως
1081 2922 1317 2991 πλήρης,
1351 2921 1612 2991 ἐρεθίζων
1644 2922 1831 2975 τοῦτον
1869 2922 2004 2992 πρὸς

436 3013 697 3081 πόλεμον.
727 3013 1134 3083 Κατερχόμενοι
1169 3015 1223 3066 δὲ
1253 3014 1426 3082 λάθρα
1447 3015 1538 3067 τοῦ
1564 3014 1721 3085 ὅρους
1745 3014 2006 3078 πολλάκις

441 3105 760 3174 συμπλοκάς
796 3106 1027 3175 μερικάς
1045 3105 1093 3145 ⁸⁸
1130 3106 1431 3170 ἐποιοῦντο,
1489 3105 1583 3159 καὶ
1636 3109 1693 3160 ὲν
1740 3110 1905 3159 παντὶ
1956 3109 2004 3159 οἱ

1707 412 2377 476 CHRUNOGRAPHIA.

3571 416 3676 482 638

2443 532 2701 587 immanis
2793 528 2920 584 belli
2998 529 3237 600 speciem
3326 527 3662 585 horrendam

2095 624 2413 679 exhibebat.
2492 623 2864 678 Tremendum
2942 638 3073 678 sane
3145 624 3357 693 absque
3410 623 3559 679 caede
3612 633 3667 678 et

2098 717 2345 786 periculo
2384 731 2607 770 cernere
2642 715 2840 769 licebat
2879 714 3252 784 spectaculum
3265 742 3292 783 ι,
3339 715 3404 769 ad
3440 724 3678 783 stragem

2097 808 2237 861 citra
2281 807 2604 875 sanguinem
2641 806 2903 874 impetus,
2964 811 3021 858 et
3079 804 3289 873 absque
3343 799 3679 861 necessitate

2099 899 2223 955 belli
2280 899 2601 968 specimina,
2635 905 2697 951 ut
2733 913 2798 951 ex
2838 898 2986 951 caede
3026 912 3188 966 quam
3243 897 3455 950 nullum
3499 898 3676 950 contio

2099 999 2309 1046 taretur
2374 991 2679 1060 periculum
2750 999 2971 1057 sumpto
3027 988 3359 1043 documento
3426 988 3678 1043 securior

2101 1084 2480 1152 unusquisque
2520 1088 2886 1152 permaneret.
2939 1079 3187 1148 Cumque
3236 1078 3542 1135 exercitum
3585 1079 3659 1132 ita

2101 1176 2481 1239 instruxisset,
2542 1182 2603 1228 ut
2660 1174 2929 1241 injustitia
2986 1173 3351 1233 abstinerent,
3408 1171 3667 1224 hortatus

2100 1280 2206 1326 est.
2249 1270 2419 1323 Porro
2453 1269 2547 1323 ubi
2590 1267 2653 1321 ad
2688 1267 2959 1321 Armenia
2989 1266 3123 1320 lines
3151 1266 3392 1329 intravit,
3430 1279 3676 1334 praecur-

2103 1380 2232 1420 rens
2290 1364 2574 1418 hostilium
2631 1364 2876 1431 equitum
2949 1372 3126 1413 turma
3169 1360 3553 1426 imperatorem
3610 1372 3677 1411 ex

2105 1457 2402 1526 improviso
2433 1454 2635 1507 adoriri
2660 1452 2955 1507 consilium
2998 1461 3218 1520 ceperat
3256 1467 3269 1503 :
3316 1449 3670 1517 imperatoris

2104 1561 2280 1602 autem
2326 1559 2693 1616 przecursores
2719 1542 2829 1594 illis
2870 1541 3084 1593 obviam
3129 1539 3280 1601 facti,
3323 1538 3674 1593 adversario-

2104 1657 2227 1694 rum
2265 1639 2406 1693 duce
2452 1635 2691 1690 vinculis
2742 1634 3076 1701 niancipato.
3136 1642 3191 1685 et
3250 1632 3315 1684 ad
3369 1628 3679 1684 Heraclium

2103 1733 2290 1795 ducto,
2334 1744 2549 1784 necnon
2586 1725 2881 1779 comitibus
2910 1725 3030 1791 eius
3056 1723 3212 1783 fusis,
3240 1722 3483 1789 reliquos
3509 1722 3679 1774 annis

2105 1827 2447 1880 deleverunt.
2500 1819 2790 1891 Ingruente
2825 1832 2954 1871 vero
2990 1817 3188 1880 hieme,
3223 1830 3344 1867 cum
3390 1812 3679 1867 Ponticum

2103 1919 2265 1973 clima
2307 1918 2607 1986 imperator
2636 1914 2880 1980 undique
2905 1907 3466 1966 circummunivisset.
3492 1905 3678 1958 hiber-

2104 2027 2227 2066 nam
2257 2012 2310 2064 in
2350 2024 2416 2063 eo
2446 2013 2829 2075 tempestatem
2880 2009 3199 2056 moraturus
3226 1999 3481 2054 barbaris
3526 1997 3680 2051 visus

2104 2113 2210 2157 est:
2234 2101 2439 2155 atclam
2462 2099 2593 2167 ipsis
2616 2110 2867 2149 reversus
2893 2093 2946 2146 in
2964 2090 3245 2146 Persidem
3271 2090 3449 2143 irruit.
3479 2086 3682 2142 Nuntio

2104 2203 2351 2263 accepto,
2403 2191 2752 2261 expeditione
2806 2186 2941 2241 adeo
3001 2189 3370 2254 inexspectata
3412 2180 3682 2252 perterriti

2104 2296 2232 2344 sunt
2272 2285 2510 2340 barbari.
2541 2284 2819 2335 Barbarus
2850 2281 3034 2349 itaque
3075 2277 3363 2331 Persarum
3408 2276 3517 2330 dux
3544 2274 3682 2329 edu-

2103 2381 2207 2434 ctis
2237 2393 2420 2433 secum
2460 2376 2631 2444 copiis
2662 2377 2714 2427 in
2739 2372 2988 2426 Ciliciam
3026 2369 3416 2439 proﬁciscitur,
3443 2383 3675 2437 sperans

2104 2486 2165 2524 se
2194 2470 2269 2523 ita
2308 2467 2607 2535 irruptione
2662 2465 2718 2517 in
2783 2461 3154 2515 Romanorum
3208 2460 3477 2513 ditionem
3526 2457 3669 2512 facta

2104 2560 2413 2615 lleraclium
2445 2573 2472 2610 a
2511 2556 2730 2611 Perside
2762 2564 3165 2608 revocaturum.
3209 2549 3288 2604 Ne
3328 2566 3457 2605 vero
3498 2549 3684 2605 Persia

2106 2651 2335 2705 ulterius
2364 2658 2646 2719 penetrata
2683 2664 2746 2700 ex
2778 2644 3049 2698 Armenia:
3083 2642 3329 2713 partibus
3380 2642 3685 2710 imperator

2104 2742 2362 2798 damnum
2398 2739 2644 2799 inferret.
2672 2739 2902 2799 veritus,
2934 2736 3001 2791 de
3032 2736 3230 2805 quovis
3259 2749 3427 2804 opere
3481 2749 3676 2803 aggre—

2105 2834 2311 2890 diendo
2371 2835 2583 2888 nullum
2648 2839 2859 2887 certum
2911 2830 3206 2883 consilium
3263 2827 3402 2881 inire
3452 2832 3685 2895 poterat.

2104 2931 2365 2983 Attamen
2412 2924 2721 2981 Romanum
2774 2924 3081 2977 exercitum
3144 2936 3171 2974 a
3220 2928 3373 2989 tergo
3422 2917 3688 2987 subsequi

2108 3020 2324 3076 tandem
2379 3026 2606 3073 coactus
2653 3022 2785 3070 est:
2829 3015 3041 3067 hostem
3082 3011 3210 3066 dolo
3267 3008 3686 3073 circumvenire,

2109 3125 2345 3180 eumque
2389 3125 2485 3180 per
2521 3117 2733 3162 noctem
2770 3107 3064 3160 obscuram
3115 3102 3318 3157 adoriri
3371 3102 3687 3156 meditatus.

452 3196 706 3267 Ῥωμαῖοι
765 3197 1159 3268 ἐπρώτευονδεί,
1197 3200 1293 3252 καὶ
1352 3199 1552 3270 θάρσος
1592 3201 1684 3251 ἐπὶ
1740 3200 1922 3251 πλεῖον
1977 3202 2003 3250 ὁ
2032 3210 2075 3267 c
2110 3204 2207 3257 Sed

1977 3202 2003 3250 ὁ
2032 3210 2075 3267 c
2110 3204 2211 3257 Sed
2240 3218 2363 3257 cum
2396 3203 2557 3269 pleno
2591 3200 2795 3253 lumine
2824 3198 2947 3251 luna
3003 3196 3321 3258 irradiaret,
3374 3202 3687 3248 commento

440 3291 664 3358 στρατϊς
725 3290 1051 3358 ἐλάμϐανεν,
1104 3291 1339 3360 όρῶντες
1394 3292 1485 3342 τὸν
1550 3291 1781 3361 βασιλέα
1839 3293 2003 3343 παντὶ

437 3381 820 3450 προπηδῶντα,
848 3384 940 3435 καὶ
980 3382 1256 3451 εὐτόλμως
1295 3380 1658 3450 πολεμοῦντα,
1693 3381 1907 3451 Πέρσης
1946 3381 2003 3433 δέ

437 3488 519 3533 τις
557 3472 661 3541 πρὸ
711 3472 890 3537 ὀλίγου
948 3475 1139 3541 χρόνου
1195 3472 1443 3541 πρόσφυξ
1504 3473 1795 3541 γενόμενος
1824 3474 1883 3525 ἐν
1928 3471 2005 3542 τῷ

442 3564 657 3633 στρατῴ
689 3564 782 3617 τοῦ
817 3566 1082 3633 βασιλέως
1122 3568 1360 3633 ἐγένετο.
1397 3561 1563 3629 Οὗτος
1596 3567 1836 3635 ἀποδράς
1871 3568 2008 3638 πρὸς

439 3658 561 3718 τους
600 3657 812 3727 Πέρσας
846 3658 1085 3726 ἀπῇλθεν
1114 3657 1350 3721 ἐλπίζων
1383 3658 1579 3722 αὐτοὺς
1607 3658 2008 3729 τὴνῬωμαίων

444 3751 732 3817 στρατείαν
770 3751 973 3803 ὀλέσαι.
1012 3750 1153 3804 Ἰδὼν
1180 3752 1236 3804 δὲ
1261 3753 1441 3804 αὐτῶν
1474 3755 1573 3823 τὴν
1601 3752 1824 3815 δειλίαν,
1870 3752 2010 3822 μετά

442 3841 674 3910 δεκάτην
707 3842 922 3910 ἡμέραν
955 3842 1087 3912 πρὸς
1116 3844 1206 3896 τὸν
1240 3843 1462 3913 βασιλέα
1497 3843 1747 3912 ἀνῆλθεν,
1782 3845 1874 3898 καὶ
1902 3846 2007 3895 πά-

448 3951 544 3987 σαν
577 3934 816 4004 άκριϐὦς
848 3936 945 4005 τὴν
968 3935 1073 3987 τῶν
1102 3934 1392 4006 βαρϐάρων
1423 3936 1695 3999 ὲξεῖπεν⁵⁶
1725 3935 2008 4005 ἀτολμίαν.

458 4026 514 4078 '0
545 4026 601 4078 δὲ
634 4026 914 4096 Σάρϐαρος
932 4028 975 4059 ⁸⁷
1015 4028 1213 4097 μηκέτι
1250 4028 1361 4098 (54)
1390 4028 1678 4097 ὑποφέρων
1705 4029 1801 4097 τὴν
1842 4032 1898 4080 ἐν
1932 4028 2012 4099 τῷ

445 4121 559 4189 ὄρει
587 4120 891 4191 διατριϐὴν,
912 4122 1230 4191 ἠναγκάσθη
1261 4122 1396 4189 πρὸς
1427 4123 1661 4192 πόλεμον
1692 4122 2012 4193 ὁρμῆσαιδθ,

447 4216 525 4274 εἰς
558 4213 683 4281 τρία
723 4212 779 4264 δὲ
815 4214 953 4284 μέρη
994 4213 1183 4266 διελὼν
1240 4214 1302 4267 τὸ
1351 4214 1666 4285 στράτευμα
1724 4214 2012 4283 κατῆλθεν,

449 4305 603 4371 ἄφνω
630 4305 943 4372 ἐπιφωσκού
955 4322 1050 4374 σης
1074 4307 1286 4375 ἡμέρας
1320 4305 1426 4373 πρὸ
1450 4306 1548 4374 τῆς
1572 4303 1667 4357 τοῦ
1699 4304 1851 4375 ἡλίου
1886 4306 2016 4356 ἀνα-

450 4393 657 4458 ϐάσεως
694 4398 1157 4466 εὐτρεπισάμενος
1198 4396 1336 4465 πρὸς
1384 4395 1641 4465 πόλεμον.
1679 4396 1735 4448 '0
1771 4396 1827 4448 δὲ
1862 4394 2017 4464 βασι-

450 4489 573 4551 λεὺς
601 4489 893 4559 προγνοὺς,
927 4491 1021 4541 καὶ
1047 4488 1310 4554 συντάξας
1332 4487 1421 4540 τὸν
1453 4470 1911 4557 στρατδν’όμοίως
1937 4488 2012 4548 εί,

2106 3296 2404 3350 frustratus
2427 3302 2531 3355 est,
2569 3300 2622 3347 et
2649 3290 2938 3346 colendum
2972 3289 3076 3343 sibi
3116 3288 3271 3358 prius
3298 3294 3509 3342 astrum
3552 3286 3692 3340 diris

2106 3389 2359 3443 omnibus
2387 3383 2791 3440 exsecrabatur.
2842 3381 3085 3449 Contigit
3120 3379 3265 3432 enim
3316 3380 3406 3431 illa
3445 3388 3601 3433 nocte
3634 3386 3693 3432 ut

2109 3481 2239 3533 luna
2269 3478 2541 3532 defectum
2580 3483 2882 3543 pateretur,
2931 3486 2994 3525 ac
3028 3471 3149 3524 ideo
3178 3469 3485 3523 subsistere
3529 3467 3687 3521 vide-

2110 3580 2281 3633 retur,
2307 3585 2370 3623 ει
2396 3582 2506 3637 quo
2544 3580 2809 3635 arrogans
2849 3563 2961 3625 ille,
2996 3577 3063 3615 ne
3095 3559 3509 3629 impressionem
3540 3558 3693 3611 face-

2111 3672 2195 3719 ret
2244 3664 2297 3715 in
2352 3661 2742 3731 imperatorem
2793 3654 2900 3709 sibi
2950 3653 3130 3717 cavit;
3170 3667 3343 3721 quare
3391 3649 3691 3704 dorcadum

2111 3770 2263 3808 more
2296 3752 2565 3806 montium
2597 3748 2884 3802 cacumina
2916 3745 3232 3814 occupavit,
3284 3743 3521 3812 indeque
3551 3755 3691 3811 pra:-

2112 3845 2319 3899 clarum
2355 3850 2406 3896 et
2430 3841 2497 3895 ad
2523 3840 2777 3893 militaris
2812 3836 3117 3906 disciplinm
3153 3841 3419 3904 prmeepta
3455 3847 3687 3901 compo-

2113 3937 2280 3991 situm
2340 3934 2587 3987 ordinem
2664 3928 2918 3983 sublimis
2979 3927 3339 3994 despiciebat.
3394 3925 3699 3994 Imperator

2112 4028 2280 4083 animi
2309 4026 2429 4095 ejus
2475 4025 2684 4078 vilitate
2727 4019 2947 4091 cognita
2992 4020 3112 4074 loca
3194 4019 3291 4073 illa
3345 4017 3595 4073 securior
3643 4024 3699 4071 et

2114 4119 2479 4176 conﬁdentior
2526 4115 2771 4178 tenebat,
2798 4122 2851 4168 et
2883 4112 3020 4167 bene
3063 4110 3272 4165 reiecto
3296 4109 3564 4173 exercitu,
3598 4107 3698 4162 ad-

2113 4212 2422 4267 versarium
2469 4210 2536 4263 ad
2595 4216 2875 4262 certamen
2920 4205 3279 4274 provocabat.
3334 4202 3518 4257 Persa:
3567 4215 3699 4254 vero

2116 4308 2256 4363 clam
2288 4320 2351 4359 ex
2397 4311 2583 4357 monte
2613 4300 3011 4356 descendentes
3073 4297 3210 4353 levia
3248 4295 3449 4365 saepius
3503 4293 3683 4347 iniere

2119 4400 2346 4471 praelia,
2415 4398 2468 4451 in
2530 4394 2736 4466 quibus
2794 4392 3053 4448 omnibus
3116 4404 3334 4459 semper
3387 4388 3702 4457 superiores

2118 4506 2344 4547 evasere
2367 4486 2625 4549 Romani,
2655 4494 2710 4540 et
2734 4484 2936 4539 robore
2968 4481 3283 4549 animisque
3314 4493 3504 4533 eorum
3532 4491 3694 4532 exer-

451 4582 599 4649 τρεῖς
636 4580 941 4648 φάλαγγας,
991 4582 1069 4642 είς
1096 4579 1196 4650 τὴν
1232 4582 1412 4650 μάχην
1440 4581 1773 4649 προήγαγεν.
1814 4578 1921 4630 Τοῦ
1961 4579 2016 4632 δὲ
2047 4566 2096 4625 D
2122 4584 2206 4639 cit'

1961 4579 2016 4632 δὲ
2047 4566 2096 4625 D
2122 4584 2268 4639 citus
2300 4582 2354 4635 in
2391 4581 2508 4634 dies
2545 4578 2878 4646 augebatur,
2908 4573 3052 4645 quod
3084 4558 3470 4643 imperatorem
3494 4570 3548 4624 in
3580 4569 3697 4638 pri-

453 4671 604 4739 ήλίου
636 4672 1018 4734 ἀνατείλαντος
1047 4672 1144 4724 καὶ
1168 4672 1259 4724 τοῦ
1296 4670 1557 4740 βασιλέως
1581 4672 1719 4724 κατὰ
1749 4672 2015 4735 ἀνατολάς

455 4763 788 4832 εδρεθέντος,
819 4764 945 4825 τοὺς
984 4764 1198 4832 Πέρσας
1229 4762 1507 4825 ἐσκότιζεν
1536 4764 1570 4833 ἠ
1599 4762 1790 4816 τούτου
1819 4762 1978 4825 ἀκτίς
2000 4779 2015 4795 ο

455 4853 571 4904 6v"
601 4853 673 4913 ὡς
704 4853 834 4905 θεὸν
865 4851 1250 4923 προσεκύνουν.
1297 4850 1355 4904 Ὀ
1384 4851 1439 4903 δὲ
1478 4850 1729 4922 βασιλεὺς
1771 4853 2018 4923 ἐσχημά-

458 4961 572 4998 τισε
614 4945 704 4997 τὸν
752 4944 879 4998 λαὸν
928 4944 1091 4997 αὐτοῦ
1138 4946 1216 5007 εἰς
1245 4943 1422 5015 φυγὴν
1446 4943 1771 5015 τραπέντας,
1805 4948 1899 4997 καὶ
1929 4945 2019 4997 λύ-

2124 4690 2268 4729 mam
2300 4674 2469 4727 aciem
2520 4671 2918 4741 prosilientem,
2970 4682 3033 4721 ac
3088 4665 3307 4721 fortiter
3349 4663 3700 4717 dimicantem

2125 4767 2328 4834 ubique
2374 4764 2641 4817 viderent.
2703 4762 2878 4815 Porro
2925 4756 3149 4829 quidam
3208 4755 3443 4810 Persica:
3495 4753 3704 4806 militiae

2126 4856 2374 4910 desertor
2404 4852 2469 4906 ad
2502 4851 2849 4921 imperatoris
2879 4857 3069 4920 partes
3096 4846 3260 4902 Persa
3295 4846 3613 4901 transierat.
3648 4845 3696 4896 ls

2128 4947 2194 5001 ad
2218 4962 2347 5002 suos
2369 4945 2555 5015 refuga
2583 4942 2862 4999 Romanas
2881 4942 3029 4996 acies
3054 4942 3121 4995 ab
3144 4941 3227 4995 eis
3264 4938 3613 5009 dissipandas
3642 4950 3706 4990 ac

1774 5055 2009 5111 VABIIE
2051 5057 2456 5115 LECTlONES.

532 5175 573 5206 ³⁷
598 5172 784 5238 κλῆμα
815 5185 843 5224 a
881 5171 917 5225 l‘.
995 5168 1155 5223 ἀδδε
1176 5168 1455 5239 Σάρϐαρος
1478 5181 1528 5230 c,
1556 5171 1584 5223 6
1605 5169 1660 5222 δὲ
1697 5167 2145 5239 βάρϐαροςνυίεη
2171 5184 2295 5223 vera
2323 5166 2556 5223 nominis
2582 5164 2753 5239 forma
2774 5163 2911 5217 intra
2940 5178 3092 5239 pag._
3118 5162 3244 5239 476,
3309 5160 3411 5239 legi
3445 5160 3659 5239 videtur
3691 5178 3705 5215 :

465 5243 840 5313 Σαρϐαραζάς.

939 5242 981 5312 ξ’
1015 5241 1266 5312 βεϐηκότι
1295 5256 1347 5293 a.

464 5310 614 5368 latet.
656 5310 731 5343 ἡδί
767 5318 795 5364 ὸ
855 5310 1090 5375 Σοϐαοὸς
1133 5310 1290 5380 ναις.

1450 5239 1495 5269 ’⁵ο
1526 5230 1965 5293 αιιοτιιίιιάὐτῶν
1993 5230 2278 5292 delcttdum
2309 5241 2541 5298 videtur,
2571 5238 2669 5287 nisi
2714 5235 2857 5289 forte
2907 5230 3251 5301 participium
3295 5231 3515 5301 aliquod
3553 5230 3603 5280 in
3631 5245 3706 5301 eo

1367 5310 1411 5341 “
1444 5311 1805 5379 καλλιτεχνον
1833 5308 1871 5373 f,
1898 5310 2223 5379 καλήτεχνον
2248 5324 2300 5373 a,
2325 5307 2668 5379 καλλίστιχον
2693 5306 2836 5379 vulg.

2913 5298 2961 5333 “
2988 5298 3255 5372 ηὐλίζετο]
3287 5299 3536 5372 ὐηλίςετο
3556 5298 3703 5372 vuig.

464 5385 509 5414 “
530 5382 759 5453 μερικάς
778 5396 931 5435 om.a
955 5368 1408 5453 [β”ίὲπριὶἶτευον
1432 5378 1472 5448 1⁵,
1498 5368 1871 5450 ὲπρωτέρευον
1895 5368 2044 5449 νυὶέ.
2102 5368 2167 5411 ’λ’
2190 5368 2421 5444 ὲξείπείν
2456 5377 2492 5431 f.
2567 5368 2610 5408 εί
2634 5378 2661 5427 6
2686 5375 2746 5427 δὲ
2768 5368 3017 5441 Σοϐαρὸς
3038 5375 3180 5443 vulg.
3223 5368 3269 5403 ⁸³
3306 5368 3532 5440 ὁρμίσαι
3561 5370 3706 5440 vulg.

1746 5513 1889 5570 JAC.
1926 5512 2137 5569 GOARI
2170 5514 2407 5570 ΝΟΤᾸΞ.

461 5458 506 5485 δ’
530 5456 612 5526 ὃν]
646 5456 713 5524 ἢν
740 5467 770 5507 a
805 5456 841 5505 ι·.

534 5643 645 5711 (55)
682 5640 917 5710 Legebat
941 5638 1271 5711 Anastasius
1303 5637 1621 5711 άποκλίνας,
1654 5636 1819 5711 vertit
1846 5636 2017 5711 siqui-

466 5706 609 5774 dem.
630 5706 951 5780 quia'hieme
984 5710 1285 5769 accedente,
1316 5709 1442 5772 imp.
1462 5707 1530 5780 ad
1554 5706 1840 5780 Ponticum
1858 5708 2015 5780 clinm

469 5777 698 5842 diuertit.
738 5783 900 5835 risum
942 5790 1019 5835 cst
1069 5780 1306 5833 barbaris
1355 5778 1589 5834 obsidere
1628 5777 1776 5831 illum
1825 5777 1879 5829 in
1924 5777 2016 5829 hoc

470 5858 497 5905 it
507 5864 724 5905 :eutaulc
735 5870 801 5905 ιη.

470 5870 801 5907 meme-mem.

2194 5634 2302 5704 (54)
2329 5634 2655 5690 Anastasius
2689 5648 2909 5686 rursum
2947 5628 3286 5704 exemplaria
3318 5632 3510 5704 nostra
3540 5622 3707 5704 falsi-

2125 5693 2253 5760 tatis
2268 5693 2541 5759 convincit
2562 5706 2662 5757 hac
2691 5693 3171 5771 interpretatione:
3204 5702 3269 5751 At
3289 5712 3405 5751 vero
3427 5693 3694 5751 Sarbarus

2126 5778 2264 5831 ullru
2289 5776 2750 5830 commorationem
2772 5789 2875 5828 non
2910 5772 3104 5836 ferens,
3136 5778 3246 5825 etc.
