4444 6436
391 418 497 481 645

1701 414 1796 474 CII
1805 412 2355 473 RONOGRAPIIIA

3541 418 3646 481 646

394 541 576 609 ὴνυεν.
612 537 671 589 Ὀ
719 536 775 590 δὲ
824 535 1182 606 Σαραϐλαγᾶς
1216 534 1302 587 διὰ
1334 533 1525 602 στενῆς
1571 532 1712 596 ἰδοῦ,
1759 532 1833 595 ὡς
1883 532 1969 585 διὰ
2002 537 2041 592 Λ
2075 532 2145 587 Pe

1884 532 1969 585 διὰ
2002 537 2041 592 Λ
2075 532 2318 587 Persiam
2356 531 2574 602 agebat,
2607 532 2733 587 licet
2774 533 2844 588 ob
2880 534 3123 589 locorum
3165 535 3486 591 distantiam
3530 540 3639 593 lon-

398 631 663 699 συντόμου
692 622 946 700 ἤλαυνεν,
978 627 1072 680 τοῦ
1104 626 1401 697 προλαϐεῖν
1427 626 1591 678 αὐτὸν
1630 626 1685 676 ἐν
1714 628 1780 693 τῇ
1818 622 1971 693 χώρᾳ

396 722 678 793 ιίερσίὸῡς.
722 721 780 774 '0
827 720 1147 789 Ἡράκλειος
1174 720 1230 772 δὲ
1266 718 1498 789 παρῄνει
1536 717 1613 786 τῷ
1642 716 1758 785 λαῷ
1778 715 1967 782 λέγων’

400 815 729 883 Ἔγνωμεν,
780 814 1057 883 ἀδελφοὶ,
1098 815 1178 878 ὡς
1207 814 1246 881 ἡ
1294 812 1544 881 στρατιὰ
1575 811 1694 863 τῶν
1727 809 1973 877 Περσῶν

397 908 466 959 ἐν
498 906 624 972 τοῖς
674 907 995 973 δυσϐάτοις
1048 907 1255 971 τόποις
1296 905 1679 972 πλανωμένη,
1720 904 1861 966 τούς
1909 918 1973 954 τε

399 1000 623 1063 ἵππους
684 998 874 1063 αὐτῆς
920 999 1215 1065 παραλύει
1270 997 1369 1049 καὶ
1416 995 1638 1059 αὐτοὺς
1678 993 1968 1060 ἑκνευροῖ.

413 1092 610 1160 Ἡμεῖς
641 1093 708 1143 δὲ
732 1093 1097 1160 σπεύσωμεν
1124 1091 1273 1143 κατὰ
1304 1092 1570 1157 Χοσρόου
1601 1088 1866 1157 χωρῆσαι
1903 1088 1973 1140 ἐν

399 1182 606 1247 πολλῷ
644 1181 828 1252 τάχει,
868 1182 1021 1237 ὥστε
1044 1184 1112 1235 ἐκ
1145 1181 1253 1235 τοῦ
1278 1181 1735 1250 ἀπροσδοκήτου
1774 1183 1820 1217 ⁷⁵
1843 1180 1972 1232 ἐπι-

399 1276 691 1341 πεσόντες
709 1274 896 1328 αὑτὸν
933 1274 1375 1342 θορυϐήσωμεν.
1430 1273 1488 1326 '0
1519 1272 1574 1325 δὲ
1602 1273 1726 1335 λαὸς
1757 1274 1817 1324 οὐ
1845 1290 1969 1324 συν-

399 1366 712 1419 εϐουλεύετο
733 1366 889 1418 τοῦτο
916 1366 1158 1434 ποιῆσαι,
1196 1366 1427 1432 μάλιστα
1461 1365 1510 1418 οί
1528 1365 1635 1417 τῶν
1661 1363 1851 1428 Λαζῶν
1880 1366 1972 1417 καὶ

401 1457 507 1509 τῶν
537 1456 821 1524 ’Δϐασγῶν
845 1456 956 1525 (6'5)
990 1456 1215 1509 καὶτῶν
1250 1455 1480 1525 Ἰϐήρων
1528 1456 1826 1525 σύμμαχοι.
1852 1457 1973 1507 Ἐν-

401 1547 590 1599 τεῦθεν
620 1551 676 1600 ὲν
704 1551 1004 1617 συμφοραῖς
1038 1547 1427 1618 περιπίπτουσι
1450 1549 1520 1600 ’⁵.
1556 1547 1833 1600 Κατέλαϐε
1864 1548 1972 1617 γὰρ

404 1638 762 1709 Σαρϐαραζᾶς
822 1641 961 1709 μετὰ
1010 1640 1104 1692 τοῦ
1158 1640 1286 1693 λαοῦ
1335 1640 1501 1694 αὐτοῦ
1532 1639 1623 1703 οὓς
1673 1640 1972 1703 ἐξώπλιζεν

403 1730 654 1799 Χοτρόης
692 1732 838 1801 πάσῃ
877 1731 1125 1798 δυνάμει,
1151 1733 1246 1784 xui.
1280 1732 1597 1785 ἀπέστειλεν
1625 1731 1764 1785 κατὰ
1808 1732 1972 1800 Ἠρα-

404 1823 583 1875 κλείου
616 1822 704 1876 διὰ
737 1825 835 1893 τῆς
870 1825 1179 1893 Ἀρμενίας.
1205 1824 1555 1894 Σαραϐλαγᾶς
1596 1825 1651 1877 δὲ
1692 1824 1969 1893 ἠκολούθει

2073 626 2210 695 giuri
2278 640 2427 678 mora
2482 624 2745 693 perﬁcere
2798 636 3106 694 cogeretur.
3164 628 3232 682 At
3294 628 3649 699 Sarablagus,
3722 614 3731 621 ’

2073 733 2183 785 quo
2219 717 2603 788 imperatorem
2638 728 3008 788 praevertcrct,
3044 735 3139 787 per
3182 722 3325 775 viam
3358 733 3650 789 angustum

2073 809 2224 862 velut
2266 810 2441 877 magis
2471 809 2937 879 compendiariam
2988 812 3040 864 in
3081 811 3323 866 Persiam
3355 814 3652 883 procedere

2074 903 2284 957 statuit.
2318 900 2602 956 Heraclius
2639 904 2865 971 proinde
2896 904 3076 960 verbis
3128 906 3437 961 istiusmodi
3485 922 3649 963 excr-

2073 997 2244 1049 citum
2334 995 2649 1048 animabat:
2704 996 2991 1051 Persarum
3044 999 3329 1052 eaercitum
3388 1000 3651 1068 iptpertu'is

2075 1088 2202 1141 locis
2260 1103 2397 1139 nunc
2459 1098 2721 1140 errantem
2768 1104 2924 1158 equos
2985 1092 3188 1157 penitus
3241 1092 3537 1161 defatigare
3591 1109 3651 1145 ac

2073 1178 2272 1231 viribus
2347 1179 2629 1232 exhaurire
2694 1181 2954 1246 novimus,
3025 1181 3264 1249 fratres:
3315 1182 3651 1248 quamobrem

2075 1270 2351 1325 Chosroem
2393 1270 2607 1340 aggredi
2654 1286 2769 1323 cum
2816 1273 2981 1324 multa
3019 1272 3283 1327 celeritate
3323 1275 3652 1343 festinemus,

2076 1373 2131 1416 ut
2173 1378 2236 1415 ea:
2287 1363 2573 1431 improviso
2613 1363 2891 1429 irruentes,
2931 1380 3047 1417 eum
3079 1366 3132 1417 in
3166 1379 3355 1418 metum
3386 1377 3433 1419 et
3474 1369 3652 1437 fugam

2075 1453 2443 1521 conjiciantus.
2493 1451 2784 1506 Exercitus
2836 1468 3020 1523 porro,
3070 1470 3135 1507 ex
3190 1452 3350 1510 Lazis
3396 1458 3650 1518 maxime,

2076 1546 2307 1615 Abasgis
2345 1553 2399 1598 et
2436 1544 2605 1599 lberis
2638 1544 2773 1601 socii
2817 1547 3107 1599 consilium
3142 1546 3453 1615 bujusmodi
3499 1562 3651 1601 exsc-

2073 1641 2167 1710 qui
2221 1638 2640 1703 aversabantur,
2676 1654 2739 1691 cx
2783 1652 2894 1708 quo
2942 1637 3159 1691 demum
3195 1641 3385 1707 ingens
3429 1638 3651 1693 suborta

2073 1729 2377 1784 calamitas.
2429 1728 2763 1783 Sarbarazas
2819 1728 2964 1783 enim
3009 1728 3076 1784 iis
3126 1743 3263 1798 quas
3318 1727 3653 1784 instruxerat

2074 1820 2347 1875 Cbosroes
2377 1820 2547 1889 copiis
2575 1820 2888 1887 adjunctus,
2923 1818 3086 1873 simul
3122 1823 3243 1872 cuin
3280 1818 3507 1890 reliquis
3539 1821 3654 1875 suis

403 1914 467 1965 ἐκ
496 1914 606 1965 τῶν
633 1914 859 1966 ὄπισθεν
904 1915 1091 1979 αὑτοῦ,
1149 1916 1241 1966 καὶ
1266 1916 1326 1967 οὐ
1363 1914 1652 1967 συνέϐαλεν
1698 1915 1841 1985 αὐτῷ
1888 1917 1969 1967 ὲκ·
2000 1886 2045 1947 Β
2075 1926 2158 1979 agt

1895 1886 2385 1979 tx-Bagminibus
2445 1925 2538 1979 per
2615 1910 2927 1963 Armeniam
3001 1910 3267 1964 adversus
3337 1909 3650 1965 Heracliqu

401 2003 686 2075 δεχόμενος
715 2004 979 2072 ἐνωϐἦναι
1009 2005 1084 2074 τῷ
1108 2005 1453 2076 Σαρϐαραζᾷ,
1489 2008 1581 2059 καὶ
1598 2007 1738 2060 οὕτω
1765 2008 1856 2060 τὸν
1878 2008 1973 2059 πό-

401 2096 453 2149 λε
464 2115 563 2166 μον
590 2097 978 2167 συστήσασθαι.
1001 2099 1222 2161 Γνόντες
1239 2098 1294 2151 δὲ
1316 2100 1364 2151 οἱ
1382 2100 1637 2169 Ῥωμαῖοι
1666 2102 1763 2170 τὴν
1785 2100 1971 2168 ἔφοδον

401 2188 498 2239 τοῦ
525 2188 853 2258 Σαρϐαραζᾶ
886 2192 966 2252 εἰς
995 2189 1195 2242 δειλίαν
1224 2190 1557 2260 ἐτράπησαν,
1586 2192 1679 2244 καὶ
1706 2194 1817 2255 τοῖς
1844 2192 1971 2244 ποσὶ

400 2279 494 2332 τοῦ
568 2279 830 2349 βασιλέως
893 2282 1227 2351 προσέπεσον
1275 2282 1503 2354 δάκρυσι
1587 2284 1971 2352 μετανοοῦντες

400 2372 486 2426 διὰ
513 2373 609 2443 τὴν
632 2374 814 2436 κακῶς
858 2376 1157 2444 γενομένην
1184 2375 1361 2428 αὐτῶν
1392 2376 1697 2446 παρακοήν,
1754 2377 1970 2444 γνόντες

399 2462 509 2518 οἷον
542 2467 706 2519 κακόν
760 2468 875 2518 ἐστι
920 2466 1103 2520 δοῦλον
1140 2468 1214 2538 μὴ
1240 2470 1410 2519 εἴκειν
1444 2471 1556 2528 τοῖς
1582 2470 1677 2520 τοῦ
1707 2470 1969 2522 δεσπότου

403 2555 773 2625 βουλεύμασν
839 2559 932 2609 καὶ
996 2556 1212 2623 ἔλεγονο
1276 2559 1397 2625 Τὴν
1471 2559 1638 2627 χεῖρὰ
1687 2575 1825 2625 σου,
1874 2559 1971 2613 δέ·

400 2663 596 2700 σποτα
620 2646 753 2716 (64),
783 2646 924 2714 πρὶν
971 2647 1269 2700 ἀπολέσαι
1306 2646 1453 2715 ἡμᾶς
1507 2649 1650 2714 τοὺς
1685 2651 1967 2715 ἀθλίουςο

400 2736 641 2803 εἴχομεν
679 2736 790 2804 γάρ
844 2754 963 2800 σοι,
1019 2737 1090 2789 ἐν
1139 2732 1229 2803 οἷς
1267 2738 1346 2790 ἂν
1392 2740 1650 2806 κελεύῃς
1686 2740 1752 2793 ⁷⁸.
1786 2740 1917 2793 Τότε
1943 2744 1971 2794 ό

402 2825 653 2894 βασιλεὺς
707 2828 972 2880 ἔσπευσεν
1008 2828 1306 2895 συμϐαλεῖν
1334 2830 1411 2900 τῷ
1452 2832 1803 2901 Σαραϐλαγᾷ,
1842 2835 1969 2905 πρὶν

400 2920 663 2987 ἐνωῦἧναι
687 2920 764 2989 τῷ
789 2919 905 2989 λαῴ
934 2921 1025 2973 τοῦ
1047 2920 1376 2991 Σαρϐαραζᾶ
1396 2937 1409 2949 °
1445 2923 1535 2974 καὶ
1560 2922 1757 2987 πολλὰς
1782 2924 1970 2994 ἐκδρο-

402 3011 508 3079 μὰς
539 3013 659 3065 κατ’
689 3011 853 3065 αὑτοῦ
887 3011 1255 3081 ποιησάμενος
1290 3014 1347 3065 ὲν
1382 3013 1538 3066 νυκτί
1567 3031 1626 3065 τε
1646 3014 1739 3067 καὶ
1760 3016 1965 3085 ἡμέρᾳ,

399 3101 478 3161 είς
504 3100 705 3152 δειλίαν
763 3101 923 3153 αὑτὸν
970 3103 1348 3171 κατέστησεν·
1400 3105 1493 3156 καὶ
1540 3104 1768 3157 ὄπισθεν
1800 3106 1967 3168 ἐάσας

397 3192 523 3253 τοὺς
549 3193 891 3262 ἀμφοτέρους
921 3193 1063 3244 κατὰ
1094 3193 1335 3264 Χοσρόου
1365 3196 1502 3263 μετὰ
1540 3197 1777 3267 σπουδῆς
1801 3198 1969 3267 ἧλαυ-
1991 3222 2034 3283 C

398 3299 510 3336 νεν.
537 3282 907 3353 Δὺτομολοῦσι
962 3284 1018 3337 δὲ
1064 3284 1155 3337 δύο
1190 3286 1297 3338 τῶν
1362 3286 1650 3355 Ῥωμαίων
1684 3289 1817 3358 πρὸς
1842 3292 1966 3353 τοὺς

397 3374 633 3442 Πέρσας,
682 3379 774 3429 καὶ
808 3376 1085 3428 πείθουσιν
1114 3378 1311 3440 αὐτοὺς
1339 3380 1403 3432 ὲκ
1449 3380 1809 3451 δειλανδρείας
1836 3382 1968 3449 φεύ-

397 3482 516 3532 γειν
568 3467 692 3529 τοὺς
728 3467 1049 3535 Ῥωμαίους.
1109 3462 1309 3521 Ἦλθεν
1350 3470 1407 3521 δὲ
1446 3472 1629 3533 αὐτοῖς
1663 3472 1760 3524 καὶ
1808 3475 1964 3544 φήμη

396 3560 594 3629 ἑτέρα,
642 3560 734 3611 τὸν
785 3561 931 3630 Σάην
979 3562 1281 3630 στρατηγὸν
1328 3563 1552 3633 Περσῶν
1618 3564 1969 3633 καταλαμδάο

396 3667 506 3701 νειν
558 3651 678 3721 μεθ’
721 3653 908 3721 ἑτέρου
967 3653 1376 3722 στρατεύματος
1434 3658 1514 3718 είς
1551 3657 1836 3727 βοήθειαν·
1871 3659 1966 3711 καὶ

394 3740 553 3793 τοῦτο
589 3742 849 3809 μαθόντες
892 3743 1250 3813 Σαρϐαραζᾶς
1288 3746 1383 3797 καὶ
1435 3747 1792 3817 Σαραϐλαγᾶς
1819 3754 1966 3821 inrui-

396 3833 611 3886 νίσαντο
656 3833 979 3903 προσϐαλεῖν
1037 3836 1113 3905 τῷ
1168 3836 1473 3907 Ἡρακλείῳ
1519 3840 1656 3910 πρὸς
1708 3842 1962 3912 πόλεμον,

398 3927 526 3994 πρὶν
573 3925 605 3994 ἢ
658 3926 857 3993 φθάσαι
914 3928 1006 3978 τὸν
1065 3928 1248 3998 Σάην,
1303 3930 1395 3982 καὶ
1439 3931 1539 4001 τῆς
1580 3932 1737 4001 νίκης
1791 3936 1966 4006 ἑαυτῷ

399 4019 738 4084 μετενεγκεῖν
778 4017 835 4071 τὸ
880 4018 1054 4079 κλέος.
1093 4018 1486 4084 Πιστεύσαντες
1517 4023 1561 4053 ⁷⁷
1595 4024 1653 4077 δὲ
1707 4026 1800 4078 καὶ
1851 4030 1964 4092 τοῖς

396 4110 733 4178 αὐτομόλοις,
766 4108 1048 4179 ἐχώρησαν
1095 4111 1237 4165 κατὰ
1279 4111 1600 4183 Ἡρακλείου
1626 4132 1642 4149 ο
1693 4117 1789 4170 καὶ
1824 4118 1963 4189 πλη-

398 4202 681 4263 σιάσαντες
738 4200 885 4270 αὑτῷ
938 4201 1298 4272 ἠπλίκευσαν,
1350 4204 1658 4277 βουλόμενοι
1706 4209 1822 4279 ἅμα
1884 4210 1964 4282 τῷ

395 4292 539 4363 πρωῒ
601 4294 917 4363 συμϐαλεῖν.
989 4295 1048 4347 Ὀ
1092 4295 1150 4348 δὲ
1207 4295 1528 4365 Ἡράκλειος
1584 4301 1806 4371 ἀπάρας
1856 4304 1963 4356 ἀπὸ

395 4385 653 4453 ἑσπέρας.
710 4386 940 4439 ὦδευσεν
962 4387 1027 4440 δέ
1041 4386 1183 4458 ὅλης
1226 4389 1325 4456 τῆς
1364 4392 1559 4454 νυκτός
1578 4407 1594 4422 ⁸
1623 4394 1717 4448 καὶ
1744 4397 1964 4465 μακρὰν

394 4476 680 4557 γενόμενος
701 4477 796 4531 ἀπ’
821 4478 999 4530 αὐτῶν
1031 4478 1079 4511 ’⁸
1105 4480 1281 4548 εὑρών
1307 4496 1367 4532 τε
1390 4482 1435 4512 ⁷³
1453 4482 1632 4535 πεδίον
1659 4484 1965 4557 χλοηφόρον

2073 1999 2319 2054 incessit.
2354 1999 2683 2069 Surablagas
2738 2014 2904 2067 porro
2938 1998 3323 2068 imperatorem
3379 2014 3517 2069 pone
3560 2016 3652 2054 sc:-

2071 2103 2251 2157 cutus,
2292 2092 2357 2145 ad
2415 2106 2769 2161 congressum
2821 2106 2928 2145 non
2979 2092 3295 2146 descendit:
3337 2090 3652 2146 Sarbarazae

2071 2186 2272 2256 quippe
2337 2184 2636 2254 adjungere
2698 2199 2757 2238 se
2806 2182 3080 2247 studebat,
3123 2194 3285 2254 atque
3325 2184 3398 2238 ita
3446 2184 3648 2238 bellum

2071 2280 2431 2334 committere.
2486 2277 2719 2331 Romani
2762 2278 2984 2347 cognito
3035 2275 3353 2332 Sarbarazaz
3413 2277 3648 2332 adventa

2073 2378 2219 2424 metu
2269 2369 2658 2439 percelluntur,
2694 2377 2748 2423 et
2795 2371 2952 2422 mala‘.
2983 2369 3236 2423 admissa:
3287 2372 3651 2428 contumacia:

2073 2460 2421 2527 pmnitenles,
2474 2466 2738 2526 quantum
2790 2460 2993 2512 malum
3045 2460 3117 2514 sit
3163 2475 3378 2515 servum
3439 2462 3647 2518 dcmini

2071 2552 2321 2606 consiliis
2367 2567 2474 2605 non
2527 2567 2719 2621 parere
2774 2552 2930 2618 fassi,
2967 2552 3035 2607 ad
3088 2553 3439 2624 imperatoris
3485 2558 3649 2629 pedes

2079 2659 2206 2697 cum
2243 2644 2503 2712 lacrymis
2536 2646 2867 2713 procidunt,
2893 2654 2987 2700 ct:
3022 2646 3300 2701 Dexteram
3346 2660 3514 2715 tuam,
3566 2652 3650 2707 in-

2070 2737 2288 2805 quiunt,
2351 2737 2580 2797 domine,
2650 2738 2859 2807 porrige
2934 2738 3299 2805 osculandam,
3342 2741 3649 2814 priusquam

2070 2830 2252 2882 miseri
2304 2843 2619 2891 pereamus:
2658 2830 2755 2883 tibi
2789 2831 2980 2884 etenim
3024 2833 3093 2883 ad
3144 2833 3401 2902 placitum
3437 2838 3651 2906 obsequi

2070 2922 2246 2988 parati
2304 2938 2503 2976 sumus.
2560 2920 2713 2975 Tunc
2770 2922 3065 2992 imperator
3116 2925 3450 2997 Sarablagaz,
3491 2937 3649 2983 ante-

2069 3028 2231 3081 quam
2273 3014 2589 3077 Sarbaraza:
2619 3015 2888 3069 exercitui
2936 3014 3348 3086 adiungeretur,
3381 3019 3514 3073 inita
3548 3035 3650 3092 pu-

2071 3119 2172 3173 gna
2236 3104 2379 3158 vires
2412 3105 2647 3174 experiri
2698 3115 2889 3171 tentat,
2938 3109 3261 3179 crebrisque
3311 3118 3425 3164 tum
3481 3122 3647 3167 noctu

2070 3204 2183 3248 tum
2238 3198 2477 3251 interdiu
2512 3198 2671 3253 tactis
2708 3199 2761 3253 in
2808 3214 2933 3253 eum
2968 3202 3409 3267 excursionibus,
3447 3202 3502 3257 in
3536 3220 3647 3260 me-

2071 3299 2183 3341 tum
2235 3296 2289 3343 et
2335 3289 2502 3343 animi
2567 3292 2874 3345 molestiam
2926 3293 3171 3360 conjicit.
3225 3295 3362 3349 Tum
3414 3304 3647 3367 utroque

2069 3386 2191 3446 post
2236 3393 2294 3431 se
2350 3378 2537 3432 relicto
2587 3379 2748 3433 celeri
2798 3395 2988 3449 gressu
3042 3382 3305 3437 adversus
3350 3383 3645 3442 Cliosroem

2068 3468 2367 3521 contendit.
2420 3467 2535 3521 Duo
2569 3483 2696 3522 vero
2737 3469 2939 3524 milites
2978 3468 3240 3525 Romanis
3278 3473 3525 3542 partibus
3552 3475 3647 3528 de-
3696 3517 3710 3528 .

2067 3561 2230 3616 sertis
2262 3561 2327 3615 ad
2360 3559 2557 3617 Persas
2586 3561 3032 3631 transfugientes.
3067 3579 3163 3619 eos
3190 3579 3256 3619 ex
3303 3575 3448 3619 metu
3504 3565 3645 3636 fugze

2066 3669 2125 3708 se
2188 3653 2406 3708 dedisse
2470 3655 2824 3723 persuadent.
2875 3654 2980 3708 Sed
3037 3666 3091 3709 et
3137 3655 3278 3711 alius
3337 3672 3525 3712 rumor
3568 3658 3644 3712 ad
3713 3686 3718 3696 ι

2066 3745 2263 3802 Persas
2310 3746 2544 3809 delatus,
2584 3744 2745 3800 Saem
2774 3745 3029 3799 nimirum
3073 3746 3266 3802 ducem
3307 3762 3431 3802 cum
3471 3749 3646 3804 altero

2066 3838 2308 3891 exercitu
2341 3838 2624 3906 suppetias
2655 3839 2865 3891 venire.
2903 3839 3106 3892 Audito
3138 3840 3354 3905 nuntio,
3378 3839 3645 3895 Sarbara-

2067 3945 2160 3983 zas
2197 3939 2253 3983 et
2283 3928 2611 3999 Sarablagas
2661 3944 2784 3983 cum
2837 3928 3089 3983 Heraclio
3118 3930 3185 3985 ad
3260 3947 3493 4002 pugnam
3548 3932 3642 3986 de-

2080 4021 2345 4076 scendere
2384 4020 2776 4090 properabant,
2840 4021 3159 4090 priusquam
3218 4020 3474 4075 nimirum
3510 4021 3643 4077 Saes

2065 4111 2367 4175 adveniret,
2429 4120 2483 4165 et
2544 4112 2788 4165 victoriae
2851 4111 3080 4179 gloriam
3156 4126 3374 4166 omnem
3448 4112 3513 4166 ad
3583 4130 3643 4169 se

2064 4206 2414 4261 transferret.
2440 4204 2619 4268 Quare
2649 4204 2775 4258 data
2812 4202 3194 4259 desertoribus
3225 4203 3348 4264 ﬁde,
3375 4203 3641 4260 adversus

2064 4296 2376 4350 Heracliam
2431 4295 2705 4364 progressi
2755 4302 2916 4349 sunt:
2950 4303 3005 4348 et
3034 4295 3145 4364 jam
3188 4296 3421 4364 proximi
3458 4304 3640 4351 castra

2064 4388 2251 4443 metati
2279 4394 2429 4448 sunt.
2472 4387 2635 4442 simul
2667 4400 2790 4440 cum
2826 4389 3081 4455 sequenti
3116 4388 3238 4441 luce
3268 4401 3463 4442 manus
3491 4402 3641 4441 com-

2063 4481 2281 4535 mittere
2307 4479 2686 4534 decernentes.
2720 4476 3005 4532 Heraclius
3055 4479 3159 4533 sub
3191 4493 3474 4547 vesperam
3508 4478 3635 4534 inde

395 4552 728 4634 ῆπλίκευσεν
780 4569 839 4620 ἐν
868 4569 1036 4641 αὐτῷ.
1075 4572 1140 4623 Ui
1167 4572 1224 4625 δὲ
1254 4573 1526 4644 Βάρϐαροι
1555 4552 1960 4645 νομίσαντες-ὲκ
1990 4578 2036 4634 D
2065 4573 2145 4627 sol

1895 4580 1960 4631 ὲκ
1990 4578 2036 4634 D
2065 4573 2302 4637 solvens,
2334 4578 2447 4625 tota
2498 4578 2659 4625 nocte
2709 4568 2909 4624 itinere
2952 4569 3226 4634 confecto,
3262 4584 3386 4624 mox
3442 4584 3637 4639 campo

393 4658 593 4721 δειλίας
646 4660 892 4728 φεύγειν,
928 4663 1188 4732 ἀκόσμως
1221 4666 1455 4735 ἤλαυνον
1485 4666 1582 4720 τοῦ
1629 4669 1961 4724 καταλαϐεῖν

394 4750 609 4812 αὐτούς.
668 4753 838 4815 Αὐτὸς
897 4753 954 4805 δὲ
986 4755 1300 4826 ὑπαντήσας
1350 4759 1535 4822 αὐτοῖς
1585 4760 1631 4792 ³⁸
1692 4762 1957 4833 ἐκρότησε

395 4840 627 4911 πόλεμον
657 4845 777 4897 κατ’
799 4845 998 4899 αὐτῶν.
1047 4849 1381 4902 Καταλαϐὼν
1418 4849 1474 4902 δὲ
1507 4850 1694 4919 βουνόν
1717 4871 1836 4907 τινα
1863 4856 1957 4907 ἁλ-

395 4930 534 4999 σώδη
565 4933 655 4984 καὶ
699 4934 1077 5013 ὲπισωρειύσας
1102 4936 1193 4988 τὸν
1224 4938 1350 4990 λαὸν
1386 4939 1572 5003 αὑτοῦ,
1602 4943 1666 5009 τῇ
1694 4942 1790 4993 τοῦ
1820 4942 1956 4996 Θεοῦ

392 5023 679 5093 συνεργεία
730 5025 917 5095 τρέπει
974 5026 1099 5091 τοὺς
1141 5029 1356 5099 Πέρσας
1381 5031 1448 5095 ει,
1481 5032 1575 5083 καὶ
1619 5032 1842 5099 τούτους
1866 5036 1954 5088 διὰ

2063 4665 2260 4721 virenti
2312 4666 2555 4727 invento,
2607 4663 2661 4716 in
2726 4676 2794 4717 eo
2840 4671 3018 4717 castra
3070 4663 3354 4732 applicuit.
3412 4662 3636 4717 Barbari

2064 4758 2189 4829 fuga
2245 4757 2474 4812 salutem
2512 4770 2755 4825 quaerere
2803 4756 2932 4817 rati,
2965 4756 3114 4809 nullo
3156 4766 3374 4809 servato
3420 4754 3634 4821 ordine,

2063 4861 2121 4905 nt
2173 4865 2293 4905 cum
2361 4855 2807 4918 assequerentur,
2863 4847 3295 4915 procurrebant:
3351 4854 3465 4900 tum
3517 4845 3634 4913 ipse

2061 4942 2202 5000 facie
2221 4944 2274 4997 in
2304 4957 2399 4998 eos
2426 4956 2600 5005 versa,
2632 4954 2758 4995 acre
2790 4955 2913 4993 cum
2949 4940 3015 4993 iis
3054 4939 3173 4993 iniit
3202 4939 3468 5009 praelium.
3496 4938 3631 4991 Cum

2058 5037 2201 5092 enim
2265 5034 2456 5090 collem
2512 5031 2807 5103 quemdam
2864 5046 3214 5086 nemorosum
3282 5037 3628 5101 occupasset,

1682 5170 1916 5227 γΑιιιΑς
1965 5171 2372 5231 LECTIONES.

1085 5239 1104 5265 ι

526 5304 963 5386 ἀπροσδοκήτους
984 5304 1139 5386 ‘vnlg.

391 5375 549 5431 redit.
628 5375 673 5405 "
700 5377 795 5427 καὶ

391 5445 703 5519 βαρϐάρους
738 5447 803 5499 Α.

1235 5306 1279 5339 ⁷⁸
1306 5305 1759 5379 περιπεπτώκασι
1789 5309 1827 5362 Γ.
1899 5312 1945 5343 ⁷⁸
1970 5313 2209 5376 κελεύεις
2241 5312 2384 5379 vulg.

628 5373 673 5405 "
700 5377 795 5427 καὶ
824 5373 1040 5445 μακρὰν
1076 5375 1363 5446 γινόμενος
1382 5373 1487 5429 ’ἀπ’
1516 5377 1698 5431 αὐτῶν
1715 5380 1846 5434 add.
1880 5398 1947 5436 ex
1976 5385 2038 5437 Α.

2459 5313 2501 5344 ⁷⁷
2542 5311 2924 5374 πιστεύσαντες
2946 5310 3001 5363 δὲ
3036 5328 3049 5365 :
3082 5310 3135 5367 It.
3164 5311 3200 5365 Ι.
3228 5312 3270 5365 Α
3308 5311 3359 5364 in
3380 5310 3649 5367 ordinem.-

2117 5385 2162 5417 "
2181 5384 2435 5453 εὑρόντες
2491 5381 2531 5438 f.
2608 5382 2654 5415 ⁸⁸
2676 5381 2874 5447 αὐτοὺς
2911 5384 2979 5448 Δ,
3013 5381 3173 5435 αὑτὸν
3205 5380 3351 5453 vulg.
3424 5381 3467 5413 "
3500 5383 3627 5446 τοὺς

1706 5560 1849 5619 JAC.
1873 5562 2082 5621 GOARI
2110 5566 2343 5623 NOTE.

456 5704 566 5783 (ᾧ)
604 5702 747 5757 Inter
775 5702 970 5763 laxos,
1001 5702 1117 5757 sive
1147 5700 1402 5767 Colchos,
1424 5708 1477 5756 et
1505 5698 1706 5766 Iberos,
1735 5702 1937 5775 Abasgi

386 5776 571 5911 "1:32).
602 5842 971 5915 Subjectionis
1008 5852 1061 5899 et
1084 5842 1261 5913 petitae
1278 5840 1763 5907 reconciliationis,
1787 5844 1947 5899 etiam

2046 5708 2454 5834 hodieunanus
2497 5710 2749 5767 osculum
2786 5711 2930 5782 apud
2961 5709 3182 5768 Graecos
3232 5706 3406 5764 defert
3456 5720 3614 5778 argu-

2054 5794 2181 5834 men
2212 5794 2324 5834 um.

2054 5794 2324 5837 mentum.
