4444 6442
369 435 474 498 725

1665 432 2348 497 CHRONOGRAPHIA.

3531 435 3638 499 726

370 551 692 625 περατικοῖς
734 548 924 620 μέρεσι
956 547 1050 601 τοῦ
1080 546 1334 612 Εὐξείνου
1361 546 1586 611 ῐιὸντου,
1645 545 1702 599 ὲν
1743 548 1809 616 τῇ
1867 545 1957 597 λε·
1989 551 2028 607 Α
2062 545 2125 600 de

1884 562 1957 597 '.E-
1989 551 2028 607 Α
2062 545 2308 602 delibare
2358 560 2538 617 operae
2594 545 2829 617 pretium
2884 546 3047 603 duco.
3109 547 3187 602 Ad
3235 545 3435 602 Euxini
3484 543 3639 603 Ponti

372 647 579 716 γομένῃ
613 641 882 698 Μαιώτιδι
908 641 1097 712 λίμνη,
1132 643 1210 703 εἰς
1263 641 1328 710 ἣν
1361 638 1644 706 εἰσάγεται
1706 638 1950 707 ποταμὸς

372 739 630 811 μέγιστος
653 734 760 789 ἀπὸ
792 733 890 788 τοῦ
927 732 1172 787 ὠκεανοῦ
1217 731 1666 802 καταφερόμενος
1713 730 1803 783 διὰ
1852 728 1952 798 τῆς

369 833 478 886 τῶν
500 827 804 901 Σαρματῶν
843 827 967 896 γῆς,
988 825 1281 894 λεγόμενος
1321 823 1483 876 Ἀτὰλ
1507 823 1572 888 ⁵⁸,
1608 823 1687 884 εἰς
1737 821 1795 873 ὃν
1843 822 1954 873 εἰσ·

369 923 561 990 άγεται
597 922 625 972 6
647 917 939 987 λεγόμενος
985 916 1187 977 Τάναϊς
1217 914 1462 984 ποταμὸς
1517 913 1612 967 καὶ
1639 913 1802 975 αὐτὸς
1835 911 1944 966 ἀπὸ

371 1017 478 1068 τῶν
513 1011 764 1082 Ἰϐηρίων
821 1007 1005 1062 πυλῶν
1059 1007 1172 1078 (12)
1201 1007 1558 1076 ἐξερχόμενος
1605 1005 1713 1058 τῶν
1745 1005 1802 1058 ἐν
1840 1006 1954 1067 τοῖς

373 1105 710 1166 Καυκασίοις
731 1103 916 1172 ὅρεσιν
956 1099 1090 1172 (15),
1123 1099 1233 1152 ἀπὸ
1259 1100 1314 1152 δὲ
1341 1099 1442 1168 τῆς
1479 1097 1683 1168 μίξεως
1707 1097 1801 1150 τοῦ
1836 1096 1948 1149 Τά·

370 1201 459 1250 ναῖ
496 1197 592 1248 καὶ
625 1195 720 1248 τοῦ
759 1192 921 1246 Ἀτὰλ
954 1191 1090 1264 (14).
1135 1191 1364 1261 (ἄνωθεν
1410 1191 1511 1260 τῆς
1558 1189 1953 1260 προλεχθείσης

369 1289 676 1350 Μαιώτιδος
703 1286 900 1356 λίμνης
938 1284 1257 1354 σχιζομένου
1283 1282 1378 1336 τοῦ
1419 1283 1602 1351 Ἀτάλ)
1647 1283 1875 1353 ἔρχεται
1923 1282 1952 1334 6

372 1383 666 1452 λεγόμενος
719 1379 928 1449 Κοῦφις
983 1377 1248 1446 ποταμὸς,
1301 1377 1397 1430 καὶ
1453 1375 1692 1430 ἀποδίδει
1754 1377 1836 1438 εἰς
1893 1374 1954 1428 τὸ

372 1476 524 1539 τέλος
549 1473 650 1542 τῆς
679 1471 950 1541 Ποντικῆς
993 1471 1271 1539 Θαλάσσης
1307 1469 1538 1539 πλησίον
1581 1469 1690 1521 τῶν
1737 1468 1951 1539 Νεκρο-

373 1566 557 1618 πυλῶν
587 1568 631 1598 ⁸³
661 1565 775 1634 (13)
833 1564 912 1626 εἰς
953 1564 1014 1615 τδ
1051 1563 1287 1632 ἄκρωμα
1319 1562 1381 1614 τὸ
1428 1561 1727 1630 λεγόμενον
1777 1558 1950 1629 Κριοῦ

373 1660 684 1729 πρόσωπον.
739 1658 873 1710 Ἀπὸ
929 1656 986 1710 δὲ
1037 1656 1135 1726 τῆς
1202 1653 1692 1726 προσημανθείσης
1751 1651 1952 1721 λίμνης

376 1752 463 1804 ἴσα
487 1751 544 1814 ⁸³,
576 1748 809 1818 ποταμῷ
839 1747 1110 1810 Θάλασσα,
1145 1748 1242 1799 καὶ
1274 1746 1556 1814 εἰσάγεται
1593 1747 1674 1807 εξς
1714 1743 1815 1812 τὴν
1853 1741 1949 1796 τοῦ

373 1843 628 1908 Εὐξείνου
671 1843 871 1895 Πόντου
902 1842 1178 1895 θάλασσαν
1211 1840 1300 1894 διὰ
1344 1840 1442 1909 τῆς
1500 1841 1604 1907 γῆς
1663 1838 1710 1870 ⁸⁵
1745 1837 1948 1890 8031:6-

2055 649 2244 710 partes
2267 650 2422 693 trans
2448 655 2598 694 mare
2624 641 2834 710 positas
2865 649 2918 694 et
2946 642 3309 711 septentrioni
3341 641 3641 711 subiectas,

2055 730 2123 783 ad
2176 729 2478 784 Mieotidem
2532 729 2789 784 nimirum
2825 729 3104 799 paludem,
3143 730 3196 784 in
3235 747 3397 802 quam
3443 729 3642 786 ﬂuvius

2056 821 2248 890 ingens
2287 836 2352 875 ex
2393 819 2608 876 Oceano
2632 836 2728 891 per
2759 821 3143 875 Sarmatarum
3176 831 3375 877 terram
3413 837 3641 893 procur-

2055 929 2183 968 rens
2219 913 2382 983 297
2401 913 2572 968 Atalis
2602 913 2824 968 nomine
2841 921 3198 976 exoneratur,
3219 914 3274 968 in
3291 930 3454 986 quem
3476 916 3641 970 etiam

2055 1006 2252 1061 fluvius
2284 1006 2423 1059 alter
2463 1004 2669 1061 Tanais
2700 1004 2906 1071 dictus,
2950 1005 3069 1076 ipse
3099 1007 3312 1076 pariter
3339 1007 3408 1061 ab
3445 1005 3643 1062 lberiis

2054 1097 2230 1168 portis
2283 1097 2350 1151 ad
2395 1096 2694 1152 Caueasios
2741 1104 2957 1152 montes
3011 1097 3133 1154 fixis
3184 1097 3514 1168 proﬂuens;
3574 1113 3642 1153 ex

2053 1205 2328 1245 concursu
2388 1205 2518 1243 vero
2559 1187 2766 1243 Tanais
2810 1198 2862 1244 et
2905 1188 3078 1245 Atalis
3121 1189 3236 1261 (hic
3274 1191 3423 1246 enim
3468 1190 3644 1246 Atalis

2054 1296 2218 1350 supra
2277 1291 2640 1335 memoratam
2691 1278 3006 1347 Maeotidein,
3052 1281 3309 1351 paludem
3357 1283 3426 1337 ab
3467 1282 3643 1338 altero

2052 1370 2396 1438 dilIiuditur)
2427 1373 2656 1442 emergit
2693 1370 2893 1434 amnis,
2919 1371 3008 1426 cui
3043 1370 3254 1442 Cupbis
3295 1386 3496 1428 nomen
3534 1373 3642 1427 im-

2053 1464 2315 1533 positum,
2335 1464 2427 1533 qui
2457 1465 2510 1517 in
2538 1462 2706 1517 maris
2735 1461 2949 1518 Pontici
2981 1462 3145 1517 tinem
3169 1463 3329 1534 juxta
3360 1463 3646 1536 Necropy

2052 1555 2136 1610 las
2167 1554 2233 1608 ad
2272 1557 2729 1623 promontorium,
2763 1555 2910 1624 quod
2947 1555 3152 1611 Arietis
3182 1556 3351 1612 facies
3390 1567 3643 1622 vocatur,

2053 1647 2382 1717 prorumpit.
2415 1647 2460 1700 Α
2493 1646 2776 1718 designata
2800 1663 2932 1704 vero
2969 1648 3170 1717 palude
3209 1664 3362 1705 mare
3399 1648 3645 1710 ﬂuminis

2053 1741 2231 1795 instar
2263 1741 2428 1795 latum
2463 1741 2514 1794 in
2547 1742 2714 1811 ipsius
2746 1741 2943 1799 Euxini
2973 1743 3138 1798 Ponti
3169 1743 3354 1798 sinum
3387 1743 3646 1815 ρει-,Βοσ-

2053 1848 2246 1903 porum
2271 1832 2616 1888 etCimmerii
2650 1833 2929 1903 regionem
2985 1833 3252 1890 exundat.
3284 1835 3344 1890 ln
3369 1850 3436 1891 eo
3462 1833 3642 1889 ﬂuuii-

378 1953 470 2005 ρου
501 1936 595 1988 καὶ
619 1934 955 2006 Κιμμερίου,
983 1934 1041 1998 ἐξ
1071 1926 1131 1986 οὗ
1165 1933 1412 2003 ποταμοῦ
1445 1931 1739 2003 ἀγρεύεται
1771 1930 1830 1984 τὸ
1855 1930 1945 1982 λε-
1981 1910 2024 1966 Β
2054 1944 2121 1985 ne

1890 1947 1945 1982 ε-
1981 1910 2024 1966 Β
2054 1944 2121 1985 ne
2170 1928 2516 1991 Murzulium,
2560 1937 2615 1983 et
2663 1928 2791 1982 huic
2825 1928 3036 1986 similes
3061 1930 3436 1999 expiscantur.
3479 1927 3546 1982 Et
3576 1927 3640 1981 ad

372 2032 602 2096 γόμενον
630 2026 971 2096 δ’Ῑουρζοῦλιν
1000 2027 1046 2058 ⁸⁸
1077 2027 1167 2080 καλ⁸
1203 2026 1271 2080 τὰ
1292 2027 1483 2078 τούτου
1525 2027 1711 2096 ὃμοια,
1742 2023 1839 2077 καὶ
1867 2025 1947 2084 εἰς

377 2123 476 2193 μὲν
505 2122 574 2174 τὰ
623 2123 756 2191 πρὸς
789 2119 1053 2190 ἀνατολὴν
1113 2120 1255 2191 μέρη
1283 2119 1382 2189 τῆς
1436 2117 1812 2190 προκειμένης
1865 2115 1948 2168 λί-

377 2233 515 2285 μνης
562 2215 654 2268 ἐπὶ
701 2216 1080 2281 Φαναγουρίαν
1123 2213 1219 2266 καὶ
1265 2213 1392 2276 τοὺς
1434 2213 1615 2265 ἐκεῖσε
1663 2210 1950 2273 οἰκοῦντας

388 2306 674 2377 Ἐϐραίους
709 2306 819 2374 (16)
854 2305 1219 2374 παράκεινται
1254 2303 1384 2374 ἔθνη
1439 2303 1704 2357 πλεῖσταο
1737 2302 1843 2355 ἀπὸ
1893 2302 1951 2356 δὲ

373 2399 472 2468 τῆς
501 2398 668 2467 αὐτῆς
699 2397 896 2467 λίμνης
929 2397 1024 2449 ἐπὶ
1054 2396 1148 2448 τὸν
1181 2396 1228 2427 ⁸⁸
1261 2395 1560 2465 λεγόμενον
1588 2394 1803 2464 Κοῦφιν
1855 2412 1954 2447 πο-

375 2492 592 2560 ταμὸν,
642 2492 770 2544 ἔνθα
847 2490 907 2543 τὸ
967 2490 1159 2555 ξυστὸν
1219 2488 1520 2560 άγρεύεται
1580 2488 1953 2560 Βουλγαρικδν

375 2584 569 2654 ἐψάριν
606 2583 740 2655 (17),
772 2586 803 2652 ἡ
836 2582 1045 2636 παλαιὰ
1083 2583 1393 2653 Βουλγαρία
1427 2583 1575 2635 ἐστὶν
1621 2583 1654 2652 ὴ
1711 2583 1951 2652 μεγάλη,

377 2678 469 2730 καὶ
504 2678 551 2728 oi
576 2676 856 2746 λεγόμενοι
884 2676 1155 2746 Κὸτραγοι
1186 2676 1449 2745 ὁμόφυλοι
1479 2675 1657 2730 αὐτῶν
1682 2677 1775 2728 καὶ
1810 2670 1954 2729 οὗτοι

376 2769 760 2838 τυγχάνοντες.
780 2768 902 2819 Ἐπὶ
922 2768 978 2819 δὲ
998 2768 1040 2799 ⁸⁷
1060 2767 1168 2819 τῶν
1182 2768 1388 2837 χρόνων
1410 2767 1521 2837 (18)
1543 2767 1953 2820 Κωνσταντίνου

374 2861 470 2913 τοῦ
506 2864 583 2922 εἰς
611 2859 708 2930 τὴν
751 2859 1035 2928 δύσιν(10)
1068 2859 1112 2891 ⁸⁸
1172 2859 1456 2930 Κροϐάτου
1505 2859 1599 2912 τοῦ
1633 2861 1800 2931 κόρου
1840 2863 1954 2928 (‘20)

379 2953 477 3021 τῆς
507 2952 793 3022 λεχθείσης
816 2952 1159 3021 Βουλγαρίας
1208 2953 1301 3004 καὶ
1350 2953 1458 3006 τῶν
1516 2952 1822 3022 Κοτράγων
1863 2952 1954 3005 τὸν

381 3044 495 3114 βίον
517 3043 944 3114 μεταλλάξαντος
968 3044 1034 3109 ⁵⁹,
1060 3045 1151 3095 καὶ
1175 3043 1336 3096 πέντε
1364 3044 1757 3106 καταλιπόντος
1782 3044 1953 3106 υἱοὺς,

383 3138 478 3190 καὶ
507 3136 948 3199 διατυπώσαντος
985 3136 1254 3206 μηδαμῶς
1283 3136 1508 3199 τούτους
1558 3134 1951 3206 ἀποχωρισθῆ-

2051 2021 2368 2077 orientalem
2420 2021 2640 2090 quidem
2705 2021 3048 2091 priejacentis
3117 2021 3338 2092 paludis
3388 2022 3642 2093 plagam,

2051 2115 2454 2185 Plianaguriam
2492 2124 2834 2184 nuncupant,
2855 2124 2908 2168 et
2925 2113 3186 2170 Hebraeos
3205 2115 3331 2169 istic
3359 2114 3642 2185 degentes.

2056 2208 2340 2262 hominum
2385 2208 2642 2261 nationes
2692 2207 2965 2279 pleraeque
2999 2215 3386 2273 numerantur,
3421 2207 3490 2262 ab
3524 2207 3643 2274 ipsa

2054 2317 2185 2356 vero
2236 2300 2436 2371 palude
2464 2299 2530 2352 ad
2569 2299 2810 2353 ﬂuminis
2845 2299 3056 2371 Cupliis
3085 2300 3311 2364 limites,
3357 2299 3412 2354 in
3443 2300 3647 2370 quibus

2056 2403 2248 2466 xystus
2274 2392 2596 2465 Bulgaricus
2626 2394 2796 2463 piscis
2825 2395 3064 2464 capitur,
3111 2395 3230 2465 ipsa
3265 2395 3491 2465 antiqua
3524 2410 3641 2449 ma-

2054 2502 2272 2561 gnaque
2291 2487 2543 2559 Bulgaria
2564 2489 2668 2543 sita
2686 2497 2788 2555 est,
2804 2496 2858 2544 et
2880 2488 3378 2559 quaeCotragorum
3397 2486 3649 2560 Bulgaris

2055 2581 2445 2638 contribulium
2495 2593 2724 2636 vocatur
2759 2582 2930 2653 regio.
2985 2584 3253 2637 Caeterum
3299 2581 3648 2638 Constantini

2059 2674 2434 2744 temporibus,
2480 2673 2571 2742 qui
2622 2674 2674 2727 in
2711 2674 3011 2731 Occidente
3037 2678 3054 2697 ‘
3093 2675 3371 2730 Crobatus
3423 2675 3646 2744 quidam

2058 2767 2294 2838 praefata.-
2333 2766 2600 2837 Bulgarize
2660 2765 3131 2838 Cotragoruinque
3187 2765 3446 2822 dominus
3500 2765 3649 2822 letho

2057 2863 2277 2916 vicinus
2313 2860 2452 2914 tilios
2485 2859 2730 2929 quinque
2764 2867 2888 2930 post
2925 2875 2984 2916 se
3023 2860 3366 2930 relinquens,
3410 2859 3479 2915 iis
3517 2874 3648 2914 con-

2057 2954 2171 3009 dito
2215 2962 2540 3007 testamento
2569 2953 2860 3022 prmcepit,
2915 2951 3357 3022 uniuscujusque
3403 2950 3648 3006 dominio

2060 3049 2218 3102 firmo
2255 3061 2320 3102 ac
2341 3046 2526 3101 stabili
2559 3043 2846 3100 retinendo
2878 3053 2931 3100 et
2960 3045 3026 3099 ab
3051 3055 3360 3100 exterarum
3397 3044 3640 3115 gentium

2061 3141 2330 3199 servitute
2365 3139 2718 3202 vindicando,
2755 3154 2822 3194 ne
2859 3137 3090 3193 seorsim
3121 3153 3150 3192 a
3180 3152 3241 3193 se
3269 3137 3502 3192 invicem
3545 3137 3646 3190 lia-

380 3246 468 3281 ναι
496 3230 559 3280 ὲκ
590 3227 688 3296 τῆς
718 3228 854 3298 πρξς
885 3228 1148 3297 ἀλλήλους
1180 3229 1412 3298 διαίτης,
1443 3229 1529 3282 διὰ
1555 3229 1618 3282 τὸ
1651 3231 1827 3300 πάντη
1861 3248 1955 3281 κυ-
1981 3266 2022 3324 (η
2059 3235 2135 3290 bit

1889 3248 1955 3281 λυ·
1981 3266 2024 3324 C
2059 3235 2302 3290 bitarent
2333 3251 2346 3287 :
2380 3240 2436 3286 at
2472 3247 2595 3287 cum
2630 3240 2752 3303 post
2788 3231 2956 3286 breve
2990 3239 3206 3300 tempus
3231 3244 3258 3283 a
3284 3229 3458 3300 patris
3491 3227 3644 3283 obitu

387 3320 586 3390 ριεύειν
614 3320 807 3382 αὐτοὺς
835 3321 926 3373 καὶ
956 3321 1130 3390 ἑτέρῳ
1155 3321 1228 3390 μὴ
1259 3321 1588 3390 δουλωθῆναι
1621 3321 1788 3374 ἔθνει.
1821 3322 1954 3375 Μετ’
1983 3307 2024 3325 u
2063 3343 2134 3396 qu

1889 3307 2024 3374 ετ’“⁴
2063 3325 2303 3396 quinque
2352 3324 2510 3379 liberi
2573 3322 2647 3376 illi
2701 3323 2766 3376 ad
2813 3321 3224 3377 distribuendas
3279 3321 3344 3375 ad
3405 3321 3644 3375 invicem

384 3412 566 3479 ὀλίγον
593 3412 648 3464 δὲ
683 3413 875 3481 χρόνον
910 3413 1008 3481 τῆς
1037 3414 1244 3466 ἐκείνου
1281 3413 1541 3482 τελευτῆς
1583 3414 1660 3476 εἰς
1692 3413 1958 3482 διαίρεσιν

391 3504 712 3574 ἐληλυθότες
745 3505 794 3557 οἱ
821 3506 979 3556 πέντε
1015 3504 1180 3557 αὐτοῦ
1219 3507 1347 3569 υἱοὶ,
1381 3505 1670 3573 διέστησαν
1732 3505 1825 3558 ἀπ’
1861 3506 1957 3558 ἁλ-

390 3597 566 3664 λήλων
599 3595 738 3664 μετὰ
761 3595 856 3648 τοῦ
888 3597 944 3648 ἐν
981 3595 1394 3664 ὑπεξουσιότητι
1437 3596 1669 3647 ἑκάστου
1707 3597 1749 3626 ⁶⁰
1782 3595 1963 3649 αὐτῶν

389 3689 748 3756 ὑποκειμένου
781 3687 934 3741 λαοῦ.
972 3689 1080 3740 Καὶ
1111 3690 1136 3740 ὁ
1176 3688 1274 3757 μὲν
1325 3687 1540 3756 πρῶτος
1597 3689 1711 3751 υἱὸς
1762 3689 1788 3740 6
1813 3687 1965 3754 λεγό-

394 3796 551 3848 μενος
581 3780 856 3832 Βατὸαιᾶν
888 3779 928 3811 ³⁸
988 3780 1086 3847 τὴν
1113 3780 1334 3850 ἐντολὴν
1367 3779 1458 3832 τοῦ
1486 3781 1690 3834 οἰκείου
1723 3780 1962 3849 φυλάξας

391 3871 616 3939 πατρὸς,
652 3870 921 3940 διέμεινεν
956 3871 1012 3922 ὲν
1047 3874 1112 3940 τῇ
1149 3875 1445 3943 προγονικῇ
1482 3873 1651 3925 αὑτοῦ
1683 3875 1751 3943 γῇ
1800 3873 1962 3942 μέχρι

391 3963 491 4030 τῆς
521 3962 701 4030 δεῦρο.
754 3963 813 4015 '0
848 3963 903 4016 δὲ
931 3965 1183 4034 δεύτερος
1212 3966 1404 4018 τούτου
1434 3967 1684 4034 ἁδελφδς,
1722 3969 1748 4019 6
1806 3967 1966 4032 λεγὸ-

396 4069 553 4120 μενος
590 4054 888 4123 Κότραγος,
927 4055 1018 4107 τὸν
1049 4053 1251 4108 Τάναϊν
1301 4056 1490 4119 διαϐὰς
1559 4058 1802 4126 ποταμὸν
1857 4058 1967 4110 ἁπ-

391 4149 571 4202 ἑναντι
605 4148 697 4202 τοῦ
724 4150 937 4219 πρώτου
973 4149 1190 4220 ᾤκησεν
1217 4151 1467 4218 ἀδελφοῦ.
1517 4153 1574 4204 Ὀ
1626 4153 1680 4204 δὲ
1709 4153 1969 4224 τέταρτος

2063 3417 2294 3473 dominii
2321 3416 2598 3488 portiones
2620 3414 2864 3484 singulas
2882 3415 3302 3485 processissent,
3320 3411 3387 3466 ad
3412 3411 3644 3466 invicem

2066 3527 2265 3566 rursus
2301 3524 2425 3563 cum
2467 3507 2721 3577 subjecto
2754 3522 2867 3561 sua:
2910 3506 3170 3576 potestati
3216 3505 3418 3577 populo
3467 3519 3651 3573 segre—

2067 3603 2276 3674 gaudos
2326 3617 2386 3657 se
2425 3601 2809 3655 decreverunt.
2858 3599 2924 3652 Et
2975 3598 3373 3669 primogenitus
3423 3595 3649 3666 quidem

2067 3695 2212 3750 filius
2253 3693 2476 3748 nomine
2525 3691 2803 3758 Batbaias,
2846 3693 3060 3763 paterni
3109 3690 3354 3746 mandati
3403 3697 3563 3743 tenax
3598 3687 3650 3740 in

2072 3788 2219 3840 avito
2250 3785 2368 3841 solo
2398 3785 2464 3840 ad
2494 3785 2641 3839 hunc
2683 3801 2859 3855 usque
2889 3784 3033 3838 diem
3057 3781 3328 3839 constitit.
3363 3778 3652 3836 Secundus

2072 3884 2202 3932 natu
2250 3877 2445 3942 frater,
2505 3875 2806 3946 Cotragum
2879 3876 3162 3940 dixerunt,
3205 3871 3377 3927 Tanai
3432 3869 3657 3924 ﬂumine

2073 3970 2326 4038 trajecto,
2353 3985 2414 4024 ex
2437 3967 2667 4024 adverso
2684 3968 2870 4024 fratris
2898 3967 3242 4038 primogeniti
3272 3965 3432 4020 sedes
3451 3964 3654 4034 posuit,

2074 4074 2304 4132 quartus
2345 4073 2524 4117 autem
2557 4073 2611 4118 et
2642 4063 2893 4132 quintus,
2928 4059 3130 4116 ﬂumen
3160 4059 3386 4122 Istrum,
3417 4056 3660 4126 intelligo

2077 4155 2410 4222 Danubium,
2447 4157 2788 4227 prii-tervecti
2817 4197 2830 4221 ,
2861 4156 2952 4211 ille
2982 4155 3202 4227 quidem
3232 4154 3287 4208 in
3320 4150 3660 4207 Pannoniam

1661 4288 1892 4343 VARle
1944 4289 2346 4347 LECTIONES.

470 4403 525 4474 'f'_
559 4400 792 4474 Ἀταλγιῃ
823 4400 1045 4468 Ἀτελῆς
1067 4401 1128 4460 Α,
1153 4402 1322 4474 ,Ἀτὲλ
1348 4402 1385 4462 1⁵,
1415 4403 1635 4465 Ἀταλις
1659 4405 1804 4474 vulg.

393 4472 440 4501 ⁸⁵
475 4471 844 4544 Μουρζούλιον
883 4473 934 4527 1).
1012 4473 1057 4502 ⁸⁸
1082 4473 1172 4544 ἐπὶ
1203 4473 1290 4524 τὸν
1314 4475 1376 4533 Α,
1412 4476 1489 4536 εἰς
1513 4474 1600 4525 τὸν
1639 4471 1780 4544 vulg:

396 4543 440 4572 ⁵·
477 4542 880 4609 μεταλλάξαντα
911 4573 981 4582 -
1012 4542 1373 4594 καταλιπόντα
1402 4561 1453 4599 a.

397 4611 738 4681 Βατϐαιαγᾶν
757 4629 862 4682 mg.
883 4611 1004 4668 Par.

1882 4405 1926 4436 "
1956 4406 2341 4477 Νεκρωπηλῶν
2377 4408 2436 4460 Α.
2508 4408 2551 4440 ⁸⁸
2578 4411 2667 4461 Esi
2702 4409 2763 4470 Δ,
2789 4409 2912 4462 fort.
2953 4409 3062 4477 ἴση.

1892 4477 1936 4505 ⁵⁷
1963 4475 2016 4526 δὲ
2053 4478 2174 4530 add.
2210 4475 2272 4533 ex
2305 4481 2368 4530 A.

1559 4545 1602 4574 ⁶⁰
1635 4547 1864 4599 ἑκάστου
1896 4545 2022 4599 add.
2059 4563 2120 4601 ex
2162 4549 2223 4601 A.

3141 4407 3188 4438 "‘
3216 4409 3317 4476 γῆς
3347 4407 3471 4462 add.
3506 4424 3570 4463 ex
3597 4408 3661 4461 Λ.

2475 4480 2520 4510 ⁵⁸
2553 4488 2674 4545 post
2703 4479 2855 4530 δύσιν
2908 4480 3033 4531 fort.
3061 4477 3185 4531 add.
3218 4479 3660 4547 τελευτήσαντος.

2315 4549 2659 4602 ⁸¹Βατ6αῖάν
2691 4554 2754 4613 Α,
2813 4548 3156 4615 Βατϐαιεγαν
3215 4564 3266 4613 a,
3326 4546 3596 4613 Βατζαιάν
3621 4546 3661 4613 ι,

1714 4730 1856 4784 JAC.
1897 4729 2108 4784 GOARI
2164 4729 2395 4786 NOT/E.

474 4841 584 4904 (l'li
628 4841 840 4916 Melius,
871 4842 987 4916 ἁπὲ
1009 4841 1114 4916 τῶν
1147 4843 1405 4910 Ῥιφαίων
1434 4845 1633 4916 πυλῶν.
1660 4845 1699 4897 Ε
1731 4846 1972 4916 Ripliaeis
2007 4853 2048 4906 D

400 4929 618 4980 quoque
643 4915 925 4967 montibus
948 4913 1175 4966 Tanaim
1204 4917 1482 4969 deducunt
1507 4913 1973 4973 Strabonis—Asia-

401 4986 521 5038 tica:
554 4983 771 5037 tabula;

476 5055 588 5127 (l_3)
617 5053 1217 5127 Montesquoscunque
1246 5056 1495 5110 nonnulli
1537 5068 1732 5112 vocant
1763 5060 1927 5127 Alpes
1955 5078 1967 5113 :

403 5142 469 5178 an
504 5125 707 5179 Graecis
734 5126 962 5191 quilibet
1002 5125 1091 5176 alii
1124 5126 1459 5178 Καυκάσιοιῖ

479 5195 589 5263 (Η)
627 5193 908 5247 Honiliana
940 5194 1228 5266 .‘Inscrn'iig
1257 5198 1439 5250 tabula
1486 5197 1627 5251 fossa
1662 5201 1967 5266 communi,

405 5270 494 5339 cui
527 5281 722 5339 nomen
755 5267 995 5324 Immous,
1023 5266 1148 5339 hinc
1187 5263 1410 5339 Tanaim
1446 5267 1499 5320 in
1528 5268 1830 5324 Mmotidem
1877 5263 1969 5339 pa;

408 5336 610 5394 ladem,
637 5336 785 5389 illinc
818 5341 869 5387 iu
905 5350 1054 5388 mare
1071 5337 1354 5402 CaSpium,
1378 5340 1469 5404 qui
1495 5355 1641 5393 nunc
1673 5340 1824 5396 Edel.
1847 5336 1973 5394 olim

411 5404 602 5471 Volga.
626 5423 654 5457 a
677 5422 787 5480 quo
812 5405 1419 5480 Btilg:iri,_erutnpentes
1452 5415 1751 5465 consaviat.
1774 5411 1978 5480 Capitis

409 5487 587 5530 autem
610 5479 787 5547 etalia
811 5492 836 5528 a
863 5475 1194 5541 Theophane
1224 5479 1494 5547 descripta
1520 5481 1708 5534 nullibi
1734 5475 1975 5537 exstant.

481 5547 592 5610 tl5)
629 5545 948 5614 Negropoli,
989 5547 1266 5602 civitatein
1301 5545 1464 5616 supra
1497 5548 1784 5606 Tauricam
1809 5552 1980 5607 Cher-

414 5633 674 5670 sonesum
703 5619 753 5670 in
781 5619 970 5671 eadem
1003 5618 1184 5671 tabula
1208 5621 1506 5686 comperio.

492 5687 602 5752 (l6)
636 5687 962 5742 Cimmerios
992 5688 1240 5749 mallem,
1280 5700 1372 5742 aut
1416 5707 1539 5745 cum
1571 5693 1762 5755 Anast.
1799 5704 1844 5749 et
1877 5694 1976 5747 Mi-

411 5761 562 5811 sce‘il.
596 5758 838 5826 Ἰϐήρους
879 5774 1163 5826 reponere.

488 5831 594 5906 itii
629 5828 901 5897 Ὀιὲάριον.
948 5831 1180 5906 ΔΞνίπὶριον.
1235 5828 1676 5906 ἀᾷἀρενρὲάρενο
1720 5843 1773 5890 εί
1819 5835 1971 5906 9°19"

414 5901 553 5970 apud
581 5903 908 5955 recentiores
942 5900 1181 5964 Graecos,
1215 5903 1395 5967 piscis.
1428 5900 1723 5961 Mct‘nsit‘s.

2151 4849 2263 4912 (18)
2303 4849 2666 4920 Nicephorus.
2705 4851 2796 4903 Ἐν
2835 4851 2892 4903 δὲ
2922 4853 3033 4913 τοῖς
3080 4849 3500 4903 Κωνσταντίνου
3532 4851 3662 4919 χρό-

2079 4937 2212 4983 νοις,
2243 4921 2300 4982 ὃς
2332 4923 2410 4981 εἰς
2437 4923 2533 4990 τὴν
2582 4921 2744 4973 Δύσιν
2795 4921 3074 4973 ἐτελεύτα.
3126 4921 3314 4984 Quare
3370 4921 3661 4989 legendum

2079 4991 2190 5052 hic,
2221 4993 2348 5044 Ἐπὶ
2374 4991 2430 5042 δὲ
2460 4993 2565 5043 τῶν
2599 4993 2806 5060 χρόνων
2839 4991 3280 5055 Κωνσταντίνου,
3316 4990 3411 5044 τοῦ
3440 4993 3520 5053 είς
3559 4993 3662 5060 τὴν

2078 5065 2112 5113 Δ
2124 5060 2243 5113 ύσιν
2278 5062 2724 5129 τελευτήσαντος.

2151 5131 2261 5199 (l9)
2314 5131 2438 5184 Post
2471 5133 2654 5196 Δύσιν,
2700 5135 2892 5187 deesse
2945 5132 3116 5186 solam
3154 5147 3344 5184 vocem
3394 5131 3658 5201 βασιλεύ-

2079 5219 2280 5265 σαντος
2313 5204 2516 5256 iudicat
2556 5205 2774 5267 Anast,
2815 5203 3138 5267 temporibus
3173 5203 3540 5265 Constantini,
3573 5203 3664 5271 qui

2082 5273 2135 5324 in
2169 5273 2446 5328 Occidente
2479 5275 2755 5341 imperium
2792 5277 2976 5326 tenuit.
3032 5273 3100 5326 At
3146 5273 3204 5326 S.
3245 5271 3564 5339 Niceplior.,
3609 5271 3665 5334 ὃς

2080 5343 2220 5396 κατὰ
2255 5344 2417 5396 Λύσιν
2448 5346 2724 5405 ἐτελεύτα,
2773 5346 2861 5412 qui
2909 5347 2961 5396 in
3000 5343 3284 5397 Occidente
3317 5343 3458 5396 diem
3506 5343 3661 5395 obiit.

2079 5412 2187 5466 Nec
2211 5416 2376 5468 alium
2418 5416 2470 5468 hi
2504 5415 2928 5471 Constantinum
2961 5415 3298 5484 intelligunt,
3322 5429 3488 5480 quam
3509 5413 3661 5467 Con—

2081 5491 2316 5539 stantem
2365 5486 2600 5538 Heraclii
2644 5496 2914 5554 nepotem,
2971 5486 3064 5554 qui
3114 5495 3168 5539 et
3215 5485 3333 5554 ipse
3375 5498 3483 5536 non
3538 5496 3662 5535 raro

2081 5555 2475 5610 Constantinus
2505 5556 2726 5610 dicitur.
2759 5557 3054 5610 COMBEFIS.

2157 5626 2268 5693 (“20)
2313 5626 2458 5680 Idem
2490 5626 2853 5694 Nicepliorus,
2889 5626 3168 5692 Κουράτος
3198 5645 3281 5691 τις
3309 5622 3544 5690 τοῦνομα
3569 5622 3666 5674 κύ-

2090 5714 2201 5764 ριος
2257 5697 2570 5765 γενόμενος.
2632 5699 2813 5766 Κῦρος
2865 5709 2919 5753 et
2962 5699 3066 5767 κῦρ
3105 5699 3475 5752 recentiorum
3530 5694 3664 5767 υπο-

2089 5769 2395 5838 κοριστικά,
2433 5771 2578 5821 velut
2606 5765 2746 5838 apud
2785 5767 3010 5823 Latinos
3036 5765 3071 5821 'a
3107 5784 3239 5822 voce
3263 5765 3665 5838 domipugistze

2086 5837 2308 5889 domnus
2343 5847 2396 5890 et
2441 5838 2581 5894 dom.
2619 5836 2661 5893 Ᾱ
2699 5839 2802 5909 κῦρ
2849 5840 3038 5895 Gi'mco
3089 5839 3338 5894 nonnulli
3385 5836 3658 5891 Gallicum

2083 5909 2187 5962 sire
2216 5909 2512 5966 deducunt.
