  <div class='ocr_page' id='page_1' title='image "/cluster/home/n/w/nwhite01/storage/ocr_20150623/108/nnc1.0046979921/389.png"; bbox 0 0 4444 6442; ppageno 0'>
   <div class='ocr_carea' id='block_1_1' title="bbox 766 401 867 459">
    <p class='ocr_par' dir='ltr' id='par_1_1' title="bbox 766 401 867 459">
     <span class='ocr_line' id='line_1_1' title="bbox 766 401 867 459; baseline 0.01 -1"><span class='ocrx_word' id='word_1_1' title='bbox 766 401 867 459; x_wconf 74' lang='grc' dir='ltr'><strong>’ἷ35</strong></span> 
     </span>
    </p>
   </div>
   <div class='ocr_carea' id='block_1_2' title="bbox 2112 393 2604 452">
    <p class='ocr_par' dir='ltr' id='par_1_2' title="bbox 2112 393 2604 452">
     <span class='ocr_line' id='line_1_2' title="bbox 2112 393 2604 452; baseline 0 -1"><span class='ocrx_word' id='word_1_2' title='bbox 2112 393 2520 452; x_wconf 67' lang='grc' dir='ltr'><strong>ΤΙΙΕΟΡΠᾹΝ</strong></span> <span class='ocrx_word' id='word_1_3' title='bbox 2536 393 2604 451; x_wconf 88' lang='lat' dir='ltr'><strong>lS</strong></span> 
     </span>
    </p>
   </div>
   <div class='ocr_carea' id='block_1_3' title="bbox 3912 397 4016 462">
    <p class='ocr_par' dir='ltr' id='par_1_3' title="bbox 3912 397 4016 462">
     <span class='ocr_line' id='line_1_3' title="bbox 3912 397 4016 462; baseline 0.058 -5"><span class='ocrx_word' id='word_1_4' title='bbox 3912 397 4016 462; x_wconf 85' lang='lat'><strong>736</strong></span> 
     </span>
    </p>
   </div>
   <div class='ocr_carea' id='block_1_4' title="bbox 769 503 2524 578">
    <p class='ocr_par' dir='ltr' id='par_1_4' title="bbox 769 505 2524 576">
     <span class='ocr_line' id='line_1_4' title="bbox 769 505 2524 576; baseline -0.005 -11"><span class='ocrx_word' id='word_1_5' title='bbox 769 511 1019 568; x_wconf 85' lang='lat' dir='ltr'><strong>allirmat,</strong></span> <span class='ocrx_word' id='word_1_6' title='bbox 1044 523 1189 561; x_wconf 90' lang='lat' dir='ltr'><strong>anno</strong></span> <span class='ocrx_word' id='word_1_7' title='bbox 1226 522 1253 559; x_wconf 92' lang='lat' dir='ltr'><strong>a</strong></span> <span class='ocrx_word' id='word_1_8' title='bbox 1314 507 1502 560; x_wconf 90' lang='lat' dir='ltr'><strong>mundi</strong></span> <span class='ocrx_word' id='word_1_9' title='bbox 1551 508 1775 560; x_wconf 88' lang='lat' dir='ltr'><strong>conditu</strong></span> <span class='ocrx_word' id='word_1_10' title='bbox 1825 507 2003 562; x_wconf 70' lang='lat' dir='ltr'><strong>sexies</strong></span> <span class='ocrx_word' id='word_1_11' title='bbox 2053 505 2344 560; x_wconf 91' lang='lat' dir='ltr'><strong>millesimo</strong></span> <span class='ocrx_word' id='word_1_12' title='bbox 2373 511 2419 566; x_wconf 78' lang='grc' dir='ltr'>Α</span> <span class='ocrx_word' id='word_1_13' title='bbox 2451 523 2524 576; x_wconf 84' lang='grc' dir='ltr'><strong>με</strong></span> 
     </span>
    </p>
   </div>
   <div class='ocr_carea' id='block_1_5' title="bbox 2261 503 4016 578">
    <p class='ocr_par' dir='ltr' id='par_1_5' title="bbox 2261 503 4016 578">
     <span class='ocr_line' id='line_1_5' title="bbox 2261 503 4016 578; baseline 0.002 -19"><span class='ocrx_word' id='word_1_14' title='bbox 2261 521 2344 559; x_wconf 83' lang='grc' dir='ltr'><strong>ιιιο</strong></span> <span class='ocrx_word' id='word_1_15' title='bbox 2373 511 2419 566; x_wconf 78' lang='grc' dir='ltr'>Α</span> <span class='ocrx_word' id='word_1_16' title='bbox 2451 505 2590 576; x_wconf 83' lang='grc' dir='ltr'><strong>μετὰ</strong></span> <span class='ocrx_word' id='word_1_17' title='bbox 2645 503 2804 558; x_wconf 85' lang='grc' dir='ltr'>τοῦτο</span> <span class='ocrx_word' id='word_1_18' title='bbox 2847 504 3199 558; x_wconf 78' lang='grc' dir='ltr'>ἐϐασίλευσεν</span> <span class='ocrx_word' id='word_1_19' title='bbox 3233 507 3260 558; x_wconf 86' lang='grc' dir='ltr'>ὁ</span> <span class='ocrx_word' id='word_1_20' title='bbox 3288 504 3450 568; x_wconf 76' lang='grc' dir='ltr'>αὐτὸς</span> <span class='ocrx_word' id='word_1_21' title='bbox 3490 505 3896 572; x_wconf 83' lang='grc' dir='ltr'>Κωνσταντῖνος</span> <span class='ocrx_word' id='word_1_22' title='bbox 3923 512 4016 578; x_wconf 77' lang='grc' dir='ltr'>ἔτη</span> 
     </span>
    </p>
   </div>
   <div class='ocr_carea' id='block_1_6' title="bbox 768 598 2346 668">
    <p class='ocr_par' dir='ltr' id='par_1_6' title="bbox 768 598 2346 668">
     <span class='ocr_line' id='line_1_6' title="bbox 768 598 2346 668; baseline -0.003 -12"><span class='ocrx_word' id='word_1_23' title='bbox 768 603 1067 657; x_wconf 83' lang='lat' dir='ltr'><strong>centesimo</strong></span> <span class='ocrx_word' id='word_1_24' title='bbox 1117 599 1522 668; x_wconf 82' lang='lat' dir='ltr'><strong>septuagesimo</strong></span> <span class='ocrx_word' id='word_1_25' title='bbox 1583 599 1847 664; x_wconf 84' lang='lat' dir='ltr'><strong>secundo,</strong></span> <span class='ocrx_word' id='word_1_26' title='bbox 1880 600 2168 668; x_wconf 79' lang='lat' dir='ltr'><strong>ipsumque</strong></span> <span class='ocrx_word' id='word_1_27' title='bbox 2201 598 2346 652; x_wconf 78' lang='lat' dir='ltr'><strong>Con-</strong></span> 
     </span>
    </p>
   </div>
   <div class='ocr_carea' id='block_1_7' title="bbox 770 677 2341 760">
    <p class='ocr_par' dir='ltr' id='par_1_7' title="bbox 770 677 2341 760">
     <span class='ocr_line' id='line_1_7' title="bbox 770 677 2341 760; baseline -0.004 -11"><span class='ocrx_word' id='word_1_28' title='bbox 770 677 1072 749; x_wconf 79' lang='lat' dir='ltr'><strong>stantinum</strong></span> <span class='ocrx_word' id='word_1_29' title='bbox 1135 706 1310 745; x_wconf 89' lang='lat' dir='ltr'><strong>annos</strong></span> <span class='ocrx_word' id='word_1_30' title='bbox 1398 691 1628 760; x_wconf 77' lang='lat' dir='ltr'><strong>posthac</strong></span> <span class='ocrx_word' id='word_1_31' title='bbox 1695 691 1940 760; x_wconf 87' lang='lat' dir='ltr'><strong>quinque</strong></span> <span class='ocrx_word' id='word_1_32' title='bbox 1999 688 2341 758; x_wconf 82' lang='lat' dir='ltr'><strong>imperasse,</strong></span> 
     </span>
    </p>
   </div>
   <div class='ocr_carea' id='block_1_8' title="bbox 770 782 2346 857">
    <p class='ocr_par' dir='ltr' id='par_1_8' title="bbox 770 782 2346 857">
     <span class='ocr_line' id='line_1_8' title="bbox 770 782 2346 857; baseline -0.004 -15"><span class='ocrx_word' id='word_1_33' title='bbox 770 803 942 857; x_wconf 78' lang='lat' dir='ltr'><strong>coque</strong></span> <span class='ocrx_word' id='word_1_34' title='bbox 1002 784 1138 839; x_wconf 85' lang='lat' dir='ltr'><strong>vivis</strong></span> <span class='ocrx_word' id='word_1_35' title='bbox 1188 792 1396 853; x_wconf 84' lang='lat' dir='ltr'><strong>erepto,</strong></span> <span class='ocrx_word' id='word_1_36' title='bbox 1450 782 1821 838; x_wconf 75' lang='lat' dir='ltr'><strong>Justinianum</strong></span> <span class='ocrx_word' id='word_1_37' title='bbox 1872 784 1992 852; x_wconf 89' lang='lat' dir='ltr'><strong>ejus</strong></span> <span class='ocrx_word' id='word_1_38' title='bbox 2025 782 2193 836; x_wconf 79' lang='lat' dir='ltr'><strong>lilium</strong></span> <span class='ocrx_word' id='word_1_39' title='bbox 2230 798 2346 836; x_wconf 56' lang='lat' dir='ltr'><strong>mo.</strong></span> 
     </span>
    </p>
   </div>
   <div class='ocr_carea' id='block_1_9' title="bbox 771 874 2342 941">
    <p class='ocr_par' dir='ltr' id='par_1_9' title="bbox 771 874 2342 941">
     <span class='ocr_line' id='line_1_9' title="bbox 771 874 2342 941; baseline -0.005 -8"><span class='ocrx_word' id='word_1_40' title='bbox 771 879 1051 933; x_wconf 86' lang='lat' dir='ltr'><strong>narchiam</strong></span> <span class='ocrx_word' id='word_1_41' title='bbox 1084 877 1326 931; x_wconf 90' lang='lat' dir='ltr'><strong>tenuisse</strong></span> <span class='ocrx_word' id='word_1_42' title='bbox 1355 891 1529 929; x_wconf 86' lang='lat' dir='ltr'><strong>annos</strong></span> <span class='ocrx_word' id='word_1_43' title='bbox 1559 874 1746 929; x_wconf 86' lang='lat' dir='ltr'><strong>decem</strong></span> <span class='ocrx_word' id='word_1_44' title='bbox 1777 893 1790 933; x_wconf 85' lang='lat'><strong>;</strong></span> <span class='ocrx_word' id='word_1_45' title='bbox 1815 876 1988 941; x_wconf 90' lang='lat' dir='ltr'><strong>cjecto</strong></span> <span class='ocrx_word' id='word_1_46' title='bbox 2010 874 2342 938; x_wconf 84' lang='lat' dir='ltr'><strong>Justiniano,</strong></span> 
     </span>
    </p>
   </div>
   <div class='ocr_carea' id='block_1_10' title="bbox 770 967 2344 1040">
    <p class='ocr_par' dir='ltr' id='par_1_10' title="bbox 770 967 2344 1040">
     <span class='ocr_line' id='line_1_10' title="bbox 770 967 2344 1040; baseline -0.003 -15"><span class='ocrx_word' id='word_1_47' title='bbox 770 971 1057 1026; x_wconf 78' lang='lat' dir='ltr'><strong>Leontium</strong></span> <span class='ocrx_word' id='word_1_48' title='bbox 1103 969 1388 1040; x_wconf 81' lang='lat' dir='ltr'><strong>tyrannide</strong></span> <span class='ocrx_word' id='word_1_49' title='bbox 1417 969 1645 1036; x_wconf 82' lang='lat' dir='ltr'><strong>potitum</strong></span> <span class='ocrx_word' id='word_1_50' title='bbox 1671 983 1843 1020; x_wconf 89' lang='lat' dir='ltr'><strong>annos</strong></span> <span class='ocrx_word' id='word_1_51' title='bbox 1879 975 2012 1030; x_wconf 87' lang='lat' dir='ltr'><strong>tres,</strong></span> <span class='ocrx_word' id='word_1_52' title='bbox 2051 975 2174 1036; x_wconf 88' lang='lat' dir='ltr'><strong>post</strong></span> <span class='ocrx_word' id='word_1_53' title='bbox 2198 967 2344 1021; x_wconf 89' lang='lat' dir='ltr'><strong>hunc</strong></span> 
     </span>
    </p>
   </div>
   <div class='ocr_carea' id='block_1_11' title="bbox 771 1061 2342 1133">
    <p class='ocr_par' dir='ltr' id='par_1_11' title="bbox 771 1061 2342 1133">
     <span class='ocr_line' id='line_1_11' title="bbox 771 1061 2342 1133; baseline -0.004 -16"><span class='ocrx_word' id='word_1_54' title='bbox 771 1064 1094 1127; x_wconf 89' lang='lat' dir='ltr'><strong>Tiberium,</strong></span> <span class='ocrx_word' id='word_1_55' title='bbox 1159 1062 1250 1133; x_wconf 86' lang='lat' dir='ltr'><strong>qui</strong></span> <span class='ocrx_word' id='word_1_56' title='bbox 1309 1061 1472 1114; x_wconf 87' lang='lat' dir='ltr'><strong>etiam</strong></span> <span class='ocrx_word' id='word_1_57' title='bbox 1518 1061 1859 1129; x_wconf 77' lang='lat' dir='ltr'><strong>Apsimarns,</strong></span> <span class='ocrx_word' id='word_1_58' title='bbox 1914 1075 2088 1114; x_wconf 90' lang='lat' dir='ltr'><strong>annos</strong></span> <span class='ocrx_word' id='word_1_59' title='bbox 2133 1070 2342 1128; x_wconf 82' lang='lat' dir='ltr'><strong>septem</strong></span> 
     </span>
    </p>
   </div>
   <div class='ocr_carea' id='block_1_12' title="bbox 771 1151 2344 1227">
    <p class='ocr_par' dir='ltr' id='par_1_12' title="bbox 771 1151 2344 1227">
     <span class='ocr_line' id='line_1_12' title="bbox 771 1151 2344 1227; baseline -0.003 -17"><span class='ocrx_word' id='word_1_60' title='bbox 771 1171 1050 1227; x_wconf 86' lang='lat' dir='ltr'><strong>regnasse,</strong></span> <span class='ocrx_word' id='word_1_61' title='bbox 1077 1155 1420 1226; x_wconf 81' lang='lat' dir='ltr'><strong>cjectumque</strong></span> <span class='ocrx_word' id='word_1_62' title='bbox 1451 1153 1602 1223; x_wconf 86' lang='lat' dir='ltr'><strong>prius</strong></span> <span class='ocrx_word' id='word_1_63' title='bbox 1640 1151 2009 1223; x_wconf 75' lang='lat' dir='ltr'><strong>Justinianum</strong></span> <span class='ocrx_word' id='word_1_64' title='bbox 2049 1153 2229 1207; x_wconf 89' lang='lat' dir='ltr'><strong>denuo</strong></span> <span class='ocrx_word' id='word_1_65' title='bbox 2255 1168 2344 1205; x_wconf 90' lang='lat' dir='ltr'><strong>re-</strong></span> 
     </span>
    </p>
   </div>
   <div class='ocr_carea' id='block_1_13' title="bbox 770 1245 2344 1316">
    <p class='ocr_par' dir='ltr' id='par_1_13' title="bbox 770 1245 2344 1316">
     <span class='ocr_line' id='line_1_13' title="bbox 770 1245 2344 1316; baseline -0.003 -13"><span class='ocrx_word' id='word_1_66' title='bbox 770 1249 1022 1303; x_wconf 88' lang='lat' dir='ltr'><strong>stitutum</strong></span> <span class='ocrx_word' id='word_1_67' title='bbox 1056 1247 1288 1316; x_wconf 89' lang='lat' dir='ltr'><strong>imperio</strong></span> <span class='ocrx_word' id='word_1_68' title='bbox 1310 1261 1483 1299; x_wconf 87' lang='lat' dir='ltr'><strong>annos</strong></span> <span class='ocrx_word' id='word_1_69' title='bbox 1519 1261 1633 1304; x_wconf 71' lang='lat' dir='ltr'><strong>sex.</strong></span> <span class='ocrx_word' id='word_1_70' title='bbox 1677 1247 1810 1299; x_wconf 88' lang='lat' dir='ltr'><strong>adeo</strong></span> <span class='ocrx_word' id='word_1_71' title='bbox 1835 1253 1891 1298; x_wconf 89' lang='lat' dir='ltr'><strong>ut</strong></span> <span class='ocrx_word' id='word_1_72' title='bbox 1922 1261 1989 1299; x_wconf 74' lang='grc' dir='ltr'>ει</span> <span class='ocrx_word' id='word_1_73' title='bbox 2020 1247 2154 1314; x_wconf 88' lang='lat' dir='ltr'><strong>ipsis</strong></span> <span class='ocrx_word' id='word_1_74' title='bbox 2181 1245 2344 1299; x_wconf 83' lang='lat' dir='ltr'><strong>editis</strong></span> 
     </span>
    </p>
   </div>
   <div class='ocr_carea' id='block_1_14' title="bbox 772 1338 2343 1411">
    <p class='ocr_par' dir='ltr' id='par_1_14' title="bbox 772 1338 2343 1411">
     <span class='ocr_line' id='line_1_14' title="bbox 772 1338 2343 1411; baseline -0.002 -17"><span class='ocrx_word' id='word_1_75' title='bbox 772 1341 990 1396; x_wconf 88' lang='lat' dir='ltr'><strong>concilii</strong></span> <span class='ocrx_word' id='word_1_76' title='bbox 1025 1341 1169 1411; x_wconf 82' lang='lat' dir='ltr'><strong>typis</strong></span> <span class='ocrx_word' id='word_1_77' title='bbox 1202 1342 1316 1392; x_wconf 89' lang='lat' dir='ltr'><strong>sive</strong></span> <span class='ocrx_word' id='word_1_78' title='bbox 1346 1339 1650 1392; x_wconf 83' lang='lat' dir='ltr'><strong>canonibus</strong></span> <span class='ocrx_word' id='word_1_79' title='bbox 1679 1353 1821 1391; x_wconf 91' lang='lat' dir='ltr'><strong>anno</strong></span> <span class='ocrx_word' id='word_1_80' title='bbox 1850 1338 2097 1392; x_wconf 88' lang='lat' dir='ltr'><strong>secundo</strong></span> <span class='ocrx_word' id='word_1_81' title='bbox 2129 1338 2343 1407; x_wconf 86' lang='lat' dir='ltr'><strong>imperii</strong></span> 
     </span>
    </p>
   </div>
   <div class='ocr_carea' id='block_1_15' title="bbox 770 1421 2343 1499">
    <p class='ocr_par' dir='ltr' id='par_1_15' title="bbox 770 1421 2343 1499">
     <span class='ocr_line' id='line_1_15' title="bbox 770 1421 2343 1499; baseline -0.002 -12"><span class='ocrx_word' id='word_1_82' title='bbox 770 1432 1083 1487; x_wconf 86' lang='lat' dir='ltr'><strong>Justiniano</strong></span> <span class='ocrx_word' id='word_1_83' title='bbox 1122 1433 1346 1485; x_wconf 88' lang='lat' dir='ltr'><strong>naribus</strong></span> <span class='ocrx_word' id='word_1_84' title='bbox 1406 1431 1658 1483; x_wconf 85' lang='lat' dir='ltr'><strong>mutilalo</strong></span> <span class='ocrx_word' id='word_1_85' title='bbox 1700 1421 1936 1484; x_wconf 78' lang='lat' dir='ltr'><strong>restituti</strong></span> <span class='ocrx_word' id='word_1_86' title='bbox 1970 1446 2066 1484; x_wconf 89' lang='lat' dir='ltr'><strong>eos</strong></span> <span class='ocrx_word' id='word_1_87' title='bbox 2107 1431 2343 1499; x_wconf 90' lang='lat' dir='ltr'><strong>primum</strong></span> 
     </span>
    </p>
   </div>
   <div class='ocr_carea' id='block_1_16' title="bbox 772 1501 2341 1593">
    <p class='ocr_par' dir='ltr' id='par_1_16' title="bbox 772 1501 2341 1593">
     <span class='ocr_line' id='line_1_16' title="bbox 772 1501 2341 1593; baseline -0.002 -17"><span class='ocrx_word' id='word_1_88' title='bbox 772 1523 1144 1593; x_wconf 83' lang='lat' dir='ltr'><strong>promulgatas</strong></span> <span class='ocrx_word' id='word_1_89' title='bbox 1181 1530 1366 1590; x_wconf 85' lang='lat' dir='ltr'><strong>aperte</strong></span> <span class='ocrx_word' id='word_1_90' title='bbox 1399 1501 1816 1588; x_wconf 77' lang='lat' dir='ltr'><strong>comperiamus.</strong></span> <span class='ocrx_word' id='word_1_91' title='bbox 1858 1519 2040 1573; x_wconf 85' lang='lat' dir='ltr'><strong>Tertio</strong></span> <span class='ocrx_word' id='word_1_92' title='bbox 2075 1520 2341 1588; x_wconf 87' lang='lat' dir='ltr'><strong>siquidem</strong></span> 
     </span>
    </p>
   </div>
   <div class='ocr_carea' id='block_1_17' title="bbox 772 1598 2344 1680">
    <p class='ocr_par' dir='ltr' id='par_1_17' title="bbox 772 1598 2344 1680">
     <span class='ocr_line' id='line_1_17' title="bbox 772 1598 2344 1680; baseline 0.001 -15"><span class='ocrx_word' id='word_1_93' title='bbox 772 1613 1062 1671; x_wconf 85' lang='lat' dir='ltr'><strong>canonein</strong></span> <span class='ocrx_word' id='word_1_94' title='bbox 1099 1613 1209 1665; x_wconf 84' lang='lat' dir='ltr'><strong>haec</strong></span> <span class='ocrx_word' id='word_1_95' title='bbox 1233 1611 1398 1665; x_wconf 82' lang='lat' dir='ltr'><strong>verba</strong></span> <span class='ocrx_word' id='word_1_96' title='bbox 1445 1611 1673 1680; x_wconf 76' lang='lat' dir='ltr'><strong>legimus</strong></span> <span class='ocrx_word' id='word_1_97' title='bbox 1712 1629 1724 1664; x_wconf 88' lang='lat'>:</span> <span class='ocrx_word' id='word_1_98' title='bbox 1755 1598 1964 1664; x_wconf 81' lang='lat' dir='ltr'><strong>Matura</strong></span> <span class='ocrx_word' id='word_1_99' title='bbox 1991 1613 2206 1666; x_wconf 86' lang='lat' dir='ltr'><strong>consilii</strong></span> <span class='ocrx_word' id='word_1_100' title='bbox 2229 1613 2344 1667; x_wconf 86' lang='lat' dir='ltr'><strong>dis-</strong></span> 
     </span>
    </p>
   </div>
   <div class='ocr_carea' id='block_1_18' title="bbox 773 1700 2345 1771">
    <p class='ocr_par' dir='ltr' id='par_1_18' title="bbox 773 1700 2345 1771">
     <span class='ocr_line' id='line_1_18' title="bbox 773 1700 2345 1771; baseline 0.001 -15"><span class='ocrx_word' id='word_1_101' title='bbox 773 1703 1028 1756; x_wconf 84' lang='lat' dir='ltr'><strong>cussione</strong></span> <span class='ocrx_word' id='word_1_102' title='bbox 1059 1700 1375 1771; x_wconf 74' lang='lat' dir='ltr'><strong>praehabita,</strong></span> <span class='ocrx_word' id='word_1_103' title='bbox 1406 1716 1524 1762; x_wconf 91' lang='lat' dir='ltr'><strong>cos,</strong></span> <span class='ocrx_word' id='word_1_104' title='bbox 1559 1701 1650 1770; x_wconf 90' lang='lat' dir='ltr'><strong>qui</strong></span> <span class='ocrx_word' id='word_1_105' title='bbox 1681 1702 1896 1756; x_wconf 89' lang='lat' dir='ltr'><strong>duobus</strong></span> <span class='ocrx_word' id='word_1_106' title='bbox 1929 1703 2201 1771; x_wconf 77' lang='lat' dir='ltr'><strong>conjugiis</strong></span> <span class='ocrx_word' id='word_1_107' title='bbox 2244 1703 2345 1756; x_wconf 34' lang='lat' dir='ltr'><strong>inte</strong></span> 
     </span>
    </p>
   </div>
   <div class='ocr_carea' id='block_1_19' title="bbox 772 1792 2341 1868">
    <p class='ocr_par' dir='ltr' id='par_1_19' title="bbox 772 1792 2341 1868">
     <span class='ocr_line' id='line_1_19' title="bbox 772 1792 2341 1868; baseline 0.003 -25"><span class='ocrx_word' id='word_1_108' title='bbox 772 1793 958 1862; x_wconf 87' lang='lat' dir='ltr'><strong>plicati</strong></span> <span class='ocrx_word' id='word_1_109' title='bbox 991 1793 1162 1856; x_wconf 83' lang='lat' dir='ltr'><strong>fuere,</strong></span> <span class='ocrx_word' id='word_1_110' title='bbox 1191 1803 1244 1847; x_wconf 91' lang='lat' dir='ltr'><strong>et</strong></span> <span class='ocrx_word' id='word_1_111' title='bbox 1280 1794 1345 1846; x_wconf 89' lang='lat' dir='ltr'><strong>ad</strong></span> <span class='ocrx_word' id='word_1_112' title='bbox 1396 1795 1652 1863; x_wconf 65' lang='lat' dir='ltr'><strong>prwtcriti</strong></span> <span class='ocrx_word' id='word_1_113' title='bbox 1693 1793 1899 1868; x_wconf 84' lang='lat' dir='ltr'><strong>mensis</strong></span> <span class='ocrx_word' id='word_1_114' title='bbox 1924 1792 2169 1848; x_wconf 83' lang='lat' dir='ltr'><strong>Januarii</strong></span> <span class='ocrx_word' id='word_1_115' title='bbox 2199 1795 2341 1849; x_wconf 89' lang='lat' dir='ltr'><strong>diem</strong></span> 
     </span>
    </p>
   </div>
   <div class='ocr_carea' id='block_1_20' title="bbox 2449 596 4020 669">
    <p class='ocr_par' dir='ltr' id='par_1_20' title="bbox 2449 596 4020 669">
     <span class='ocr_line' id='line_1_20' title="bbox 2449 596 4020 669; baseline 0.004 -20"><span class='ocrx_word' id='word_1_116' title='bbox 2449 598 2632 659; x_wconf 87' lang='grc' dir='ltr'>πέντε,</span> <span class='ocrx_word' id='word_1_117' title='bbox 2670 596 2765 648; x_wconf 69' lang='grc' dir='ltr'><strong>καὶ</strong></span> <span class='ocrx_word' id='word_1_118' title='bbox 2792 597 3211 666; x_wconf 80' lang='grc' dir='ltr'>τελευτήσαντος</span> <span class='ocrx_word' id='word_1_119' title='bbox 3241 597 3407 652; x_wconf 74' lang='grc' dir='ltr'>αὐτοῦ</span> <span class='ocrx_word' id='word_1_120' title='bbox 3429 639 3443 662; x_wconf 90' lang='grc'><strong>,</strong></span> <span class='ocrx_word' id='word_1_121' title='bbox 3478 598 3850 669; x_wconf 78' lang='grc' dir='ltr'>ἐμονάρχησεν</span> <span class='ocrx_word' id='word_1_122' title='bbox 3889 603 4020 654; x_wconf 85' lang='grc' dir='ltr'>Ἰου-</span> 
     </span>
    </p>
   </div>
   <div class='ocr_carea' id='block_1_21' title="bbox 2449 687 4020 760">
    <p class='ocr_par' dir='ltr' id='par_1_21' title="bbox 2449 687 4020 760">
     <span class='ocr_line' id='line_1_21' title="bbox 2449 687 4020 760; baseline 0.003 -19"><span class='ocrx_word' id='word_1_123' title='bbox 2449 687 2720 748; x_wconf 82' lang='grc' dir='ltr'>στινιανδς</span> <span class='ocrx_word' id='word_1_124' title='bbox 2751 689 2780 740; x_wconf 82' lang='grc' dir='ltr'>ὁ</span> <span class='ocrx_word' id='word_1_125' title='bbox 2810 689 2924 750; x_wconf 72' lang='grc' dir='ltr'>υίὸς</span> <span class='ocrx_word' id='word_1_126' title='bbox 2967 687 3131 742; x_wconf 73' lang='grc' dir='ltr'>αὑτοῦ</span> <span class='ocrx_word' id='word_1_127' title='bbox 3181 688 3273 760; x_wconf 79' lang='grc' dir='ltr'>ἔτη</span> <span class='ocrx_word' id='word_1_128' title='bbox 3331 689 3483 744; x_wconf 83' lang='grc' dir='ltr'>δέκα.</span> <span class='ocrx_word' id='word_1_129' title='bbox 3536 689 3922 760; x_wconf 75' lang='grc' dir='ltr'>Ἐκδληθέντος</span> <span class='ocrx_word' id='word_1_130' title='bbox 3963 692 4020 745; x_wconf 81' lang='grc' dir='ltr'>δὲ</span> 
     </span>
    </p>
   </div>
   <div class='ocr_carea' id='block_1_22' title="bbox 2459 780 4021 852">
    <p class='ocr_par' dir='ltr' id='par_1_22' title="bbox 2459 780 4021 852">
     <span class='ocr_line' id='line_1_22' title="bbox 2459 780 4021 852; baseline 0.001 -18"><span class='ocrx_word' id='word_1_131' title='bbox 2459 781 2832 834; x_wconf 75' lang='grc' dir='ltr'>Ἰουστινιανού</span> <span class='ocrx_word' id='word_1_132' title='bbox 2893 780 3199 850; x_wconf 75' lang='grc' dir='ltr'>ἐκράτησεν</span> <span class='ocrx_word' id='word_1_133' title='bbox 3241 781 3490 846; x_wconf 75' lang='grc' dir='ltr'><strong>Λεόντιος</strong></span> <span class='ocrx_word' id='word_1_134' title='bbox 3523 782 3615 852; x_wconf 80' lang='grc' dir='ltr'>ἔτη</span> <span class='ocrx_word' id='word_1_135' title='bbox 3650 789 3720 849; x_wconf 80' lang='grc' dir='ltr'><strong>γ’,</strong></span> <span class='ocrx_word' id='word_1_136' title='bbox 3759 783 3851 834; x_wconf 78' lang='grc' dir='ltr'>καὶ</span> <span class='ocrx_word' id='word_1_137' title='bbox 3886 783 4021 852; x_wconf 85' lang='grc' dir='ltr'><strong>μετὰ</strong></span> 
     </span>
    </p>
   </div>
   <div class='ocr_carea' id='block_1_23' title="bbox 2445 872 4021 945">
    <p class='ocr_par' dir='ltr' id='par_1_23' title="bbox 2445 872 4021 945">
     <span class='ocr_line' id='line_1_23' title="bbox 2445 872 4021 945; baseline 0.001 -20"><span class='ocrx_word' id='word_1_138' title='bbox 2445 873 2696 925; x_wconf 77' lang='grc' dir='ltr'>Λεόντιον</span> <span class='ocrx_word' id='word_1_139' title='bbox 2720 872 2965 940; x_wconf 79' lang='grc' dir='ltr'>Τιϐέριος</span> <span class='ocrx_word' id='word_1_140' title='bbox 2997 875 3024 924; x_wconf 87' lang='grc' dir='ltr'>ὁ</span> <span class='ocrx_word' id='word_1_141' title='bbox 3060 874 3149 926; x_wconf 82' lang='grc' dir='ltr'><strong>καὶ</strong></span> <span class='ocrx_word' id='word_1_142' title='bbox 3194 873 3492 945; x_wconf 67' lang='grc' dir='ltr'>Ἀψίμαρος</span> <span class='ocrx_word' id='word_1_143' title='bbox 3519 873 3611 943; x_wconf 81' lang='grc' dir='ltr'><strong>ἔτη</strong></span> <span class='ocrx_word' id='word_1_144' title='bbox 3643 874 3706 936; x_wconf 76' lang='grc' dir='ltr'><strong>ζ’.</strong></span> <span class='ocrx_word' id='word_1_145' title='bbox 3741 874 3831 926; x_wconf 71' lang='grc' dir='ltr'>καὶ</span> <span class='ocrx_word' id='word_1_146' title='bbox 3861 875 4021 928; x_wconf 80' lang='grc' dir='ltr'>πάλιν</span> 
     </span>
    </p>
   </div>
   <div class='ocr_carea' id='block_1_24' title="bbox 2459 965 4021 1038">
    <p class='ocr_par' dir='ltr' id='par_1_24' title="bbox 2459 965 4021 1038">
     <span class='ocr_line' id='line_1_24' title="bbox 2459 965 4021 1038; baseline 0.001 -20"><span class='ocrx_word' id='word_1_147' title='bbox 2459 965 2832 1027; x_wconf 79' lang='grc' dir='ltr'>ἰουστινιανὸς</span> <span class='ocrx_word' id='word_1_148' title='bbox 2871 966 2890 996; x_wconf 81' lang='grc'><strong><em>⁸</em></strong></span> <span class='ocrx_word' id='word_1_149' title='bbox 2921 968 2947 1018; x_wconf 87' lang='grc' dir='ltr'>ὁ</span> <span class='ocrx_word' id='word_1_150' title='bbox 2980 965 3265 1034; x_wconf 75' lang='grc' dir='ltr'>ἐκϐληθεὶς</span> <span class='ocrx_word' id='word_1_151' title='bbox 3298 966 3390 1038; x_wconf 77' lang='grc' dir='ltr'><strong>ἔτη</strong></span> <span class='ocrx_word' id='word_1_152' title='bbox 3428 973 3500 1030; x_wconf 81' lang='grc' dir='ltr'><strong>ς’.</strong></span> <span class='ocrx_word' id='word_1_153' title='bbox 3544 966 3631 1029; x_wconf 81' lang='grc' dir='ltr'>Ὠς</span> <span class='ocrx_word' id='word_1_154' title='bbox 3675 967 4021 1032; x_wconf 79' lang='grc' dir='ltr'>εὑρίσκεσθαι</span> 
     </span>
    </p>
   </div>
   <div class='ocr_carea' id='block_1_25' title="bbox 2445 1057 4022 1129">
    <p class='ocr_par' dir='ltr' id='par_1_25' title="bbox 2445 1057 4022 1129">
     <span class='ocr_line' id='line_1_25' title="bbox 2445 1057 4022 1129; baseline 0.001 -19"><span class='ocrx_word' id='word_1_155' title='bbox 2445 1057 2504 1125; x_wconf 79' lang='grc' dir='ltr'>ἐξ</span> <span class='ocrx_word' id='word_1_156' title='bbox 2539 1059 2719 1112; x_wconf 82' lang='grc' dir='ltr'>αὐτῶν</span> <span class='ocrx_word' id='word_1_157' title='bbox 2773 1059 2882 1110; x_wconf 83' lang='grc' dir='ltr'><strong>τῶν</strong></span> <span class='ocrx_word' id='word_1_158' title='bbox 2941 1058 3239 1128; x_wconf 82' lang='grc' dir='ltr'><strong>δεδομένων</strong></span> <span class='ocrx_word' id='word_1_159' title='bbox 3292 1059 3312 1089; x_wconf 76' lang='grc'>⁸</span> <span class='ocrx_word' id='word_1_160' title='bbox 3363 1059 3551 1112; x_wconf 82' lang='grc' dir='ltr'>τύπων</span> <span class='ocrx_word' id='word_1_161' title='bbox 3592 1059 3667 1128; x_wconf 83' lang='grc' dir='ltr'>τῷ</span> <span class='ocrx_word' id='word_1_162' title='bbox 3701 1058 3742 1129; x_wconf 82' lang='grc' dir='ltr'><strong>β’</strong></span> <span class='ocrx_word' id='word_1_163' title='bbox 3785 1059 3894 1113; x_wconf 79' lang='grc' dir='ltr'>ἔτει</span> <span class='ocrx_word' id='word_1_164' title='bbox 3925 1061 4022 1128; x_wconf 74' lang='grc' dir='ltr'>τῆς</span> 
     </span>
    </p>
   </div>
   <div class='ocr_carea' id='block_1_26' title="bbox 2446 1149 4024 1221">
    <p class='ocr_par' dir='ltr' id='par_1_26' title="bbox 2446 1149 4024 1221">
     <span class='ocr_line' id='line_1_26' title="bbox 2446 1149 4024 1221; baseline 0 -19"><span class='ocrx_word' id='word_1_165' title='bbox 2446 1152 2681 1221; x_wconf 78' lang='grc' dir='ltr'><strong>ἐσχάτης</strong></span> <span class='ocrx_word' id='word_1_166' title='bbox 2717 1150 2990 1220; x_wconf 83' lang='grc' dir='ltr'>βασιλείας</span> <span class='ocrx_word' id='word_1_167' title='bbox 3012 1149 3105 1202; x_wconf 75' lang='grc' dir='ltr'><strong>τοῦ</strong></span> <span class='ocrx_word' id='word_1_168' title='bbox 3137 1149 3300 1203; x_wconf 78' lang='grc' dir='ltr'><strong>αύτοῦ</strong></span> <span class='ocrx_word' id='word_1_169' title='bbox 3322 1152 3753 1221; x_wconf 79' lang='grc' dir='ltr'>ῥινοκοπημένου</span> <span class='ocrx_word' id='word_1_170' title='bbox 3800 1153 4024 1204; x_wconf 77' lang='grc' dir='ltr'>’1ουστι-</span> 
     </span>
    </p>
   </div>
   <div class='ocr_carea' id='block_1_27' title="bbox 2446 1242 4024 1313">
    <p class='ocr_par' dir='ltr' id='par_1_27' title="bbox 2446 1242 4024 1313">
     <span class='ocr_line' id='line_1_27' title="bbox 2446 1242 4024 1313; baseline -0.001 -19"><span class='ocrx_word' id='word_1_171' title='bbox 2446 1242 2628 1296; x_wconf 84' lang='grc' dir='ltr'>νιανοῦ</span> <span class='ocrx_word' id='word_1_172' title='bbox 2660 1242 2994 1295; x_wconf 84' lang='grc' dir='ltr'>ὲκτεθεῖσθαι</span> <span class='ocrx_word' id='word_1_173' title='bbox 3021 1242 3220 1306; x_wconf 72' lang='grc' dir='ltr'>αύτοῦς</span> <span class='ocrx_word' id='word_1_174' title='bbox 3247 1243 3602 1312; x_wconf 76' lang='grc' dir='ltr'>περιέχοντας</span> <span class='ocrx_word' id='word_1_175' title='bbox 3620 1245 3676 1295; x_wconf 78' lang='grc' dir='ltr'>ὲν</span> <span class='ocrx_word' id='word_1_176' title='bbox 3699 1243 3772 1313; x_wconf 75' lang='grc' dir='ltr'><strong>τῷ</strong></span> <span class='ocrx_word' id='word_1_177' title='bbox 3790 1250 3836 1311; x_wconf 84' lang='grc' dir='ltr'><strong>γ’</strong></span> <span class='ocrx_word' id='word_1_178' title='bbox 3870 1242 4024 1310; x_wconf 82' lang='grc' dir='ltr'>τύπῳ</span> 
     </span>
    </p>
   </div>
   <div class='ocr_carea' id='block_1_28' title="bbox 2443 1333 4026 1404">
    <p class='ocr_par' dir='ltr' id='par_1_28' title="bbox 2443 1333 4026 1404">
     <span class='ocr_line' id='line_1_28' title="bbox 2443 1333 4026 1404; baseline -0.001 -16"><span class='ocrx_word' id='word_1_179' title='bbox 2443 1339 2562 1398; x_wconf 82' lang='grc' dir='ltr'>ταῖς</span> <span class='ocrx_word' id='word_1_180' title='bbox 2603 1335 2810 1401; x_wconf 83' lang='grc' dir='ltr'>λέξεσιν</span> <span class='ocrx_word' id='word_1_181' title='bbox 2865 1335 3036 1397; x_wconf 73' lang='grc' dir='ltr'>οὕτως</span> <span class='ocrx_word' id='word_1_182' title='bbox 3061 1352 3074 1365; x_wconf 82' lang='grc'><em>’</em></span> <span class='ocrx_word' id='word_1_183' title='bbox 3107 1333 3430 1404; x_wconf 82' lang='grc' dir='ltr'>Συνορῶμεν</span> <span class='ocrx_word' id='word_1_184' title='bbox 3467 1335 3549 1387; x_wconf 85' lang='grc' dir='ltr'><strong>ὅτι</strong></span> <span class='ocrx_word' id='word_1_185' title='bbox 3599 1336 3723 1397; x_wconf 68' lang='grc' dir='ltr'>τοὺς</span> <span class='ocrx_word' id='word_1_186' title='bbox 3762 1335 3860 1404; x_wconf 77' lang='grc' dir='ltr'><strong>μὲν</strong></span> <span class='ocrx_word' id='word_1_187' title='bbox 3903 1334 4026 1387; x_wconf 73' lang='grc' dir='ltr'>δυσὶ</span> 
     </span>
    </p>
   </div>
   <div class='ocr_carea' id='block_1_29' title="bbox 2446 1428 4023 1499">
    <p class='ocr_par' dir='ltr' id='par_1_29' title="bbox 2446 1428 4023 1499">
     <span class='ocr_line' id='line_1_29' title="bbox 2446 1428 4023 1499; baseline -0.001 -19"><span class='ocrx_word' id='word_1_188' title='bbox 2446 1428 2644 1498; x_wconf 78' lang='grc' dir='ltr'>γάμοις</span> <span class='ocrx_word' id='word_1_189' title='bbox 2694 1429 3121 1499; x_wconf 81' lang='grc' dir='ltr'>περιπαρέντας,</span> <span class='ocrx_word' id='word_1_190' title='bbox 3156 1428 3249 1480; x_wconf 76' lang='grc' dir='ltr'><strong>καὶ</strong></span> <span class='ocrx_word' id='word_1_191' title='bbox 3282 1428 3443 1499; x_wconf 85' lang='grc' dir='ltr'>μέχρι</span> <span class='ocrx_word' id='word_1_192' title='bbox 3487 1428 3586 1497; x_wconf 78' lang='grc' dir='ltr'><strong>τῆς</strong></span> <span class='ocrx_word' id='word_1_193' title='bbox 3621 1435 3680 1479; x_wconf 89' lang='grc' dir='ltr'>ιε’</span> <span class='ocrx_word' id='word_1_194' title='bbox 3713 1428 3806 1479; x_wconf 80' lang='grc' dir='ltr'>τοῦ</span> <span class='ocrx_word' id='word_1_195' title='bbox 3833 1428 3850 1456; x_wconf 88' lang='grc'><strong>⁷</strong></span> <span class='ocrx_word' id='word_1_196' title='bbox 3882 1443 4023 1495; x_wconf 81' lang='grc' dir='ltr'>παρ-</span> 
     </span>
    </p>
   </div>
   <div class='ocr_carea' id='block_1_30' title="bbox 2445 1518 4027 1590">
    <p class='ocr_par' dir='ltr' id='par_1_30' title="bbox 2445 1518 4027 1590">
     <span class='ocr_line' id='line_1_30' title="bbox 2445 1518 4027 1590; baseline -0.004 -17"><span class='ocrx_word' id='word_1_197' title='bbox 2445 1521 2696 1582; x_wconf 83' lang='grc' dir='ltr'>ελθόντος</span> <span class='ocrx_word' id='word_1_198' title='bbox 2738 1520 3070 1590; x_wconf 81' lang='grc' dir='ltr'>Ἰανουαρίου</span> <span class='ocrx_word' id='word_1_199' title='bbox 3131 1519 3296 1589; x_wconf 79' lang='grc' dir='ltr'>μηνὸς</span> <span class='ocrx_word' id='word_1_200' title='bbox 3336 1521 3434 1588; x_wconf 80' lang='grc' dir='ltr'><strong>τῆς</strong></span> <span class='ocrx_word' id='word_1_201' title='bbox 3465 1519 3842 1589; x_wconf 74' lang='grc' dir='ltr'><strong>παρελθούσης</strong></span> <span class='ocrx_word' id='word_1_202' title='bbox 3872 1518 3913 1571; x_wconf 87' lang='grc' dir='ltr'>δ’</span> <span class='ocrx_word' id='word_1_203' title='bbox 3955 1519 4027 1568; x_wconf 89' lang='grc' dir='ltr'>ίν-</span> 
     </span>
    </p>
   </div>
   <div class='ocr_carea' id='block_1_31' title="bbox 2445 1609 4026 1680">
    <p class='ocr_par' dir='ltr' id='par_1_31' title="bbox 2445 1609 4026 1680">
     <span class='ocr_line' id='line_1_31' title="bbox 2445 1609 4026 1680; baseline -0.003 -15"><span class='ocrx_word' id='word_1_204' title='bbox 2445 1611 2724 1672; x_wconf 86' lang='grc' dir='ltr'>δικτιῶνος</span> <span class='ocrx_word' id='word_1_205' title='bbox 2759 1612 2911 1673; x_wconf 78' lang='grc' dir='ltr'>ἔτους</span> <span class='ocrx_word' id='word_1_206' title='bbox 2942 1609 3120 1680; x_wconf 45' lang='grc' dir='ltr'>ιςριθ</span> <span class='ocrx_word' id='word_1_207' title='bbox 3153 1610 3521 1673; x_wconf 72' lang='grc' dir='ltr'>δουλωθέντας</span> <span class='ocrx_word' id='word_1_208' title='bbox 3553 1613 3619 1680; x_wconf 82' lang='grc' dir='ltr'>τῇ</span> <span class='ocrx_word' id='word_1_209' title='bbox 3646 1609 3910 1680; x_wconf 74' lang='grc' dir='ltr'>ἁμαρτία,</span> <span class='ocrx_word' id='word_1_210' title='bbox 3933 1609 4026 1661; x_wconf 69' lang='grc' dir='ltr'>καὶ</span> 
     </span>
    </p>
   </div>
   <div class='ocr_carea' id='block_1_32' title="bbox 2451 1699 4024 1771">
    <p class='ocr_par' dir='ltr' id='par_1_32' title="bbox 2451 1699 4024 1771">
     <span class='ocr_line' id='line_1_32' title="bbox 2451 1699 4024 1771; baseline -0.001 -19"><span class='ocrx_word' id='word_1_211' title='bbox 2451 1701 2526 1771; x_wconf 83' lang='grc' dir='ltr'><strong>μὴ</strong></span> <span class='ocrx_word' id='word_1_212' title='bbox 2558 1700 2916 1770; x_wconf 66' lang='grc' dir='ltr'>ἐκνήψαντας,</span> <span class='ocrx_word' id='word_1_213' title='bbox 2969 1699 3314 1769; x_wconf 85' lang='grc' dir='ltr'>προελόμεθα</span> <span class='ocrx_word' id='word_1_214' title='bbox 3342 1699 3363 1730; x_wconf 82' lang='grc'>⁸</span> <span class='ocrx_word' id='word_1_215' title='bbox 3394 1699 3716 1768; x_wconf 75' lang='grc' dir='ltr'>καθαιρέσει</span> <span class='ocrx_word' id='word_1_216' title='bbox 3767 1700 4024 1767; x_wconf 85' lang='grc' dir='ltr'>κανονικῇ</span> 
     </span>
    </p>
   </div>
   <div class='ocr_carea' id='block_1_33' title="bbox 2449 1788 4028 1859">
    <p class='ocr_par' dir='ltr' id='par_1_33' title="bbox 2449 1788 4028 1859">
     <span class='ocr_line' id='line_1_33' title="bbox 2449 1788 4028 1859; baseline -0.002 -16"><span class='ocrx_word' id='word_1_217' title='bbox 2449 1791 2737 1844; x_wconf 78' lang='grc' dir='ltr'>ὑποϐαλεῖν</span> <span class='ocrx_word' id='word_1_218' title='bbox 2777 1791 2818 1845; x_wconf 74' lang='grc' dir='ltr'><strong>θ.</strong></span> <span class='ocrx_word' id='word_1_219' title='bbox 2862 1789 2968 1843; x_wconf 79' lang='grc' dir='ltr'><strong>Καὶ</strong></span> <span class='ocrx_word' id='word_1_220' title='bbox 2985 1792 3116 1858; x_wconf 81' lang='grc' dir='ltr'>μεθ’</span> <span class='ocrx_word' id='word_1_221' title='bbox 3141 1789 3346 1858; x_wconf 78' lang='grc' dir='ltr'>ἕτερα·</span> <span class='ocrx_word' id='word_1_222' title='bbox 3376 1791 3514 1852; x_wconf 77' lang='grc' dir='ltr'>Τοὺς</span> <span class='ocrx_word' id='word_1_223' title='bbox 3543 1789 3599 1841; x_wconf 76' lang='grc' dir='ltr'>δὲ</span> <span class='ocrx_word' id='word_1_224' title='bbox 3631 1788 3767 1857; x_wconf 74' lang='grc' dir='ltr'>μετὰ</span> <span class='ocrx_word' id='word_1_225' title='bbox 3793 1789 3888 1859; x_wconf 79' lang='grc' dir='ltr'><strong>τὴν</strong></span> <span class='ocrx_word' id='word_1_226' title='bbox 3918 1805 4028 1857; x_wconf 80' lang='grc' dir='ltr'>χει-</span> 
     </span>
    </p>
   </div>
   <div class='ocr_carea' id='block_1_34' title="bbox 772 1867 2527 1955">
    <p class='ocr_par' dir='ltr' id='par_1_34' title="bbox 772 1867 2527 1954">
     <span class='ocr_line' id='line_1_34' title="bbox 772 1867 2527 1954; baseline -0.002 -18"><span class='ocrx_word' id='word_1_227' title='bbox 772 1884 1042 1937; x_wconf 85' lang='lat' dir='ltr'><strong>decintum</strong></span> <span class='ocrx_word' id='word_1_228' title='bbox 1086 1885 1362 1952; x_wconf 85' lang='lat' dir='ltr'><strong>quintum,</strong></span> <span class='ocrx_word' id='word_1_229' title='bbox 1414 1883 1700 1952; x_wconf 60' lang='lat' dir='ltr'><strong>prmterita:</strong></span> <span class='ocrx_word' id='word_1_230' title='bbox 1742 1867 1951 1952; x_wconf 63' lang='lat' dir='ltr'><strong>quartae</strong></span> <span class='ocrx_word' id='word_1_231' title='bbox 2007 1883 2341 1948; x_wconf 90' lang='lat' dir='ltr'><strong>indictionis,</strong></span> <span class='ocrx_word' id='word_1_232' title='bbox 2375 1867 2417 1922; x_wconf 76' lang='grc' dir='ltr'><strong>Β</strong></span> <span class='ocrx_word' id='word_1_233' title='bbox 2452 1901 2527 1954; x_wconf 68' lang='grc' dir='ltr'>ροπ</span> 
     </span>
    </p>
   </div>
   <div class='ocr_carea' id='block_1_35' title="bbox 2274 1867 4029 1955">
    <p class='ocr_par' dir='ltr' id='par_1_35' title="bbox 2279 1867 4029 1955">
     <span class='ocr_line' id='line_1_35' title="bbox 2279 1867 4029 1955; baseline -0.003 -20"><span class='ocrx_word' id='word_1_234' title='bbox 2279 1884 2341 1948; x_wconf 90' lang='lat' dir='ltr'><strong>is,</strong></span> <span class='ocrx_word' id='word_1_235' title='bbox 2375 1867 2417 1922; x_wconf 75' lang='grc' dir='ltr'><strong>Β</strong></span> <span class='ocrx_word' id='word_1_236' title='bbox 2452 1884 2694 1954; x_wconf 87' lang='grc' dir='ltr'>ροτονίαν</span> <span class='ocrx_word' id='word_1_237' title='bbox 2722 1884 2884 1952; x_wconf 87' lang='grc' dir='ltr'>γάμῳ</span> <span class='ocrx_word' id='word_1_238' title='bbox 2916 1885 2995 1935; x_wconf 69' lang='grc' dir='ltr'>ἐν).</span> <span class='ocrx_word' id='word_1_239' title='bbox 3046 1885 3382 1955; x_wconf 74' lang='grc' dir='ltr'>παρανόμως</span> <span class='ocrx_word' id='word_1_240' title='bbox 3432 1883 3545 1951; x_wconf 88' lang='grc'><strong>(55)</strong></span> <span class='ocrx_word' id='word_1_241' title='bbox 3594 1880 4029 1954; x_wconf 78' lang='grc' dir='ltr'>προσομιλήσαν-</span> 
     </span>
    </p>
   </div>
   <div class='ocr_carea' id='block_1_36' title="bbox 773 1974 2343 2044">
    <p class='ocr_par' dir='ltr' id='par_1_36' title="bbox 773 1974 2343 2044">
     <span class='ocr_line' id='line_1_36' title="bbox 773 1974 2343 2044; baseline 0 -16"><span class='ocrx_word' id='word_1_242' title='bbox 773 1977 902 2029; x_wconf 90' lang='lat' dir='ltr'><strong>anni</strong></span> <span class='ocrx_word' id='word_1_243' title='bbox 953 1976 1135 2030; x_wconf 74' lang='lat' dir='ltr'><strong>sexies</strong></span> <span class='ocrx_word' id='word_1_244' title='bbox 1195 1975 1471 2028; x_wconf 86' lang='lat' dir='ltr'><strong>millesimi</strong></span> <span class='ocrx_word' id='word_1_245' title='bbox 1516 1975 1800 2028; x_wconf 77' lang='lat' dir='ltr'><strong>centesimi</strong></span> <span class='ocrx_word' id='word_1_246' title='bbox 1841 1975 2184 2044; x_wconf 88' lang='lat' dir='ltr'><strong>nonagesimi</strong></span> <span class='ocrx_word' id='word_1_247' title='bbox 2215 1974 2343 2028; x_wconf 92' lang='lat' dir='ltr'><strong>noni</strong></span> 
     </span>
    </p>
   </div>
   <div class='ocr_carea' id='block_1_37' title="bbox 774 2066 2346 2136">
    <p class='ocr_par' dir='ltr' id='par_1_37' title="bbox 774 2066 2346 2136">
     <span class='ocr_line' id='line_1_37' title="bbox 774 2066 2346 2136; baseline -0.001 -16"><span class='ocrx_word' id='word_1_248' title='bbox 774 2066 979 2136; x_wconf 83' lang='lat' dir='ltr'><strong>peccati</strong></span> <span class='ocrx_word' id='word_1_249' title='bbox 1012 2066 1258 2121; x_wconf 89' lang='lat' dir='ltr'><strong>servituti</strong></span> <span class='ocrx_word' id='word_1_250' title='bbox 1279 2067 1547 2119; x_wconf 83' lang='lat' dir='ltr'><strong>obnoxios</strong></span> <span class='ocrx_word' id='word_1_251' title='bbox 1580 2081 1639 2118; x_wconf 90' lang='lat' dir='ltr'><strong>sc</strong></span> <span class='ocrx_word' id='word_1_252' title='bbox 1666 2066 1911 2130; x_wconf 89' lang='lat' dir='ltr'><strong>voluere,</strong></span> <span class='ocrx_word' id='word_1_253' title='bbox 1938 2081 2036 2119; x_wconf 89' lang='lat' dir='ltr'><strong>nec</strong></span> <span class='ocrx_word' id='word_1_254' title='bbox 2059 2066 2167 2118; x_wconf 92' lang='lat' dir='ltr'><strong>ullo</strong></span> <span class='ocrx_word' id='word_1_255' title='bbox 2192 2075 2346 2134; x_wconf 86' lang='lat' dir='ltr'><strong>pacto</strong></span> 
     </span>
    </p>
   </div>
   <div class='ocr_carea' id='block_1_38' title="bbox 774 2161 2346 2233">
    <p class='ocr_par' dir='ltr' id='par_1_38' title="bbox 774 2161 2346 2233">
     <span class='ocr_line' id='line_1_38' title="bbox 774 2161 2346 2233; baseline -0.001 -15"><span class='ocrx_word' id='word_1_256' title='bbox 774 2165 1119 2233; x_wconf 80' lang='lat' dir='ltr'><strong>resipiscere,</strong></span> <span class='ocrx_word' id='word_1_257' title='bbox 1169 2165 1445 2216; x_wconf 74' lang='lat' dir='ltr'><strong>canonica:</strong></span> <span class='ocrx_word' id='word_1_258' title='bbox 1479 2161 1809 2230; x_wconf 85' lang='lat' dir='ltr'><strong>depositioni</strong></span> <span class='ocrx_word' id='word_1_259' title='bbox 1858 2161 2130 2228; x_wconf 77' lang='lat' dir='ltr'><strong>subjicere</strong></span> <span class='ocrx_word' id='word_1_260' title='bbox 2157 2161 2346 2216; x_wconf 86' lang='lat' dir='ltr'><strong>decre-</strong></span> 
     </span>
    </p>
   </div>
   <div class='ocr_carea' id='block_1_39' title="bbox 773 2251 2346 2326">
    <p class='ocr_par' dir='ltr' id='par_1_39' title="bbox 773 2251 2346 2326">
     <span class='ocr_line' id='line_1_39' title="bbox 773 2251 2346 2326; baseline -0.001 -19"><span class='ocrx_word' id='word_1_261' title='bbox 773 2258 978 2311; x_wconf 89' lang='lat' dir='ltr'><strong>vimus.</strong></span> <span class='ocrx_word' id='word_1_262' title='bbox 1039 2254 1104 2309; x_wconf 86' lang='lat' dir='ltr'><strong>Et</strong></span> <span class='ocrx_word' id='word_1_263' title='bbox 1151 2255 1480 2326; x_wconf 83' lang='lat' dir='ltr'><strong>quibusdam</strong></span> <span class='ocrx_word' id='word_1_264' title='bbox 1541 2253 1884 2322; x_wconf 83' lang='lat' dir='ltr'><strong>interpositis</strong></span> <span class='ocrx_word' id='word_1_265' title='bbox 1920 2251 2061 2305; x_wconf 88' lang='lat' dir='ltr'><strong>:Eos</strong></span> <span class='ocrx_word' id='word_1_266' title='bbox 2090 2268 2220 2306; x_wconf 89' lang='lat' dir='ltr'><strong>vero</strong></span> <span class='ocrx_word' id='word_1_267' title='bbox 2256 2253 2346 2322; x_wconf 91' lang='lat' dir='ltr'><strong>qui</strong></span> 
     </span>
    </p>
   </div>
   <div class='ocr_carea' id='block_1_40' title="bbox 774 2346 2347 2418">
    <p class='ocr_par' dir='ltr' id='par_1_40' title="bbox 774 2346 2347 2418">
     <span class='ocr_line' id='line_1_40' title="bbox 774 2346 2347 2418; baseline 0.001 -20"><span class='ocrx_word' id='word_1_268' title='bbox 774 2356 897 2418; x_wconf 80' lang='lat' dir='ltr'><strong>post</strong></span> <span class='ocrx_word' id='word_1_269' title='bbox 925 2346 1148 2402; x_wconf 87' lang='lat' dir='ltr'><strong>ordines</strong></span> <span class='ocrx_word' id='word_1_270' title='bbox 1195 2356 1486 2415; x_wconf 79' lang='lat' dir='ltr'><strong>susceptos</strong></span> <span class='ocrx_word' id='word_1_271' title='bbox 1529 2361 1636 2398; x_wconf 91' lang='lat' dir='ltr'><strong>uno</strong></span> <span class='ocrx_word' id='word_1_272' title='bbox 1691 2346 1816 2399; x_wconf 92' lang='lat' dir='ltr'><strong>licet</strong></span> <span class='ocrx_word' id='word_1_273' title='bbox 1860 2347 2116 2413; x_wconf 85' lang='lat' dir='ltr'><strong>conjugio</strong></span> <span class='ocrx_word' id='word_1_274' title='bbox 2168 2361 2226 2401; x_wconf 90' lang='lat' dir='ltr'><strong>se</strong></span> <span class='ocrx_word' id='word_1_275' title='bbox 2254 2347 2347 2399; x_wconf 70' lang='lat' dir='ltr'><strong>tle-</strong></span> 
     </span>
    </p>
   </div>
   <div class='ocr_carea' id='block_1_41' title="bbox 773 2435 2348 2507">
    <p class='ocr_par' dir='ltr' id='par_1_41' title="bbox 773 2435 2348 2507">
     <span class='ocr_line' id='line_1_41' title="bbox 773 2435 2348 2507; baseline -0.003 -14"><span class='ocrx_word' id='word_1_276' title='bbox 773 2443 1073 2502; x_wconf 75' lang='lat' dir='ltr'><strong>vinserint,</strong></span> <span class='ocrx_word' id='word_1_277' title='bbox 1105 2439 1156 2492; x_wconf 91' lang='lat' dir='ltr'><strong>id</strong></span> <span class='ocrx_word' id='word_1_278' title='bbox 1195 2449 1275 2493; x_wconf 88' lang='lat' dir='ltr'><strong>cst</strong></span> <span class='ocrx_word' id='word_1_279' title='bbox 1314 2438 1688 2507; x_wconf 78' lang='lat' dir='ltr'><strong>presbyteros,</strong></span> <span class='ocrx_word' id='word_1_280' title='bbox 1722 2437 1988 2490; x_wconf 87' lang='lat' dir='ltr'><strong>diaconos</strong></span> <span class='ocrx_word' id='word_1_281' title='bbox 2041 2445 2094 2490; x_wconf 89' lang='lat' dir='ltr'><strong>et</strong></span> <span class='ocrx_word' id='word_1_282' title='bbox 2127 2435 2348 2490; x_wconf 62' lang='lat' dir='ltr'><strong>subdia.</strong></span> 
     </span>
    </p>
   </div>
   <div class='ocr_carea' id='block_1_42' title="bbox 775 2527 2349 2598">
    <p class='ocr_par' dir='ltr' id='par_1_42' title="bbox 775 2527 2349 2598">
     <span class='ocr_line' id='line_1_42' title="bbox 775 2527 2349 2598; baseline -0.001 -14"><span class='ocrx_word' id='word_1_283' title='bbox 775 2547 970 2593; x_wconf 90' lang='lat' dir='ltr'><strong>conos,</strong></span> <span class='ocrx_word' id='word_1_284' title='bbox 1008 2530 1159 2584; x_wconf 85' lang='lat' dir='ltr'><strong>brevi</strong></span> <span class='ocrx_word' id='word_1_285' title='bbox 1191 2529 1454 2598; x_wconf 90' lang='lat' dir='ltr'><strong>temporis</strong></span> <span class='ocrx_word' id='word_1_286' title='bbox 1482 2528 1661 2597; x_wconf 88' lang='lat' dir='ltr'><strong>spatio</strong></span> <span class='ocrx_word' id='word_1_287' title='bbox 1708 2528 1883 2582; x_wconf 85' lang='lat' dir='ltr'><strong>sacris</strong></span> <span class='ocrx_word' id='word_1_288' title='bbox 1924 2527 2193 2582; x_wconf 70' lang='lat' dir='ltr'><strong>n&#39;iinistris</strong></span> <span class='ocrx_word' id='word_1_289' title='bbox 2222 2543 2349 2598; x_wconf 89' lang='lat' dir='ltr'><strong>pro-</strong></span> 
     </span>
    </p>
   </div>
   <div class='ocr_carea' id='block_1_43' title="bbox 774 2620 2354 2691">
    <p class='ocr_par' dir='ltr' id='par_1_43' title="bbox 774 2620 2354 2691">
     <span class='ocr_line' id='line_1_43' title="bbox 774 2620 2354 2691; baseline -0.003 -14"><span class='ocrx_word' id='word_1_290' title='bbox 774 2624 978 2677; x_wconf 89' lang='lat' dir='ltr'><strong>hibitos</strong></span> <span class='ocrx_word' id='word_1_291' title='bbox 1001 2634 1054 2678; x_wconf 88' lang='lat' dir='ltr'><strong>et</strong></span> <span class='ocrx_word' id='word_1_292' title='bbox 1084 2623 1261 2691; x_wconf 71' lang='lat' dir='ltr'><strong>pmuis</strong></span> <span class='ocrx_word' id='word_1_293' title='bbox 1305 2621 1608 2690; x_wconf 81' lang='lat' dir='ltr'><strong>castigatos</strong></span> <span class='ocrx_word' id='word_1_294' title='bbox 1643 2621 1880 2690; x_wconf 88' lang='lat' dir='ltr'><strong>propriis</strong></span> <span class='ocrx_word' id='word_1_295' title='bbox 1917 2620 2134 2674; x_wconf 86' lang='lat' dir='ltr'><strong>demum</strong></span> <span class='ocrx_word' id='word_1_296' title='bbox 2169 2621 2354 2690; x_wconf 82' lang='lat' dir='ltr'><strong>gradi-</strong></span> 
     </span>
    </p>
   </div>
   <div class='ocr_carea' id='block_1_44' title="bbox 777 2712 2350 2781">
    <p class='ocr_par' dir='ltr' id='par_1_44' title="bbox 777 2712 2350 2781">
     <span class='ocr_line' id='line_1_44' title="bbox 777 2712 2350 2781; baseline -0.001 -13"><span class='ocrx_word' id='word_1_297' title='bbox 777 2714 880 2768; x_wconf 81' lang='lat' dir='ltr'><strong>bus</strong></span> <span class='ocrx_word' id='word_1_298' title='bbox 914 2713 1096 2767; x_wconf 83' lang='lat' dir='ltr'><strong>denuo</strong></span> <span class='ocrx_word' id='word_1_299' title='bbox 1150 2713 1390 2775; x_wconf 87' lang='lat' dir='ltr'><strong>restitui,</strong></span> <span class='ocrx_word' id='word_1_300' title='bbox 1434 2712 1542 2765; x_wconf 72' lang='lat' dir='ltr'><strong>alio</strong></span> <span class='ocrx_word' id='word_1_301' title='bbox 1589 2715 1870 2781; x_wconf 82' lang='lat' dir='ltr'><strong>superiore</strong></span> <span class='ocrx_word' id='word_1_302' title='bbox 1909 2727 2180 2780; x_wconf 88' lang='lat' dir='ltr'><strong>nusquam</strong></span> <span class='ocrx_word' id='word_1_303' title='bbox 2220 2728 2350 2781; x_wconf 90' lang='lat' dir='ltr'><strong>pro-</strong></span> 
     </span>
    </p>
   </div>
   <div class='ocr_carea' id='block_1_45' title="bbox 779 2803 2348 2873">
    <p class='ocr_par' dir='ltr' id='par_1_45' title="bbox 779 2803 2348 2873">
     <span class='ocr_line' id='line_1_45' title="bbox 779 2803 2348 2873; baseline -0.001 -14"><span class='ocrx_word' id='word_1_304' title='bbox 779 2807 1094 2867; x_wconf 84' lang='lat' dir='ltr'><strong>movendos,</strong></span> <span class='ocrx_word' id='word_1_305' title='bbox 1132 2805 1390 2857; x_wconf 88' lang='lat' dir='ltr'><strong>nimirum</strong></span> <span class='ocrx_word' id='word_1_306' title='bbox 1441 2804 1722 2872; x_wconf 84' lang='lat' dir='ltr'><strong>illegitimo</strong></span> <span class='ocrx_word' id='word_1_307' title='bbox 1773 2803 2132 2857; x_wconf 87' lang='lat' dir='ltr'><strong>contubernio</strong></span> <span class='ocrx_word' id='word_1_308' title='bbox 2171 2804 2348 2873; x_wconf 81' lang='lat' dir='ltr'><strong>palam</strong></span> 
     </span>
    </p>
   </div>
   <div class='ocr_carea' id='block_1_46' title="bbox 776 2894 2355 2967">
    <p class='ocr_par' dir='ltr' id='par_1_46' title="bbox 776 2894 2355 2967">
     <span class='ocr_line' id='line_1_46' title="bbox 776 2894 2355 2967; baseline -0.001 -19"><span class='ocrx_word' id='word_1_309' title='bbox 776 2899 931 2967; x_wconf 87' lang='lat' dir='ltr'><strong>prius</strong></span> <span class='ocrx_word' id='word_1_310' title='bbox 961 2896 1254 2950; x_wconf 85' lang='lat' dir='ltr'><strong>dissoluto.</strong></span> <span class='ocrx_word' id='word_1_311' title='bbox 1292 2894 1366 2948; x_wconf 77' lang='lat' dir='ltr'><strong>Ex</strong></span> <span class='ocrx_word' id='word_1_312' title='bbox 1397 2895 1510 2964; x_wconf 90' lang='lat' dir='ltr'><strong>ipsa</strong></span> <span class='ocrx_word' id='word_1_313' title='bbox 1542 2895 1731 2960; x_wconf 84' lang='lat' dir='ltr'><strong>itaque</strong></span> <span class='ocrx_word' id='word_1_314' title='bbox 1761 2903 2070 2964; x_wconf 88' lang='lat' dir='ltr'><strong>temporum</strong></span> <span class='ocrx_word' id='word_1_315' title='bbox 2103 2896 2355 2964; x_wconf 84' lang='lat' dir='ltr'><strong>designa-</strong></span> 
     </span>
    </p>
   </div>
   <div class='ocr_carea' id='block_1_47' title="bbox 779 2985 2352 3054">
    <p class='ocr_par' dir='ltr' id='par_1_47' title="bbox 779 2985 2352 3054">
     <span class='ocr_line' id='line_1_47' title="bbox 779 2985 2352 3054; baseline 0.001 -16"><span class='ocrx_word' id='word_1_316' title='bbox 779 2989 924 3040; x_wconf 88' lang='lat' dir='ltr'><strong>tione</strong></span> <span class='ocrx_word' id='word_1_317' title='bbox 959 3001 987 3037; x_wconf 87' lang='lat' dir='ltr'><strong>a</strong></span> <span class='ocrx_word' id='word_1_318' title='bbox 1021 2985 1296 3039; x_wconf 85' lang='lat' dir='ltr'><strong>celebrata</strong></span> <span class='ocrx_word' id='word_1_319' title='bbox 1360 2993 1549 3039; x_wconf 88' lang='lat' dir='ltr'><strong>sancta</strong></span> <span class='ocrx_word' id='word_1_320' title='bbox 1612 2985 1908 3040; x_wconf 90' lang='lat' dir='ltr'><strong>universali</strong></span> <span class='ocrx_word' id='word_1_321' title='bbox 1958 2994 2110 3040; x_wconf 75' lang='lat' dir='ltr'><strong>sexta</strong></span> <span class='ocrx_word' id='word_1_322' title='bbox 2141 2985 2352 3054; x_wconf 84' lang='lat' dir='ltr'><strong>synodo</strong></span> 
     </span>
    </p>
   </div>
   <div class='ocr_carea' id='block_1_48' title="bbox 779 3076 2353 3147">
    <p class='ocr_par' dir='ltr' id='par_1_48' title="bbox 779 3076 2353 3147">
     <span class='ocr_line' id='line_1_48' title="bbox 779 3076 2353 3147; baseline -0.001 -15"><span class='ocrx_word' id='word_1_323' title='bbox 779 3094 956 3147; x_wconf 85' lang='lat' dir='ltr'><strong>usque</strong></span> <span class='ocrx_word' id='word_1_324' title='bbox 973 3077 1036 3130; x_wconf 90' lang='lat' dir='ltr'><strong>ad</strong></span> <span class='ocrx_word' id='word_1_325' title='bbox 1073 3077 1251 3130; x_wconf 90' lang='lat' dir='ltr'><strong>editos</strong></span> <span class='ocrx_word' id='word_1_326' title='bbox 1300 3091 1539 3130; x_wconf 82' lang='lat' dir='ltr'><strong>canones</strong></span> <span class='ocrx_word' id='word_1_327' title='bbox 1570 3076 1690 3144; x_wconf 75' lang='lat' dir='ltr'><strong>ejus</strong></span> <span class='ocrx_word' id='word_1_328' title='bbox 1725 3077 1946 3130; x_wconf 81' lang='lat' dir='ltr'><strong>nOmine</strong></span> <span class='ocrx_word' id='word_1_329' title='bbox 1981 3078 2353 3146; x_wconf 83' lang='lat' dir='ltr'><strong>promulgatos</strong></span> 
     </span>
    </p>
   </div>
   <div class='ocr_carea' id='block_1_49' title="bbox 2447 1972 4030 2044">
    <p class='ocr_par' dir='ltr' id='par_1_49' title="bbox 2447 1972 4030 2044">
     <span class='ocr_line' id='line_1_49' title="bbox 2447 1972 4030 2044; baseline -0.003 -17"><span class='ocrx_word' id='word_1_330' title='bbox 2447 1993 2565 2038; x_wconf 86' lang='grc' dir='ltr'>τας,</span> <span class='ocrx_word' id='word_1_331' title='bbox 2623 1974 2770 2027; x_wconf 76' lang='grc' dir='ltr'><strong>τοῦτ’</strong></span> <span class='ocrx_word' id='word_1_332' title='bbox 2829 1975 2943 2026; x_wconf 78' lang='grc' dir='ltr'>ἔστι</span> <span class='ocrx_word' id='word_1_333' title='bbox 3000 1974 3412 2044; x_wconf 77' lang='grc' dir='ltr'>πρεσϐυτέρους</span> <span class='ocrx_word' id='word_1_334' title='bbox 3465 1973 3560 2026; x_wconf 76' lang='grc' dir='ltr'><strong>καὶ</strong></span> <span class='ocrx_word' id='word_1_335' title='bbox 3614 1973 3892 2034; x_wconf 73' lang='grc' dir='ltr'>διακόνους</span> <span class='ocrx_word' id='word_1_336' title='bbox 3938 1972 4030 2024; x_wconf 70' lang='grc' dir='ltr'><strong>καὶ</strong></span> 
     </span>
    </p>
   </div>
   <div class='ocr_carea' id='block_1_50' title="bbox 2449 2063 4031 2135">
    <p class='ocr_par' dir='ltr' id='par_1_50' title="bbox 2449 2063 4031 2135">
     <span class='ocr_line' id='line_1_50' title="bbox 2449 2063 4031 2135; baseline -0.003 -15"><span class='ocrx_word' id='word_1_337' title='bbox 2449 2065 2861 2128; x_wconf 77' lang='grc' dir='ltr'>ὑποδιακόνους,</span> <span class='ocrx_word' id='word_1_338' title='bbox 2889 2065 2991 2133; x_wconf 68' lang='grc' dir='ltr'>ἤδη</span> <span class='ocrx_word' id='word_1_339' title='bbox 3015 2065 3106 2116; x_wconf 68' lang='grc' dir='ltr'><strong>ἐπὶ</strong></span> <span class='ocrx_word' id='word_1_340' title='bbox 3137 2064 3342 2135; x_wconf 80' lang='grc' dir='ltr'>βαρχύν</span> <span class='ocrx_word' id='word_1_341' title='bbox 3363 2081 3482 2116; x_wconf 89' lang='grc' dir='ltr'>τινα</span> <span class='ocrx_word' id='word_1_342' title='bbox 3505 2063 3693 2134; x_wconf 78' lang='grc' dir='ltr'>χρόνον</span> <span class='ocrx_word' id='word_1_343' title='bbox 3717 2063 4031 2134; x_wconf 79' lang='grc' dir='ltr'>εἱρχθέντας</span> 
     </span>
    </p>
   </div>
   <div class='ocr_carea' id='block_1_51' title="bbox 2447 2157 4028 2232">
    <p class='ocr_par' dir='ltr' id='par_1_51' title="bbox 2447 2157 4028 2232">
     <span class='ocr_line' id='line_1_51' title="bbox 2447 2157 4028 2232; baseline -0.003 -16"><span class='ocrx_word' id='word_1_344' title='bbox 2447 2164 2547 2232; x_wconf 77' lang='grc' dir='ltr'>τῆς</span> <span class='ocrx_word' id='word_1_345' title='bbox 2585 2164 2735 2232; x_wconf 81' lang='grc' dir='ltr'>ἱερᾶς</span> <span class='ocrx_word' id='word_1_346' title='bbox 2766 2162 3110 2232; x_wconf 84' lang='grc' dir='ltr'>λειτουργίας</span> <span class='ocrx_word' id='word_1_347' title='bbox 3139 2163 3233 2214; x_wconf 77' lang='grc' dir='ltr'><strong>καὶ</strong></span> <span class='ocrx_word' id='word_1_348' title='bbox 3264 2161 3708 2232; x_wconf 79' lang='grc' dir='ltr'>ἐπιτιμηθέντας,</span> <span class='ocrx_word' id='word_1_349' title='bbox 3739 2157 3893 2223; x_wconf 78' lang='grc' dir='ltr'>αὖθις</span> <span class='ocrx_word' id='word_1_350' title='bbox 3931 2159 4028 2212; x_wconf 78' lang='grc' dir='ltr'>αύ-</span> 
     </span>
    </p>
   </div>
   <div class='ocr_carea' id='block_1_52' title="bbox 2447 2254 4029 2326">
    <p class='ocr_par' dir='ltr' id='par_1_52' title="bbox 2447 2254 4029 2326">
     <span class='ocr_line' id='line_1_52' title="bbox 2447 2254 4029 2326; baseline -0.004 -15"><span class='ocrx_word' id='word_1_351' title='bbox 2447 2259 2574 2318; x_wconf 75' lang='grc' dir='ltr'>τοὺς</span> <span class='ocrx_word' id='word_1_352' title='bbox 2602 2261 2658 2310; x_wconf 82' lang='grc' dir='ltr'><strong>ἐν</strong></span> <span class='ocrx_word' id='word_1_353' title='bbox 2691 2258 2732 2287; x_wconf 89' lang='grc'><strong>¹⁰</strong></span> <span class='ocrx_word' id='word_1_354' title='bbox 2751 2259 2859 2319; x_wconf 82' lang='grc' dir='ltr'>τοῖς</span> <span class='ocrx_word' id='word_1_355' title='bbox 2893 2256 3116 2318; x_wconf 77' lang='grc' dir='ltr'>οἰκείοις</span> <span class='ocrx_word' id='word_1_356' title='bbox 3142 2256 3592 2326; x_wconf 74' lang='grc' dir='ltr'>ἀποκαταστῆναι</span> <span class='ocrx_word' id='word_1_357' title='bbox 3635 2254 3884 2324; x_wconf 77' lang='grc' dir='ltr'>βαθμοῖς,</span> <span class='ocrx_word' id='word_1_358' title='bbox 3922 2271 4029 2323; x_wconf 83' lang='grc' dir='ltr'>μη-</span> 
     </span>
    </p>
   </div>
   <div class='ocr_carea' id='block_1_53' title="bbox 2448 2346 4028 2420">
    <p class='ocr_par' dir='ltr' id='par_1_53' title="bbox 2448 2346 4028 2420">
     <span class='ocr_line' id='line_1_53' title="bbox 2448 2346 4028 2420; baseline -0.003 -18"><span class='ocrx_word' id='word_1_359' title='bbox 2448 2350 2636 2420; x_wconf 79' lang='grc' dir='ltr'>δαμῶς</span> <span class='ocrx_word' id='word_1_360' title='bbox 2672 2349 2844 2418; x_wconf 79' lang='grc' dir='ltr'>ἑτέρῳ</span> <span class='ocrx_word' id='word_1_361' title='bbox 2872 2349 3077 2418; x_wconf 74' lang='grc' dir='ltr'>μείζονι</span> <span class='ocrx_word' id='word_1_362' title='bbox 3109 2349 3517 2418; x_wconf 84' lang='grc' dir='ltr'>προκόπτοντας</span> <span class='ocrx_word' id='word_1_363' title='bbox 3570 2347 3784 2416; x_wconf 80' lang='grc' dir='ltr'>βαθμῷ,</span> <span class='ocrx_word' id='word_1_364' title='bbox 3822 2346 4028 2417; x_wconf 79' lang='grc' dir='ltr'>προδή-</span> 
     </span>
    </p>
   </div>
   <div class='ocr_carea' id='block_1_54' title="bbox 2449 2437 4024 2506">
    <p class='ocr_par' dir='ltr' id='par_1_54' title="bbox 2449 2437 4024 2506">
     <span class='ocr_line' id='line_1_54' title="bbox 2449 2437 4024 2506; baseline -0.001 -14"><span class='ocrx_word' id='word_1_365' title='bbox 2449 2441 2553 2503; x_wconf 92' lang='grc' dir='ltr'><strong>λως</strong></span> <span class='ocrx_word' id='word_1_366' title='bbox 2602 2440 2947 2502; x_wconf 85' lang='grc' dir='ltr'>διαλυθέντος</span> <span class='ocrx_word' id='word_1_367' title='bbox 2987 2440 3169 2502; x_wconf 63' lang='grc' dir='ltr'>αὐτοῖς</span> <span class='ocrx_word' id='word_1_368' title='bbox 3227 2438 3322 2490; x_wconf 75' lang='grc' dir='ltr'>τοῦ</span> <span class='ocrx_word' id='word_1_369' title='bbox 3379 2437 3619 2506; x_wconf 81' lang='grc' dir='ltr'>ἀθέσμου</span> <span class='ocrx_word' id='word_1_370' title='bbox 3667 2437 4024 2490; x_wconf 84' lang='grc' dir='ltr'>συνοικεσίου.</span> 
     </span>
    </p>
   </div>
   <div class='ocr_carea' id='block_1_55' title="bbox 2451 2527 4030 2598">
    <p class='ocr_par' dir='ltr' id='par_1_55' title="bbox 2451 2527 4030 2598">
     <span class='ocr_line' id='line_1_55' title="bbox 2451 2527 4030 2598; baseline -0.002 -16"><span class='ocrx_word' id='word_1_371' title='bbox 2451 2531 2614 2582; x_wconf 85' lang='grc' dir='ltr'>’Ὠστε</span> <span class='ocrx_word' id='word_1_372' title='bbox 2642 2531 2699 2596; x_wconf 79' lang='grc' dir='ltr'>ἐξ</span> <span class='ocrx_word' id='word_1_373' title='bbox 2734 2531 2902 2598; x_wconf 82' lang='grc' dir='ltr'>αὐτῆς</span> <span class='ocrx_word' id='word_1_374' title='bbox 2923 2531 3023 2598; x_wconf 76' lang='grc' dir='ltr'><strong>τῆς</strong></span> <span class='ocrx_word' id='word_1_375' title='bbox 3053 2527 3314 2598; x_wconf 77' lang='grc' dir='ltr'>χρονικῆς</span> <span class='ocrx_word' id='word_1_376' title='bbox 3355 2527 3819 2596; x_wconf 83' lang='grc' dir='ltr'>ἀποσημειώσεως</span> <span class='ocrx_word' id='word_1_377' title='bbox 3846 2527 4030 2596; x_wconf 73' lang='grc' dir='ltr'>ἀριδη-</span> 
     </span>
    </p>
   </div>
   <div class='ocr_carea' id='block_1_56' title="bbox 2451 2619 4027 2691">
    <p class='ocr_par' dir='ltr' id='par_1_56' title="bbox 2451 2619 4027 2691">
     <span class='ocr_line' id='line_1_56' title="bbox 2451 2619 4027 2691; baseline -0.01 -17"><span class='ocrx_word' id='word_1_378' title='bbox 2451 2622 2558 2684; x_wconf 85' lang='grc' dir='ltr'><strong>λως</strong></span> <span class='ocrx_word' id='word_1_379' title='bbox 2584 2622 2868 2691; x_wconf 80' lang='grc' dir='ltr'>φαίνεσθαι</span> <span class='ocrx_word' id='word_1_380' title='bbox 2902 2621 3244 2689; x_wconf 83' lang='grc' dir='ltr'>συναγόμενα</span> <span class='ocrx_word' id='word_1_381' title='bbox 3276 2619 3382 2672; x_wconf 70' lang='grc' dir='ltr'>ἀπὸ</span> <span class='ocrx_word' id='word_1_382' title='bbox 3428 2619 3528 2687; x_wconf 77' lang='grc' dir='ltr'>τῆς</span> <span class='ocrx_word' id='word_1_383' title='bbox 3565 2620 3724 2686; x_wconf 73' lang='grc' dir='ltr'>ἁγίας</span> <span class='ocrx_word' id='word_1_384' title='bbox 3775 2621 4027 2688; x_wconf 55' lang='grc' dir='ltr'>οἰκουμε-</span> 
     </span>
    </p>
   </div>
   <div class='ocr_carea' id='block_1_57' title="bbox 2454 2711 4034 2782">
    <p class='ocr_par' dir='ltr' id='par_1_57' title="bbox 2454 2711 4034 2782">
     <span class='ocr_line' id='line_1_57' title="bbox 2454 2711 4034 2782; baseline -0.004 -15"><span class='ocrx_word' id='word_1_385' title='bbox 2454 2715 2612 2782; x_wconf 78' lang='grc' dir='ltr'>νικῆς</span> <span class='ocrx_word' id='word_1_386' title='bbox 2661 2714 2828 2781; x_wconf 72' lang='grc' dir='ltr'>ἕκτης</span> <span class='ocrx_word' id='word_1_387' title='bbox 2886 2713 3103 2766; x_wconf 84' lang='grc' dir='ltr'>συνόδου</span> <span class='ocrx_word' id='word_1_388' title='bbox 3152 2711 3255 2774; x_wconf 81' lang='grc' dir='ltr'><strong>ἕως</strong></span> <span class='ocrx_word' id='word_1_389' title='bbox 3286 2712 3394 2764; x_wconf 83' lang='grc' dir='ltr'><strong>τῶν</strong></span> <span class='ocrx_word' id='word_1_390' title='bbox 3440 2711 3802 2780; x_wconf 75' lang='grc' dir='ltr'>ἐκδεδομένων</span> <span class='ocrx_word' id='word_1_391' title='bbox 3846 2711 4034 2762; x_wconf 87' lang='grc' dir='ltr'>τύπων</span> 
     </span>
    </p>
   </div>
   <div class='ocr_carea' id='block_1_58' title="bbox 2455 2801 4032 2873">
    <p class='ocr_par' dir='ltr' id='par_1_58' title="bbox 2455 2801 4032 2873">
     <span class='ocr_line' id='line_1_58' title="bbox 2455 2801 4032 2873; baseline -0.003 -17"><span class='ocrx_word' id='word_1_392' title='bbox 2455 2804 2551 2873; x_wconf 74' lang='grc' dir='ltr'>ἐτη</span> <span class='ocrx_word' id='word_1_393' title='bbox 2584 2801 2689 2868; x_wconf 80' lang='grc' dir='ltr'>κζ’,</span> <span class='ocrx_word' id='word_1_394' title='bbox 2748 2801 3216 2873; x_wconf 80' lang='grc' dir='ltr'>πατριαρχοῦντος</span> <span class='ocrx_word' id='word_1_395' title='bbox 3270 2803 3327 2854; x_wconf 80' lang='grc' dir='ltr'>ὲν</span> <span class='ocrx_word' id='word_1_396' title='bbox 3383 2805 3448 2872; x_wconf 80' lang='grc' dir='ltr'>τῇ</span> <span class='ocrx_word' id='word_1_397' title='bbox 3502 2802 3633 2872; x_wconf 76' lang='grc' dir='ltr'>ἁγία</span> <span class='ocrx_word' id='word_1_398' title='bbox 3683 2803 4032 2870; x_wconf 77' lang='grc' dir='ltr'>οἰκουμενικῇ</span> 
     </span>
    </p>
   </div>
   <div class='ocr_carea' id='block_1_59' title="bbox 2455 2893 4032 2963">
    <p class='ocr_par' dir='ltr' id='par_1_59' title="bbox 2455 2893 4032 2963">
     <span class='ocr_line' id='line_1_59' title="bbox 2455 2893 4032 2963; baseline -0.003 -15"><span class='ocrx_word' id='word_1_399' title='bbox 2455 2896 2658 2963; x_wconf 84' lang='grc' dir='ltr'>συνόδῳ</span> <span class='ocrx_word' id='word_1_400' title='bbox 2711 2894 3334 2957; x_wconf 83' lang='grc' dir='ltr'>Κωνσταντινουπόλεως</span> <span class='ocrx_word' id='word_1_401' title='bbox 3376 2894 3671 2963; x_wconf 84' lang='grc' dir='ltr'>Γεωργίου,</span> <span class='ocrx_word' id='word_1_402' title='bbox 3721 2893 3839 2954; x_wconf 64' lang='lat' dir='ltr'><strong>(to;</strong></span> <span class='ocrx_word' id='word_1_403' title='bbox 3869 2894 4032 2960; x_wconf 73' lang='grc' dir='ltr'>ἄγον-</span> 
     </span>
    </p>
   </div>
   <div class='ocr_carea' id='block_1_60' title="bbox 2454 2985 4037 3057">
    <p class='ocr_par' dir='ltr' id='par_1_60' title="bbox 2454 2985 4037 3057">
     <span class='ocr_line' id='line_1_60' title="bbox 2454 2985 4037 3057; baseline -0.001 -17"><span class='ocrx_word' id='word_1_404' title='bbox 2454 3005 2545 3050; x_wconf 88' lang='grc' dir='ltr'><strong>τος</strong></span> <span class='ocrx_word' id='word_1_405' title='bbox 2591 2987 2691 3056; x_wconf 82' lang='grc' dir='ltr'>τῆς</span> <span class='ocrx_word' id='word_1_406' title='bbox 2740 2987 3108 3057; x_wconf 84' lang='grc' dir='ltr'>πατριαρχίας</span> <span class='ocrx_word' id='word_1_407' title='bbox 3155 2992 3224 3053; x_wconf 77' lang='grc' dir='ltr'><strong>γ’,</strong></span> <span class='ocrx_word' id='word_1_408' title='bbox 3256 2987 3349 3038; x_wconf 75' lang='grc' dir='ltr'><strong>καὶ</strong></span> <span class='ocrx_word' id='word_1_409' title='bbox 3381 2987 3519 3056; x_wconf 82' lang='grc' dir='ltr'><strong>μετὰ</strong></span> <span class='ocrx_word' id='word_1_410' title='bbox 3561 2985 3659 3054; x_wconf 73' lang='grc' dir='ltr'><strong>τὴν</strong></span> <span class='ocrx_word' id='word_1_411' title='bbox 3691 2986 3908 3038; x_wconf 76' lang='grc' dir='ltr'>σύνοδον</span> <span class='ocrx_word' id='word_1_412' title='bbox 3935 3002 4037 3039; x_wconf 80' lang='grc' dir='ltr'>πα-</span> 
     </span>
    </p>
   </div>
   <div class='ocr_carea' id='block_1_61' title="bbox 2454 3077 4034 3148">
    <p class='ocr_par' dir='ltr' id='par_1_61' title="bbox 2454 3077 4034 3148">
     <span class='ocr_line' id='line_1_61' title="bbox 2454 3077 4034 3148; baseline -0.001 -18"><span class='ocrx_word' id='word_1_413' title='bbox 2454 3079 2885 3148; x_wconf 78' lang='grc' dir='ltr'>τριαρχήσαντος</span> <span class='ocrx_word' id='word_1_414' title='bbox 2917 3078 3051 3130; x_wconf 82' lang='grc' dir='ltr'>ἄλλα</span> <span class='ocrx_word' id='word_1_415' title='bbox 3083 3078 3174 3147; x_wconf 78' lang='grc' dir='ltr'>ἐτη</span> <span class='ocrx_word' id='word_1_416' title='bbox 3205 3085 3274 3144; x_wconf 75' lang='grc' dir='ltr'><strong>γ’,</strong></span> <span class='ocrx_word' id='word_1_417' title='bbox 3305 3077 3443 3146; x_wconf 72' lang='grc' dir='ltr'>μετὰ</span> <span class='ocrx_word' id='word_1_418' title='bbox 3470 3078 3523 3130; x_wconf 83' lang='grc' dir='ltr'>δὲ</span> <span class='ocrx_word' id='word_1_419' title='bbox 3542 3077 3726 3130; x_wconf 75' lang='grc' dir='ltr'>τοῦτον</span> <span class='ocrx_word' id='word_1_420' title='bbox 3755 3077 4034 3145; x_wconf 77' lang='grc' dir='ltr'>Θεοδώρου</span> 
     </span>
    </p>
   </div>
   <div class='ocr_carea' id='block_1_62' title="bbox 779 3165 2534 3258">
    <p class='ocr_par' dir='ltr' id='par_1_62' title="bbox 779 3165 2534 3258">
     <span class='ocr_line' id='line_1_62' title="bbox 779 3165 2534 3258; baseline -0.003 -38"><span class='ocrx_word' id='word_1_421' title='bbox 779 3175 965 3236; x_wconf 87' lang='lat' dir='ltr'><strong>aperte</strong></span> <span class='ocrx_word' id='word_1_422' title='bbox 996 3165 1328 3233; x_wconf 90' lang='lat' dir='ltr'><strong>colliguntur</strong></span> <span class='ocrx_word' id='word_1_423' title='bbox 1350 3165 1476 3217; x_wconf 82' lang='lat' dir='ltr'><strong>anni</strong></span> <span class='ocrx_word' id='word_1_424' title='bbox 1501 3165 1690 3234; x_wconf 87' lang='lat' dir='ltr'><strong>viginti</strong></span> <span class='ocrx_word' id='word_1_425' title='bbox 1719 3174 1949 3231; x_wconf 69' lang='lat' dir='ltr'><strong>svptem,</strong></span> <span class='ocrx_word' id='word_1_426' title='bbox 1983 3165 2351 3231; x_wconf 88' lang='lat' dir='ltr'><strong>patriarcham</strong></span> <span class='ocrx_word' id='word_1_427' title='bbox 2383 3204 2422 3258; x_wconf 57' lang='grc' dir='ltr'>ρ</span> <span class='ocrx_word' id='word_1_428' title='bbox 2457 3172 2534 3224; x_wconf 75' lang='grc' dir='ltr'><strong>έττ</strong></span> 
     </span>
    </p>
   </div>
   <div class='ocr_carea' id='block_1_63' title="bbox 2279 3165 4034 3258">
    <p class='ocr_par' dir='ltr' id='par_1_63' title="bbox 2279 3167 4034 3258">
     <span class='ocr_line' id='line_1_63' title="bbox 2279 3167 4034 3258; baseline 0.001 -42"><span class='ocrx_word' id='word_1_429' title='bbox 2279 3180 2351 3216; x_wconf 81' lang='lat' dir='ltr'><strong>un</strong></span> <span class='ocrx_word' id='word_1_430' title='bbox 2383 3204 2422 3258; x_wconf 57' lang='grc' dir='ltr'>ρ</span> <span class='ocrx_word' id='word_1_431' title='bbox 2457 3169 2612 3239; x_wconf 75' lang='grc' dir='ltr'>ἔτηγ¹</span> <span class='ocrx_word' id='word_1_432' title='bbox 2634 3173 2695 3233; x_wconf 72' lang='grc'>’⁸,</span> <span class='ocrx_word' id='word_1_433' title='bbox 2724 3170 2814 3220; x_wconf 78' lang='grc' dir='ltr'>καὶ</span> <span class='ocrx_word' id='word_1_434' title='bbox 2835 3169 3046 3222; x_wconf 84' lang='grc' dir='ltr'>Παύλου</span> <span class='ocrx_word' id='word_1_435' title='bbox 3066 3169 3157 3238; x_wconf 78' lang='grc' dir='ltr'><strong>ἔτη</strong></span> <span class='ocrx_word' id='word_1_436' title='bbox 3178 3168 3244 3232; x_wconf 76' lang='grc' dir='ltr'><strong>ζ’,</strong></span> <span class='ocrx_word' id='word_1_437' title='bbox 3277 3171 3370 3222; x_wconf 67' lang='grc' dir='ltr'><strong>καὶ</strong></span> <span class='ocrx_word' id='word_1_438' title='bbox 3397 3169 3720 3221; x_wconf 80' lang='grc' dir='ltr'>Καλλινίκου</span> <span class='ocrx_word' id='word_1_439' title='bbox 3756 3168 3852 3235; x_wconf 74' lang='grc' dir='ltr'>ἔτη</span> <span class='ocrx_word' id='word_1_440' title='bbox 3885 3167 3950 3236; x_wconf 70' lang='grc' dir='ltr'><strong>ιβ’</strong></span> <span class='ocrx_word' id='word_1_441' title='bbox 3973 3169 4034 3228; x_wconf 79' lang='grc'><strong>⁸⁸,</strong></span> 
     </span>
    </p>
   </div>
   <div class='ocr_carea' id='block_1_64' title="bbox 781 3257 2354 3326">
    <p class='ocr_par' dir='ltr' id='par_1_64' title="bbox 781 3257 2354 3326">
     <span class='ocr_line' id='line_1_64' title="bbox 781 3257 2354 3326; baseline -0.001 -13"><span class='ocrx_word' id='word_1_442' title='bbox 781 3259 1040 3313; x_wconf 89' lang='lat' dir='ltr'><strong>nimirum</strong></span> <span class='ocrx_word' id='word_1_443' title='bbox 1119 3268 1316 3325; x_wconf 88' lang='lat' dir='ltr'><strong>agente</strong></span> <span class='ocrx_word' id='word_1_444' title='bbox 1373 3257 1427 3309; x_wconf 94' lang='lat' dir='ltr'><strong>in</strong></span> <span class='ocrx_word' id='word_1_445' title='bbox 1503 3266 1693 3311; x_wconf 76' lang='lat' dir='ltr'><strong>sancta</strong></span> <span class='ocrx_word' id='word_1_446' title='bbox 1752 3258 2092 3311; x_wconf 71' lang='lat' dir='ltr'><strong>tecmuenica</strong></span> <span class='ocrx_word' id='word_1_447' title='bbox 2144 3257 2354 3326; x_wconf 78' lang='lat' dir='ltr'><strong>synodo</strong></span> 
     </span>
    </p>
   </div>
   <div class='ocr_carea' id='block_1_65' title="bbox 782 3349 2352 3419">
    <p class='ocr_par' dir='ltr' id='par_1_65' title="bbox 782 3349 2352 3419">
     <span class='ocr_line' id='line_1_65' title="bbox 782 3349 2352 3419; baseline -0.001 -15"><span class='ocrx_word' id='word_1_448' title='bbox 782 3349 1036 3419; x_wconf 83' lang='lat' dir='ltr'><strong>Georgio,</strong></span> <span class='ocrx_word' id='word_1_449' title='bbox 1079 3351 1237 3417; x_wconf 89' lang='lat' dir='ltr'><strong>cujus</strong></span> <span class='ocrx_word' id='word_1_450' title='bbox 1267 3349 1672 3418; x_wconf 86' lang='lat' dir='ltr'><strong>patriarchatns</strong></span> <span class='ocrx_word' id='word_1_451' title='bbox 1713 3365 1888 3403; x_wconf 84' lang='lat' dir='ltr'><strong>annus</strong></span> <span class='ocrx_word' id='word_1_452' title='bbox 1935 3351 2128 3403; x_wconf 90' lang='lat' dir='ltr'><strong>tertius</strong></span> <span class='ocrx_word' id='word_1_453' title='bbox 2166 3364 2352 3402; x_wconf 78' lang='lat' dir='ltr'><strong>nume-</strong></span> 
     </span>
    </p>
   </div>
   <div class='ocr_carea' id='block_1_66' title="bbox 782 3441 2353 3511">
    <p class='ocr_par' dir='ltr' id='par_1_66' title="bbox 782 3441 2353 3511">
     <span class='ocr_line' id='line_1_66' title="bbox 782 3441 2353 3511; baseline -0.002 -15"><span class='ocrx_word' id='word_1_454' title='bbox 782 3444 1029 3503; x_wconf 83' lang='lat' dir='ltr'><strong>rabatur,</strong></span> <span class='ocrx_word' id='word_1_455' title='bbox 1061 3443 1262 3510; x_wconf 87' lang='lat' dir='ltr'><strong>quique</strong></span> <span class='ocrx_word' id='word_1_456' title='bbox 1327 3450 1449 3510; x_wconf 88' lang='lat' dir='ltr'><strong>post</strong></span> <span class='ocrx_word' id='word_1_457' title='bbox 1495 3442 1654 3510; x_wconf 82' lang='lat'><strong>302</strong></span> <span class='ocrx_word' id='word_1_458' title='bbox 1709 3441 1976 3511; x_wconf 85' lang='lat' dir='ltr'><strong>synodum</strong></span> <span class='ocrx_word' id='word_1_459' title='bbox 2029 3443 2118 3494; x_wconf 87' lang='lat' dir='ltr'><strong>alii</strong></span> <span class='ocrx_word' id='word_1_460' title='bbox 2146 3449 2259 3495; x_wconf 82' lang='lat' dir='ltr'><strong>tres</strong></span> <span class='ocrx_word' id='word_1_461' title='bbox 2301 3441 2353 3494; x_wconf 92' lang='lat' dir='ltr'><strong>in</strong></span> 
     </span>
    </p>
   </div>
   <div class='ocr_carea' id='block_1_67' title="bbox 783 3530 2357 3604">
    <p class='ocr_par' dir='ltr' id='par_1_67' title="bbox 783 3530 2357 3604">
     <span class='ocr_line' id='line_1_67' title="bbox 783 3530 2357 3604; baseline -0.001 -17"><span class='ocrx_word' id='word_1_462' title='bbox 783 3535 1053 3604; x_wconf 87' lang='lat' dir='ltr'><strong>dignitate</strong></span> <span class='ocrx_word' id='word_1_463' title='bbox 1085 3533 1260 3587; x_wconf 81' lang='lat' dir='ltr'><strong>exacti</strong></span> <span class='ocrx_word' id='word_1_464' title='bbox 1313 3542 1464 3588; x_wconf 88' lang='lat' dir='ltr'><strong>sunt.</strong></span> <span class='ocrx_word' id='word_1_465' title='bbox 1499 3532 1627 3586; x_wconf 85' lang='lat' dir='ltr'><strong>Post</strong></span> <span class='ocrx_word' id='word_1_466' title='bbox 1669 3533 1810 3586; x_wconf 82' lang='lat' dir='ltr'><strong>hunc</strong></span> <span class='ocrx_word' id='word_1_467' title='bbox 1846 3547 1974 3586; x_wconf 86' lang='lat' dir='ltr'><strong>vero</strong></span> <span class='ocrx_word' id='word_1_468' title='bbox 2033 3530 2357 3586; x_wconf 85' lang='lat' dir='ltr'><strong>Theodorus</strong></span> 
     </span>
    </p>
   </div>
   <div class='ocr_carea' id='block_1_68' title="bbox 785 3620 2357 3688">
    <p class='ocr_par' dir='ltr' id='par_1_68' title="bbox 785 3620 2357 3688">
     <span class='ocr_line' id='line_1_68' title="bbox 785 3620 2357 3688; baseline -0.001 -12"><span class='ocrx_word' id='word_1_469' title='bbox 785 3640 960 3678; x_wconf 85' lang='lat' dir='ltr'><strong>annos</strong></span> <span class='ocrx_word' id='word_1_470' title='bbox 992 3631 1126 3686; x_wconf 86' lang='lat' dir='ltr'><strong>tres,</strong></span> <span class='ocrx_word' id='word_1_471' title='bbox 1167 3620 1371 3676; x_wconf 85' lang='lat' dir='ltr'><strong>Paulus</strong></span> <span class='ocrx_word' id='word_1_472' title='bbox 1403 3637 1575 3676; x_wconf 87' lang='lat' dir='ltr'><strong>annos</strong></span> <span class='ocrx_word' id='word_1_473' title='bbox 1610 3632 1839 3688; x_wconf 67' lang='lat' dir='ltr'><strong>septem,</strong></span> <span class='ocrx_word' id='word_1_474' title='bbox 1864 3621 2161 3674; x_wconf 84' lang='lat' dir='ltr'><strong>CalliniCns</strong></span> <span class='ocrx_word' id='word_1_475' title='bbox 2185 3636 2357 3675; x_wconf 89' lang='lat' dir='ltr'><strong>annos</strong></span> 
     </span>
    </p>
   </div>
   <div class='ocr_carea' id='block_1_69' title="bbox 786 3713 2358 3784">
    <p class='ocr_par' dir='ltr' id='par_1_69' title="bbox 786 3713 2358 3784">
     <span class='ocr_line' id='line_1_69' title="bbox 786 3713 2358 3784; baseline -0.003 -15"><span class='ocrx_word' id='word_1_476' title='bbox 786 3714 1097 3776; x_wconf 85' lang='lat' dir='ltr'><strong>duodecim,</strong></span> <span class='ocrx_word' id='word_1_477' title='bbox 1138 3715 1312 3784; x_wconf 86' lang='lat' dir='ltr'><strong>Cyrus</strong></span> <span class='ocrx_word' id='word_1_478' title='bbox 1367 3714 1604 3782; x_wconf 89' lang='lat' dir='ltr'><strong>denique</strong></span> <span class='ocrx_word' id='word_1_479' title='bbox 1654 3728 1825 3765; x_wconf 91' lang='lat' dir='ltr'><strong>annos</strong></span> <span class='ocrx_word' id='word_1_480' title='bbox 1850 3714 1989 3766; x_wconf 91' lang='lat' dir='ltr'><strong>duos</strong></span> <span class='ocrx_word' id='word_1_481' title='bbox 2033 3713 2192 3776; x_wconf 89' lang='lat' dir='ltr'><strong>sedit,</strong></span> <span class='ocrx_word' id='word_1_482' title='bbox 2222 3713 2358 3765; x_wconf 89' lang='lat' dir='ltr'><strong>adeo</strong></span> 
     </span>
    </p>
   </div>
   <div class='ocr_carea' id='block_1_70' title="bbox 790 3802 2356 3875">
    <p class='ocr_par' dir='ltr' id='par_1_70' title="bbox 790 3802 2356 3875">
     <span class='ocr_line' id='line_1_70' title="bbox 790 3802 2356 3875; baseline -0.003 -16"><span class='ocrx_word' id='word_1_483' title='bbox 790 3816 844 3860; x_wconf 92' lang='lat' dir='ltr'><strong>ut</strong></span> <span class='ocrx_word' id='word_1_484' title='bbox 880 3823 943 3860; x_wconf 81' lang='lat' dir='ltr'><strong>ex</strong></span> <span class='ocrx_word' id='word_1_485' title='bbox 995 3808 1129 3875; x_wconf 90' lang='lat' dir='ltr'><strong>ipsis</strong></span> <span class='ocrx_word' id='word_1_486' title='bbox 1182 3806 1618 3875; x_wconf 87' lang='lat' dir='ltr'><strong>patriarcharum</strong></span> <span class='ocrx_word' id='word_1_487' title='bbox 1675 3805 1922 3858; x_wconf 80' lang='lat' dir='ltr'><strong>a-tatilms</strong></span> <span class='ocrx_word' id='word_1_488' title='bbox 1978 3803 2106 3856; x_wconf 86' lang='lat' dir='ltr'><strong>anni</strong></span> <span class='ocrx_word' id='word_1_489' title='bbox 2162 3802 2356 3872; x_wconf 81' lang='lat' dir='ltr'><strong>viginti</strong></span> 
     </span>
    </p>
   </div>
   <div class='ocr_carea' id='block_1_71' title="bbox 789 3899 2359 3969">
    <p class='ocr_par' dir='ltr' id='par_1_71' title="bbox 789 3899 2359 3969">
     <span class='ocr_line' id='line_1_71' title="bbox 789 3899 2359 3969; baseline -0.002 -17"><span class='ocrx_word' id='word_1_490' title='bbox 789 3911 992 3969; x_wconf 81' lang='lat' dir='ltr'><strong>septem</strong></span> <span class='ocrx_word' id='word_1_491' title='bbox 1042 3899 1279 3952; x_wconf 88' lang='lat' dir='ltr'><strong>dilucide</strong></span> <span class='ocrx_word' id='word_1_492' title='bbox 1331 3905 1752 3967; x_wconf 88' lang='lat' dir='ltr'><strong>computentur,</strong></span> <span class='ocrx_word' id='word_1_493' title='bbox 1825 3911 1853 3947; x_wconf 87' lang='lat' dir='ltr'><strong>a</strong></span> <span class='ocrx_word' id='word_1_494' title='bbox 1905 3911 2177 3948; x_wconf 90' lang='lat' dir='ltr'><strong>canonum</strong></span> <span class='ocrx_word' id='word_1_495' title='bbox 2229 3911 2359 3949; x_wconf 81' lang='lat' dir='ltr'><strong>vero</strong></span> 
     </span>
    </p>
   </div>
   <div class='ocr_carea' id='block_1_72' title="bbox 787 3987 2360 4061">
    <p class='ocr_par' dir='ltr' id='par_1_72' title="bbox 787 3987 2360 4061">
     <span class='ocr_line' id='line_1_72' title="bbox 787 3987 2360 4061; baseline -0.002 -18"><span class='ocrx_word' id='word_1_496' title='bbox 787 3991 1226 4061; x_wconf 85' lang='lat' dir='ltr'><strong>promulgatione</strong></span> <span class='ocrx_word' id='word_1_497' title='bbox 1247 4005 1421 4057; x_wconf 86' lang='lat' dir='ltr'><strong>usque</strong></span> <span class='ocrx_word' id='word_1_498' title='bbox 1453 3988 1518 4042; x_wconf 93' lang='lat' dir='ltr'><strong>ad</strong></span> <span class='ocrx_word' id='word_1_499' title='bbox 1548 4003 1752 4040; x_wconf 87' lang='lat' dir='ltr'><strong>annum</strong></span> <span class='ocrx_word' id='word_1_500' title='bbox 1782 3995 2036 4056; x_wconf 87' lang='lat' dir='ltr'><strong>quartum</strong></span> <span class='ocrx_word' id='word_1_501' title='bbox 2075 3987 2360 4055; x_wconf 81' lang='lat' dir='ltr'><strong>Philippici</strong></span> 
     </span>
    </p>
   </div>
   <div class='ocr_carea' id='block_1_73' title="bbox 789 4079 2362 4152">
    <p class='ocr_par' dir='ltr' id='par_1_73' title="bbox 789 4079 2362 4152">
     <span class='ocr_line' id='line_1_73' title="bbox 789 4079 2362 4152; baseline -0.003 -15"><span class='ocrx_word' id='word_1_502' title='bbox 789 4084 918 4139; x_wconf 87' lang='lat' dir='ltr'><strong>anni</strong></span> <span class='ocrx_word' id='word_1_503' title='bbox 960 4083 1204 4152; x_wconf 84' lang='lat' dir='ltr'><strong>quinque</strong></span> <span class='ocrx_word' id='word_1_504' title='bbox 1263 4081 1627 4143; x_wconf 83' lang='lat' dir='ltr'><strong>intercedant,</strong></span> <span class='ocrx_word' id='word_1_505' title='bbox 1685 4081 1862 4150; x_wconf 87' lang='lat' dir='ltr'><strong>primo</strong></span> <span class='ocrx_word' id='word_1_506' title='bbox 1912 4087 2093 4132; x_wconf 89' lang='lat' dir='ltr'><strong>autem</strong></span> <span class='ocrx_word' id='word_1_507' title='bbox 2145 4079 2362 4148; x_wconf 85' lang='lat' dir='ltr'><strong>imperii</strong></span> 
     </span>
    </p>
   </div>
   <div class='ocr_carea' id='block_1_74' title="bbox 789 4171 2364 4244">
    <p class='ocr_par' dir='ltr' id='par_1_74' title="bbox 789 4171 2364 4244">
     <span class='ocr_line' id='line_1_74' title="bbox 789 4171 2364 4244; baseline -0.004 -14"><span class='ocrx_word' id='word_1_508' title='bbox 789 4177 964 4244; x_wconf 77' lang='lat' dir='ltr'><strong>ipsius</strong></span> <span class='ocrx_word' id='word_1_509' title='bbox 991 4174 1278 4244; x_wconf 84' lang='lat' dir='ltr'><strong>Philippici</strong></span> <span class='ocrx_word' id='word_1_510' title='bbox 1313 4189 1457 4227; x_wconf 86' lang='lat' dir='ltr'><strong>anno</strong></span> <span class='ocrx_word' id='word_1_511' title='bbox 1514 4174 1770 4226; x_wconf 91' lang='lat' dir='ltr'><strong>insanum</strong></span> <span class='ocrx_word' id='word_1_512' title='bbox 1801 4171 2230 4226; x_wconf 90' lang='lat' dir='ltr'><strong>conciliabulum</strong></span> <span class='ocrx_word' id='word_1_513' title='bbox 2265 4171 2364 4224; x_wconf 80' lang='lat' dir='ltr'><strong>ad-</strong></span> 
     </span>
    </p>
   </div>
   <div class='ocr_carea' id='block_1_75' title="bbox 788 4264 2361 4323">
    <p class='ocr_par' dir='ltr' id='par_1_75' title="bbox 788 4264 2361 4323">
     <span class='ocr_line' id='line_1_75' title="bbox 788 4264 2361 4323; baseline -0.003 0"><span class='ocrx_word' id='word_1_514' title='bbox 788 4285 982 4323; x_wconf 86' lang='lat' dir='ltr'><strong>versus</strong></span> <span class='ocrx_word' id='word_1_515' title='bbox 1015 4279 1263 4323; x_wconf 89' lang='lat' dir='ltr'><strong>sanctum</strong></span> <span class='ocrx_word' id='word_1_516' title='bbox 1283 4266 1683 4322; x_wconf 73' lang='lat' dir='ltr'><strong>(nctnnenicum</strong></span> <span class='ocrx_word' id='word_1_517' title='bbox 1708 4265 1998 4319; x_wconf 88' lang='lat' dir='ltr'><strong>concilium</strong></span> <span class='ocrx_word' id='word_1_518' title='bbox 2029 4264 2361 4319; x_wconf 87' lang='lat' dir='ltr'><strong>celebratum</strong></span> 
     </span>
    </p>
   </div>
   <div class='ocr_carea' id='block_1_76' title="bbox 790 4357 2358 4432">
    <p class='ocr_par' dir='ltr' id='par_1_76' title="bbox 790 4357 2358 4432">
     <span class='ocr_line' id='line_1_76' title="bbox 790 4357 2358 4432; baseline -0.003 -17"><span class='ocrx_word' id='word_1_519' title='bbox 790 4363 883 4424; x_wconf 89' lang='lat' dir='ltr'><strong>sit,</strong></span> <span class='ocrx_word' id='word_1_520' title='bbox 920 4360 1172 4432; x_wconf 84' lang='lat' dir='ltr'><strong>Cyroque</strong></span> <span class='ocrx_word' id='word_1_521' title='bbox 1191 4361 1421 4426; x_wconf 82' lang='lat' dir='ltr'><strong>expulso</strong></span> <span class='ocrx_word' id='word_1_522' title='bbox 1451 4360 1554 4412; x_wconf 91' lang='lat' dir='ltr'><strong>sub</strong></span> <span class='ocrx_word' id='word_1_523' title='bbox 1591 4365 1806 4412; x_wconf 79' lang='lat' dir='ltr'><strong>sextum</strong></span> <span class='ocrx_word' id='word_1_524' title='bbox 1840 4358 2244 4426; x_wconf 87' lang='lat' dir='ltr'><strong>patriarchatus</strong></span> <span class='ocrx_word' id='word_1_525' title='bbox 2274 4357 2358 4410; x_wconf 93' lang='lat' dir='ltr'><strong>sui</strong></span> 
     </span>
    </p>
   </div>
   <div class='ocr_carea' id='block_1_77' title="bbox 791 4443 2358 4517">
    <p class='ocr_par' dir='ltr' id='par_1_77' title="bbox 791 4443 2358 4517">
     <span class='ocr_line' id='line_1_77' title="bbox 791 4443 2358 4517; baseline -0.004 -14"><span class='ocrx_word' id='word_1_526' title='bbox 791 4464 996 4503; x_wconf 87' lang='lat' dir='ltr'><strong>annum</strong></span> <span class='ocrx_word' id='word_1_527' title='bbox 1025 4445 1264 4502; x_wconf 83' lang='lat' dir='ltr'><strong>Joannes</strong></span> <span class='ocrx_word' id='word_1_528' title='bbox 1323 4447 1554 4517; x_wconf 83' lang='lat' dir='ltr'><strong>Cpoleos</strong></span> <span class='ocrx_word' id='word_1_529' title='bbox 1606 4445 1918 4516; x_wconf 87' lang='lat' dir='ltr'><strong>patriarcha</strong></span> <span class='ocrx_word' id='word_1_530' title='bbox 1950 4444 2127 4500; x_wconf 74' lang='lat' dir='ltr'><strong>factus</strong></span> <span class='ocrx_word' id='word_1_531' title='bbox 2160 4443 2358 4510; x_wconf 87' lang='lat' dir='ltr'><strong>fuerit;</strong></span> 
     </span>
    </p>
   </div>
   <div class='ocr_carea' id='block_1_78' title="bbox 2461 3261 4035 3331">
    <p class='ocr_par' dir='ltr' id='par_1_78' title="bbox 2461 3261 4035 3331">
     <span class='ocr_line' id='line_1_78' title="bbox 2461 3261 4035 3331; baseline -0.004 -15"><span class='ocrx_word' id='word_1_532' title='bbox 2461 3265 2554 3316; x_wconf 71' lang='grc' dir='ltr'><strong>καὶ</strong></span> <span class='ocrx_word' id='word_1_533' title='bbox 2597 3261 2780 3330; x_wconf 76' lang='grc' dir='ltr'>Κύρου</span> <span class='ocrx_word' id='word_1_534' title='bbox 2808 3262 2901 3331; x_wconf 75' lang='grc' dir='ltr'>ἔτη</span> <span class='ocrx_word' id='word_1_535' title='bbox 2935 3262 3000 3331; x_wconf 77' lang='grc' dir='ltr'><strong>β’,</strong></span> <span class='ocrx_word' id='word_1_536' title='bbox 3039 3262 3113 3326; x_wconf 83' lang='grc' dir='ltr'>ὡς</span> <span class='ocrx_word' id='word_1_537' title='bbox 3150 3261 3474 3327; x_wconf 69' lang='grc' dir='ltr'>συνάγεσθαι</span> <span class='ocrx_word' id='word_1_538' title='bbox 3503 3261 3596 3312; x_wconf 67' lang='grc' dir='ltr'><strong>καὶ</strong></span> <span class='ocrx_word' id='word_1_539' title='bbox 3628 3261 3685 3325; x_wconf 78' lang='grc' dir='ltr'><strong>ἐξ</strong></span> <span class='ocrx_word' id='word_1_540' title='bbox 3721 3261 3896 3314; x_wconf 73' lang='grc' dir='ltr'>αὐτῶν</span> <span class='ocrx_word' id='word_1_541' title='bbox 3928 3261 4035 3311; x_wconf 78' lang='grc' dir='ltr'><strong>τῶν</strong></span> 
     </span>
    </p>
   </div>
   <div class='ocr_carea' id='block_1_79' title="bbox 2461 3351 4037 3422">
    <p class='ocr_par' dir='ltr' id='par_1_79' title="bbox 2461 3351 4037 3422">
     <span class='ocr_line' id='line_1_79' title="bbox 2461 3351 4037 3422; baseline -0.003 -16"><span class='ocrx_word' id='word_1_542' title='bbox 2461 3352 2818 3422; x_wconf 85' lang='grc' dir='ltr'>πατριαρχῶν</span> <span class='ocrx_word' id='word_1_543' title='bbox 2842 3352 2937 3421; x_wconf 84' lang='grc' dir='ltr'>ἔτη</span> <span class='ocrx_word' id='word_1_544' title='bbox 2968 3351 3046 3415; x_wconf 78' lang='grc' dir='ltr'><strong>κζ’</strong></span> <span class='ocrx_word' id='word_1_545' title='bbox 3071 3369 3084 3382; x_wconf 73' lang='grc' dir='ltr'>σ</span> <span class='ocrx_word' id='word_1_546' title='bbox 3121 3352 3229 3404; x_wconf 77' lang='grc' dir='ltr'>ἀπὸ</span> <span class='ocrx_word' id='word_1_547' title='bbox 3251 3353 3306 3404; x_wconf 79' lang='grc' dir='ltr'><strong>δὲ</strong></span> <span class='ocrx_word' id='word_1_548' title='bbox 3329 3352 3436 3403; x_wconf 82' lang='grc' dir='ltr'>τῶν</span> <span class='ocrx_word' id='word_1_549' title='bbox 3459 3351 3821 3419; x_wconf 77' lang='grc' dir='ltr'>ἐκδεδομένων</span> <span class='ocrx_word' id='word_1_550' title='bbox 3848 3352 4037 3402; x_wconf 82' lang='grc' dir='ltr'>τύπων</span> 
     </span>
    </p>
   </div>
   <div class='ocr_carea' id='block_1_80' title="bbox 2459 3440 4038 3510">
    <p class='ocr_par' dir='ltr' id='par_1_80' title="bbox 2459 3440 4038 3510">
     <span class='ocr_line' id='line_1_80' title="bbox 2459 3440 4038 3510; baseline -0.001 -17"><span class='ocrx_word' id='word_1_551' title='bbox 2459 3442 2563 3502; x_wconf 72' lang='grc' dir='ltr'><strong>ἕως</strong></span> <span class='ocrx_word' id='word_1_552' title='bbox 2618 3441 2712 3492; x_wconf 77' lang='grc' dir='ltr'><strong>τοῦ</strong></span> <span class='ocrx_word' id='word_1_553' title='bbox 2753 3443 3019 3507; x_wconf 79' lang='grc' dir='ltr'>τετάρτου</span> <span class='ocrx_word' id='word_1_554' title='bbox 3083 3441 3238 3503; x_wconf 80' lang='grc' dir='ltr'>ἔτους</span> <span class='ocrx_word' id='word_1_555' title='bbox 3293 3440 3623 3493; x_wconf 79' lang='grc' dir='ltr'>Φιλιππικού</span> <span class='ocrx_word' id='word_1_556' title='bbox 3689 3441 3802 3508; x_wconf 60' lang='grc' dir='ltr'><strong>(δι’</strong></span> <span class='ocrx_word' id='word_1_557' title='bbox 3854 3441 3946 3510; x_wconf 82' lang='grc' dir='ltr'><strong>ἔτη</strong></span> <span class='ocrx_word' id='word_1_558' title='bbox 3997 3442 4038 3473; x_wconf 82' lang='grc'><strong>¹³</strong></span> 
     </span>
    </p>
   </div>
   <div class='ocr_carea' id='block_1_81' title="bbox 2466 3532 4039 3603">
    <p class='ocr_par' dir='ltr' id='par_1_81' title="bbox 2466 3532 4039 3603">
     <span class='ocr_line' id='line_1_81' title="bbox 2466 3532 4039 3603; baseline 0 -17"><span class='ocrx_word' id='word_1_559' title='bbox 2466 3533 2626 3586; x_wconf 83' lang='grc' dir='ltr'>πέντε</span> <span class='ocrx_word' id='word_1_560' title='bbox 2647 3549 2658 3560; x_wconf 92' lang='grc'><strong>·</strong></span> <span class='ocrx_word' id='word_1_561' title='bbox 2687 3533 2785 3585; x_wconf 69' lang='grc' dir='ltr'><strong>καὶ</strong></span> <span class='ocrx_word' id='word_1_562' title='bbox 2813 3534 2870 3584; x_wconf 82' lang='grc' dir='ltr'>ὲν</span> <span class='ocrx_word' id='word_1_563' title='bbox 2901 3533 2977 3602; x_wconf 78' lang='grc' dir='ltr'><strong>τῷ</strong></span> <span class='ocrx_word' id='word_1_564' title='bbox 3006 3532 3153 3602; x_wconf 81' lang='grc' dir='ltr'>αύτῷ</span> <span class='ocrx_word' id='word_1_565' title='bbox 3189 3532 3392 3602; x_wconf 83' lang='grc' dir='ltr'>πρώτῳ</span> <span class='ocrx_word' id='word_1_566' title='bbox 3426 3533 3534 3586; x_wconf 76' lang='grc' dir='ltr'>ἔτει</span> <span class='ocrx_word' id='word_1_567' title='bbox 3565 3533 3661 3600; x_wconf 75' lang='grc' dir='ltr'>τῆς</span> <span class='ocrx_word' id='word_1_568' title='bbox 3698 3533 3970 3603; x_wconf 72' lang='grc' dir='ltr'>βασιλείας</span> <span class='ocrx_word' id='word_1_569' title='bbox 3997 3534 4039 3565; x_wconf 71' lang='grc'>⁸⁸</span> 
     </span>
    </p>
   </div>
   <div class='ocr_carea' id='block_1_82' title="bbox 2463 3624 4038 3694">
    <p class='ocr_par' dir='ltr' id='par_1_82' title="bbox 2463 3624 4038 3694">
     <span class='ocr_line' id='line_1_82' title="bbox 2463 3624 4038 3694; baseline 0.003 -18"><span class='ocrx_word' id='word_1_570' title='bbox 2463 3624 2792 3677; x_wconf 78' lang='grc' dir='ltr'>Φιλιππικοῦ</span> <span class='ocrx_word' id='word_1_571' title='bbox 2814 3625 3065 3691; x_wconf 83' lang='grc' dir='ltr'>γενέσθαι</span> <span class='ocrx_word' id='word_1_572' title='bbox 3093 3625 3311 3694; x_wconf 85' lang='grc' dir='ltr'>ἐμμανῆ</span> <span class='ocrx_word' id='word_1_573' title='bbox 3341 3625 3552 3678; x_wconf 84' lang='grc' dir='ltr'>σύνοδον</span> <span class='ocrx_word' id='word_1_574' title='bbox 3581 3626 3720 3678; x_wconf 79' lang='grc' dir='ltr'><strong>κατὰ</strong></span> <span class='ocrx_word' id='word_1_575' title='bbox 3746 3627 3842 3694; x_wconf 71' lang='grc' dir='ltr'>τῆς</span> <span class='ocrx_word' id='word_1_576' title='bbox 3883 3629 4038 3694; x_wconf 69' lang='grc' dir='ltr'>ἁγίας</span> 
     </span>
    </p>
   </div>
   <div class='ocr_carea' id='block_1_83' title="bbox 2463 3715 4040 3784">
    <p class='ocr_par' dir='ltr' id='par_1_83' title="bbox 2463 3715 4040 3784">
     <span class='ocr_line' id='line_1_83' title="bbox 2463 3715 4040 3784; baseline 0.003 -19"><span class='ocrx_word' id='word_1_577' title='bbox 2463 3715 2844 3783; x_wconf 80' lang='grc' dir='ltr'>οξκουμενικῆς</span> <span class='ocrx_word' id='word_1_578' title='bbox 2899 3715 2942 3745; x_wconf 73' lang='grc'><strong>⁸⁸</strong></span> <span class='ocrx_word' id='word_1_579' title='bbox 3001 3715 3167 3784; x_wconf 77' lang='grc' dir='ltr'>ἕκτης</span> <span class='ocrx_word' id='word_1_580' title='bbox 3241 3715 3500 3767; x_wconf 84' lang='grc' dir='ltr'>συνόδου·</span> <span class='ocrx_word' id='word_1_581' title='bbox 3559 3717 3651 3768; x_wconf 72' lang='grc' dir='ltr'><strong>καὶ</strong></span> <span class='ocrx_word' id='word_1_582' title='bbox 3719 3715 4040 3780; x_wconf 80' lang='grc' dir='ltr'>ἑξωσθέντος</span> 
     </span>
    </p>
   </div>
   <div class='ocr_carea' id='block_1_84' title="bbox 3827 3810 4041 3862">
    <p class='ocr_par' dir='ltr' id='par_1_84' title="bbox 3827 3810 4041 3862">
     <span class='ocr_line' id='line_1_84' title="bbox 3827 3810 4041 3862; baseline 0.005 -1"><span class='ocrx_word' id='word_1_583' title='bbox 3827 3810 4041 3862; x_wconf 77' lang='grc' dir='ltr'>ενέτθαι</span> 
     </span>
    </p>
   </div>
   <div class='ocr_carea' id='block_1_85' title="bbox 2478 3897 4042 3968">
    <p class='ocr_par' dir='ltr' id='par_1_85' title="bbox 2478 3897 4042 3968">
     <span class='ocr_line' id='line_1_85' title="bbox 2478 3897 4042 3968; baseline 0.003 -20"><span class='ocrx_word' id='word_1_584' title='bbox 2478 3897 2730 3967; x_wconf 81' lang='grc' dir='ltr'>Ἰωάννην</span> <span class='ocrx_word' id='word_1_585' title='bbox 2749 3899 3094 3968; x_wconf 79' lang='grc' dir='ltr'>πατριάρχην</span> <span class='ocrx_word' id='word_1_586' title='bbox 3115 3900 3212 3967; x_wconf 76' lang='grc' dir='ltr'>τῆς</span> <span class='ocrx_word' id='word_1_587' title='bbox 3251 3901 3892 3964; x_wconf 78' lang='grc' dir='ltr'>Κωνσταντινουπόλεως,</span> <span class='ocrx_word' id='word_1_588' title='bbox 3927 3904 4042 3955; x_wconf 84' lang='grc' dir='ltr'><strong>Ἀν-</strong></span> 
     </span>
    </p>
   </div>
   <div class='ocr_carea' id='block_1_86' title="bbox 2461 3988 4040 4062">
    <p class='ocr_par' dir='ltr' id='par_1_86' title="bbox 2461 3988 4040 4062">
     <span class='ocr_line' id='line_1_86' title="bbox 2461 3988 4040 4062; baseline 0.002 -21"><span class='ocrx_word' id='word_1_589' title='bbox 2461 3988 2624 4058; x_wconf 83' lang='grc' dir='ltr'>δρέαν</span> <span class='ocrx_word' id='word_1_590' title='bbox 2655 3988 2711 4040; x_wconf 82' lang='grc' dir='ltr'>δὲ</span> <span class='ocrx_word' id='word_1_591' title='bbox 2737 3989 3139 4060; x_wconf 86' lang='grc' dir='ltr'>μητροπολίτην</span> <span class='ocrx_word' id='word_1_592' title='bbox 3165 3989 3263 4058; x_wconf 76' lang='grc' dir='ltr'>τῆς</span> <span class='ocrx_word' id='word_1_593' title='bbox 3300 3991 3522 4060; x_wconf 71' lang='grc' dir='ltr'>Κρήτης</span> <span class='ocrx_word' id='word_1_594' title='bbox 3546 3993 3610 4054; x_wconf 84' lang='grc'>¹⁶,</span> <span class='ocrx_word' id='word_1_595' title='bbox 3637 3995 3729 4044; x_wconf 73' lang='grc' dir='ltr'><strong>καὶ</strong></span> <span class='ocrx_word' id='word_1_596' title='bbox 3764 3993 4040 4062; x_wconf 68' lang='grc' dir='ltr'>Γερμανδν</span> 
     </span>
    </p>
   </div>
   <div class='ocr_carea' id='block_1_87' title="bbox 2467 4080 4042 4154">
    <p class='ocr_par' dir='ltr' id='par_1_87' title="bbox 2467 4080 4042 4154">
     <span class='ocr_line' id='line_1_87' title="bbox 2467 4080 4042 4154; baseline 0.004 -23"><span class='ocrx_word' id='word_1_597' title='bbox 2467 4080 2867 4150; x_wconf 85' lang='grc' dir='ltr'>μητροπολίτην</span> <span class='ocrx_word' id='word_1_598' title='bbox 2900 4081 3158 4145; x_wconf 74' lang='grc' dir='ltr'>Κυζίκου,</span> <span class='ocrx_word' id='word_1_599' title='bbox 3184 4083 3606 4151; x_wconf 53' lang='grc' dir='ltr'>ὑπογράψαντας</span> <span class='ocrx_word' id='word_1_600' title='bbox 3627 4084 3924 4154; x_wconf 67' lang='grc' dir='ltr'>προδήλως,</span> <span class='ocrx_word' id='word_1_601' title='bbox 3952 4088 4042 4138; x_wconf 71' lang='grc' dir='ltr'><strong>καὶ</strong></span> 
     </span>
    </p>
   </div>
   <div class='ocr_carea' id='block_1_88' title="bbox 2463 4171 4044 4242">
    <p class='ocr_par' dir='ltr' id='par_1_88' title="bbox 2463 4171 4044 4242">
     <span class='ocr_line' id='line_1_88' title="bbox 2463 4171 4044 4242; baseline 0.003 -18"><span class='ocrx_word' id='word_1_602' title='bbox 2463 4171 2973 4240; x_wconf 83' lang='grc' dir='ltr'>ἁναθεματίσαντας</span> <span class='ocrx_word' id='word_1_603' title='bbox 2993 4175 3103 4242; x_wconf 69' lang='grc'><strong>(55)</strong></span> <span class='ocrx_word' id='word_1_604' title='bbox 3129 4173 3263 4242; x_wconf 79' lang='grc' dir='ltr'>μετὰ</span> <span class='ocrx_word' id='word_1_605' title='bbox 3287 4176 3503 4227; x_wconf 73' lang='grc' dir='ltr'>πάντων</span> <span class='ocrx_word' id='word_1_606' title='bbox 3516 4176 3622 4226; x_wconf 77' lang='grc' dir='ltr'>τῶν</span> <span class='ocrx_word' id='word_1_607' title='bbox 3643 4177 3784 4228; x_wconf 76' lang='grc' dir='ltr'>κατὰ</span> <span class='ocrx_word' id='word_1_608' title='bbox 3804 4177 3925 4238; x_wconf 74' lang='grc' dir='ltr'><strong>τοίις</strong></span> <span class='ocrx_word' id='word_1_609' title='bbox 3957 4178 4044 4228; x_wconf 79' lang='grc' dir='ltr'>αύ-</span> 
     </span>
    </p>
   </div>
   <div class='ocr_carea' id='block_1_89' title="bbox 2465 4263 4042 4336">
    <p class='ocr_par' dir='ltr' id='par_1_89' title="bbox 2465 4263 4042 4336">
     <span class='ocr_line' id='line_1_89' title="bbox 2465 4263 4042 4336; baseline 0.003 -22"><span class='ocrx_word' id='word_1_610' title='bbox 2465 4263 2592 4326; x_wconf 79' lang='grc' dir='ltr'>τοὺς</span> <span class='ocrx_word' id='word_1_611' title='bbox 2619 4264 2660 4294; x_wconf 85' lang='grc'><strong>¹⁷</strong></span> <span class='ocrx_word' id='word_1_612' title='bbox 2701 4266 2923 4335; x_wconf 86' lang='grc' dir='ltr'>χρόνους</span> <span class='ocrx_word' id='word_1_613' title='bbox 2947 4266 3041 4335; x_wconf 78' lang='grc' dir='ltr'><strong>τὴν</strong></span> <span class='ocrx_word' id='word_1_614' title='bbox 3080 4265 3482 4336; x_wconf 71' lang='grc' dir='ltr'>προρρηθεῖσαν</span> <span class='ocrx_word' id='word_1_615' title='bbox 3503 4268 3640 4320; x_wconf 78' lang='grc' dir='ltr'>κατα</span> <span class='ocrx_word' id='word_1_616' title='bbox 3672 4266 3780 4318; x_wconf 82' lang='grc' dir='ltr'><strong>τῶν</strong></span> <span class='ocrx_word' id='word_1_617' title='bbox 3809 4267 4042 4321; x_wconf 80' lang='grc' dir='ltr'>Μονοθε-</span> 
     </span>
    </p>
   </div>
   <div class='ocr_carea' id='block_1_90' title="bbox 2467 4354 4043 4427">
    <p class='ocr_par' dir='ltr' id='par_1_90' title="bbox 2467 4354 4043 4427">
     <span class='ocr_line' id='line_1_90' title="bbox 2467 4354 4043 4427; baseline 0.003 -22"><span class='ocrx_word' id='word_1_618' title='bbox 2467 4354 2645 4424; x_wconf 84' lang='grc' dir='ltr'>λητῶν</span> <span class='ocrx_word' id='word_1_619' title='bbox 2672 4357 2833 4423; x_wconf 83' lang='grc' dir='ltr'>ἁγίαν</span> <span class='ocrx_word' id='word_1_620' title='bbox 2850 4359 3232 4427; x_wconf 83' lang='grc' dir='ltr'>οίκουμενικὴν</span> <span class='ocrx_word' id='word_1_621' title='bbox 3255 4357 3304 4419; x_wconf 79' lang='grc' dir='ltr'>ς’</span> <span class='ocrx_word' id='word_1_622' title='bbox 3325 4358 3538 4410; x_wconf 83' lang='grc' dir='ltr'>σύνοδον</span> <span class='ocrx_word' id='word_1_623' title='bbox 3559 4375 3570 4386; x_wconf 77' lang='grc'>³</span> <span class='ocrx_word' id='word_1_624' title='bbox 3619 4359 3757 4427; x_wconf 79' lang='grc' dir='ltr'><strong>μετὰ</strong></span> <span class='ocrx_word' id='word_1_625' title='bbox 3787 4359 3839 4410; x_wconf 76' lang='grc' dir='ltr'>δὲ</span> <span class='ocrx_word' id='word_1_626' title='bbox 3873 4360 3966 4427; x_wconf 78' lang='grc' dir='ltr'><strong>ἔτη</strong></span> <span class='ocrx_word' id='word_1_627' title='bbox 3997 4367 4043 4425; x_wconf 83' lang='grc' dir='ltr'><strong>γ’</strong></span> 
     </span>
    </p>
   </div>
   <div class='ocr_carea' id='block_1_91' title="bbox 2467 4447 4044 4520">
    <p class='ocr_par' dir='ltr' id='par_1_91' title="bbox 2467 4447 4044 4520">
     <span class='ocr_line' id='line_1_91' title="bbox 2467 4447 4044 4520; baseline 0.003 -22"><span class='ocrx_word' id='word_1_628' title='bbox 2467 4447 2889 4516; x_wconf 78' lang='grc' dir='ltr'>τελευτησαντος</span> <span class='ocrx_word' id='word_1_629' title='bbox 2935 4449 3184 4501; x_wconf 72' lang='grc' dir='ltr'>Ἰωάννου</span> <span class='ocrx_word' id='word_1_630' title='bbox 3214 4450 3576 4519; x_wconf 78' lang='grc' dir='ltr'>μετατεθῆναι</span> <span class='ocrx_word' id='word_1_631' title='bbox 3618 4449 3896 4520; x_wconf 75' lang='grc' dir='ltr'>Γερμανδν</span> <span class='ocrx_word' id='word_1_632' title='bbox 3938 4451 4044 4502; x_wconf 77' lang='grc' dir='ltr'><strong>ἀπο</strong></span> 
     </span>
    </p>
   </div>
   <div class='ocr_carea' id='block_1_92' title="bbox 2466 3805 3819 3876">
    <p class='ocr_par' dir='ltr' id='par_1_92' title="bbox 2466 3805 3819 3876">
     <span class='ocr_line' id='line_1_92' title="bbox 2466 3805 3819 3876; baseline 0.002 -19"><span class='ocrx_word' id='word_1_633' title='bbox 2466 3806 2651 3874; x_wconf 81' lang='grc' dir='ltr'>Κύρου</span> <span class='ocrx_word' id='word_1_634' title='bbox 2682 3805 2760 3874; x_wconf 81' lang='grc' dir='ltr'>τῷ</span> <span class='ocrx_word' id='word_1_635' title='bbox 2793 3812 2847 3868; x_wconf 81' lang='grc' dir='ltr'>ς’</span> <span class='ocrx_word' id='word_1_636' title='bbox 2899 3805 3006 3857; x_wconf 79' lang='grc' dir='ltr'>ἔτει</span> <span class='ocrx_word' id='word_1_637' title='bbox 3041 3810 3139 3874; x_wconf 76' lang='grc' dir='ltr'>τῆς</span> <span class='ocrx_word' id='word_1_638' title='bbox 3177 3808 3542 3876; x_wconf 78' lang='grc' dir='ltr'>πατριαρχίας</span> <span class='ocrx_word' id='word_1_639' title='bbox 3572 3808 3754 3873; x_wconf 60' lang='grc' dir='ltr'>αὑτοῦ,</span> <span class='ocrx_word' id='word_1_640' title='bbox 3787 3827 3819 3876; x_wconf 69' lang='grc' dir='ltr'>τ</span> 
     </span>
    </p>
   </div>
   <div class='ocr_carea' id='block_1_93' title="bbox 1975 4581 2741 4646">
    <p class='ocr_par' dir='ltr' id='par_1_93' title="bbox 1975 4581 2741 4646">
     <span class='ocr_line' id='line_1_93' title="bbox 1975 4581 2741 4646; baseline 0.005 -11"><span class='ocrx_word' id='word_1_641' title='bbox 1975 4640 1982 4646; x_wconf 46' lang='lat'>,</span> <span class='ocrx_word' id='word_1_642' title='bbox 2061 4581 2299 4637; x_wconf 69' lang='lat' dir='ltr'><strong>VARIE</strong></span> <span class='ocrx_word' id='word_1_643' title='bbox 2339 4582 2631 4639; x_wconf 72' lang='grc' dir='ltr'>ιΕετιυΝ</span> <span class='ocrx_word' id='word_1_644' title='bbox 2641 4583 2741 4639; x_wconf 86' lang='lat' dir='ltr'><strong>ES.</strong></span> 
     </span>
    </p>
   </div>
   <div class='ocr_carea' id='block_1_94' title="bbox 862 4678 1974 4748">
    <p class='ocr_par' dir='ltr' id='par_1_94' title="bbox 862 4678 1974 4748">
     <span class='ocr_line' id='line_1_94' title="bbox 862 4678 1974 4748; baseline 0.004 -18"><span class='ocrx_word' id='word_1_645' title='bbox 862 4681 882 4711; x_wconf 82' lang='grc'><strong><em>⁵</em></strong></span> <span class='ocrx_word' id='word_1_646' title='bbox 935 4678 1097 4730; x_wconf 80' lang='grc' dir='ltr'>πάλιν</span> <span class='ocrx_word' id='word_1_647' title='bbox 1140 4679 1440 4748; x_wconf 40' lang='grc' dir='ltr'>ἸουστρΑ.</span> <span class='ocrx_word' id='word_1_648' title='bbox 1483 4680 1643 4733; x_wconf 79' lang='grc' dir='ltr'>πάλιν</span> <span class='ocrx_word' id='word_1_649' title='bbox 1675 4681 1703 4732; x_wconf 84' lang='grc' dir='ltr'><strong>δ</strong></span> <span class='ocrx_word' id='word_1_650' title='bbox 1743 4680 1801 4733; x_wconf 84' lang='grc'><strong>’1.</strong></span> <span class='ocrx_word' id='word_1_651' title='bbox 1834 4679 1974 4748; x_wconf 82' lang='lat' dir='ltr'><strong>vulg.</strong></span> 
     </span>
    </p>
   </div>
   <div class='ocr_carea' id='block_1_95' title="bbox 787 4747 1921 4804">
    <p class='ocr_par' dir='ltr' id='par_1_95' title="bbox 787 4747 1921 4804">
     <span class='ocr_line' id='line_1_95' title="bbox 787 4747 1921 4804; baseline 0 0"><span class='ocrx_word' id='word_1_652' title='bbox 787 4751 832 4804; x_wconf 78' lang='grc' dir='ltr'><strong>Α</strong></span> <span class='ocrx_word' id='word_1_653' title='bbox 873 4748 912 4803; x_wconf 80' lang='lat' dir='ltr'><strong>f.</strong></span> <span class='ocrx_word' id='word_1_654' title='bbox 987 4749 1007 4780; x_wconf 81' lang='lat'><strong>’</strong></span> <span class='ocrx_word' id='word_1_655' title='bbox 1040 4749 1303 4802; x_wconf 76' lang='grc' dir='ltr'>ὑποϐαλαι</span> <span class='ocrx_word' id='word_1_656' title='bbox 1341 4747 1378 4802; x_wconf 81' lang='lat' dir='ltr'><strong>f.</strong></span> <span class='ocrx_word' id='word_1_657' title='bbox 1449 4749 1491 4780; x_wconf 84' lang='grc'><strong>¹⁰</strong></span> <span class='ocrx_word' id='word_1_658' title='bbox 1518 4751 1576 4801; x_wconf 83' lang='grc' dir='ltr'>ἐν</span> <span class='ocrx_word' id='word_1_659' title='bbox 1595 4750 1721 4803; x_wconf 81' lang='lat' dir='ltr'><strong>add.</strong></span> <span class='ocrx_word' id='word_1_660' title='bbox 1756 4766 1818 4804; x_wconf 71' lang='lat' dir='ltr'><strong>ex</strong></span> <span class='ocrx_word' id='word_1_661' title='bbox 1858 4750 1921 4804; x_wconf 83' lang='lat' dir='ltr'><strong>A.</strong></span> 
     </span>
    </p>
   </div>
   <div class='ocr_carea' id='block_1_96' title="bbox 791 4819 1357 4881">
    <p class='ocr_par' dir='ltr' id='par_1_96' title="bbox 791 4819 1357 4881">
     <span class='ocr_line' id='line_1_96' title="bbox 791 4819 1357 4881; baseline -0.002 -9"><span class='ocrx_word' id='word_1_662' title='bbox 791 4820 835 4852; x_wconf 82' lang='lat'>&quot;</span> <span class='ocrx_word' id='word_1_663' title='bbox 863 4820 1014 4881; x_wconf 75' lang='grc' dir='ltr'>ἔτους</span> <span class='ocrx_word' id='word_1_664' title='bbox 1046 4819 1168 4874; x_wconf 87' lang='lat' dir='ltr'><strong>add.</strong></span> <span class='ocrx_word' id='word_1_665' title='bbox 1193 4836 1260 4873; x_wconf 76' lang='lat' dir='ltr'><strong>ex</strong></span> <span class='ocrx_word' id='word_1_666' title='bbox 1293 4821 1357 4872; x_wconf 87' lang='lat' dir='ltr'><strong>A.</strong></span> 
     </span>
    </p>
   </div>
   <div class='ocr_carea' id='block_1_97' title="bbox 1435 4819 2237 4890">
    <p class='ocr_par' dir='ltr' id='par_1_97' title="bbox 1435 4819 2237 4890">
     <span class='ocr_line' id='line_1_97' title="bbox 1435 4819 2237 4890; baseline 0 -18"><span class='ocrx_word' id='word_1_667' title='bbox 1435 4821 1477 4850; x_wconf 71' lang='lat'>“</span> <span class='ocrx_word' id='word_1_668' title='bbox 1501 4821 1598 4890; x_wconf 77' lang='grc' dir='ltr'>τῆς</span> <span class='ocrx_word' id='word_1_669' title='bbox 1627 4819 1904 4890; x_wconf 82' lang='grc' dir='ltr'>βασιλείας</span> <span class='ocrx_word' id='word_1_670' title='bbox 1941 4821 2062 4875; x_wconf 87' lang='lat' dir='ltr'><strong>add.</strong></span> <span class='ocrx_word' id='word_1_671' title='bbox 2091 4820 2237 4875; x_wconf 69' lang='grc' dir='ltr'><strong>οιΑ.</strong></span> 
     </span>
    </p>
   </div>
   <div class='ocr_carea' id='block_1_98' title="bbox 789 4888 1274 4954">
    <p class='ocr_par' dir='ltr' id='par_1_98' title="bbox 789 4888 1274 4954">
     <span class='ocr_line' id='line_1_98' title="bbox 789 4888 1274 4954; baseline 0.006 -13"><span class='ocrx_word' id='word_1_672' title='bbox 789 4890 834 4922; x_wconf 66' lang='grc'><strong>⁸*</strong></span> <span class='ocrx_word' id='word_1_673' title='bbox 856 4890 1051 4954; x_wconf 78' lang='grc' dir='ltr'>αὐτοὺς</span> <span class='ocrx_word' id='word_1_674' title='bbox 1077 4905 1185 4945; x_wconf 88' lang='lat' dir='ltr'><strong>om.</strong></span> <span class='ocrx_word' id='word_1_675' title='bbox 1208 4888 1274 4944; x_wconf 81' lang='grc' dir='ltr'><strong>Δ.</strong></span> 
     </span>
    </p>
   </div>
   <div class='ocr_carea' id='block_1_99' title="bbox 2000 4677 2888 4803">
    <p class='ocr_par' dir='ltr' id='par_1_99' title="bbox 2000 4677 2888 4803">
     <span class='ocr_line' id='line_1_99' title="bbox 2054 4677 2888 4747; baseline 0.001 -16"><span class='ocrx_word' id='word_1_676' title='bbox 2054 4682 2075 4712; x_wconf 85' lang='grc'><strong><em>⁶</em></strong></span> <span class='ocrx_word' id='word_1_677' title='bbox 2103 4677 2350 4747; x_wconf 82' lang='grc' dir='ltr'>ἐκδεδομ.</span> <span class='ocrx_word' id='word_1_678' title='bbox 2374 4680 2440 4745; x_wconf 29' lang='grc' dir='ltr'><strong>Αη.</strong></span> <span class='ocrx_word' id='word_1_679' title='bbox 2516 4680 2536 4710; x_wconf 78' lang='grc'><strong>⁷</strong></span> <span class='ocrx_word' id='word_1_680' title='bbox 2567 4679 2658 4733; x_wconf 78' lang='grc' dir='ltr'>τοῦ</span> <span class='ocrx_word' id='word_1_681' title='bbox 2694 4679 2818 4734; x_wconf 90' lang='lat' dir='ltr'><strong>add.</strong></span> <span class='ocrx_word' id='word_1_682' title='bbox 2850 4695 2888 4733; x_wconf 79' lang='lat' dir='ltr'><strong>e1</strong></span> 
     </span>
     <span class='ocr_line' id='line_1_100' title="bbox 2000 4748 2888 4803; baseline -0.001 0"><span class='ocrx_word' id='word_1_683' title='bbox 2000 4751 2041 4782; x_wconf 85' lang='lat'>“</span> <span class='ocrx_word' id='word_1_684' title='bbox 2076 4748 2213 4803; x_wconf 74' lang='grc' dir='ltr'>μετὰ</span> <span class='ocrx_word' id='word_1_685' title='bbox 2241 4748 2386 4799; x_wconf 80' lang='grc' dir='ltr'>δὲ-</span> <span class='ocrx_word' id='word_1_686' title='bbox 2418 4779 2486 4789; x_wconf 87' lang='grc'><strong>--</strong></span> <span class='ocrx_word' id='word_1_687' title='bbox 2511 4750 2603 4803; x_wconf 78' lang='grc' dir='ltr'>ἔτη</span> <span class='ocrx_word' id='word_1_688' title='bbox 2633 4749 2680 4803; x_wconf 85' lang='grc' dir='ltr'><strong>γ’</strong></span> <span class='ocrx_word' id='word_1_689' title='bbox 2713 4767 2821 4803; x_wconf 86' lang='grc' dir='ltr'>οιιι.</span> <span class='ocrx_word' id='word_1_690' title='bbox 2857 4751 2888 4802; x_wconf 87' lang='lat' dir='ltr'><strong>b</strong></span> 
     </span>
    </p>
   </div>
   <div class='ocr_carea' id='block_1_100' title="bbox 2075 4768 3119 4890">
    <p class='ocr_par' dir='ltr' id='par_1_100' title="bbox 2075 4768 3119 4890">
     <span class='ocr_line' id='line_1_101' title="bbox 2075 4768 3119 4819; baseline 0.001 -18"><span class='ocrx_word' id='word_1_691' title='bbox 2075 4768 2213 4818; x_wconf 89' lang='grc' dir='ltr'>μετα</span> <span class='ocrx_word' id='word_1_692' title='bbox 2241 4768 2295 4799; x_wconf 86' lang='grc' dir='ltr'><strong>οε</strong></span> <span class='ocrx_word' id='word_1_693' title='bbox 2315 4779 2386 4788; x_wconf 91' lang='grc'><strong><em>-</em></strong></span> <span class='ocrx_word' id='word_1_694' title='bbox 2418 4779 2486 4789; x_wconf 87' lang='grc'><strong>--</strong></span> <span class='ocrx_word' id='word_1_695' title='bbox 2511 4768 2604 4819; x_wconf 87' lang='grc' dir='ltr'><strong>ετη</strong></span> <span class='ocrx_word' id='word_1_696' title='bbox 2633 4768 2666 4817; x_wconf 91' lang='grc' dir='ltr'><strong>γ</strong></span> <span class='ocrx_word' id='word_1_697' title='bbox 2713 4768 2821 4803; x_wconf 87' lang='grc' dir='ltr'>οιιι.</span> <span class='ocrx_word' id='word_1_698' title='bbox 2857 4768 2906 4802; x_wconf 92' lang='lat' dir='ltr'><strong>n.</strong></span> <span class='ocrx_word' id='word_1_699' title='bbox 3052 4768 3119 4802; x_wconf 85' lang='grc' dir='ltr'><strong>κα</strong></span> 
     </span>
     <span class='ocr_line' id='line_1_102' title="bbox 2091 4820 3119 4890; baseline -0.003 -15"><span class='ocrx_word' id='word_1_700' title='bbox 2091 4820 2237 4875; x_wconf 71' lang='lat' dir='ltr'><strong>81A.</strong></span> <span class='ocrx_word' id='word_1_701' title='bbox 2318 4821 2361 4851; x_wconf 84' lang='lat'>&quot;</span> <span class='ocrx_word' id='word_1_702' title='bbox 2390 4821 2771 4890; x_wconf 77' lang='grc' dir='ltr'>οἰκουμενικῆς</span> <span class='ocrx_word' id='word_1_703' title='bbox 2801 4821 2927 4874; x_wconf 86' lang='lat' dir='ltr'><strong>add.</strong></span> <span class='ocrx_word' id='word_1_704' title='bbox 2962 4835 3026 4874; x_wconf 79' lang='lat' dir='ltr'><strong>cx</strong></span> <span class='ocrx_word' id='word_1_705' title='bbox 3054 4821 3119 4872; x_wconf 84' lang='lat' dir='ltr'><strong>A.</strong></span> 
     </span>
    </p>
   </div>
   <div class='ocr_carea' id='block_1_101' title="bbox 2516 4678 4046 4747">
    <p class='ocr_par' dir='ltr' id='par_1_101' title="bbox 2516 4678 4046 4747">
     <span class='ocr_line' id='line_1_103' title="bbox 2516 4678 4046 4747; baseline 0 -15"><span class='ocrx_word' id='word_1_706' title='bbox 2516 4680 2536 4710; x_wconf 78' lang='grc'><strong>⁷</strong></span> <span class='ocrx_word' id='word_1_707' title='bbox 2567 4679 2658 4733; x_wconf 77' lang='grc' dir='ltr'>τοῦ</span> <span class='ocrx_word' id='word_1_708' title='bbox 2694 4679 2818 4734; x_wconf 85' lang='lat' dir='ltr'><strong>add.</strong></span> <span class='ocrx_word' id='word_1_709' title='bbox 2850 4695 2915 4733; x_wconf 75' lang='lat' dir='ltr'><strong>ex</strong></span> <span class='ocrx_word' id='word_1_710' title='bbox 2951 4682 3018 4733; x_wconf 74' lang='grc' dir='ltr'><strong>Α.</strong></span> <span class='ocrx_word' id='word_1_711' title='bbox 3092 4680 3114 4711; x_wconf 84' lang='grc'>⁸</span> <span class='ocrx_word' id='word_1_712' title='bbox 3143 4678 3376 4746; x_wconf 66' lang='grc' dir='ltr'>ἐκνῆψαι</span> <span class='ocrx_word' id='word_1_713' title='bbox 3425 4679 3618 4740; x_wconf 63' lang='grc' dir='ltr'>αὐτοὺς</span> <span class='ocrx_word' id='word_1_714' title='bbox 3652 4679 4046 4747; x_wconf 70' lang='grc' dir='ltr'>προελομένους</span> 
     </span>
    </p>
   </div>
   <div class='ocr_carea' id='block_1_102' title="bbox 2988 4749 4044 4817">
    <p class='ocr_par' dir='ltr' id='par_1_102' title="bbox 2988 4749 4044 4817">
     <span class='ocr_line' id='line_1_104' title="bbox 2988 4749 4044 4817; baseline 0.002 -16"><span class='ocrx_word' id='word_1_715' title='bbox 2988 4752 3028 4810; x_wconf 78' lang='grc'>¹,²</span> <span class='ocrx_word' id='word_1_716' title='bbox 3052 4750 3144 4802; x_wconf 73' lang='grc' dir='ltr'><strong>καὶ</strong></span> <span class='ocrx_word' id='word_1_717' title='bbox 3171 4749 3382 4801; x_wconf 82' lang='grc' dir='ltr'>Παύλου</span> <span class='ocrx_word' id='word_1_718' title='bbox 3410 4779 3477 4787; x_wconf 94' lang='lat'><strong>——-</strong></span> <span class='ocrx_word' id='word_1_719' title='bbox 3508 4777 3574 4786; x_wconf 90' lang='lat'><em>—</em></span> <span class='ocrx_word' id='word_1_720' title='bbox 3599 4751 3692 4814; x_wconf 81' lang='grc' dir='ltr'>ἐτη</span> <span class='ocrx_word' id='word_1_721' title='bbox 3730 4749 3793 4817; x_wconf 63' lang='grc' dir='ltr'><strong>ιβ’</strong></span> <span class='ocrx_word' id='word_1_722' title='bbox 3828 4767 3934 4803; x_wconf 85' lang='grc' dir='ltr'>υιιι.</span> <span class='ocrx_word' id='word_1_723' title='bbox 3982 4754 4044 4802; x_wconf 77' lang='lat'><strong>.-\.</strong></span> 
     </span>
    </p>
   </div>
   <div class='ocr_carea' id='block_1_103' title="bbox 3199 4819 4045 4890">
    <p class='ocr_par' dir='ltr' id='par_1_103' title="bbox 3199 4819 4045 4890">
     <span class='ocr_line' id='line_1_105' title="bbox 3199 4819 4045 4890; baseline 0.002 -20"><span class='ocrx_word' id='word_1_724' title='bbox 3199 4821 3240 4851; x_wconf 77' lang='grc'>³⁸</span> <span class='ocrx_word' id='word_1_725' title='bbox 3277 4819 3375 4888; x_wconf 78' lang='grc' dir='ltr'>τῆς</span> <span class='ocrx_word' id='word_1_726' title='bbox 3409 4819 3630 4889; x_wconf 78' lang='grc' dir='ltr'>Κρήτης</span> <span class='ocrx_word' id='word_1_727' title='bbox 3661 4820 3726 4884; x_wconf 76' lang='grc' dir='ltr'>Α,</span> <span class='ocrx_word' id='word_1_728' title='bbox 3762 4821 3864 4890; x_wconf 79' lang='grc' dir='ltr'><strong>Κρ.</strong></span> <span class='ocrx_word' id='word_1_729' title='bbox 3900 4822 4045 4890; x_wconf 76' lang='lat' dir='ltr'><strong>vulg.</strong></span> 
     </span>
    </p>
   </div>
   <div class='ocr_carea' id='block_1_104' title="bbox 2118 5000 2755 5059">
    <p class='ocr_par' dir='ltr' id='par_1_104' title="bbox 2118 5000 2755 5059">
     <span class='ocr_line' id='line_1_106' title="bbox 2118 5000 2755 5059; baseline -0.003 -1"><span class='ocrx_word' id='word_1_730' title='bbox 2118 5002 2258 5059; x_wconf 80' lang='lat' dir='ltr'><strong>JAC.</strong></span> <span class='ocrx_word' id='word_1_731' title='bbox 2284 5001 2492 5058; x_wconf 74' lang='lat' dir='ltr'><strong>GOARI</strong></span> <span class='ocrx_word' id='word_1_732' title='bbox 2523 5000 2755 5057; x_wconf 64' lang='lat' dir='ltr'><strong>NOTAE.</strong></span> 
     </span>
    </p>
   </div>
   <div class='ocr_carea' id='block_1_105' title="bbox 869 5113 4049 5196">
    <p class='ocr_par' dir='ltr' id='par_1_105' title="bbox 869 5113 4049 5196">
     <span class='ocr_line' id='line_1_107' title="bbox 869 5113 4049 5196; baseline -0.003 -18"><span class='ocrx_word' id='word_1_733' title='bbox 869 5125 982 5194; x_wconf 74' lang='lat'><strong>(55)</strong></span> <span class='ocrx_word' id='word_1_734' title='bbox 1020 5125 1304 5196; x_wconf 75' lang='lat' dir='ltr'><strong>“legitime</strong></span> <span class='ocrx_word' id='word_1_735' title='bbox 1331 5141 1351 5178; x_wconf 91' lang='lat'><em>:</em></span> <span class='ocrx_word' id='word_1_736' title='bbox 1384 5127 1466 5181; x_wconf 91' lang='lat' dir='ltr'><strong>sic</strong></span> <span class='ocrx_word' id='word_1_737' title='bbox 1525 5141 1742 5196; x_wconf 86' lang='lat' dir='ltr'><strong>semper</strong></span> <span class='ocrx_word' id='word_1_738' title='bbox 1791 5125 1976 5180; x_wconf 83' lang='lat' dir='ltr'><strong>habita</strong></span> <span class='ocrx_word' id='word_1_739' title='bbox 2019 5125 2366 5180; x_wconf 88' lang='lat' dir='ltr'><strong>sacerdotum</strong></span> <span class='ocrx_word' id='word_1_740' title='bbox 2401 5130 2447 5186; x_wconf 83' lang='grc' dir='ltr'>ι)</span> <span class='ocrx_word' id='word_1_741' title='bbox 2476 5121 3016 5196; x_wconf 69' lang='lat' dir='ltr'><strong>quentiacvincixnt.</strong></span> <span class='ocrx_word' id='word_1_742' title='bbox 3049 5120 3162 5196; x_wconf 58' lang='lat' dir='ltr'><strong>Kal</strong></span> <span class='ocrx_word' id='word_1_743' title='bbox 3186 5118 3263 5184; x_wconf 83' lang='grc' dir='ltr'>τῷ</span> <span class='ocrx_word' id='word_1_744' title='bbox 3299 5116 3460 5184; x_wconf 72' lang='grc' dir='ltr'>αὐτῷ</span> <span class='ocrx_word' id='word_1_745' title='bbox 3489 5115 3538 5170; x_wconf 84' lang='grc' dir='ltr'>α’</span> <span class='ocrx_word' id='word_1_746' title='bbox 3580 5117 3719 5181; x_wconf 79' lang='grc' dir='ltr'>ἔτει,</span> <span class='ocrx_word' id='word_1_747' title='bbox 3752 5113 4049 5183; x_wconf 78' lang='lat' dir='ltr'><strong>Eodemque</strong></span> 
     </span>
    </p>
   </div>
   <div class='ocr_carea' id='block_1_106' title="bbox 795 5196 2366 5266">
    <p class='ocr_par' dir='ltr' id='par_1_106' title="bbox 795 5196 2366 5266">
     <span class='ocr_line' id='line_1_108' title="bbox 795 5196 2366 5266; baseline -0.001 -19"><span class='ocrx_word' id='word_1_748' title='bbox 795 5211 859 5248; x_wconf 86' lang='lat' dir='ltr'><strong>ac</strong></span> <span class='ocrx_word' id='word_1_749' title='bbox 909 5196 1283 5251; x_wconf 88' lang='lat' dir='ltr'><strong>ministrorum</strong></span> <span class='ocrx_word' id='word_1_750' title='bbox 1315 5198 1566 5266; x_wconf 84' lang='lat' dir='ltr'><strong>conjugia</strong></span> <span class='ocrx_word' id='word_1_751' title='bbox 1614 5197 1755 5262; x_wconf 85' lang='lat' dir='ltr'><strong>apud</strong></span> <span class='ocrx_word' id='word_1_752' title='bbox 1802 5197 2045 5259; x_wconf 72' lang='lat' dir='ltr'><strong>Graecos,</strong></span> <span class='ocrx_word' id='word_1_753' title='bbox 2104 5206 2226 5264; x_wconf 91' lang='lat' dir='ltr'><strong>post</strong></span> <span class='ocrx_word' id='word_1_754' title='bbox 2258 5196 2366 5266; x_wconf 82' lang='lat' dir='ltr'><strong>ad-</strong></span> 
     </span>
    </p>
   </div>
   <div class='ocr_carea' id='block_1_107' title="bbox 794 5265 2366 5334">
    <p class='ocr_par' dir='ltr' id='par_1_107' title="bbox 794 5265 2366 5334">
     <span class='ocr_line' id='line_1_109' title="bbox 794 5265 2366 5334; baseline 0 -15"><span class='ocrx_word' id='word_1_755' title='bbox 794 5274 982 5334; x_wconf 87' lang='lat' dir='ltr'><strong>eptqu</strong></span> <span class='ocrx_word' id='word_1_756' title='bbox 1017 5267 1264 5321; x_wconf 89' lang='lat' dir='ltr'><strong>ordinem</strong></span> <span class='ocrx_word' id='word_1_757' title='bbox 1322 5283 1538 5321; x_wconf 76' lang='lat' dir='ltr'><strong>sacrum</strong></span> <span class='ocrx_word' id='word_1_758' title='bbox 1588 5268 1758 5329; x_wconf 89' lang='lat' dir='ltr'><strong>inita;</strong></span> <span class='ocrx_word' id='word_1_759' title='bbox 1787 5276 1914 5321; x_wconf 83' lang='lat' dir='ltr'><strong>ante</strong></span> <span class='ocrx_word' id='word_1_760' title='bbox 1965 5268 2218 5320; x_wconf 86' lang='lat' dir='ltr'><strong>eumdem</strong></span> <span class='ocrx_word' id='word_1_761' title='bbox 2255 5265 2366 5319; x_wconf 89' lang='lat' dir='ltr'><strong>illis</strong></span> 
     </span>
    </p>
   </div>
   <div class='ocr_carea' id='block_1_108' title="bbox 797 5337 2230 5405">
    <p class='ocr_par' dir='ltr' id='par_1_108' title="bbox 797 5337 2230 5405">
     <span class='ocr_line' id='line_1_110' title="bbox 797 5337 2230 5405; baseline 0.003 -21"><span class='ocrx_word' id='word_1_762' title='bbox 797 5337 1090 5404; x_wconf 88' lang='lat' dir='ltr'><strong>permissa.</strong></span> <span class='ocrx_word' id='word_1_763' title='bbox 1128 5337 1340 5390; x_wconf 81' lang='lat' dir='ltr'><strong>Excidit</strong></span> <span class='ocrx_word' id='word_1_764' title='bbox 1366 5353 1426 5389; x_wconf 88' lang='lat' dir='ltr'><strong>ea</strong></span> <span class='ocrx_word' id='word_1_765' title='bbox 1460 5353 1562 5390; x_wconf 80' lang='lat' dir='ltr'><strong>vox</strong></span> <span class='ocrx_word' id='word_1_766' title='bbox 1601 5337 1907 5405; x_wconf 85' lang='lat' dir='ltr'><strong>interpreti.</strong></span> <span class='ocrx_word' id='word_1_767' title='bbox 1938 5337 2230 5390; x_wconf 68' lang='grc' dir='ltr'>Οοιιιιειτιε.</span> 
     </span>
    </p>
   </div>
   <div class='ocr_carea' id='block_1_109' title="bbox 876 5406 2373 5477">
    <p class='ocr_par' dir='ltr' id='par_1_109' title="bbox 876 5406 2373 5477">
     <span class='ocr_line' id='line_1_111' title="bbox 876 5406 2373 5477; baseline 0.002 -20"><span class='ocrx_word' id='word_1_768' title='bbox 876 5407 988 5477; x_wconf 73' lang='grc'><strong>(54)</strong></span> <span class='ocrx_word' id='word_1_769' title='bbox 1022 5407 1154 5476; x_wconf 77' lang='lat' dir='ltr'><strong>Reg.</strong></span> <span class='ocrx_word' id='word_1_770' title='bbox 1177 5423 1241 5462; x_wconf 92' lang='lat' dir='ltr'><strong>ac</strong></span> <span class='ocrx_word' id='word_1_771' title='bbox 1271 5407 1497 5476; x_wconf 86' lang='lat' dir='ltr'><strong>perinde</strong></span> <span class='ocrx_word' id='word_1_772' title='bbox 1514 5409 1626 5471; x_wconf 84' lang='lat' dir='ltr'><strong>alii,</strong></span> <span class='ocrx_word' id='word_1_773' title='bbox 1653 5409 1876 5476; x_wconf 87' lang='lat' dir='ltr'><strong>ipseque</strong></span> <span class='ocrx_word' id='word_1_774' title='bbox 1905 5408 2121 5471; x_wconf 86' lang='lat' dir='ltr'><strong>Anast.,</strong></span> <span class='ocrx_word' id='word_1_775' title='bbox 2148 5406 2373 5476; x_wconf 81' lang='lat' dir='ltr'><strong>antiquo</strong></span> 
     </span>
    </p>
   </div>
   <div class='ocr_carea' id='block_1_110' title="bbox 800 5477 2373 5546">
    <p class='ocr_par' dir='ltr' id='par_1_110' title="bbox 800 5477 2373 5546">
     <span class='ocr_line' id='line_1_112' title="bbox 800 5477 2373 5546; baseline -0.001 -17"><span class='ocrx_word' id='word_1_776' title='bbox 800 5491 934 5531; x_wconf 82' lang='lat' dir='ltr'><strong>sane</strong></span> <span class='ocrx_word' id='word_1_777' title='bbox 973 5494 1182 5537; x_wconf 89' lang='lat' dir='ltr'><strong>errore,</strong></span> <span class='ocrx_word' id='word_1_778' title='bbox 1223 5493 1347 5532; x_wconf 91' lang='lat' dir='ltr'><strong>cum</strong></span> <span class='ocrx_word' id='word_1_779' title='bbox 1373 5479 1710 5546; x_wconf 85' lang='lat' dir='ltr'><strong>Philippicus</strong></span> <span class='ocrx_word' id='word_1_780' title='bbox 1739 5493 1850 5531; x_wconf 87' lang='lat' dir='ltr'><strong>non</strong></span> <span class='ocrx_word' id='word_1_781' title='bbox 1889 5477 1991 5531; x_wconf 86' lang='lat' dir='ltr'><strong>nisi</strong></span> <span class='ocrx_word' id='word_1_782' title='bbox 2025 5479 2241 5531; x_wconf 84' lang='lat' dir='ltr'><strong>duobus</strong></span> <span class='ocrx_word' id='word_1_783' title='bbox 2275 5492 2373 5528; x_wconf 87' lang='lat' dir='ltr'><strong>an-</strong></span> 
     </span>
    </p>
   </div>
   <div class='ocr_carea' id='block_1_111' title="bbox 806 5547 2372 5618">
    <p class='ocr_par' dir='ltr' id='par_1_111' title="bbox 806 5547 2372 5618">
     <span class='ocr_line' id='line_1_113' title="bbox 806 5547 2372 5618; baseline 0.001 -20"><span class='ocrx_word' id='word_1_784' title='bbox 806 5548 891 5618; x_wconf 81' lang='lat' dir='ltr'><strong>nis</strong></span> <span class='ocrx_word' id='word_1_785' title='bbox 943 5547 1314 5618; x_wconf 88' lang='lat' dir='ltr'><strong>imperaverit.</strong></span> <span class='ocrx_word' id='word_1_786' title='bbox 1371 5548 1600 5602; x_wconf 76' lang='lat' dir='ltr'><strong>Emend.</strong></span> <span class='ocrx_word' id='word_1_787' title='bbox 1659 5564 1809 5618; x_wconf 84' lang='lat' dir='ltr'><strong>ergo,</strong></span> <span class='ocrx_word' id='word_1_788' title='bbox 1859 5549 1964 5610; x_wconf 75' lang='grc' dir='ltr'>ἓως</span> <span class='ocrx_word' id='word_1_789' title='bbox 2017 5547 2111 5600; x_wconf 84' lang='grc' dir='ltr'>τοῦ</span> <span class='ocrx_word' id='word_1_790' title='bbox 2154 5549 2372 5618; x_wconf 84' lang='grc' dir='ltr'>πρώτου</span> 
     </span>
    </p>
   </div>
   <div class='ocr_carea' id='block_1_112' title="bbox 805 5617 2374 5692">
    <p class='ocr_par' dir='ltr' id='par_1_112' title="bbox 805 5617 2374 5692">
     <span class='ocr_line' id='line_1_114' title="bbox 805 5617 2374 5692; baseline 0.002 -25"><span class='ocrx_word' id='word_1_791' title='bbox 805 5617 960 5692; x_wconf 73' lang='grc' dir='ltr'>ἔτους</span> <span class='ocrx_word' id='word_1_792' title='bbox 985 5634 998 5647; x_wconf 90' lang='grc'><strong>·</strong></span> <span class='ocrx_word' id='word_1_793' title='bbox 1025 5617 1119 5672; x_wconf 72' lang='grc' dir='ltr'>εἰο</span> <span class='ocrx_word' id='word_1_794' title='bbox 1168 5621 1314 5692; x_wconf 89' lang='lat' dir='ltr'><strong>enim</strong></span> <span class='ocrx_word' id='word_1_795' title='bbox 1347 5635 1384 5692; x_wconf 7' lang='lat' dir='ltr'><strong>aq</strong></span> <span class='ocrx_word' id='word_1_796' title='bbox 1408 5619 1650 5672; x_wconf 84' lang='lat' dir='ltr'><strong>secundo</strong></span> <span class='ocrx_word' id='word_1_797' title='bbox 1685 5617 1932 5692; x_wconf 72' lang='lat' dir='ltr'><strong>secundi</strong></span> <span class='ocrx_word' id='word_1_798' title='bbox 1958 5618 2170 5692; x_wconf 81' lang='lat' dir='ltr'><strong>imperii</strong></span> <span class='ocrx_word' id='word_1_799' title='bbox 2200 5617 2374 5672; x_wconf 85' lang='lat' dir='ltr'><strong>Justi-</strong></span> 
     </span>
    </p>
   </div>
   <div class='ocr_carea' id='block_1_113' title="bbox 809 5689 2377 5758">
    <p class='ocr_par' dir='ltr' id='par_1_113' title="bbox 809 5689 2377 5758">
     <span class='ocr_line' id='line_1_115' title="bbox 809 5689 2377 5758; baseline -0.001 -18"><span class='ocrx_word' id='word_1_800' title='bbox 809 5689 956 5740; x_wconf 84' lang='lat' dir='ltr'><strong>niaui</strong></span> <span class='ocrx_word' id='word_1_801' title='bbox 1014 5705 1161 5743; x_wconf 83' lang='lat' dir='ltr'><strong>anno</strong></span> <span class='ocrx_word' id='word_1_802' title='bbox 1207 5691 1272 5743; x_wconf 89' lang='lat' dir='ltr'><strong>ad</strong></span> <span class='ocrx_word' id='word_1_803' title='bbox 1309 5690 1541 5756; x_wconf 84' lang='lat' dir='ltr'><strong>primum</strong></span> <span class='ocrx_word' id='word_1_804' title='bbox 1598 5692 1746 5744; x_wconf 87' lang='lat' dir='ltr'><strong>illum</strong></span> <span class='ocrx_word' id='word_1_805' title='bbox 1803 5689 2088 5758; x_wconf 82' lang='lat' dir='ltr'><strong>Philippici</strong></span> <span class='ocrx_word' id='word_1_806' title='bbox 2121 5697 2377 5741; x_wconf 83' lang='lat' dir='ltr'><strong>constant</strong></span> 
     </span>
    </p>
   </div>
   <div class='ocr_carea' id='block_1_114' title="bbox 813 5759 2377 5832">
    <p class='ocr_par' dir='ltr' id='par_1_114' title="bbox 813 5759 2377 5832">
     <span class='ocr_line' id='line_1_116' title="bbox 813 5759 2377 5832; baseline 0.004 -28"><span class='ocrx_word' id='word_1_807' title='bbox 813 5759 939 5832; x_wconf 67' lang='lat' dir='ltr'><strong>anni</strong></span> <span class='ocrx_word' id='word_1_808' title='bbox 976 5775 1248 5832; x_wconf 79' lang='lat' dir='ltr'><strong>qumque;</strong></span> <span class='ocrx_word' id='word_1_809' title='bbox 1283 5777 1390 5826; x_wconf 87' lang='lat' dir='ltr'><strong>quo</strong></span> <span class='ocrx_word' id='word_1_810' title='bbox 1423 5777 1567 5832; x_wconf 65' lang='lat' dir='ltr'><strong>anno</strong></span> <span class='ocrx_word' id='word_1_811' title='bbox 1612 5762 1801 5828; x_wconf 83' lang='lat' dir='ltr'><strong>quinto</strong></span> <span class='ocrx_word' id='word_1_812' title='bbox 1854 5761 2128 5832; x_wconf 76' lang='lat' dir='ltr'><strong>celebrata</strong></span> <span class='ocrx_word' id='word_1_813' title='bbox 2173 5759 2377 5832; x_wconf 78' lang='lat' dir='ltr'><strong>dicitur</strong></span> 
     </span>
    </p>
   </div>
   <div class='ocr_carea' id='block_1_115' title="bbox 812 5827 2375 5901">
    <p class='ocr_par' dir='ltr' id='par_1_115' title="bbox 812 5827 2375 5901">
     <span class='ocr_line' id='line_1_117' title="bbox 812 5827 2375 5901; baseline 0 -19"><span class='ocrx_word' id='word_1_814' title='bbox 812 5827 903 5882; x_wconf 73' lang='lat' dir='ltr'><strong>illa</strong></span> <span class='ocrx_word' id='word_1_815' title='bbox 931 5827 1192 5886; x_wconf 79' lang='lat' dir='ltr'><strong>adversus</strong></span> <span class='ocrx_word' id='word_1_816' title='bbox 1223 5834 1255 5884; x_wconf 77' lang='lat' dir='ltr'><strong>ti</strong></span> <span class='ocrx_word' id='word_1_817' title='bbox 1287 5828 1553 5898; x_wconf 59' lang='lat' dir='ltr'><strong>sjnodum</strong></span> <span class='ocrx_word' id='word_1_818' title='bbox 1596 5827 1830 5886; x_wconf 66' lang='lat' dir='ltr'><strong>erratica</strong></span> <span class='ocrx_word' id='word_1_819' title='bbox 1869 5829 2132 5901; x_wconf 73' lang='lat' dir='ltr'><strong>synodus.</strong></span> <span class='ocrx_word' id='word_1_820' title='bbox 2183 5831 2257 5883; x_wconf 80' lang='lat' dir='ltr'><strong>Ac</strong></span> <span class='ocrx_word' id='word_1_821' title='bbox 2291 5845 2375 5883; x_wconf 71' lang='lat' dir='ltr'><strong>se-</strong></span> 
     </span>
    </p>
   </div>
   <div class='ocr_carea' id='block_1_116' title="bbox 2477 5190 3223 5262">
    <p class='ocr_par' dir='ltr' id='par_1_116' title="bbox 2477 5190 3223 5262">
     <span class='ocr_line' id='line_1_118' title="bbox 2477 5190 3223 5262; baseline -0.004 -17"><span class='ocrx_word' id='word_1_822' title='bbox 2477 5190 2649 5262; x_wconf 74' lang='lat' dir='ltr'><strong>primo</strong></span> <span class='ocrx_word' id='word_1_823' title='bbox 2690 5192 2782 5246; x_wconf 78' lang='lat' dir='ltr'><strong>illo</strong></span> <span class='ocrx_word' id='word_1_824' title='bbox 2817 5201 3116 5262; x_wconf 30' lang='lat' dir='ltr'><strong>annotctc.</strong></span> <span class='ocrx_word' id='word_1_825' title='bbox 3146 5190 3223 5242; x_wconf 82' lang='lat' dir='ltr'><strong>In.</strong></span> 
     </span>
    </p>
   </div>
   <div class='ocr_carea' id='block_1_117' title="bbox 2555 5254 4052 5329">
    <p class='ocr_par' dir='ltr' id='par_1_117' title="bbox 2555 5254 4052 5329">
     <span class='ocr_line' id='line_1_119' title="bbox 2555 5254 4052 5329; baseline -0.004 -14"><span class='ocrx_word' id='word_1_826' title='bbox 2555 5264 2670 5329; x_wconf 81' lang='lat'><strong>(55)</strong></span> <span class='ocrx_word' id='word_1_827' title='bbox 2705 5263 2946 5316; x_wconf 88' lang='lat' dir='ltr'><strong>Conatnr</strong></span> <span class='ocrx_word' id='word_1_828' title='bbox 2971 5259 3211 5314; x_wconf 86' lang='lat' dir='ltr'><strong>Joannes</strong></span> <span class='ocrx_word' id='word_1_829' title='bbox 3243 5257 3347 5312; x_wconf 65' lang='grc' dir='ltr'><strong>(ΣΡ.</strong></span> <span class='ocrx_word' id='word_1_830' title='bbox 3375 5258 3621 5327; x_wconf 81' lang='lat' dir='ltr'><strong>apologia</strong></span> <span class='ocrx_word' id='word_1_831' title='bbox 3667 5272 3763 5329; x_wconf 85' lang='lat' dir='ltr'><strong>sua</strong></span> <span class='ocrx_word' id='word_1_832' title='bbox 3807 5254 3873 5309; x_wconf 90' lang='lat' dir='ltr'><strong>ad</strong></span> <span class='ocrx_word' id='word_1_833' title='bbox 3906 5255 4052 5329; x_wconf 86' lang='lat' dir='ltr'><strong>Con-</strong></span> 
     </span>
    </p>
   </div>
   <div class='ocr_carea' id='block_1_118' title="bbox 2481 5327 4053 5400">
    <p class='ocr_par' dir='ltr' id='par_1_118' title="bbox 2481 5327 4053 5400">
     <span class='ocr_line' id='line_1_120' title="bbox 2481 5327 4053 5400; baseline -0.006 -10"><span class='ocrx_word' id='word_1_834' title='bbox 2481 5327 2783 5390; x_wconf 88' lang='lat' dir='ltr'><strong>stantinum</strong></span> <span class='ocrx_word' id='word_1_835' title='bbox 2849 5346 3042 5400; x_wconf 89' lang='lat' dir='ltr'><strong>papam</strong></span> <span class='ocrx_word' id='word_1_836' title='bbox 3089 5345 3208 5384; x_wconf 88' lang='lat' dir='ltr'><strong>eam</strong></span> <span class='ocrx_word' id='word_1_837' title='bbox 3258 5344 3286 5380; x_wconf 89' lang='lat' dir='ltr'><strong>a</strong></span> <span class='ocrx_word' id='word_1_838' title='bbox 3319 5344 3378 5382; x_wconf 88' lang='lat' dir='ltr'><strong>se</strong></span> <span class='ocrx_word' id='word_1_839' title='bbox 3428 5327 4053 5400; x_wconf 87' lang='lat' dir='ltr'><strong>ac_reliquis_episcopis</strong></span> 
     </span>
    </p>
   </div>
   <div class='ocr_carea' id='block_1_119' title="bbox 2483 5397 4055 5465">
    <p class='ocr_par' dir='ltr' id='par_1_119' title="bbox 2483 5397 4055 5465">
     <span class='ocr_line' id='line_1_121' title="bbox 2483 5397 4055 5465; baseline -0.006 -7"><span class='ocrx_word' id='word_1_840' title='bbox 2483 5414 2668 5458; x_wconf 87' lang='lat' dir='ltr'><strong>notam</strong></span> <span class='ocrx_word' id='word_1_841' title='bbox 2704 5397 2934 5465; x_wconf 53' lang='lat' dir='ltr'><strong>eluere;</strong></span> <span class='ocrx_word' id='word_1_842' title='bbox 2971 5415 3100 5454; x_wconf 89' lang='lat' dir='ltr'><strong>usos</strong></span> <span class='ocrx_word' id='word_1_843' title='bbox 3130 5415 3186 5454; x_wconf 89' lang='lat' dir='ltr'><strong>sc</strong></span> <span class='ocrx_word' id='word_1_844' title='bbox 3231 5398 3535 5453; x_wconf 64' lang='lat' dir='ltr'><strong>oeconomia</strong></span> <span class='ocrx_word' id='word_1_845' title='bbox 3568 5397 3887 5459; x_wconf 87' lang='lat' dir='ltr'><strong>ostemlens,</strong></span> <span class='ocrx_word' id='word_1_846' title='bbox 3925 5412 4055 5465; x_wconf 87' lang='lat' dir='ltr'><strong>sup-</strong></span> 
     </span>
    </p>
   </div>
   <div class='ocr_carea' id='block_1_120' title="bbox 2486 5468 4054 5544">
    <p class='ocr_par' dir='ltr' id='par_1_120' title="bbox 2486 5468 4054 5544">
     <span class='ocr_line' id='line_1_122' title="bbox 2486 5468 4054 5544; baseline -0.005 -18"><span class='ocrx_word' id='word_1_847' title='bbox 2486 5488 2783 5544; x_wconf 72' lang='lat' dir='ltr'><strong>pressaque</strong></span> <span class='ocrx_word' id='word_1_848' title='bbox 2816 5472 3031 5544; x_wconf 89' lang='lat' dir='ltr'><strong>unins,_</strong></span> <span class='ocrx_word' id='word_1_849' title='bbox 3062 5485 3125 5523; x_wconf 92' lang='lat' dir='ltr'><strong>ac</strong></span> <span class='ocrx_word' id='word_1_850' title='bbox 3173 5469 3407 5523; x_wconf 80' lang='lat' dir='ltr'><strong>duarum</strong></span> <span class='ocrx_word' id='word_1_851' title='bbox 3455 5483 3584 5544; x_wconf 70' lang='lat' dir='ltr'><strong>voce</strong></span> <span class='ocrx_word' id='word_1_852' title='bbox 3637 5478 3933 5544; x_wconf 71' lang='lat' dir='ltr'><strong>tyrannum</strong></span> <span class='ocrx_word' id='word_1_853' title='bbox 3970 5468 4054 5520; x_wconf 85' lang='lat' dir='ltr'><strong>in-</strong></span> 
     </span>
    </p>
   </div>
   <div class='ocr_carea' id='block_1_121' title="bbox 2487 5537 4056 5610">
    <p class='ocr_par' dir='ltr' id='par_1_121' title="bbox 2487 5537 4056 5610">
     <span class='ocr_line' id='line_1_123' title="bbox 2487 5537 4056 5610; baseline -0.006 -13"><span class='ocrx_word' id='word_1_854' title='bbox 2487 5537 2738 5610; x_wconf 56' lang='lat' dir='ltr'><strong>duxisse,</strong></span> <span class='ocrx_word' id='word_1_855' title='bbox 2799 5553 2855 5596; x_wconf 87' lang='lat' dir='ltr'><strong>ut</strong></span> <span class='ocrx_word' id='word_1_856' title='bbox 2911 5553 2964 5593; x_wconf 74' lang='lat' dir='ltr'><strong>rt</strong></span> <span class='ocrx_word' id='word_1_857' title='bbox 3024 5541 3139 5610; x_wconf 83' lang='lat' dir='ltr'><strong>ipse</strong></span> <span class='ocrx_word' id='word_1_858' title='bbox 3200 5537 3621 5610; x_wconf 10' lang='lat' dir='ltr'><strong>veramilidemi</strong></span> <span class='ocrx_word' id='word_1_859' title='bbox 3662 5537 4056 5598; x_wconf 81' lang='lat' dir='ltr'><strong>conﬁteretur;</strong></span> 
     </span>
    </p>
   </div>
   <div class='ocr_carea' id='block_1_122' title="bbox 2485 5609 4057 5684">
    <p class='ocr_par' dir='ltr' id='par_1_122' title="bbox 2485 5609 4057 5684">
     <span class='ocr_line' id='line_1_124' title="bbox 2485 5609 4057 5684; baseline -0.005 -16"><span class='ocrx_word' id='word_1_860' title='bbox 2485 5609 2787 5684; x_wconf 65' lang='lat' dir='ltr'><strong>pei&#39;l&#39;eetum</strong></span> <span class='ocrx_word' id='word_1_861' title='bbox 2815 5609 3068 5665; x_wconf 87' lang='lat' dir='ltr'><strong>nimirum</strong></span> <span class='ocrx_word' id='word_1_862' title='bbox 3099 5609 3378 5684; x_wconf 71' lang='lat' dir='ltr'><strong>Christum</strong></span> <span class='ocrx_word' id='word_1_863' title='bbox 3412 5609 3468 5662; x_wconf 91' lang='lat' dir='ltr'><strong>in</strong></span> <span class='ocrx_word' id='word_1_864' title='bbox 3515 5609 3703 5684; x_wconf 73' lang='lat' dir='ltr'><strong>divina</strong></span> <span class='ocrx_word' id='word_1_865' title='bbox 3729 5617 3782 5662; x_wconf 89' lang='lat' dir='ltr'><strong>et</strong></span> <span class='ocrx_word' id='word_1_866' title='bbox 3818 5610 4057 5662; x_wconf 78' lang='lat' dir='ltr'><strong>humana</strong></span> 
     </span>
    </p>
   </div>
   <div class='ocr_carea' id='block_1_123' title="bbox 2486 5679 4051 5749">
    <p class='ocr_par' dir='ltr' id='par_1_123' title="bbox 2486 5679 4051 5749">
     <span class='ocr_line' id='line_1_125' title="bbox 2486 5679 4051 5749; baseline -0.007 -10"><span class='ocrx_word' id='word_1_867' title='bbox 2486 5679 2702 5740; x_wconf 75' lang='lat' dir='ltr'><strong>natura.</strong></span> <span class='ocrx_word' id='word_1_868' title='bbox 2743 5681 2923 5736; x_wconf 68' lang='lat' dir='ltr'><strong>Vidcri</strong></span> <span class='ocrx_word' id='word_1_869' title='bbox 2965 5689 3142 5749; x_wconf 81' lang='lat' dir='ltr'><strong>potest</strong></span> <span class='ocrx_word' id='word_1_870' title='bbox 3197 5680 3521 5746; x_wconf 68' lang='lat' dir='ltr'><strong>praeclarum</strong></span> <span class='ocrx_word' id='word_1_871' title='bbox 3569 5679 3668 5730; x_wconf 76' lang='lat' dir='ltr'><strong>hoc</strong></span> <span class='ocrx_word' id='word_1_872' title='bbox 3734 5693 4051 5749; x_wconf 61' lang='lat' dir='ltr'><strong>nionunteth</strong></span> 
     </span>
    </p>
   </div>
   <div class='ocr_carea' id='block_1_124' title="bbox 2488 5745 4057 5816">
    <p class='ocr_par' dir='ltr' id='par_1_124' title="bbox 2488 5745 4057 5816">
     <span class='ocr_line' id='line_1_126' title="bbox 2488 5745 4057 5816; baseline -0.006 -8"><span class='ocrx_word' id='word_1_873' title='bbox 2488 5767 2625 5816; x_wconf 83' lang='lat' dir='ltr'><strong>tum,</strong></span> <span class='ocrx_word' id='word_1_874' title='bbox 2669 5771 2697 5804; x_wconf 90' lang='lat' dir='ltr'><strong>a</strong></span> <span class='ocrx_word' id='word_1_875' title='bbox 2752 5754 2908 5806; x_wconf 73' lang='lat' dir='ltr'><strong>nobis</strong></span> <span class='ocrx_word' id='word_1_876' title='bbox 2958 5745 2992 5804; x_wconf 60' lang='grc' dir='ltr'><em>ὲ</em></span> <span class='ocrx_word' id='word_1_877' title='bbox 3021 5753 3240 5803; x_wconf 57' lang='grc' dir='ltr'>,ιιιιτιαη</span> <span class='ocrx_word' id='word_1_878' title='bbox 3279 5759 3317 5800; x_wconf 86' lang='grc' dir='ltr'>ι.</span> <span class='ocrx_word' id='word_1_879' title='bbox 3361 5769 3386 5800; x_wconf 69' lang='grc' dir='ltr'>ις</span> <span class='ocrx_word' id='word_1_880' title='bbox 3422 5749 3632 5801; x_wconf 75' lang='lat' dir='ltr'><strong>&#39;l&#39;iliano</strong></span> <span class='ocrx_word' id='word_1_881' title='bbox 3685 5750 3808 5802; x_wconf 87' lang='lat' dir='ltr'><strong>cod.</strong></span> <span class='ocrx_word' id='word_1_882' title='bbox 3859 5745 4057 5816; x_wconf 85' lang='lat' dir='ltr'><strong>produ-</strong></span> 
     </span>
    </p>
   </div>
   <div class='ocr_carea' id='block_1_125' title="bbox 2488 5819 3878 5891">
    <p class='ocr_par' dir='ltr' id='par_1_125' title="bbox 2488 5819 3878 5891">
     <span class='ocr_line' id='line_1_127' title="bbox 2488 5819 3878 5891; baseline -0.004 -12"><span class='ocrx_word' id='word_1_883' title='bbox 2488 5838 2657 5880; x_wconf 66' lang='lat' dir='ltr'><strong>ctum,</strong></span> <span class='ocrx_word' id='word_1_884' title='bbox 2693 5823 2827 5878; x_wconf 80' lang='lat' dir='ltr'><strong>nihil</strong></span> <span class='ocrx_word' id='word_1_885' title='bbox 2857 5839 2985 5878; x_wconf 72' lang='lat' dir='ltr'><strong>sane</strong></span> <span class='ocrx_word' id='word_1_886' title='bbox 3023 5823 3145 5891; x_wconf 53' lang='grc' dir='ltr'>ττςίθι</span> <span class='ocrx_word' id='word_1_887' title='bbox 3178 5820 3386 5882; x_wconf 73' lang='grc' dir='ltr'>νοθείας</span> <span class='ocrx_word' id='word_1_888' title='bbox 3426 5830 3757 5890; x_wconf 69' lang='lat' dir='ltr'><strong>suspectum.</strong></span> <span class='ocrx_word' id='word_1_889' title='bbox 3805 5819 3878 5874; x_wconf 75' lang='lat' dir='ltr'><strong>Iv.</strong></span> 
     </span>
    </p>
   </div>
  </div>
