4444 6442
444 452 547 521 761

1725 447 2082 509 CHRONOG
2096 449 2398 510 RAPHIA.

3598 446 3706 513 762

444 565 705 627 οανάτους
742 563 931 616 ἐποίει.
972 563 1199 626 ’Ἄλλους
1249 562 1304 615 δὲ
1353 562 1487 632 πρὸς
1530 559 1936 631 ἀριστόδειπνον
1974 560 2020 592 ⁵ο
2052 567 2095 621 Α
2127 577 2189 616 su

1974 560 2020 592 ⁵ο
2052 567 2095 621 Α
2127 560 2364 616 sutl‘ecit.
2433 557 2505 614 Ex
2564 560 2766 616 civium
2834 562 3062 630 posthac
3110 559 3455 631 militumque
3509 559 3704 616 ordine

446 656 790 727 κ),ητορει5ων
820 658 916 721 (Ι).
946 656 1061 723 ἅμα
1088 655 1163 725 τῷ
1192 655 1513 723 ἀναστῆναι,
1561 652 1655 715 οὒς
1701 652 1798 721 μὲν
1829 652 2023 720 ἐφούρ-

447 751 619 814 κιζεν,
669 748 761 811 οὓς
817 749 872 801 δὲ
912 749 1240 815 ἀπέτεμνεν.
1288 744 1599 798 Κάντεῦθεν
1654 743 1830 813 μέγας
1862 742 2027 811 φόϐος

448 844 659 911 συνεῖχε
690 840 923 903 πάντας.
975 837 1289 892 Ἀπέστειλε
1321 837 1377 890 δὲ
1414 835 1602 890 στόλον
1638 834 1776 903 πρὸς
1803 834 1863 887 τὸ
1894 836 2026 901 άγα·

446 936 564 1002 γεῐν
612 936 675 987 ἐκ
718 932 1000 1001 Χαζαρίας
1037 932 1136 1003 τὴν
1170 930 1366 985 ἑαυτοῦ
1416 932 1673 998 γυναῖκα,
1722 928 1815 982 καὶ
1856 927 2025 983 πολλὰ

449 1026 632 1095 σκάφη
665 1024 1027 1094 ἐϐυθίσοησαν
1051 1025 1093 1055 ⁸¹
1136 1023 1414 1094 σύμψυχα.
1464 1020 1729 1083 Ἀκούσας
1758 1020 1816 1073 δὲ
1845 1022 1872 1073 ὀ
1914 1020 2028 1074 Χα-

447 1116 612 1182 γάνος
658 1116 808 1185 δηλοί
838 1114 1007 1184 αὐτῷ’
1049 1111 1120 1166 Ὦ
1150 1114 1366 1185 ἀνόητε,
1397 1112 1496 1167 οὐκ
1525 1113 1631 1166 ἔδει
1658 1128 1718 1164 σε
1747 1111 1833 1165 δια
1862 1112 1956 1165 δύο
1985 1111 2018 1182 ἢ

446 1206 613 1278 τριῶν
639 1207 866 1276 σκαφῶν
892 1208 1078 1261 λαϐεῖν
1111 1224 1204 1260 σου
1232 1207 1330 1274 τὴν
1360 1208 1615 1274 γυναῖκα,
1650 1203 1746 1257 καὶ
1790 1203 1864 1274 μὴ
1890 1205 2028 1257 ἁπο-

448 1301 658 1354 κτεῖναι
706 1298 960 1352 τοσοῦτον
1004 1298 1248 1369 πλῆθος;
1303 1298 1335 1369 ἢ
1369 1298 1545 1360 δοκεῖς
1574 1297 1667 1351 καὶ
1692 1296 1897 1366 ταύτην
1931 1312 2027 1348 πο-

448 1389 600 1458 λέμῳ
652 1388 986 1459 λαμϐάνειν;
1041 1388 1149 1442 ἰδοὺ
1206 1387 1401 1458 ἐτέχθη
1452 1404 1533 1439 σοι
1574 1388 1668 1439 καὶ
1717 1386 1868 1450 υίὸς,
1930 1383 2026 1438 καὶ

450 1478 790 1543 ἀπόστειλον,
822 1479 955 1533 λάϐε
1003 1478 1220 1540 αὐτούς.
1265 1478 1323 1531 '0
1364 1477 1421 1530 δὲ
1451 1475 1779 1539 ἀποστείλας
1827 1473 2028 1544 Θεοφύ-

449 1570 645 1625 λακτον
684 1570 1131 1632 κουϐικουλάριον
1182 1567 1341 1621 ἔλαϐε
1382 1568 1428 1598 ³³
1460 1565 1557 1635 τὴν
1601 1564 1884 1635 Θεοδώραν
1933 1564 2028 1617 καὶ

450 1660 701 1732 Τιϐέριον
746 1662 838 1715 τὸν
870 1663 984 1714 υἱὸν
1014 1661 1202 1729 αὐτῆς,
1252 1661 1346 1711 καὶ
1376 1657 1602 1721 ἔστεψεν
1645 1654 1844 1719 αὐτούς
1866 1670 1880 1685 ·
1933 1655 2030 1708 καὶ

451 1754 910 1806 συνεϐασίλευσαν
935 1755 981 1786 ⁵³
1012 1752 1181 1822 αὐτῷ.

2136 669 2425 707 numerum
2492 652 2887 724 propemodum
2932 652 3205 707 inllnitum
3270 651 3449 723 coegit
3500 652 3705 721 perire,

2134 746 2402 815 plurimos
2462 760 2684 817 quoque
2748 744 2925 800 saccis
2986 744 3230 799 inclusos
3285 759 3470 798 amara
3527 751 3707 798 morte

2135 835 2431 899 interemit,
2506 835 2800 891 nonnullos
2850 835 3017 891 etiam
3076 834 3143 889 ad
3190 836 3405 905 prandii
3464 849 3707 890 cmnzeve

2133 929 2354 998 epulum
2409 928 2691 992 invitatos,
2738 930 2783 984 si
2826 931 3048 1000 quando
3103 939 3392 998 surgerent
3430 943 3460 983 e
3491 944 3703 992 mensa,

2134 1020 2236 1074 hos
2265 1019 2432 1091 314
2460 1020 2741 1090 patibulo,
2770 1022 2908 1078 alios
2949 1023 3128 1092 gladio
3158 1022 3474 1077 damnabat.
3511 1020 3587 1075 Ex
3618 1021 3707 1076 bis

2133 1111 2331 1167 horror
2419 1123 2710 1184 metusque
2784 1124 3105 1168 cunctorum
3189 1115 3403 1169 animos
3476 1113 3704 1168 invasit.

2131 1203 2378 1259 Classem
2422 1218 2585 1273 porro
2614 1220 2738 1275 quae
2762 1219 2791 1260 e
2816 1204 3081 1260 Cbazaria
3113 1205 3403 1274 conjugem
3463 1203 3705 1260 devehe-

2131 1304 2235 1360 ret,
2288 1295 2462 1360 misit,
2510 1298 2666 1367 cujus
2709 1298 2922 1368 navigia
2967 1314 3130 1368 quam
3162 1298 3394 1368 plurima
3439 1314 3546 1352 una
3581 1312 3707 1353 eum

2126 1386 2216 1451 iis,
2263 1388 2354 1455 qui
2387 1389 2842 1465 conscenderant,
2888 1389 3205 1445 hominibus
3251 1391 3532 1446 submersa
3557 1399 3705 1445 sunt.

2131 1476 2228 1534 His
2295 1478 2589 1549 Cbaganus
2643 1492 2848 1545 motus,
2917 1484 3187 1553 signiﬁcat
3224 1501 3237 1537 :
3274 1482 3462 1545 Fatue,
3529 1498 3710 1537 nonne

2134 1571 2347 1627 duabus
2373 1574 2457 1627 vel
2494 1573 2679 1629 tribus'
2700 1575 2933 1630 navibus
2961 1577 3246 1647 eoujugem
3281 1585 3429 1631 tuam
3460 1583 3710 1644 repetere

2137 1663 2401 1729 oportuit,
2474 1671 2750 1733 tantaeque
2804 1665 3172 1720 multitudinis
3236 1666 3361 1720 vitze
3417 1679 3640 1734 parcere
3688 1664 3713 1717 ’ἓ

2134 1751 2272 1806 Num
2299 1770 2417 1808 eam
2450 1754 2590 1807 bello
2612 1756 2854 1824 recipere
2881 1758 3113 1826 parabas
3137 1757 3160 1809 ί
3183 1755 3334 1818 Vide,
3367 1756 3530 1810 etiam
3566 1754 3712 1811 illius

453 1855 615 1900 natus
648 1857 732 1903 est
775 1847 890 1911 tibi,
938 1848 1095 1922 mitte
1130 1858 1261 1913 ergo
1301 1840 1391 1911 qui
1423 1855 1518 1894 eos
1551 1840 1616 1893 ad
1652 1848 1703 1894 te
1760 1839 2057 1895 adducant.
2096 1842 2188 1898 Ille
2246 1847 2418 1900 misso
2503 1844 2912 1916 Theophylacto
2960 1847 3301 1902 cubiculario
3363 1846 3711 1900 Theodoram

450 1936 735 2009 roujugvm
766 1942 987 2009 recepit,
1028 1950 1078 1994 ot
1109 1940 1226 2008 ejus
1261 1940 1429 1993 lilium
1461 1935 1764 2008 Tiberium,
1803 1952 2096 2012 utrumque
2167 1958 2297 1998 vero
2360 1945 2572 2015 imperii
2619 1960 2822 2000 corona
2892 1945 3128 2010 ornavit,
3199 1958 3418 2015 unaque
3467 1959 3592 1996 cum
3639 1957 3705 1995 eo

452 2028 661 2099 imperii
698 2031 963 2100 dignitate
999 2034 1150 2100 potiti
1191 2043 1339 2088 sunt.

517 2126 582 2181 A.
606 2125 678 2179 Μ.
716 2126 872 2182 6199.
902 2156 971 2165 -
1000 2127 1188 2199 Τούτῳ
1216 2130 1293 2200 τῷ
1326 2130 1434 2185 ἔτει
1464 2132 1660 2185 Οὐαλὶδ
1708 2131 1957 2202 ἥρπασεν
1982 2129 2026 2160 ⁸⁸
2054 2130 2101 2189 Β
2202 2126 2268 2180 Α·

1982 2129 2026 2160 ⁸³
2054 2130 2101 2189 Β
2202 2126 2268 2180 Α.
2309 2124 2371 2179 C.
2406 2125 2531 2180 699.
2560 2124 2763 2178 —Hoc
2798 2139 2943 2178 anno
2987 2122 3167 2185 Valid,
3205 2137 3311 2191 qua
3350 2121 3625 2176 ferebatur
3659 2120 3712 2178 in

447 2218 547 2289 τὴν
576 2217 869 2289 καθολικὴν
905 2220 1196 2289 Δαμασκοῦ
1229 2222 1305 2293 (9.)
1363 2225 1675 2295 άγιωτάτην
1730 2222 2027 2294 ἐκκλησίαν

449 2312 629 2382 φθόνῳ
668 2312 802 2379 πρὸς
828 2312 954 2374 τοὺς
986 2313 1352 2382 Χριστιανοὺς
1381 2318 1409 2369 ὁ
1437 2316 1718 2388 ἁλιτήριος
1765 2316 1810 2350 ⁸⁸
1834 2316 1922 2369 διὰ
1968 2315 2029 2368 τὸ

449 2403 790 2476 ὑπερϐάλλον
820 2404 1013 2469 κάλλος
1046 2404 1138 2457 τοῦ
1176 2406 1424 2461 τοιούτου
1461 2409 1591 2462 ναοῦ
1611 2425 1628 2443 ο
1664 2409 1757 2464 καὶ
1790 2408 2027 2461 ἐκώλυσε

446 2496 756 2567 γράφεσθαι
804 2496 1108 2567 Ἑλληνιστὶ
1137 2499 1264 2562 τοὺς
1314 2501 1609 2570 δημοσίους
1666 2500 1774 2554 τῶν
1811 2499 2028 2569 λογοοε-

451 2587 579 2639 σίων
612 2588 872 2652 κὼδικας,
903 2588 1017 2640 ἀλλ’
1066 2590 1340 2659 Ἀραϐίοις
1378 2592 1425 2623 ⁸⁸
1474 2593 1615 2646 αὐτὰ
1672 2593 2032 2664 παρασημαί-

450 2679 656 2745 νεσθαι,
683 2680 852 2753 χωρὶς
876 2681 984 2734 τῶν
1006 2682 1221 2751 ψήφων,
1260 2684 1450 2753 ἐπειδὴ
1509 2684 1770 2738 ἀδύνατον
1797 2687 1863 2755 τῇ
1896 2685 2033 2737 ὲκεί-

447 2787 554 2824 νων
583 2771 805 2843 γλώσσῃ
840 2774 915 2841 (5)
952 2774 1157 2842 μονάδα
1209 2776 1242 2844 ἢ
1292 2776 1457 2830 δυάδα
1509 2778 1541 2848 ἢ
1574 2777 1761 2847 τριάδα
1802 2778 1835 2847 ἢ
1890 2776 2031 2831 ὀκτὼ

447 2864 617 2933 ἥμισυ
664 2864 697 2934 ἢ
749 2865 879 2936 τρία
906 2866 1213 2936 γράφεσθαι
1236 2883 1251 2897 ·
1287 2867 1367 2920 διὸ
1396 2869 1490 2921 καὶ
1538 2869 1643 2933 ἕως
1682 2871 1924 2941 σήμερὸν
1956 2872 2031 2923 εἰ·

452 2973 537 3010 σιν
566 2957 609 2987 ⁸⁷
648 2956 744 3009 σὺν
770 2957 955 3020 αὐτοῖς
995 2958 1234 3030 νοτάριοι
1268 2961 1608 3030 Χριστιανοί.

524 3140 585 3190 Λ.
624 3136 690 3191 Μ.
729 3138 889 3191 6ἒο0.
918 3164 984 3175 --
1009 3136 1199 3207 Τούτῳ
1229 3137 1307 3208 τῷ
1356 3138 1487 3191 ἔτει·
1513 3138 1888 3202 Ἰουστινιανὸς
1934 3139 2032 3209 τὴν

452 3228 761 3295 ἀναμεταξῦ
816 3230 890 3299 (4)
943 3229 1232 3299 Ῥωμαίων
1292 3232 1385 3283 καὶ
1438 3232 1762 3300 Βουλγάρων
1810 3233 2033 3303 εἰρήνην

452 3323 788 3393 διέστρεφεν,
813 3324 906 3376 καὶ
944 3325 1189 3394 περάσας
1210 3325 1276 3377 τά
1302 3325 1676 3396 καϐαλλαρικά
1719 3327 1930 3396 Θέμι-τα
1956 3327 2034 3388 είς

452 3413 552 3481 τὴν
587 3413 830 3484 θρᾴκην,
864 3414 961 3468 καὶ
995 3415 1283 3479 ὲξοπλίσας
1310 3417 1354 3447 ⁵⁸
1391 3415 1635 3485 πλώϊμον
1668 3417 1808 3470 κατὰ
1862 3416 2029 3470 Βουλ-

452 3496 644 3573 γάιρων
697 3504 789 3557 καὶ
824 3504 1067 3576 Τερϐέλη
1098 3504 1381 3575 ὥρμησεν.
1443 3506 1786 3559 Καταλαϐὼν
1828 3505 1884 3557 δὲ
1930 3506 2028 3577 τὴν

468 3598 750 3666 Ἀγχίαλον
782 3598 842 3651 τὸ
880 3599 976 3666 μὲν
1022 3598 1269 3667 πλώϊμον
1296 3598 1611 3668 ἔμπροσθεν
1640 3599 1732 3651 τοῦ
1788 3601 2027 3665 κάστρου

458 3687 868 3759 προσώρμισεν,
903 3690 968 3741 τὰ
1002 3689 1057 3742 δὲ
1089 3689 1471 3759 καϐαλ).αρικά
1517 3691 1597 3751 εἰς
1648 3690 1776 3752 τοὺς
1822 3690 2028 3744 ἄνωθεν

458 3781 711 3848 κάμπους
743 3781 1224 3852 άπαραφυλάκτως
1254 3783 1348 3836 καὶ
1396 3783 1577 3851 πάσης
1610 3782 1844 3850 ὑποψίας
1875 3781 2030 3844 ἐκτὸς

456 3871 790 3925 ἀπλικεῦσαι
821 3872 1175 3943 προσέταξεν.
1202 3872 1307 3926 Τοῦ
1339 3872 1396 3926 δὲ
1429 3871 1560 3926 λαοῦ
1599 3870 2029 3940 σκορπισθέντος

458 3965 533 4030 ὡς
564 3966 812 4038 πρόϐατα
843 3967 937 4019 ἐπὶ
966 3967 1009 3999 ’⁸
1039 3966 1166 4030 τοὺς
1218 3967 1474 4036 κάμπους
1505 3965 1642 4035 πρὸς
1690 3965 1750 4018 τὸ
1783 3964 2030 4029 συλλέξαι

459 4056 673 4125 χόρτον.
708 4051 846 4109 εἶδον
881 4056 924 4087 ⁶⁰
962 4058 1027 4110 ὲκ
1056 4057 1164 4107 τῶν
1199 4058 1371 4127 ὀρέων
1421 4056 1473 4109 οἱ
1527 4056 1864 4110 κατάσκοποι
1923 4055 2032 4108 τῶν

461 4146 788 4216 Βουλγάρων
822 4149 921 4219 τὴν
974 4149 1084 4201 τῶν
1130 4149 1419 4219 Ῥῳμαίων
1461 4148 1698 4218 ματαίαν
1726 4148 1992 4217 διοίκησιν
2016 4164 2029 4179 ·

463 4238 558 4289 καὶ
587 4237 954 4307 σωρευθέντες
981 4238 1052 4300 ὡς
1084 4237 1249 4307 ὒῆρες
1275 4238 1507 4301 ἐξάπινα
1531 4236 1920 4307 ἐπιῤῥίψαντες
1946 4253 2038 4306 με·

460 4327 641 4396 γάλως
670 4328 985 4399 διέφθειραν
1030 4330 1090 4383 τὸ
1151 4328 1462 4399 Ῥωμαϊκὸν
1511 4328 1783 4399 ποίμνιον,
1839 4328 2037 4400 πολλὴν

462 4419 842 4489 αίχμαλωσίαν
871 4438 931 4474 τε
972 4421 1066 4473 καὶ
1093 4421 1292 4485 ἵππους
1350 4420 1446 4474 καὶ
1482 4421 1707 4492 ἅρματα
1758 4420 1881 4491 δίχα
1930 4423 2038 4476 τῶν

2131 2219 2477 2275 Christianos
2526 2218 2756 2283 invidia,
2787 2218 3062 2288 publicam
3115 2224 3169 2271 et
3199 2230 3544 2270 communem
3591 2230 3717 2269 san-

2132 2310 2438 2366 ctissimam
2488 2307 2741 2364 Damasci
2790 2308 3109 2371 ecclesiam,
3162 2307 3233 2362 ob
3279 2302 3609 2377 apparatum
3662 2313 3718 2361 et

2133 2403 2285 2456 illius
2315 2402 2446 2456 aedis
2488 2388 2937 2471 amplitudinem,
2972 2401 3307 2457 Christianis
3343 2400 3566 2470 eripuit.
3602 2399 3715 2454 Pu-

2132 2496 2308 2552 blicos
2337 2496 2502 2550 etiam
2547 2495 2981 2565 logotbesiorum
3013 2494 3129 2550 sive
3161 2494 3365 2564 publici
3404 2493 3584 2549 aerarii
3618 2507 3717 2548 co-

2132 2590 2282 2645 dices
2330 2589 2517 2645 Graece
2555 2589 2793 2645 describi
2855 2588 3049 2651 vetuit,
3094 2587 3186 2643 sed
3227 2588 3465 2643 Arabice
3498 2586 3715 2642 exarari

2128 2684 2314 2753 jussit,
2355 2683 2602 2753 exceptis
2628 2682 2894 2746 numeris,
2932 2681 3374 2753 quandoquidem
3428 2680 3714 2745 unitatem,

2133 2778 2217 2830 vel
2253 2776 2549 2840 binarium,
2582 2783 2677 2828 aut
2721 2774 3051 2839 ternarium,
3088 2775 3170 2829 vel
3202 2782 3327 2829 octo
3358 2789 3483 2829 cum
3529 2772 3713 2827 medio

2134 2873 2507 2927 ternariumve
2546 2887 2608 2927 ea
2656 2872 2841 2941 lingua
2887 2869 3128 2925 describi
3163 2884 3269 2923 non
3303 2868 3377 2924 sit
3418 2865 3715 2938 possibile:

2134 2967 2488 3036 quamobrem
2520 2965 2718 3020 notarii
2753 2963 3052 3020 Christiani
3087 2977 3264 3033 usque
3298 2961 3355 3016 in
3388 2965 3535 3015 hunc
3574 2958 3717 3014 diem

2135 3054 2277 3125 apud
2312 3069 2409 3109 eos
2437 3061 2844 3108 remanserunt.

2205 3148 2270 3201 A.
2307 3145 2371 3201 C.
2401 3145 2521 3199 700.
2558 3144 2762 3199 —Hoc
2789 3160 2935 3200 anno
2978 3142 3329 3199 Justinianus
3372 3158 3559 3213 pacem
3609 3141 3720 3197 llo-

2136 3253 2329 3292 manos
2383 3237 2527 3291 inter
2571 3244 2625 3292 et
2678 3235 2945 3306 Bulgaros
2989 3235 3353 3305 compositam
3389 3231 3637 3295 violavit,
3668 3240 3724 3286 ct

2136 3331 2380 3399 equitum
2431 3329 2737 3399 legionibus
2784 3329 2840 3383 in
2894 3327 3185 3382 Thraciam
3236 3314 3475 3379 transire
3524 3321 3720 3394 jussis,

2137 3424 2302 3478 etiam
2335 3423 2570 3478 classem
2603 3421 2869 3477 adversus
2916 3419 3182 3489 Bulgaros
3234 3417 3517 3480 instruxit,
3554 3423 3607 3469 et
3666 3415 3721 3469 in

2135 3514 2419 3571 Terbclem
2461 3514 2678 3584 irrupit.
2721 3511 3049 3567 Anchialum
3085 3525 3216 3564 vero
3246 3507 3545 3579 profectus,
3575 3508 3720 3561 clas-

2135 3623 2248 3665 sem
2287 3606 2506 3676 quidem
2556 3604 2625 3660 ad
2674 3605 2868 3659 urbem
2929 3604 3215 3674 applicuit,
3261 3609 3545 3670 equestres
3591 3615 3721 3653 vero

2136 3700 2325 3769 copias
2374 3698 2440 3753 ad
2480 3713 2704 3767 campos
2735 3698 2855 3752 urbi
2892 3696 3262 3760 imminentes,
3286 3695 3435 3749 omni
3471 3690 3721 3747 custodia

2139 3799 2373 3853 remota,
2404 3800 2456 3844 et
2478 3789 2615 3844 citra
2648 3789 2877 3858 periculi
2907 3789 3279 3857 suspicionem
3313 3793 3495 3841 castra
3525 3783 3719 3838 metari

2132 3883 2411 3952 praecepit.
2468 3879 2726 3935 Exercitu
2798 3881 2980 3949 itaque
3040 3877 3311 3949 pecudum
3381 3875 3560 3930 instar
3621 3886 3721 3942 per

2134 3985 2355 4040 campos
2394 3977 2616 4025 errante
2647 3976 2700 4023 et
2729 3968 2797 4023 ad
2844 3969 3041 4039 pabula
3070 3968 3227 4038 equis
3260 3962 3570 4036 colligenda
3600 3961 3720 4018 dis-

2135 4078 2319 4133 perso,
2350 4079 2381 4118 e
2410 4063 2681 4116 montium
2718 4062 3054 4116 culminibus
3089 4062 3306 4115 inanem
3348 4065 3403 4113 et
3430 4059 3600 4113 levem
3638 4055 3717 4109 rei
3782 4102 3785 4103 ν

2143 4154 2403 4208 militaris
2441 4154 2583 4225 apud
2632 4153 2910 4208 Romanos
2968 4154 3315 4223 disciplinam
3359 4151 3722 4221 Bulgarorum

2144 4248 2523 4316 exploratores
2563 4246 2892 4318 conspicati,
2936 4246 3038 4315 ipsi
3078 4246 3317 4299 ferarum
3364 4242 3525 4313 315
3574 4255 3725 4295 more

2148 4338 2203 4392 in
2254 4354 2447 4409 agmen
2502 4355 2670 4393 unum
2721 4338 2958 4401 collecti,
2997 4336 3301 4392 Romanum
3351 4349 3567 4406 gregem
3616 4347 3727 4386 uno

2145 4434 2353 4502 impetu
2408 4433 2764 4504 disiecerunt,
2814 4438 2868 4486 et
2912 4430 3251 4501 captivorum
3319 4423 3726 4482 multitudinem

1764 4551 2001 4611 VARIAE
2030 4555 2439 4616 LECTIONES.

528 4672 575 4748 ξ’
594 4670 815 4748 dupla-.02:
832 4669 1044 4748 δείπνου
1058 4669 1122 4722 Α.
1253 4668 1613 4748 ἐϐυθίσθησαν
1639 4671 1895 4748 σύμψυχα
1915 4674 1958 4725 Α
1981 4673 2021 4748 ί,
2041 4674 2436 4748 ὲποντίσθησαν
2456 4678 2517 4731 σύ
2528 4678 2714 4748 μῲυχα
2734 4678 2901 4748 vulg._
2948 4676 2993 4707 "
3018 4674 3200 4748 ἔλαϐε]
3217 4673 3487 4748 ήξαγε-Α.
3535 4673 3580 4748 ’ξ
3596 4689 3732 4748 Δσυν-

466 4741 818 4795 εϐασίλευσεν
842 4741 1026 4802 αὐτοῖς
1050 4755 1100 4792 a.
1177 4740 1223 4770 “
1258 4739 1509 4809 ἥρπασεν
1535 4741 1598 4801 Α,

466 4813 582 4873 ϐοις
625 4812 689 4870 Δ.
746 4810 873 4864 fort.
916 4808 1213 4879 ’Apaﬁts't}.

1635 4742 1893 4819 ἁρπάσας
1925 4745 2072 4819 vulg.
2151 4748 2194 4780 ⁸⁸
2223 4742 2502 4819 ἁλιτήριος
2528 4742 2605 4814 Ἀ,
2635 4742 2798 4819 ἆλητ.
2818 4742 2961 4819 vulg.

1335 4811 1379 4841 ⁸⁷
1412 4812 1651 4889 σήμερον
1680 4811 1918 4889 εἰσιν-Α,
1957 4811 2196 4889 σήμερον
2237 4811 2562 4889 εἶναι’νυιε.

3040 4746 3085 4777 ⁸⁸
3116 4742 3415 4815 Ἄραϐίοις]
3473 4746 3532 4795 ὲν
3562 4742 3731 4815 ’Δρά-

2670 4814 3041 4883 η’ὲξοπλίσας
3099 4814 3191 4880 Α,
3233 4815 3533 4879 ὲξὼπλισεν
3566 4814 3721 4884 vulg.

467 4882 515 4915 "
538 4880 632 4935 ἐπὶ
663 4880 730 4948 Α,
756 4882 835 4945 εἰς
859 4875 1002 4951 vulg}
1075 4881 1120 4912 '°
1144 4875 1284 4933 εἶδον
1314 4881 1389 4932 ὲκ·
1417 4875 1653 4944 Αζεῖδον
1680 4883 1874 4946 αὐτοὺς
1902 4875 1968 4937 ὲκ
1993 4875 2141 4956 ὗίιιέ.

1771 5024 1913 5082 JAC.
1938 5025 2162 5095 coam
2197 5023 2433 5081 Noua.

541 5138 620 5208 (1)
657 5139 746 5192 Ἐν
772 5138 975 5208 δείπνῳ
1011 5137 1320 5206 συγκαλῶν,
1344 5139 1509 5194 idem.

540 5186 619 5279 iis
654 5186 969 5281 fassura"
1002 5186 1678 5281 atir'quoflkhiiééhicndi
1744 5214 2040 5281 promiscui
2075 5186 2118 5241 ί)

472 5279 801 5350 sexusviris
840 5293 903 5333 ac
954 5280 1280 5347 mulieribus
1347 5289 1592 5350 potestas
1646 5279 1755 5341 est,
1810 5286 2045 5339 maxime

512 5350 617 5405 uod
650 5348 703 5402 in
734 5350 1049 5403 civitatibus
1080 5348 1401 5418 primarium
1437 5360 1545 5415 est,
1576 5363 1631 5407 et
1664 5354 1933 5408 antistitis
1960 5370 2043 5407 se-

470 5365 591 5474 ges.
624 5417 892 5474 Catholici
924 5436 1124 5474 nomen
1156 5422 1461 5474 obtinuisse
1492 5438 1557 5474 ex
1591 5422 1916 5474 Balsamone
1950 5424 2043 5474 dc-

509 5435 591 5479 es,
624 5417 892 5474 Catholici
924 5417 1124 5474 nomen
1156 5422 1461 5477 obtinuisse
1492 5438 1557 5475 ex
1591 5422 1916 5480 Balsamoue
1950 5424 2044 5478 dc-

472 5490 805 5560 claravimus
837 5492 890 5543 in
929 5490 1327 5560 Eucliolngicis.

509 5603 512 5606 .
545 5560 621 5683 $5)
647 5559 784 5613 Hinc
806 5575 1161 5616 numerorum
1186 5576 1345 5616 uetas
1373 5570 1428 5615 et
1457 5563 1823 5627 characteres,
1847 5566 2036 5633 cifras.

512 5647 542 5683 υ
570 5646 636 5683 20
672 5629 868 5683 dictos.
924 5633 1214 5683 Arabicum
1268 5635 1574 5683 inventum.
1630 5645 1725 5683 aut
1784 5637 2036 5683 Arabico:

472 5629 636 5698 vulgo
672 5629 868 5695 dictos,
924 5633 1214 5686 Arahicum
1268 5635 1574 5699 inventum,
1630 5645 1725 5689 aut
1784 5629 2042 5689 Arabico;

475 5701 623 5756 nulla
663 5701 876 5774 ratione
911 5703 1220 5774 vocandos,
1256 5703 1348 5771 qui
1412 5703 1525 5759 haec
1575 5705 1784 5774 legerit,
1827 5722 2039 5760 mecum

474 5770 795 5846 contendet.
813 5771 1024 5846 Etenim
1051 5772 1096 5827 si
1125 5770 1365 5846 Arabum
1382 5773 1597 5846 lingua,
1621 5770 1671 5829 id
1703 5784 1810 5841 est,
1843 5776 2042 5846 lingua:

476 5841 887 5896 cbaracteribus
935 5843 1134 5904 unitas,
1217 5841 1497 5910 binarius,
1554 5850 1845 5909 tertiarius,
1906 5841 2037 5910 etc.,

479 5911 642 5967 scribi
666 5920 941 5982 nequeant
973 5931 983 5965 :
1018 5914 1110 5984 qui
1145 5914 1489 5970 characteres
1542 5927 1636 5971 aut
1691 5917 1860 5987 ψῆφοι
1898 5934 2037 5973 nuu-

2149 5145 2497 5215 cupabuntur
2550 5139 2937 5215 Arabici?___Et
2987 5137 3427 5215 liget___deincep_s
3482 5137 3727 5215 Arabum

2156 5209 2340 5285 lingua
2369 5220 2752 5283 computorum
2817 5211 2982 5266 libros
3020 5209 3172 5264 Valid
3200 5209 3436 5285 jusserit
3465 5209 3730 5285 describi,

2155 5278 2413 5339 numeros
2448 5278 2628 5337 tamen
2656 5297 2719 5336 ac
2748 5296 2990 5335 summas
3013 5294 3254 5350 expense
3289 5278 3440 5350 et_ad
3477 5278 3726 5347 longum,

2153 5356 2323 5425 χωρὶς
2380 5353 2579 5423 ψήφων
2633 5348 3214 5425 ϐταιοίς-είθισμ-ἐνων,
3278 5348 3725 5425 νοινίιηορροιιί,

2149 5417 2293 5494 quod
2308 5417 2311 5418 ⁷
2328 5417 2564 5479 Basilius
2599 5422 2944 5494 postmodum
2970 5437 2999 5474 a
3018 5417 3255 5483 Graecis,
3274 5426 3431 5494 _teste
3453 5417 3560 5473 Ced
3571 5432 3728 5482 reno,

2149 5490 2341 5550 statuit
2391 5490 2694 5549 observari.
2774 5491 2941 5545 Notas
3001 5494 3184 5558 itaque
3240 5490 3725 5558 characteresque,

2192 5567 2352 5621 uibus
2411 5580 2673 5619 numeros
2730 5563 3043 5616 summatim
3084 5556 3395 5622 exaramus,
3454 5558 3508 5620 ί,
3552 5556 3625 5621 2,
3668 5558 3726 5621 5,

2192 5583 2352 5621 “IDUS
2411 5583 2673 5619 numeros
2730 5583 3043 5616 διιιηηκιιῑιιι
3084 5583 3395 5622 exaratuus,
3454 5583 3508 5620 ’1,
3554 5583 3610 5621 In,
3668 5583 3726 5621 υ,

2150 5583 2206 5698 2,
2233 5648 2364 5703 etc.,
2423 5635 2493 5691 ab
2538 5636 2685 5689 Indis
2714 5641 2768 5687 et
2812 5632 3079 5688 Chaldcis
3126 5646 3301 5703 usque
3342 5630 3546 5703 ad_nos
3577 5629 3729 5703 scite

2151 5696 2614 5831 lnialgis'advocat
2670 5704 2974 5760 Glareanus
3042 5705 3099 5759 in
3159 5696 3523 5757 arithmeticae
3576 5696 3726 5751 Pre-

2174 5794 2203 5830 u
2250 5794 2335 5831 ns.

2174 5794 2335 5831 UUIIS.

2188 5849 2296 5971 l(-5)
2340 5846 2594 5903 Eamdem
2637 5845 2921 5901 historiam
2971 5844 3091 5902 l‘use
3161 5841 3516 5914 prosequitur
3557 5835 3725 5895 Nice-

2206 5935 2374 5971 IUI‘US.

2148 5934 2374 5987 puorus.
