4444 6442
764 405 877 469 763

2153 404 2562 465 THEOPHAN
2579 406 2644 464 lS

3924 403 4029 471 764

760 537 870 576 non
920 519 1410 581 contemnendam,
1468 531 1643 586 equos
1701 524 1754 569 et
1801 532 2001 571 currus
2058 517 2350 586 plurimos,
2381 527 2423 580 Α
2454 519 2515 569 ἁν

2274 534 2350 583 ns,
2381 527 2423 580 Α
2454 517 2855 587 ἀναιρεθέντων
2912 517 3190 580 λαϐόντες.
3243 518 3299 570 '0
3332 518 3391 571 δὲ
3451 518 3826 581 Ἰουστινιανὸς
3869 519 3927 572 ἐν
3954 520 4029 589 τῷ

761 614 1067 684 postposito
1093 625 1356 666 cazsorum
1395 624 1649 673 numero,
1678 616 1967 678 ceperunt.
1994 606 2345 664 Justinianus

762 722 887 759 curn
931 703 1170 760 residuis
1226 718 1293 757 ex
1341 702 1585 756 exercitu
1620 701 1675 755 in
1726 716 1907 756 arcem
1940 698 2065 773 iuga
2094 717 2152 755 se
2205 702 2344 755 reci-

766 796 943 866 piens,
990 793 1232 848 occlusis
1286 792 1405 847 dies
1444 801 1556 846 tres
1599 792 1773 860 portis
1825 792 1878 846 in
1941 808 2005 847 ea
2061 794 2343 847 remansit.

764 887 869 942 Sed
910 904 1034 940 cum
1084 888 1348 954 Bulgaros
1389 885 1501 939 illic
1534 886 1869 955 pertinacius
1900 886 2172 941 instantes
2223 902 2345 941 cer-

765 990 936 1043 neret,
976 980 1089 1049 ipse
1136 980 1348 1049 primus
1386 977 1511 1046 equi
1555 976 1640 1032 sui
1678 993 1876 1032 nervos
1920 978 2138 1042 incidit,
2187 966 2359 1034 crete-7

764 1086 966 1138 rosque
1019 1068 1162 1122 idem
1201 1068 1381 1123 facere
1405 1066 1592 1136 jussit,
1630 1069 1911 1138 armisque
1938 1068 2153 1125 bellicis
2186 1071 2346 1139 quasi

764 1160 983 1227 tmpaeis
1023 1157 1544 1225 muris‘impositis,
1596 1165 1757 1211 noctu
1819 1158 2034 1227 navigia
2080 1174 2349 1215 conscen-

763 1249 917 1312 dens,
959 1229 1175 1317 Cpolim
1208 1230 1332 1301 cum
1373 1246 1640 1301 dedecore
1675 1262 1929 1301 reversus
1956 1254 2063 1302 est.

834 1339 900 1394 A.
944 1338 1007 1395 C.
1058 1322 1403 1394 70l.———Hoc
1435 1352 1579 1392 anno
1631 1337 1923 1393 Masalmas
1968 1349 2023 1394 et
2066 1340 2247 1396 Abbas
2278 1342 2348 1396 ob

764 1450 963 1487 cazsum
1016 1449 1043 1486 a
1089 1433 1337 1487 Mariano
1384 1449 1505 1485 cum
1552 1432 1791 1486 Slainina
1845 1434 1983 1489 duce
2045 1436 2345 1489 exercitum

766 1526 978 1579 insania
1022 1526 1215 1595 perciti
1270 1524 1509 1595 Tyanam
1558 1526 1748 1580 urbem
1792 1525 1935 1579 bello
1983 1536 2345 1591 vexaverunt,

763 1624 817 1669 et
848 1617 912 1669 ad
942 1631 1059 1670 eam
1093 1617 1283 1670 stricta
1318 1615 1604 1689 obsidione
1645 1616 1881 1671 cinctam
1914 1616 2142 1671 hiberna
2178 1619 2348 1672 susti-

766 1718 1026 1763 nuerunt.
1055 1708 1401 1763 Justinianus
1432 1718 1612 1763 autem
1638 1708 1805 1763 duces
1830 1709 1968 1762 duos
1994 1707 2345 1765 Theodorum

763 1801 1116 1855 (Larterucam
1167 1810 1221 1856 et
1272 1800 1741 1871 Tlieophylactum
1798 1799 2044 1855 Salibam
2094 1801 2347 1856 hostibus

2453 611 2675 678 κάστρῳ
2707 608 3041 677 καταφυγὼν
3060 610 3156 662 σὺν
3178 611 3290 672 τοῖς
3317 610 3702 681 περισωθεῖσιν
3733 611 3824 665 ἐπὶ
3854 614 4031 681 τρισὶν

2453 699 2688 771 ἡμέραις
2715 699 3008 752 ἀπέκλεισε
3042 699 3143 764 τὰς
3171 700 3369 763 πύλας.
3403 700 3751 770 Θεασάμενος
3783 702 3838 755 δὲ
3864 704 3904 735 ⁶¹
3931 702 4029 769 τὴν

2452 792 2561 845 τῶν
2586 792 2911 862 Βουλγάρων
2937 792 3261 863 παραμονὴν
3287 794 3352 853 ⁶¹,
3370 793 3532 856 αὐτὸς
3558 794 3775 864 πρῶτος
3798 795 3888 847 τὸν
3909 796 4032 846 ἐαυ-

2453 882 2548 935 τοῦ
2608 884 2774 935 ἵππον
2804 885 3217 954 νευροκοπήσας
3255 883 3462 946 πάντας
3515 884 3576 936 τὸ
3626 885 3757 937 αύτὺ
3804 887 4032 951 ποιῆσαι

2454 977 2891 1045 παρεκαλέσατο.
2948 976 3202 1047 Τρόπαια
3260 975 3315 1027 δὲ
3368 974 3597 1028 ἐπὶτῶν
3622 976 3820 1046 τειχῶν
3872 975 4034 1046 θέμε-

2453 1085 2542 1131 νος
2574 1070 2623 1100 ⁸³
2645 1068 2720 1137 (5)
2745 1068 2833 1121 διὰ
2864 1069 3055 1130 νυκτὸς
3085 1069 3164 1132 είς
3184 1068 3253 1120 τά
3278 1067 3460 1138 σκάφη
3487 1066 3685 1130 ἐπιϐὰς
3698 1067 3969 1137 λαθραίως
3988 1068 4035 1098 υ

2454 1160 2817 1223 ἀπέπλευσεν,
2862 1162 2956 1213 καὶ
3000 1160 3117 1230 μετ’
3155 1158 3417 1230 αἰσχύνης
3457 1161 3522 1231 τῇ
3578 1160 3729 1213 πόλει
3787 1159 4034 1231 παραγέ-

2454 1269 2575 1321 γονε
2587 1291 2598 1304 .

2524 1343 2591 1399 Α.
2635 1343 2704 1397 Μ.
2741 1344 2903 1399 6201.
2944 1377 3007 1387 -κ
3036 1345 3225 1415 Τούτῳ
3250 1345 3328 1414 τῷ
3358 1344 3467 1399 ἔτει
3516 1346 3955 1416 ἐπεστράτευσεν
3989 1345 4034 1377 ⁸⁵

2453 1437 2812 1507 Μασαλμᾶςδθ
2833 1438 2924 1491 καὶ
2941 1437 3140 1501 Ἀϐϐᾶς
3173 1438 3248 1507 (6)
3279 1438 3405 1509 τῇ⁶⁷
3442 1439 3667 1493 Τυάνων
3693 1438 3782 1491 διὰ
3807 1438 3905 1509 τὴν
3932 1456 4037 1507 μα-

2454 1528 2575 1583 νίαν
2606 1527 2683 1599 (7)
2708 1529 2802 1581 τοῦ
2834 1530 3269 1593 ἁποκτανθέντος
3297 1531 3530 1601 στρατοῦ
3554 1533 3649 1585 σῦν
3674 1531 3751 1600 τῷ
3776 1531 4039 1599 Μαῐουμᾶ

2454 1621 2559 1674 ὑπὸ
2591 1620 2877 1691 Μαριανοῦ
2919 1622 2986 1686 ⁸⁸,
3034 1622 3131 1675 καὶ
3187 1622 3394 1693 ταύτην
3442 1621 3857 1692 πολιορκοῦντες
3899 1639 4039 1693 παρ.

2454 1714 2756 1783 εχείμασαν
2787 1715 2920 1766 ἐκεῖ.
2954 1714 3064 1768 Καὶ
3093 1715 3412 1768 ἀποστέλλει
3439 1716 3575 1786 πρὸς
3605 1715 3799 1776 αὐτοὺς
3828 1718 3854 1767 ὁ
3885 1713 4038 1783 βασιο

2454 1803 2581 1867 λεὺς
2608 1802 2652 1835 ⁶⁹
2675 1803 2767 1856 δύο
2796 1806 3138 1876 στρατηγοὺς
3187 1806 3463 1877 Θεόδωρον
3518 1807 3608 1859 τὸν
3644 1805 4038 1877 Καρτεροῦκαν

763 1891 1142 1961 expugnandis
1169 1898 1222 1945 et
1254 1890 1324 1945 ab
1365 1891 1666 1945 instaurata
1702 1891 1990 1945 obsidione
2021 1890 2350 1961 repellendis
2386 1886 2427 1941 B
2458 1913 2518 1949 κο

2281 1890 2350 1945 iis
2386 1886 2427 1941 Β
2458 1897 2551 1949 καὶ
2578 1895 2962 1966 Θεοφύλακτον
2991 1896 3081 1950 τὸν
3126 1897 3361 1951 Σαλιϐἄν
3398 1896 3537 1969 μετά
3567 1895 3963 1967 στρατιωτικοῦ
3993 1897 4036 1927 ⁷⁸

764 1999 888 2037 cum
952 1985 1226 2038 instructo
1283 1982 1533 2037 exercitu
1590 1992 1643 2037 et
1693 1999 1756 2037 ex
1791 1982 2154 2053 agricolarum
2188 1998 2352 2054 grege

767 2076 992 2132 rusticis
1048 2076 1356 2132 auxiliariis
1411 2076 1702 2131 submittit.
1751 2075 1845 2130 lsti
1893 2074 2126 2145 primum
2160 2076 2353 2132 divisis

768 2168 969 2223 animis
1024 2166 1380 2229 dissidentes,
1416 2175 1532 2222 tum
1571 2182 1699 2221 vero
1756 2167 1911 2221 nullo
1960 2168 2185 2222 militari
2234 2183 2353 2223 ser-

771 2267 895 2313 vato
947 2260 1142 2314 ordine
1171 2259 1224 2313 in
1280 2260 1488 2314 hostem
1531 2258 1829 2323 irruentes,
1855 2268 2145 2314 vertuntur
2181 2260 2234 2314 in
2270 2259 2355 2314 fu-

770 2367 919 2422 gam,
961 2361 1015 2407 et
1045 2368 1110 2406 ex
1136 2352 1203 2407 iis
1227 2351 1478 2422 pluribus
1508 2351 1833 2405 desideratis
1860 2351 2120 2416 millibus,
2161 2352 2355 2422 reliqui

770 2459 879 2498 non
936 2445 1093 2515 pauci
1149 2445 1201 2499 in
1252 2460 1451 2500 manus
1487 2444 1923 2499 adversariorum
1964 2444 2161 2514 captivi
2194 2444 2357 2499 deve-

729 2550 920 2595 ,nere.
985 2534 1183 2590 llostes
1231 2536 1417 2605 itaque
1470 2550 1658 2589 eorum
1706 2534 1904 2590 castris
1950 2543 2006 2590 et
2052 2543 2357 2591 commeatu

770 2629 949 2699 potiti,
1008 2630 1186 2685 donec
1238 2630 1428 2684 urbem
1484 2637 1765 2698 caperent,
1819 2635 2141 2684 constanter
2183 2630 2238 2683 in
2287 2643 2351 2683 ea

771 2723 1237 2777 circumvallanda
1301 2718 1680 2793 perstiterunt.
1730 2720 1849 2775 Jam
1905 2722 2049 2793 enim
2106 2721 2352 2775 ciborum

772 2815 1125 2884 patiebantur
1154 2815 1455 2881 delectum,
1488 2824 1539 2870 et
1577 2813 1644 2869 de
1673 2814 1961 2868 obsidione
2012 2814 2273 2869 solvenda
2304 2823 2359 2869 et

772 2924 993 2963 recessu
1043 2910 1194 2979 ipsos
1227 2910 1531 2964 incesserat
1578 2907 1858 2977 cogitatio.
1888 2906 1985 2961 His
2032 2904 2166 2961 visis
2212 2905 2357 2976 Tya-

772 3014 975 3054 nenses
1006 3000 1059 3052 in
1099 3000 1536 3069 desperationem
1564 2998 1695 3064 acti,
1725 3007 1948 3065 accepta
1981 2997 2179 3051 salutis
2224 2998 2356 3063 ﬁde,

772 3108 827 3147 tn
861 3092 1100 3147 hostium
1135 3103 1315 3164 partes
1369 3094 1730 3156 transierunt,
1769 3091 1924 3154 urbe,
1956 3097 2121 3159 prout
2159 3090 2358 3144 etiam-

2456 1991 2551 2044 καὶ
2580 1991 2886 2062 γεωργικοῦ
2911 1991 3041 2045 λαοῦ
3071 1993 3230 2065 χάριν
3263 1992 3516 2063 βοηθείας
3552 1993 3591 2023 ⁷¹
3622 1992 3759 2061 πρὸς
3788 1990 3849 2043 τδ
3886 1990 4040 2043 πολε-

2466 2083 2638 2152 μῆσαι
2666 2082 2763 2136 καὶ
2792 2081 3047 2148 ἐκδιῶξαι
3076 2084 3295 2147 αύτούς.
3340 2083 3505 2137 Αὐτοὶ
3538 2082 3595 2135 δέ
3625 2085 3704 2145 εἰς
3732 2082 3847 2151 ἔριν
3877 2080 4042 2151 ἀλλή-

2459 2172 2565 2225 λων
2595 2172 2862 2237 ἐλθόντες,
2895 2174 2991 2227 καὶ
3042 2174 3296 2238 ἀτάκτως
3337 2173 3708 2244 συμϐαλόντες
3752 2174 3799 2204 ’⁸
3836 2172 4039 2233 αὐτοῖς,

2445 2263 2776 2336 τρέπονται,
2801 2267 2897 2321 καὶ¹
2934 2265 3127 2320 πολλαὶ
3161 2266 3397 2337 χιλιάδες
3422 2266 3719 2332 ἀπώλοντο,
3781 2265 3875 2319 καὶ
3902 2266 4046 2335 ᾐχμ-

2463 2356 2852 2428 αλωτεύθησαν
2889 2357 3094 2411 πολλοί.
3127 2356 3400 2421 Λαϐόντες
3433 2356 3571 2410 δὲτὸ
3597 2356 3814 2410 τοῦλδον
3841 2356 3933 2410 καὶ
3976 2355 4043 2408 τα

2463 2446 2670 2503 τούτων
2691 2447 2982 2519 βρώματα,
3012 2448 3389 2519 παρεκάθισαν
3415 2448 3517 2512 ἕως
3539 2440 3600 2502 οὗ
3624 2446 4043 2519 παρέλαϐοντὴν

2465 2540 2639 2594 πόλιν.
2672 2539 3001 2609 Λειφθέντες
3032 2540 3142 2611 γάρ
3178 2536 3317 2613 ἦσαν
3347 2540 3415 2594 τά
3443 2540 3727 2611 βρώματα,
3759 2540 3851 2593 καὶ
3877 2538 4041 2609 ἠμελ-

2454 2632 2548 2686 λον
2579 2633 2906 2703 ἀναχωρεῖν.
2930 2635 2994 2687 Οἱ
3020 2633 3075 2687 δὲ
3096 2634 3195 2703 τῆς
3230 2635 3437 2697 πόλεως
3464 2633 3692 2686 Τυάνων
3712 2630 3884 2684 ταῦτα
3913 2630 4048 2683 ἰδόνο

2454 2742 2549 2788 τες
2584 2725 2681 2778 καὶ
2711 2726 3062 2795 ἀπογνόντες,
3104 2725 3297 2779 ἔλαϐον
3330 2726 3487 2793 λόγον
3518 2725 3615 2793 τῆς
3647 2722 3858 2776 ἑαυτῶν
3886 2721 4035 2774 ἀπα-

2461 2817 2648 2883 θείας·
2688 2821 2782 2873 καὶ
2826 2808 3051 2890 ἐξῆλθον
3081 2818 3217 2891 πρὸς
3248 2817 3469 2881 αὐτοὺς,
3505 2814 3899 2877 καταλιπόντες
3948 2812 4047 2882 τὴν

2464 2909 2619 2963 πόλιν
2649 2909 2857 2981 ἔρημον
2884 2911 2988 2974 ἕως
3018 2910 3113 2965 τοῦ
3153 2909 3271 2965 νῦν.
3319 2910 3383 2963 Οἱ
3420 2909 3478 2964 δέ
3514 2908 3790 2975 τὸνλόγον
3835 2906 3908 2977 μὴ
3942 2923 4043 2975 φυ-

2463 3001 2748 3065 λάξαντες,
2768 3003 2847 3065 είς
2877 3002 2973 3073 τὴν
3006 3001 3214 3073 ἔρημον
3243 3000 3464 3065 τούτους
3492 2998 3779 3069 ἐξώρισαν,
3810 2998 3904 3052 καὶ
3930 2996 4051 3049 πολ-

2464 3091 2589 3157 λοὺς
2617 3093 2840 3156 δούλους
2866 3093 3201 3165 ἐκράτησαν.

773 3199 904 3239 num
963 3186 1180 3252 visitur,
1218 3184 1628 3239 habitatoribus
1678 3197 1849 3239 vacua
1901 3183 2116 3237 relicta.
2150 3181 2234 3237 Illi
2261 3183 2459 3238 violata
2510 3186 2763 3256 protinus
2798 3186 2901 3242 lide
2958 3184 3276 3256 Tyanenses
3344 3184 3399 3239 in
3465 3184 3683 3240 deserta
3733 3184 3850 3238 loca
3917 3183 4049 3237 rele-

773 3285 1061 3350 gaverunt,
1102 3286 1155 3331 et
1183 3292 1248 3330 ex
1281 3280 1362 3331 eis
1390 3276 1661 3346 plurimos
1711 3272 1819 3330 sibi
1864 3273 2215 3330 retinuerunt
2260 3277 2534 3347 captivos.

852 3395 919 3447 Α.
962 3392 1023 3449 C.
1058 3393 1181 3447 702.
1206 3422 1273 3433 -
1295 3390 1412 3445 Hoc
1447 3404 1590 3445 anno
1618 3390 1803 3445 Abbas
1832 3388 2030 3445 educto
2070 3389 2124 3444 in
2156 3389 2356 3445 Roma-
2380 3395 2425 3457 C
2529 3393 2592 3447 Α.

2297 3405 2356 3445 a-
2380 3395 2425 3457 C
2529 3393 2592 3447 A.
2625 3392 2695 3449 M.
2716 3394 2878 3450 6202.
2907 3425 2974 3437 —
3003 3393 3191 3463 Τούτῳ
3214 3391 3292 3462 τῷ
3317 3391 3429 3444 ἔτει
3450 3391 3881 3463 ἐπεστράτευσεν
3928 3393 4048 3444 ’Λϐ-

776 3499 972 3541 norum
1017 3482 1283 3536 ditionem
1333 3480 1579 3535 exercitu
1644 3480 1912 3548 plurimos
1961 3479 2210 3549 captivos
2263 3480 2361 3535 ab-

778 3576 911 3647 egit,
944 3583 999 3631 et
1033 3575 1097 3629 ad
1142 3589 1276 3628 suos
1321 3588 1600 3638 reversus,
1644 3572 1700 3626 in
1733 3570 2077 3641 l-leliopoleos
2131 3572 2357 3641 regione

741 3650 938 3725 ‘Garis
977 3669 1166 3723 urbem
1201 3666 1471 3721 aediﬁcare
1517 3664 1704 3734 coepit.

848 3762 917 3815 A.
951 3758 1015 3813 C.
1049 3756 1400 3813 705.—-Hoc
1434 3772 1578 3811 anno
1615 3753 1854 3810 Uthman
1904 3754 1959 3809 in
2003 3755 2238 3810 mediam
2274 3754 2362 3809 Ci-

780 3836 966 3910 liciam
1014 3850 1317 3907 exercitum
1374 3848 1612 3913 induxit,
1666 3848 1977 3916 multasque
2027 3849 2194 3903 urbes
2240 3848 2365 3902 data

779 3944 1098 4002 securitatis
1123 3943 1225 3999 [ide
1243 3942 1522 4014 subiectas
1540 3941 1645 3996 sibi
1670 3939 1819 4005 fecit,
1849 3941 1982 4010 quin
2012 3940 2178 4013 316
2200 3941 2364 3995 etiam

780 4036 1117 4091 Camachum
1155 4050 1282 4089 cum
1336 4032 1474 4089 locis
1506 4031 1891 4102 adiacentibus
1942 4032 2047 4102 ipsi
2091 4032 2365 4101 proditqu

785 4127 913 4182 fuit.
945 4124 1290 4182 Justinianus
1321 4134 1506 4178 autem
1560 4130 1912 4193 acceptarum
1961 4117 2237 4193 quondam
2286 4125 2370 4177 in-

779 4220 1051 4291 iuriarum
1084 4232 1312 4283 memor,
1349 4216 1596 4271 Maurum
1642 4230 1766 4270 cum
1805 4214 2105 4285 Stephano,
2146 4216 2234 4270 cui
2277 4230 2370 4271 co-

783 4327 1018 4383 gnomen
1076 4311 1379 4372 Asmictus,
1431 4310 1624 4363 ambos
1673 4307 1954 4378 patricios,
1987 4307 2173 4362 valida
2195 4316 2249 4363 et
2277 4323 2370 4378 ap-

786 4404 961 4472 prime
1007 4409 1267 4470 apparata
1325 4399 1503 4455 classe
1551 4399 1657 4453 illis
1700 4400 2016 4463 commissa,
2046 4402 2100 4452 in
2133 4398 2371 4455 Cherso-

787 4509 913 4548 nam
964 4493 1250 4563 delegavit.
1287 4492 1501 4547 Insidiae
1536 4492 1736 4562 quippe
1783 4506 1810 4545 a
1840 4492 2206 4559 Chersonitis,
2238 4494 2373 4548 Bos-

788 4587 1072 4658 phorianis
1124 4594 1179 4641 et
1236 4585 1360 4641 aliis
1412 4586 1693 4657 regionum
1752 4585 1971 4640 illarum
2019 4586 2218 4641 incolis
2266 4586 2370 4656 ipsi

788 4688 1013 4735 structa:
1050 4679 1170 4749 ejus
1203 4677 1386 4733 animo
1429 4690 1807 4734 remanserant
1843 4678 2173 4749 profundius
2206 4693 2371 4746 repo-

2469 3482 2572 3549 ϐἅς
2620 3485 2720 3556 τὴν
2788 3486 3124 3555 Ῥωμανίαν,
3160 3484 3255 3537 καὶ
3312 3482 3544 3546 πολλοὺς
3602 3481 4052 3553 αἰχμαλωτεύσας

2470 3580 2834 3649 ὑπέστρεψεν.
2890 3578 3000 3636 Καὶ
3044 3577 3248 3649 ἤρξατο
3290 3575 3497 3641 κτίζειν
3526 3575 3587 3628 τδ
3633 3574 3801 3645 Γαρὶς
3838 3577 3915 3637 εἰς
3949 3575 4049 3645 τὴν

2471 3669 2656 3741 χώραν
2695 3669 3113 3732 Ἡλιουπόλεως.

2540 3764 2608 3817 Α.
2654 3761 2724 3816 Μ.
2775 3761 2933 3817 6205.
2989 3792 3059 3803 —
3095 3760 3283 3831 Τούτῳ
3332 3748 3409 3829 τῷ
3458 3759 3568 3811 ἔτει
3620 3759 4054 3827 ἐπεστράτευσεν

2473 3856 2699 3927 Ούθμάν
2724 3855 2820 3927 τὴν
2846 3854 3124 3918 Κιλικίαν,
3172 3853 3266 3907 καὶ
3313 3852 3482 3906 πολλά
3523 3852 3735 3921 κάστρα
3770 3850 3873 3902 ὑπὸ
3899 3850 4054 3918 λόγον

2473 3950 2803 4021 παρέλαϐεν.
2836 3948 3108 4019 Προεδόθη
3140 3946 3325 4010 αὐτοῖς
3358 3946 3451 3998 καὶ
3478 3945 3538 3998 τὸ
3568 3945 3835 4011 Κάναχον
3866 3943 3910 3973 ⁷³
3938 3945 4054 3994 σῦν

2471 4043 2585 4101 τοῖς
2608 4038 3042 4109 παρακειμένοις
3078 4036 3284 4097 τόποις.
3353 4031 3729 4091 Ίουστινιανδς
3764 4030 3820 4083 δὲ
3850 4027 4054 4101 ἀπέλυ-

2476 4149 2568 4185 σεν
2589 4129 2814 4202 Μαῦρον
2836 4130 2927 4182 τὸν
2955 4127 3244 4198 πατρίκιον
3275 4128 3355 4188 είς
3378 4123 3641 4193 Χερσῶνα
3674 4121 3760 4174 διὰ
3797 4137 4057 4189 μνησικα-

2475 4222 2600 4275 κίαν
2628 4221 2725 4274 σὺν
2750 4219 3009 4289 Στεφάνῳ
3044 4217 3341 4287 πατρικίῳ,
3375 4216 3436 4267 τὸ
3487 4212 3713 4281 ἐπίκλην
3751 4212 4052 4279 ’Ᾱσμίκτῳ,

2475 4314 2763 4378 ἐξοπλίσας
2796 4312 2980 4365 στόλον
3006 4310 3198 4373 πολὺν,
3226 4306 3485 4379 μνησθεὶς
3511 4306 3606 4373 τῆς
3626 4304 3743 4356 κατ’
3775 4301 3936 4356 αὑτοῦ
3966 4319 4057 4368 γε·

2477 4406 2711 4476 νομένης
2763 4403 3057 4471 ἐπιϐουλῆς
3103 4402 3208 4454 ύπό
3236 4416 3294 4452 τε
3330 4397 3690 4469 Χερσωνιτῶν
3721 4398 3813 4449 καὶ
3854 4394 4056 4461 Boreo-

2478 4494 2679 4566 ριανῶν
2709 4494 2804 4547 καὶ
2838 4492 2948 4545 τῶν
2972 4490 3176 4544 λοιπῶν
3207 4488 3509 4557 κλιμάτων,
3548 4489 3727 4538 πᾶσαν
3775 4483 3905 4537 ναῦν
3931 4486 4051 4553 δρο-

2481 4584 2675 4657 μὼνων
2703 4600 2763 4637 τε
2794 4583 2889 4636 καὶ
2920 4580 3163 4653 τριηρῶν
3187 4580 3280 4633 καὶ
3307 4575 3531 4648 σκαφῶν
3565 4576 3898 4646 μυριοϐόλων
3917 4574 4054 4641 "(8)

2480 4677 2574 4730 καὶ
2611 4675 2864 4741 ἁλιάδων,
2897 4677 2992 4729 καὶ
3030 4674 3134 4737 ἕως
3165 4672 3479 4744 χελανδίων,
3511 4670 3616 4723 άπὸ
3663 4669 3921 4740 διανομῆς
3948 4669 4054 4721 τῶν

2063 4836 2302 4892 ΥΑΒῙᾹῘ
2335 4832 2742 4889 LECTIONES.
2810 4896 2813 4897 ν

862 4961 903 4991 ⁸⁸
929 4959 985 5013 δὲ
1018 4961 1085 5024 Α,
1124 4960 1232 5029 γὰρ
1263 4960 1409 5029 vnlg.

793 5030 997 5100 θραίως
1024 5032 1089 5095 Α,
1124 5030 1324 5093 εὐθέως
1354 5031 1497 5099 vulg.

793 5099 981 5164 διαϐάς
1002 5100 1102 5169 τὴν
1130 5101 1195 5154 Τ.
1220 5101 1262 5153 Α
1296 5100 1334 5156 f.
1412 5101 1456 5132 “
1487 5099 1676 5153 ύπὸΜ.
1704 5101 1768 5163 Α,
1797 5101 1905 5153 ἀπὸ
1933 5101 2007 5153 Μ.
2043 5099 2190 5169 vulg.

1489 4958 1532 4989 "
1559 4960 1885 5030 παραμονὴν
1916 4960 1981 5023 Α,
2006 4959 2273 5060 ἐπιμονὴν
2295 4957 2442 5027 vulg.
2522 4958 2602 5011 ωε

1626 5032 1669 5060 ιι
1704 5031 2145 5060 λιιι-.--λέσριιρριι
2184 5054 2194 5060 .
2276 5027 2602 5060 ὄρσῃ-ηυμβρᾶ

1704 5031 2145 5098 ἐπεστράτευσεν
2176 5030 2243 5096 Α,
2275 5030 2712 5097 ἐπιστρατεύσας
2738 5030 2886 5090 vulg.
2982 5030 2989 5053 '

1704 5101 1768 5163 Α,
1797 5101 1905 5153 ἀπὸ
1933 5101 2007 5153 Μ.
2043 5099 2190 5165 vulg.
2268 5099 2312 5131 "
2353 5101 2380 5151 ὀ
2409 5097 2663 5165 βασιλεὺς
2696 5097 2818 5148 add.
2850 5109 2915 5148 ex
2945 5093 2989 5146 A

795 5132 981 5164 υῦιυύτ
1003 5132 1102 5169 ’μιν
1141 5132 1195 5154 ιο
1220 5132 1262 5153 n
1297 5132 1334 5156 Ι.
1490 5132 1676 5153 υΗ-υιη.
1704 5132 1768 5163 n,
1797 5132 1905 5153 ιιιιυ
1934 5132 2007 5153 ιη.
2050 5132 2190 5169 VIIIa.
2353 5132 2380 5151 υ
2410 5132 2661 5165 ’δυ-ιδιηῠυδ
2696 5132 2818 5148 (l‘lll-
2850 5132 2915 5148 ινδ
2945 5132 3011 5146 ιιι

795 5170 941 5242 vulg.
1010 5172 1053 5203 τί
1084 5172 1243 5242 χάριν
1284 5169 1538 5242 βοηθείας
1576 5172 1640 5231 Α,
1665 5169 2133 5242 χωρικοϐοηθείας
2165 5169 2311 5242 vnlg.
2369 5168 2423 5242 _“
2458 5167 2832 5242 συμϐαλόντες
2863 5165 2929 5242 ᾼ,
3001 5180 3011 5213 ι

2522 4958 2567 4989 ⁵³
2587 4953 2837 5026 θέμενος]
2866 4952 3213 5026 θεασάμενος.
3232 4948 3334 5026 A'l‘.
3355 4949 3594 5026 fortasse
3623 4956 3801 5026 recte:
3883 4946 3927 5026 ξ’
3955 4946 4053 5026 2.}:

2982 5022 3027 5054 “
3045 5012 3343 5097 Μεσελμᾶς
3379 5020 3417 5073 ί.
3533 5015 3822 5097 ⁸²-Ἀϐϐ;ἱς
3855 5018 3920 5086 τῇ
3955 5012 4050 5095 Τ.]

3119 5093 3163 5123 ⁷⁰
3221 5089 3622 5160 στρατιωτικοῦ
3695 5089 4054 5160 τδρ-,στρατοῦ

3001 5141 3063 5215 συ
3072 5141 3411 5232 gaudiis);
3429 5141 3607 5229 ivulg.
3705 5141 3758 5188 7"
3786 5141 4055 5227 Κάέιαχον

798 5240 865 5305 A,
893 5236 1380 5312 Καμάχωνινυὶεᾙ
1430 5241 1476 5271 ⁷⁵
1503 5236 1868 5313 μυριοϐόλων]
1891 5236 2269 5312 μοριαγώγων
2289 5240 2332 5291 Α
2364 5237 2402 5303 f,
2430 5237 2769 5308 πυριοϐόλων
2803 5236 2953 5305 vnlg.

1068 5368 1101 5403 ⁸
2096 5368 2238 5426 JAC.
2271 5366 2478 5425 GOARI
2522 5366 2753 5423 ΝΟΤΑο.

869 5489 947 5557 (5)
971 5489 1113 5544 Bene
1144 5487 1358 5550 Anast.,
1390 5487 1557 5540 armis
1589 5487 1787 5541 bellicis
1820 5503 1977 5554 super
2029 5503 2239 5539 murum
2264 5502 2360 5554 ρο·
2392 5488 2445 5546 Ι)
2473 5484 2944 5557 redditypfopter
2992 5483 3406 5557 indignationem
3430 5499 3454 5557 ί
3482 5498 3547 5537 ex
3587 5468 3800 5557 vetusto
3842 5480 4056 5535 scilicet

799 5560 951 5626 sitis;
984 5574 1176 5629 nempe
1209 5558 1275 5612 ad
1303 5558 1483 5627 fugam
1516 5557 1806 5612 fallendam
1832 5599 1845 5622 ,
1880 5566 1934 5611 et
1959 5565 2021 5611 ut
2054 5558 2245 5629 urbem
2272 5559 2369 5608 ad-

804 5634 913 5685 huc
941 5626 1125 5684 tutari
1145 5626 1427 5684 Romanos
1449 5630 1640 5684 hostes
1663 5628 2062 5682 existimarent.
2084 5626 2217 5681 Erat
2240 5629 2373 5680 urbs

805 5701 898 5757 illa
932 5702 1253 5764 Anchialus,
1284 5707 1343 5752 ut
1381 5699 1544 5753 habet
1573 5698 1633 5753 S.
1658 5697 1882 5766 Niceph.
1911 5699 2203 5753 Conaens.

872 5771 957 5908 $8)
997 5771 1232 5841 Σολιμᾶν
1260 5778 1421 5825 vocat
1459 5769 1550 5824 ille
1581 5771 1725 5822 κατὰ
1753 5768 1851 5837 τὴν
1874 5768 2036 5821 αὐτοῦ
2075 5769 2381 5821 διάλεκτον.

905 5839 960 5908 ’7)
990 5839 1197 5908 Malim,
1264 5842 1449 5908 μῆνιν,
1516 5840 1705 5908 sicquc
1763 5840 1957 5908 legerit
2002 5839 2195 5893 Anast.
2258 5853 2381 5893 cum

905 5839 1197 5909 7)Maliin,
1264 5842 1449 5912 μῆνιν,
1516 5840 1705 5911 sicque
1763 5840 1957 5909 legerit
2002 5839 2195 5893 Anast.
2258 5853 2383 5893 cum

2477 5558 2572 5611 illo
2629 5549 2776 5618 odio',
2812 5549 2881 5609 ob
2916 5549 3124 5609 caesuui
3153 5569 3275 5607 cum
3338 5553 3577 5623 Majuma
3642 5550 4050 5606 Saracenorum

2482 5627 2783 5683 exercitum
2816 5640 2847 5678 a
2876 5625 3137 5678 Mariano.
3172 5624 3461 5679 ϐοηθεῖ-ιε.

2561 5697 2637 5767 (8)
2698 5694 3105 5767 Μυριαγώγων,
3165 5695 3327 5750 habet
3384 5694 3613 5767 Peyrez.
3681 5692 3887 5767 codex.‘
3932 5689 4056 5746 l'leo

2492 5762 2632 5821 verti
2669 5762 3152 5835 oner'arids,’quas
3179 5762 3501 5822 Anastasius
3536 5766 3791 5818 chimeras
3818 5782 3836 5818 .·
3870 5762 4052 5816 forsan

2497 5838 2660 5894 etiam
2695 5837 3069 5907 πυριθϐόλους,
3102 5838 3226 5908 igne
3259 5836 3447 5893 Graeco
3476 5837 3662 5906 pienas
3713 5844 3762 5890 ct
3796 5841 4050 5887 armatas.
