4462 6446
732 287 830 349 939

2104 274 2599 339 THEOPHle

3895 296 4001 362 940

732 400 895 466 paria:
916 402 1177 451 domuum
1204 395 1506 461 incidisset,
1540 395 1641 450 levi
1676 411 1852 465 pugna
1893 408 2113 462 τωρωι-ιι
2161 396 2485 463 commissa,
2520 394 2752 450 Romani
2789 400 2984 452 timore
3046 403 3312 468 perculsi,
3349 419 3445 474 per
3514 414 3726 461 noctem
3796 409 3849 462 in
3926 409 4016 464 l'u-

734 506 854 565 gam
887 506 946 548 se
1009 491 1295 557 dederunt,
1328 498 1493 560 atque
1523 489 1593 543 ita
1635 503 1759 543 cum
1794 487 2058 542 dedecore
2113 490 2315 542 reversi
2361 500 2511 545 sunt.
2549 490 2765 561 Bulgari
2799 494 2960 547 etiam
2993 494 3241 549 exterriti
3267 495 3320 550 in
3384 497 3718 568 provinciam
3763 517 3820 556 se
3868 518 4019 559 rere.

737 592 958 653 perunt.

808 677 875 731 Λ.
906 674 969 731 C.
1004 673 1131 730 784.
1164 674 1381 731 —Hoc
1402 688 1548 731 anno
1571 687 1760 728 mense
1791 671 2101 743 Septembri
2158 674 2328 744 impe-
2362 696 2404 755 Α
2507 677 2570 731 Α.

2258 688 2328 729 te-
2362 696 2404 755 Α
2507 677 2574 731 Α.
2614 677 2685 733 Μ.
2712 676 2870 733 6284.
2909 710 2980 720 -
3013 682 3201 751 Τούτῳ
3236 680 3314 752 τῷ
3346 681 3455 736 ἔτει
3496 686 3625 756 μηνί
3660 687 4020 761 Σεπτεμϐρίῳ

738 777 889 824 rator
944 775 1161 823 armata
1225 782 1392 823 manu
1451 766 1507 820 in
1534 764 1744 819 Arabes
1769 763 2046 834 profectus
2074 777 2203 832 est;
2259 766 2327 820 ab

736 860 965 917 Amorio
1042 869 1226 916 autem
1286 873 1539 929 mpvens,
1593 858 1825 914 Tarsum
1880 856 2089 913 Ciliciae
2138 861 2327 915 urbem

736 954 1000 1024 perrexit.
1016 954 1287 1007 Adturres
1309 960 1494 1007 autem
1515 950 1765 1023 Anydras
1784 951 1854 1005 ita
1880 948 2056 1006 dictas
2084 953 2330 1020 veniens,

738 1062 798 1102 re
828 1062 1055 1117 prorsus
1100 1044 1301 1100 infecta
1354 1046 1640 1111 remeavit,
1660 1061 1849 1101 mense
1873 1044 2116 1110 Octobri,
2186 1046 2331 1101 indi-

739 1140 919 1195 ctione
955 1139 1166 1195 decima
1190 1140 1407 1210 quinta.
1437 1138 1675 1201 ,Mensis
1727 1148 1911 1193 autem
1942 1138 2193 1193 Januarii
2246 1139 2333 1193 die

742 1233 959 1287 decimo
974 1231 1169 1303 quinto
1191 1234 1262 1287 ab
1285 1233 1405 1304 ipsa
1438 1242 1613 1307 matre
1638 1231 1936 1302 multiSque
1979 1231 2333 1301 Optimatibns

740 1334 1022 1391 exoratus,
1060 1325 1466 1395 imperatricetu
1516 1325 1713 1379 iterum
1768 1340 1886 1379 eam
1936 1324 2234 1386 renuntiat,
2282 1332 2337 1378 et

743 1431 870 1471 cum
904 1431 970 1471 eo
996 1415 1195 1471 faustis
1214 1414 1413 1487 populi
1453 1415 1973 1479 exclamationibds,
2006 1417 2155 1472 velut
2180 1417 2333 1481 olim,

746 1506 1037 1576 excipitur,
1058 1506 1109 1559 in
1135 1505 1251 1561 haec
1276 1504 1461 1560 verba:
1491 1504 1850 1561 Constantino
1880 1515 1932 1560 et
1960 1505 2115 1559 [rene
2134 1506 2337 1561 multos

746 1600 941 1654 annos!
988 1598 1341 1668 Imperatoris
1364 1597 1565 1668 placito
1591 1601 1775 1652 cuncti
1795 1606 2117 1667 paruerunt.
2145 1596 2335 1651 Solum

744 1689 1202 1744 Armeniacorum
1255 1688 1436 1743 thema
1473 1687 1553 1741 rei
1581 1687 1824 1741 novitate
1878 1687 2188 1756 perculsum
2252 1696 2338 1743 tu-

748 1777 1075 1844 multuatur,
1106 1786 1161 1831 et
1200 1775 1459 1832 Alexium
1486 1776 1697 1845 pridem
1727 1789 1891 1829 suum
1921 1775 2141 1839 ducem,
2173 1791 2335 1846 quem

749 1870 1044 1940 imperator
1063 1867 1300 1938 quodam
1320 1867 1548 1922 obtentu
1576 1874 1898 1922 revocatum
1925 1879 1981 1921 et
2013 1868 2229 1937 patricii
2252 1867 2337 1922 di-

748 1962 1274 2033 gnitatepromotum
1301 1974 1468 2030 penes
1494 1973 1554 2015 se
1566 1958 2210 2015 retinuerataceersitum
2233 1959 2339 2015 sibi

2436 768 2877 838 ἐπεστράτευσεν
2905 771 2934 823 ὁ
2980 770 3233 841 βασιλεὺς
3259 773 3403 827 κατὰ
3452 775 3722 848 Ἀράϐων,
3792 785 3883 837 καὶ
3913 786 4019 838 ἀπ-

2438 859 2580 929 άρας
2608 862 2673 914 ὲκ
2690 854 2793 916 ’τοῦ
2812 863 3081 933 ’Δμωρίου
3114 867 3279 938 ἀπῄει
3295 868 3390 921 ἐπὶ
3402 869 3617 941 Ταρσὸν
3634 876 3731 944 τῆς
3749 873 4019 943 Κιλικίας.

2452 951 2652 1006 Ἐλθὼν
2681 953 2738 1006 δὲ
2770 957 2847 1019 είς
2878 955 3162 1026 Ἀνύδρους
3185 958 3431 1031 πύργους
3462 962 3626 1015 πάλιν
3657 967 4026 1039 ἀνουπέστρε-

2439 1043 2508 1114 ψε
2542 1044 2587 1075 ⁸³
2614 1045 2773 1108 κενὸς
2808 1049 2939 1118 μηνὶ
2995 1050 3331 1123 Ὀκτωϐρίῳ,
3392 1054 3685 1109 ἰνδικτιῶνι
3718 1066 3801 1114 ιε’.
3840 1061 3917 1131 Τῇ
3965 1062 4025 1113 δὲ

2438 1135 2503 1190 ιε’
2529 1137 2621 1191 τοῦ
2662 1137 2990 1210 Ἰανουαρίου
3042 1142 3210 1213 μηνὸς
3270 1138 3643 1218 παρακληθεὶς
3695 1152 3721 1202 ὁ
3771 1152 4023 1218 βασιλεὺς

2444 1230 2550 1284 ὑπὸ
2579 1232 2676 1303 τῆς
2703 1233 2836 1296 ἰδίας
2878 1236 3083 1305 μητρὸς
3117 1237 3210 1291 καὶ
3233 1237 3446 1293 πολλῶν
3475 1243 3583 1295 τῶν
3606 1244 3663 1295 εν
3691 1243 3860 1311 τέλει,
3895 1248 4025 1300 ἀνα-

2441 1322 2660 1392 γορεύει
2691 1324 2863 1395 αὐτὴν
2895 1325 3078 1392 πάλιν,
3098 1329 3194 1382 καὶ
3225 1332 3687 1400 συνευφημίζεται
3726 1336 3824 1389 σὺν
3853 1337 4023 1409 αὐτῷ,

2440 1412 2516 1476 ὼς
2547 1412 2604 1480 ἐξ
2632 1415 2812 1485 ἀρχῆς
2842 1419 3253 1474 Κωνσταντίνου
3275 1424 3369 1477 καὶ
3393 1425 3645 1495 Εἰρήνης.
3679 1428 3788 1481 Καὶ
3822 1430 4025 1493 πάντες

2447 1505 2546 1575 μὲν
2594 1508 3009 1578 πειθαρχοῦσιν.
3061 1511 3134 1565 Τὸ
3186 1513 3244 1566 δὲ
3291 1515 3401 1581 τῶν
3446 1516 3823 1586 Ἀρμενιακῶν
3877 1521 4023 1590 Θέμα

2445 1596 2797 1658 ἐκστάντες⁴⁸
2824 1599 2961 1667 πρὸς
2984 1601 3143 1654 τοῦτο
3176 1603 3579 1669 στασιάζουσιν,
3606 1606 3700 1659 καὶ
3732 1609 4025 1681 ἐπιζητοῦ-

2446 1704 2532 1740 σιν
2572 1687 2809 1753 Ἀλέξων
2834 1690 2925 1742 τὸν
2960 1691 3067 1761 πρὸ
3096 1694 3299 1764 μικροῦ
3336 1696 3795 1769 στρατηγήσαντα
3824 1703 4026 1765 αὐτῶν,

2446 1778 2505 1832 τὸ
2526 1781 2829 1851 τηνικαῦτα
2858 1782 2953 1835 τοῦ
2983 1784 3248 1853 βασιλέως
3283 1791 3424 1857 μετά
3451 1788 3612 1857 λόγου
3655 1793 4030 1861 προσκαλεσα-

2449 1873 2610 1956 μένου
2644 1871 2827 1937 αὐτὸν,
2858 1876 2954 1928 καὶ
2983 1878 3047 1946 τῇ
3072 1876 3165 1929 τοῦ
3205 1881 3497 1947 πατρικίου
3522 1881 3649 1952 ἀξία
3670 1885 4025 1954 τιμήσαντος,

2448 1965 2703 2038 καὶπρὸς
2743 1968 2935 2022 ἑαυτὸν
2987 1971 3375 2041 κατασχόντος.
3421 1974 3621 2027 Τοῦτον
3654 1972 3746 2029 οὖν
3796 1976 3886 2030 διά
3928 1980 4028 2049 τὴν

752 2055 907 2109 reddi
939 2063 989 2110 et
1024 2055 1078 2109 in
1102 2052 1339 2110 cilicium
1370 2051 1589 2108 restitui
1626 2051 1947 2108 sollicitant.
1976 2053 2111 2107 Eum
2141 2053 2345 2124 itaque,
2380 2063 2422 2118 Β
2450 2078 2509 2115 το

2266 2068 2345 2119 ue,
2380 2063 2422 2118 Β
2450 2062 2707 2131 τοιαύτην
2746 2062 3088 2134 ἐπιζήτησιν,
3131 2067 3223 2118 καί
3253 2083 3406 2127 τινας
3444 2065 3635 2135 λόγους
3689 2070 3819 2139 περὶ
3864 2070 4028 2123 αὐτοῦ

754 2147 901 2217 quod
931 2154 1084 2203 tanto
1131 2146 1327 2201 ardore
1347 2145 1702 2215 repetiissent
1721 2144 2061 2209 Armeniaci,
2091 2145 2349 2216 quodque

752 2254 1032 2294 sermones
1093 2238 1161 2293 de
1196 2252 1283 2303 eo,
1318 2236 1477 2307 quasi
1510 2237 1578 2292 de
1627 2236 1963 2307 imperatore
2014 2237 2224 2303 futuro,
2290 2238 2344 2292 in

752 2329 947 2401 vulgus
961 2339 1370 2401 spargerentur,
1394 2329 1788 2386 Constantinus
1805 2331 2122 2387 verberibus
2142 2346 2345 2386 exesum

752 2432 807 2476 et
837 2423 1050 2493 capillis
1089 2423 1381 2479 detonsum
1414 2423 1468 2476 in
1521 2423 1839 2493 praetorium
1872 2425 2126 2479 detrusit.
2173 2424 2349 2480 Porro

754 2515 903 2571 Julio
946 2530 1140 2572 mense
1196 2515 1500 2572 exercitum
1534 2516 1588 2570 in
1633 2516 1897 2584 Bulgaros
1945 2520 2244 2587 expedivit,
2294 2527 2350 2573 et

755 2617 999 2665 castrum
1080 2602 1465 2665 Marcellorum
1535 2608 1803 2664 condidit.
1886 2608 2144 2679 Ejusdem
2221 2626 2348 2665 vero

756 2703 962 2758 mensis
1016 2700 1149 2757 Julii
1220 2702 1309 2757 die
1360 2702 1646 2767 vicesimo,
1713 2701 2022 2757 Cardamus
2083 2703 2350 2773 Bulgaria:

756 2798 1019 2860 domnus,
1052 2796 1225 2865 copiis
1256 2795 1484 2849 ditionis
1517 2809 1629 2849 sua:
1654 2794 1911 2848 omnibus
1939 2796 2173 2861 eductis,
2197 2805 2347 2865 post-

760 2887 1059 2942 modumin
1092 2888 1226 2942 locis
1246 2886 1474 2941 munitis
1499 2885 1763 2940 substitit.
1796 2884 2097 2956 Imperator
2122 2888 2348 2957 juvenili

759 2979 956 3033 ardore
983 2990 1283 3032 succensus
1303 2984 1357 3032 et
1378 2991 1409 3031 a
1434 2974 1586 3031 falsis
1604 2976 1817 3031 vatibus
1845 2977 2126 3033 victoriam
2146 2979 2192 3033 ei
2215 2994 2352 3048 pra:-

760 3070 1143 3125 nuntiantibus
1227 3069 1507 3134 seductus,
1560 3068 1871 3124 inconsulte
1927 3079 1983 3125 et
2039 3071 2352 3139 agminibus

762 3164 1144 3235 incompositis
1194 3177 1432 3233 pugnam
1479 3176 1801 3224 conserens,
1851 3166 2003 3233 gravi
2052 3161 2206 3216 clade
2237 3163 2353 3216 alii-

759 3257 926 3311 citur.
985 3255 1180 3311 Urbem
1219 3257 1404 3323 itaque
1444 3252 1706 3324 l'ugivitus
1740 3254 1951 3322 repetit,
1984 3253 2194 3319 multis,
2241 3267 2350 3306 non

761 3367 827 3405 ex
882 3349 1147 3421 gregariis
1197 3347 1361 3401 modo
1410 3346 1572 3416 395
1622 3346 1914 3411 militibus,
1972 3347 2066 3400 sed
2118 3355 2174 3399 et
2220 3345 2353 3399 viris

2452 2155 2821 2224 ρεσκομένους
2850 2155 2915 2218 ⁸⁵,
2941 2154 3017 2218 ὡς
3046 2156 3263 2223 μέλλειν
3304 2158 3467 2211 αὐτὸν
3504 2158 3812 2228 βασιλεύειν
3843 2162 4028 2230 δείρας

2450 2245 2545 2298 καὶ
2563 2246 2869 2315 κουρεύσας
2894 2247 2952 2298 ὲν
2978 2247 3054 2317 τῷ
3082 2250 3403 2320 πραιτωρίῳ
3425 2252 3775 2325 ἀπέΘετο.Τῷ
3805 2255 3861 2307 δὲ
3896 2257 4032 2308 Ἰου-

2449 2338 2548 2409 λίῳ
2575 2339 2705 2408 μηνὶ
2733 2338 3167 2408 ἐπεστράτευσεν
3211 2340 3353 2394 κατά
3388 2342 3733 2415 Βουλνγάρων,
3768 2349 3865 2400 καὶ
3888 2347 4034 2401 ἔκτι-

2453 2444 2545 2481 σεν
2568 2428 2628 2480 τὸ
2657 2428 2702 2459 ⁸⁸
2726 2428 2963 2497 κάστρον
2996 2429 3335 2497 Μαρκέλλων
3357 2448 3370 2462 ο
3416 2433 3511 2484 καὶ
3541 2437 3608 2503 τῇ
3664 2437 3883 2507 εἰκοστῇ
3936 2439 4030 2490 τοῦ

2463 2520 2683 2574 Ἰουλίου
2708 2523 2873 2591 μηνὸς
2900 2522 3121 2591 ἐξῆλθεν
3133 2523 3429 2594 Κάρδαμος
3456 2528 3483 2578 ὀ
3507 2527 3664 2596 κῦρις
3688 2528 3787 2598 τῆς
3804 2531 4034 2599 Βουλγα-

2452 2611 2575 2683 ρίας
2606 2612 2745 2681 μετά
2782 2614 2959 2682 πάσης
2999 2613 3100 2682 τῆς
3133 2614 3415 2682 δυνάμεως
3446 2617 3635 2683 αὐτοῦ,
3666 2621 3761 2673 καὶ.
3791 2621 3920 2690 ἔστη
3974 2624 4034 2674 ἐν

2451 2700 2924 2772 τοῖς,ὀχυρώμασι.
2977 2702 3410 2773 Θερμοπνοήσας
3439 2704 3495 2757 δὲ
3526 2708 3554 2758 ό
3600 2707 3876 2776 βασιλεὺς,
3936 2713 4034 2763 καὶ

2453 2794 2559 2847 ὑπὸ
2616 2793 3082 2863 ψευδοπροφητῶν
3146 2795 3435 2861 πεισθεὶς,
3500 2798 3573 2861 ὡς
3648 2801 3815 2854 αὐτοῦ
3876 2804 4031 2856 ἔσται

2451 2886 2484 2956 η
2548 2885 2697 2955 νίκη,
2743 2884 2999 2948 ἀσκόπως
3058 2887 3154 2938 καὶ
3216 2886 3466 2951 ἀτάκτως
3525 2891 3819 2947 συνέϐαλεν
3871 2894 4031 2948 πόλα-

2455 2993 2577 3046 μον,
2617 2976 2712 3030 καὶ
2742 2979 2973 3047 ἡττᾶται
3013 2978 3302 3048 σφοδρῶς.
3347 2981 3738 3052 Ἐπανέρχεται
3765 2985 3822 3038 δὲ
3855 2989 4034 3054 φυγάς

2452 3070 2511 3121 ὲν
2541 3072 2607 3139 τῇ
2640 3069 2792 3122 πόλει
2822 3069 3049 3134 πολλοὺς
3089 3070 3403 3137 ἀποϐαλὼν,
3437 3073 3499 3124 ού
3540 3074 3701 3141 μόνον
3729 3075 3823 3129 τοῦ
3853 3077 4035 3130 κοινοῦ

2454 3160 2609 3227 λαοῦ,
2641 3160 2777 3214 ἀλλά
2798 3160 2894 3212 καὶ
2922 3160 3031 3213 τῶν
3056 3161 3112 3213 ὲν
3142 3159 3311 3227 τέλει,
3349 3164 3408 3215 ὲν
3446 3158 3528 3226 οἷς
3561 3166 3655 3216 καὶ
3682 3166 3904 3237 Μιχαὴλ
3931 3169 4038 3235 μά·

2454 3269 2680 3322 γιστρον
2710 3250 3227 3321 Λαχανοδράκοντα,
3247 3253 3340 3305 καὶ
3366 3252 3580 3322 Βάρδαν
3601 3256 3912 3325 πατρίκισν,
3940 3258 4038 3310 καὶ

2459 3344 2733 3411 Στέφανον
2792 3342 3306 3413 πρωτοσπαῦάριον,
3335 3344 3426 3397 τὸν
3465 3346 3662 3416 Χαμέα
3696 3348 3761 3413 δ’,
3791 3349 4037 3419 Νικήταν

765 3447 819 3498 in
860 3443 1124 3513 dignitate
1159 3440 1475 3496 constitutis
1512 3439 1752 3505 amissis,
1790 3440 1928 3494 inter
1963 3454 2103 3509 quos
2132 3439 2356 3493 fuerunt
2386 3426 2429 3484 C
2464 3449 2525 3485 τε

2272 3446 2356 3491 int
2386 3426 2429 3484 C
2464 3449 2525 3485 τε
2554 3431 2650 3485 καὶ
2678 3432 3023 3499 Θεόγνωστον
3044 3432 3383 3503 στρατηγοὺς
3404 3436 3693 3501 γεγονότας
3710 3438 3806 3491 καὶ
3828 3438 4034 3509 ἀνορέ-

764 3536 1000 3590 Michael
1050 3535 1307 3603 magister
1340 3532 1789 3595 Lachanodraco,
1816 3529 2019 3586 Bardes
2064 3531 2348 3601 patricius,

768 3630 1083 3697 Stephanus
1130 3624 1627 3694 protospatharius,
1676 3622 1961 3678 Cbamaaas
2020 3636 2084 3677 ac
2134 3621 2351 3676 Nicetas

766 3730 821 3775 ct
854 3721 1255 3789 Theognostns,
1292 3718 1387 3787 qui
1417 3717 1585 3771 duces
1608 3716 1954 3778 exstiterant,
1992 3713 2353 3782 hominesque

765 3833 830 3869 ex
888 3814 1245 3883 imperatorio
1297 3812 1563 3867 comitatu
1624 3824 1733 3864 non
1782 3808 1974 3878 pauci:
2030 3807 2352 3862 Pancratius

767 3907 954 3969 etiam,
1008 3905 1178 3960 falsus
1232 3904 1321 3959 ille
1382 3913 1530 3957 vates
1577 3909 1632 3955 et
1687 3910 2054 3964 astronomus,
2101 3899 2193 3968 qui
2247 3901 2352 3952 im-

768 3999 1036 4069 peraturis
1088 3997 1373 4052 victoriam
1430 3995 1670 4049 futuram
1722 3994 2069 4063 praedixerat.
2107 3991 2186 4045 Ad
2242 3990 2355 4044 hare

768 4093 984 4161 Bulgari
1018 4090 1444 4160 impedimentis,
1481 4086 1858 4153 facultatibus,
1895 4085 2052 4156 equis
2090 4092 2144 4139 et
2179 4091 2357 4138 tento-

770 4188 977 4239 riorum
1040 4182 1287 4236 omnium
1343 4188 1606 4249 apparatu
1639 4193 1765 4232 eum
1806 4177 2064 4231 universa
2115 4174 2351 4243 impera-

771 4277 910 4331 toria
943 4272 1278 4343 supellectile
1310 4270 1473 4341 potiti
1504 4269 1749 4324 fuerunt.
1782 4268 2052 4323 Caeterum
2091 4265 2354 4320 militares

772 4370 995 4423 nnlines
1048 4368 1101 4420 in
1135 4367 1324 4420 urbem
1377 4364 1574 4418 invecti
1626 4360 1994 4431 Nicephorum
2025 4371 2355 4413 excarsarem

770 4465 1004 4517 mlucere
1045 4471 1097 4515 et
1127 4461 1511 4529 imperatorem
1552 4455 1869 4510 renuntiare
1906 4452 2179 4509 eonsiliati
2206 4458 2357 4506 sunt.

770 4553 1160 4609 Constantinus
1183 4550 1560 4621 coniuratione
1589 4544 1991 4619 patefacta,qui
2021 4542 2358 4599 Constantini

774 4647 859 4701 avi
894 4646 979 4701 sui
1018 4646 1191 4699 lilium
1222 4653 1520 4712 utrumque
1553 4640 1621 4695 ad
1656 4639 1829 4695 sancti
1862 4636 2150 4691 Mamantis
2172 4635 2356 4689 locum

2456 3542 2595 3588 πους
2642 3525 2960 3596 βασιλικοὺς
3014 3526 3114 3578 οὐκ
3143 3525 3379 3595 ὀλίγους,
3412 3529 3505 3580 καὶ
3552 3529 3902 3600 Παγκράτιον
3946 3531 4037 3584 τὸν

2455 3615 2911 3688 ψευδοπροφήτην
2961 3617 3056 3670 καὶ
3106 3618 3463 3687 ἀστρονόμον,
3519 3620 3669 3683 ὅστις
3732 3624 3827 3673 καὶ
3882 3624 4037 3691 νικᾷ)

2458 3711 2622 3765 αὐτὸν
2656 3714 3088 3783 προεφήτευσεν.
3132 3714 3420 3783 Ἐπείρασι
3440 3714 3487 3745 ⁸⁸
3505 3715 3562 3767 δὲ
3584 3716 3679 3767 καὶ
3706 3715 3768 3767 τὸ
3796 3715 4033 3780 τοῦλδον,

2458 3802 2723 3872 χρήματά
2748 3819 2807 3854 τε
2834 3803 2930 3855 καὶ
2956 3803 3156 3868 ἵππους
3194 3806 3287 3857 καὶ
3313 3809 3414 3875 τὴν
3449 3806 3652 3877 κόρτην
3686 3808 3824 3876 μετά
3858 3808 4036 3873 πάσης

2457 3896 2557 3966 τῆς
2612 3894 2899 3973 βασιλικῆς
2952 3897 3280 3967 ὑπουργίας.
3323 3897 3444 3950 Τῶν
3481 3898 3538 3951 δὲ
3591 3899 3886 3969 ταγμάτων
3924 3903 4040 3952 ἐπι-

2462 3988 2837 4059 συναχθέντων
2856 3990 2913 4041 ὲν
2934 3992 2997 4058 τῇ
3024 3988 3197 4054 πόλει,
3221 3989 3614 4045 ἐϐουλεύσαντο
3639 3993 3925 4061 ἐξαγαγεῖν
3940 3994 4007 4045 Νι
4023 4025 4036 4031 -

2464 4080 2704 4151 κηφόρον
2725 4080 2939 4132 τὸνάπὸ
2964 4081 3279 4151 Καισάρων,
3306 4083 3401 4135 καὶ¹
3424 4083 3710 4152 στῆσαιείς
3733 4084 3777 4115 ⁸⁸
3796 4083 4038 4151 βασιλέα.

2461 4173 2631 4227 Τοῦτο
2691 4173 2852 4241 γνοὺς
2898 4174 3331 4238 Κωνσταντίνος,
3383 4175 3712 4239 ἀποστείλας
3770 4175 4040 4246 ἐξήγαγεν

2460 4264 2807 4335 ἀμφοτέρους
2841 4265 2967 4325 τοὺς
3022 4262 3172 4327 υἱοὺς
3220 4264 3637 4319 Κωνσταντίνου
3682 4264 3778 4318 τοῦ
3809 4267 4037 4318 πάππου

2461 4356 2625 4410 αὐτοῦ
2667 4358 2725 4408 ὲν
2754 4354 2832 4424 τῷ
2868 4354 3036 4423 ’Δγίῳ
3058 4354 3316 4422 Μάμαντι
3344 4371 3358 4385 ·
3400 4358 3494 4406 καὶ
3530 4357 3621 4408 τὸν
3674 4358 3774 4425 μὲν
3799 4358 4039 4427 Nam“-

2464 4464 2558 4517 ρον
2592 4445 2926 4515 ἐτύφλωσεν,
2959 4443 3336 4514 ΧριστοφὸρΟν
3381 4444 3438 4496 δὲ
3472 4445 3569 4497 καὶ
3605 4446 3871 4516 Νικήταν,
3913 4448 4041 4498 Ἀν-

2464 4540 2623 4611 Θιμόν
2648 4554 2707 4591 τε
2737 4538 2833 4591 καὶ
2852 4536 3148 4607 Εὑδόκιμον
3176 4535 3663 4608 ὲγλωσσοκόπησεν
3690 4553 3703 4567 ο
3733 4540 3830 4590 σὺν
3858 4539 4040 4600 αὐτοῖς

2463 4632 2520 4685 δὲ
2542 4630 2639 4684 καὶ
2681 4629 2764 4680 Ἀ)
2778 4627 2919 4694 έξιον
2947 4627 3039 4679 τὸν
3067 4625 3432 4696 προλεχθέντα
3461 4628 3752 4697 πατρίκιοι)
3799 4629 4040 4697 ἐτύφλω-

776 4740 1089 4803 educerent,
1120 4737 1292 4802 misit,
1326 4750 1391 4791 ae
1424 4733 1792 4804 Nicephorum
1818 4730 2037 4802 quidem
2073 4728 2356 4785 oculorum
2395 4762 2438 4816 ο
2467 4740 2538 4775 σεε

2281 4742 2356 4781 1m
2395 4762 2438 4816 ο
2467 4740 2579 4788 σεν,
2620 4719 2866 4781 πεισθεὶς
2932 4720 3053 4780 ταῖς
3109 4718 3155 4748 ⁸⁰
3213 4719 3509 4787 μητρικαῖς
3562 4719 3905 4789 εἰσηγήσεσι,
3954 4721 4043 4771 καὶ

776 4833 1008 4886 orbitate
1066 4831 1372 4891 damnavit,
1437 4826 1838 4897 Christophoro
1912 4839 2059 4889 vero,

2138 4822 2360 4887 Nicetre,

776 4926 1038 4980 Anthimo
1095 4933 1151 4978 et
1202 4921 1500 4977 Eudocimo
1552 4919 1769 4988 linguas
1824 4916 2113 4989 pratscimli
2162 4914 2362 4985 iussit:

778 5029 902 5067 rum
950 5014 1029 5067 eis
1062 5026 1277 5081 quoque
1330 5010 1603 5075 Alexium,
1650 5024 1811 5079 quem
1867 5008 2130 5069 diximus,
2191 5005 2363 5075 patri-

778 5108 923 5159 cium
956 5105 1240 5160 oculorum
1283 5119 1384 5158 usu
1423 5102 1675 5173 privavit,
1721 5099 1981 5154 maternis
2036 5099 2273 5152 maxime
2308 5105 2364 5152 et

781 5196 1049 5254 Stauracii
1098 5198 1335 5267 patricii,
1367 5197 1433 5250 de
1486 5211 1596 5265 quo
1628 5195 1913 5263 hucusque
1961 5192 2216 5261 frequens
2250 5205 2363 5243 ser-

783 5309 891 5358 mo,
923 5290 1169 5346 consiliis
1202 5290 1481 5352 inductus,
1523 5287 1619 5359 qui
1658 5287 1821 5341 istum
1858 5285 1961 5340 nisi
1998 5283 2172 5338 Oculis
2202 5282 2362 5336 orba-

2471 4811 2811 4886 Σταυρακίου
2842 4810 2936 4864 τού
2971 4809 3379 4881 προρρηθέντος
3412 4809 3727 4879 πατρικίου,
3751 4811 3826 4872 ὡς
3875 4812 3924 4862 εί
3970 4811 4046 4880 μὴ

2470 4906 2661 4960 τοῦτον
2684 4904 3101 4974 ὲκτυφλώσειεν,
3139 4902 3219 4964 είς
3244 4900 3471 4970 βασιλέα
3502 4900 3667 4953 αὑτὸν
3691 4900 4042 4970 ψηφίζονται.

2482 4999 2730 5068 Ἐγένετο
2756 4997 2814 5051 δὲ
2848 4998 2881 5067 ἡ
2915 4994 3120 5048 τούτων
3150 4992 3311 5060 ποινὴ
3347 4992 3478 5061 μηνὶ
3512 4991 3829 5063 Αὐγούστῳ,
3862 4994 4046 5064 ἡμέρᾳ

2468 5089 2753 5159 Σαϐϐάτῳ,
2792 5085 3082 5140 ἱνδικτιῶνι
3117 5081 3198 5147 ιε’,
3232 5083 3365 5155 ὥρα
3398 5081 3464 5137 0'.
3512 5084 3653 5136 Ἀλλ’
3681 5085 3783 5137 οὐκ
3822 5086 3900 5146 εἰς
3946 5104 4047 5154 μαο

2469 5183 2608 5254 κράν
2643 5184 2678 5252 ἡ
2702 5180 2822 5236 θεία
2846 5179 2971 5247 δίκη
2996 5179 3038 5209 ⁵³
3062 5176 3415 5245 ἀνεκδίκητον
3442 5178 3487 5208 ⁵⁸
3517 5177 3700 5229 εἴασεν
3736 5178 3836 5245 τὴν
3864 5177 4048 5230 ἄδικον

2476 5275 2681 5345 ταύτην
2709 5271 2929 5343 πρᾶξιν.
2965 5268 3119 5323 Μετά
3142 5268 3251 5338 γάρ
3275 5267 3539 5339 πενταετῆ
3570 5268 3759 5339 χρόνον
3794 5267 3870 5339 τῷ
3905 5269 4048 5337 αὐτῷ

2082 5435 2319 5493 VABUE
2374 5430 2666 5491 LECTION
2676 5428 2775 5485 ES.

852 5546 897 5577 “
927 5544 1259 5615 άνθυπέστρ.
1288 5544 1350 5605 Α,
1386 5537 1644 5615 ἀνεξύστρ,
1672 5535 1819 5615 vulg.
1900 5532 1946 5563 ⁸⁷⁵
1976 5532 2261 5615 ἐνστάντες
2287 5531 2349 5583 Α.
2426 5528 2473 5559 ’⁵⁸
2506 5522 3006 5615 ρεσκουμξνονςρἐξ,
3653 5518 3863 5615 ἔξω,
3898 5520 4043 5615 ε-ιὲ.

785 5615 827 5645 ⁸⁷
851 5616 1081 5682 Χαμέαν
1110 5616 1172 5668 Α.

784 5681 1022 5753 ἀπῆραν.
1129 5687 1171 5718 δ’
1204 5685 1283 5746 είς
1350 5682 1472 5736 τιό-Ι.
1501 5696 1566 5735 ex
1602 5681 1661 5729 Δ.

786 5755 1087 5820 άνεξεκδίκ.
1121 5757 1265 5817 vulg.

1284 5588 1642 5679 ἰῖἶὲῖτείρασῖ]
1687 5588 2067 5679 νάπέῆρασινΑΛὲ,
2084 5588 2392 5679 utrumque
2423 5588 2723 5679 manifesto
2749 5588 3071 5679 corruptum
3112 5607 3124 5642 :
3152 5588 3515 5679 scribentium
3558 5588 3799 5679 utuinfra
3832 5605 3886 5679 ρ,
3918 5588 4042 5679 753.

1762 5666 2093 5734 δί’πεισθεὶς
2122 5675 2242 5736 ταῖς
2279 5666 2332 5736 ἵ,
2373 5686 2436 5723 π.
2461 5668 2514 5721 δὲ
2543 5669 2663 5729 ταῖς
2685 5666 2831 5734 vulg.

2948 5664 2991 5693 ⁸¹
3020 5664 3052 5731 ἡ
3083 5662 3178 5714 τοῦ
3205 5660 3340 5715 Θεοῦ
3366 5662 3411 5713 δ.
3449 5666 3512 5715 Α.
3627 5663 3670 5693 ⁵³
3702 5659 3943 5712 ά·.·εκὸίκ.
3972 5660 4041 5716 Α.
