4462 6446
756 418 860 485 947

2149 409 2650 475 THEOPHANIS

3917 419 4024 487 948

754 528 932 599 copiis
971 526 1270 582 exercitum
1324 523 1638 579 universum
1698 524 1993 592 imperator
2040 525 2256 596 collegit
2278 505 2344 580 iet
2374 532 2418 588 Α
2450 524 2511 577 δα

2278 505 2344 580 ἰιι
2374 532 2418 588 Α
2450 524 2621 595 διμος
2658 524 2823 598 ἦλθεν
2849 529 2952 593 ἕως
2989 530 3084 585 τοῦ
3113 533 3321 597 δάσεως
3362 533 3655 604 Ἀδρολέδα
3694 536 3761 602 ⁷⁸,
3797 538 3891 592 καὶ
3914 539 4023 593 δει-

755 619 1111 675 Bersiniciam
1171 629 1344 684 usque
1400 614 1681 685 profectus
1766 624 1873 669 est.
1916 614 2217 670 Cardamus
2269 630 2338 669 ex

755 712 988 766 adverso
1037 707 1105 761 ad
1148 705 1474 761 Abroleham
1508 704 1699 758 silvam
1735 704 1903 772 venit,
1948 714 2002 758 et
2042 712 2188 759 metu
2246 720 2335 758 re-

755 811 937 858 tentus
967 801 1092 855 luco
1141 814 1200 855 se
1240 798 1469 852 abdidit.
1497 797 1801 866 imperator
1828 796 2029 852 animis
2072 796 2335 851 exercitui

753 896 957 951 additis
988 896 1053 949 ad
1095 895 1277 949 lucum
1317 892 1643 948 Abrolebam
1677 892 1947 962 processit
1977 892 2171 948 diebus
2204 907 2339 947 con-

754 990 924 1044 tinuis
978 987 1389 1057 septemdecim,
1428 985 1640 1039 hostem
1674 984 1739 1039 ad
1772 999 2004 1055 pugnam
2040 984 2334 1048 lacessens,

747 1095 912 1149 quam
959 1080 1051 1134 ille
1087 1079 1295 1133 viribus
1327 1076 1577 1132 dilIidens
1627 1076 1766 1131 inire
1833 1077 2127 1145 recusavit,
2183 1084 2239 1131 et
2281 1078 2334 1131 in

746 1172 1085 1241 provinciam
1125 1185 1184 1227 se
1218 1169 1443 1239 recepit.
1472 1169 1673 1224 Eodem
1721 1183 1867 1224 anno
1902 1168 2110 1224 Arabes
2161 1167 2333 1224 Amo-

2440 616 2637 683 λιάσας
2672 620 2890 691 ἔμεινεν
2947 622 3007 675 ὲν
3045 623 3124 693 τῷ
3156 625 3328 678 ἄλσει.
3380 627 3438 679 '0
3467 626 3523 680 δὲ
3564 627 3815 696 βασιλεὺς
3850 646 4029 700 παραα

2440 709 2716 781 θαρρύνας
2747 713 2840 765 τὸν
2868 713 2996 767 λαὸν
3022 715 3211 782 αὐτοῦ,
3258 717 3502 787 ἀπῆλθεν
3531 718 3637 780 ἓως
3680 718 3776 773 τοῦ
3810 720 4021 790 γυμνοῦ

2452 799 2750 869 Ἀϐρολέδα
2805 805 3288 876 προσκαλούμενος
3338 809 3500 861 αὑτὸν
3532 811 3625 862 ἐπὶ
3678 811 3894 881 ἡμέρας
3940 811 4023 876 ιζ’.

2452 890 2511 943 Ὀ
2543 892 2602 944 δὲ
2655 893 2756 946 οὐκ
2807 895 3132 967 ἐτόλμησεν,
3168 897 3283 951 ἀλλ’
3315 898 3623 970 ἐπανῆλθεν
3652 904 3830 971 φυγάς
3854 905 3934 967 εἰς
3956 904 4025 957 τά

2447 982 2577 1036 [δια.
2612 983 2704 1055 Τῷ
2740 984 2785 1037 δ’
2810 984 2959 1058 αύτῷ
3012 988 3188 1058 χρόνῳ
3223 991 3317 1042 καὶ
3367 991 3418 1044 oi
3456 992 3696 1061 ’Ἄραϐες
3728 988 3892 1063 ἦλθον
3918 993 4023 1060 ἕως

2444 1075 2546 1128 τοῦ
2582 1076 2881 1149 ’Δμωρίου,
2940 1080 3037 1133 καὶ
3102 1080 3256 1134 ούδὲν
3327 1082 3625 1147 ἀνύσαντες
3676 1085 4026 1156 ὑπέστρεψαν

2443 1170 2826 1240 αἰχμαλωσίαν
2856 1175 2938 1238 εἰς
2964 1174 3034 1228 τὰ
3071 1176 3357 1247 περίχωρα
3397 1179 3724 1248 ποιήσαντες
3750 1180 3819 1233 ⁷³.

749 1268 892 1321 rium
968 1281 1141 1337 usque
1190 1266 1526 1336 irruperunt,
1574 1264 1961 1334 nonnullisque
2018 1264 2248 1334 captivis
2294 1279 2325 1318 e
2365 1264 2545 1320 vicino
2628 1282 2762 1337 agro
2814 1270 3089 1336 abductis,
3125 1287 3186 1326 re
3271 1272 3470 1327 inlecta
3514 1274 3736 1329 domum
3788 1276 4022 1346 regressi

747 1368 897 1415 sunt.

817 1450 1020 1506 Eodem
1052 1449 1217 1505 etiam
1265 1463 1408 1502 anno
1441 1446 1614 1510 Plato,
1647 1446 2035 1502 saecundionis
2064 1447 2327 1516 praeposi-

747 1555 856 1609 tus,
906 1558 938 1597 a
975 1539 1191 1596 Tarasii
1224 1540 1549 1610 patriarcha:
1576 1540 1966 1593 communione
1991 1554 2051 1593 se
2080 1553 2329 1610 segrega-

745 1635 840 1699 vit,
894 1632 1038 1703 quod
1088 1631 1178 1685 ille
1224 1629 1632 1685 communionis
1667 1643 1779 1683 suae
1827 1628 2144 1698 participem
2208 1629 2331 1681 red-

749 1726 904 1780 deret
933 1723 1319 1792 imperatorem
1361 1729 1415 1775 et
1446 1718 1759 1775 catechistte
1794 1719 2155 1787 imperatricis
2211 1728 2329 1772 ton-

2507 1449 2599 1520 Τῷ
2634 1450 2679 1502 δ’
2704 1449 2853 1519 αὐτῷ
2870 1450 2979 1502 ἔτει
3009 1451 3234 1504 Πλάτων
3258 1454 3286 1506 ὁ
3303 1453 3394 1504 τοῦ
3430 1454 3830 1519 σακκουδίωνος
3853 1457 4023 1526 ἡγού-

2443 1559 2601 1612 μενος
2667 1541 2783 1612 (89)
2838 1542 3152 1613 ἀπέστησεν
3186 1545 3230 1575 "
3259 1544 3358 1612 τῆς
3406 1547 3695 1609 κοινωνίας
3744 1548 4023 1618 Ταρασίου

2440 1633 2535 1686 τοῦ
2572 1635 2943 1705 πατριάρχου,
2985 1636 3061 1700 ὡς
3092 1636 3391 1705 δεξαμένου
3418 1638 3510 1690 τὸν
3546 1637 3772 1709 βασιλέα
3806 1641 3885 1703 είς
3919 1660 4028 1695 κοι-

2436 1724 2630 1777 νωνίαν
2679 1718 2813 1795 (90),
2864 1726 2959 1778 καὶ
2988 1727 3377 1795 ἐπιτρέψαντος
3410 1727 3487 1798 τῷ
3518 1732 3800 1800 κατηχητῇ
3826 1731 3870 1761 ⁷³
3904 1730 4019 1800 (9|)

746 1815 935 1871 nenda:
958 1821 1282 1884 potestatem
1312 1812 1551 1878 fecisset,
1587 1820 1641 1865 et
1669 1810 1848 1864 abbati
1873 1808 2097 1879 Joseph,
2127 1810 2327 1865 Catha-
2361 1859 2408 1917 Β
2438 1818 2508 1869 τος

2258 1826 2327 1864 Ia-
2361 1859 2408 1917 Β
2438 1817 2533 1869 τοῦ
2559 1817 2855 1887 κουρεῦσαι
2909 1820 3006 1889 τὴν
3053 1822 3290 1887 γυναῖκα
3320 1821 3484 1874 αὐτοῦ
3533 1822 3772 1892 Μαρίαν,
3804 1824 3899 1875 καὶ
3940 1824 4020 1891 τῷ

750 1924 937 1964 rorum
970 1907 1282 1977 praeposito,
1331 1914 1391 1961 ut
1424 1920 1549 1959 eum
1585 1918 1712 1958 eum
1765 1900 2051 1957 Theodoto
2106 1903 2171 1956 ad
2228 1919 2333 1956 nu-
2361 1900 2408 1917 "
2436 1906 2512 1960 d6

2258 1919 2333 1955 χιι-
2361 1900 2408 1917 ³³
2436 1906 2581 1978 ἀὸδᾷ
2623 1906 2822 1978 Ἰωσὴφ
2855 1908 2934 1978 τῷ
2958 1911 3248 1981 ἡγουμένῳ
3276 1911 3385 1963 τῶν
3404 1910 3675 1984 Καθαρῶν
3700 1913 3795 1966 τοῦ
3820 1932 4020 1984 στεφα-

746 2001 943 2071 ptiales
1001 1998 1238 2053 corollas
1291 1996 1626 2062 admitteret,
1687 2008 1873 2066 parem
1946 1995 2187 2051 dedisset
2242 2010 2333 2050 ve-

686 2150 689 2153 .
746 2093 915 2148 niam.
958 2092 1263 2162 Imperator
1305 2098 1528 2159 accepto
1559 2089 1753 2143 nuntio
1782 2087 2113 2142 Bardanium
2162 2089 2332 2157 patri-

747 2186 893 2239 cium
933 2194 988 2240 et
1041 2183 1355 2239 scholarum
1403 2182 1765 2237 domesticum
1794 2190 1847 2235 et
1876 2179 2139 2236 Joannem
2173 2181 2332 2251 Opsi-

748 2278 819 2332 cii
871 2278 1123 2333 comitem
1194 2275 1366 2343 misit,
1416 2275 1511 2346 qui
1550 2274 1832 2330 Platonem
1895 2274 1949 2329 in
2004 2275 2190 2329 urbem
2245 2276 2331 2328 in-

2434 1999 2604 2052 νῶσαι
2650 2000 2813 2054 αὐτὸν
2843 2000 2983 2071 μετά
3010 2002 3111 2072 τῆς
3143 2004 3426 2075 Θεοδότης.
3456 2006 3570 2058 Καὶ
3600 2004 3762 2059 τοῦτο
3792 2008 3957 2073 γνοὺς
3993 2008 4020 2059 ὁ

2438 2093 2691 2161 βασιλεὺς
2723 2094 3050 2147 ἀπέστειλεν
3102 2094 3400 2166 Βαρδάνιον
3446 2096 3539 2149 τὸν
3590 2096 3883 2167 πατρίκιον
3929 2097 4024 2150 καὶ

2436 2185 2761 2255 δομέστικον
2822 2187 2934 2240 τῶν
2986 2187 3193 2258 σχολῶν
3249 2189 3344 2242 καὶ
3385 2190 3641 2258 Ἰωάννην
3684 2189 3777 2242 τὸν
3809 2188 4024 2259 κόμητα

2438 2275 2533 2329 τοῦ
2576 2276 2844 2346 Ὀψικίου,
2877 2279 2973 2331 καὶ
3030 2279 3327 2349 εἰσήγαγεν
3356 2280 3447 2335 τὸν
3498 2281 3764 2336 Πλάτωνα
3806 2282 3886 2343 είς
3920 2282 4019 2349 τξμ

747 2374 975 2427 ductum
1028 2371 1083 2425 in
1133 2369 1408 2439 ergastulo
1438 2369 1505 2424 ad
1533 2367 1813 2423 Michaelis
1849 2367 2088 2423 cmlestis
2125 2366 2334 2421 militia:
2440 2368 2509 2422 πό

2259 2366 2334 2420 .ῖὶἰῖ
2440 2368 2598 2422 πόλιν
2656 2367 2719 2433 ⁷⁸,
2784 2368 2881 2423 καὶ
2939 2369 3267 2424 ἀπέκλεισεν
3324 2373 3403 2436 είς
3452 2372 3813 2443 ἐγκλείστραν
3844 2373 3904 2424 ὲν
3945 2369 4021 2441 τῷ

747 2465 1014 2536 principis
1066 2464 1122 2519 in
1175 2463 1382 2535 palatio
1428 2469 1666 2518 erectam
1705 2460 1875 2516 aedem
1929 2460 2167 2516 inclusit.
2227 2458 2336 2513 Re—
2438 2480 2509 2514 var

2259 2462 2336 2513 le-
2438 2461 2552 2531 ναῷ
2584 2462 2697 2532 (92)
2729 2462 2823 2515 τοῦ
2884 2463 3328 2535 ἀρχιστρατήγου
3359 2468 3417 2517 ἐν
3460 2465 3537 2536 τῷ
3584 2464 3854 2535 παλατίῳ,
3895 2464 4021 2527 τοὺς

747 2560 936 2631 liquos
989 2566 1173 2613 autem
1229 2556 1531 2611 monachos
1593 2570 1699 2610 una
1749 2569 1875 2609 cum
1932 2554 2178 2608 Platonis
2239 2568 2335 2607 ne-
2436 2556 2492 2608 δὲ

2260 2568 2335 2607 Ie-
2436 2556 2492 2608 δὲ
2520 2555 2740 2620 λοιποὺς
2768 2559 3040 2628 μοναχοὺς
3101 2560 3196 2612 σὺν
3231 2561 3344 2622 τοῖς
3374 2559 3623 2627 ἀνεψιοῖς
3653 2558 3818 2613 αὐτοῦ
3847 2556 4022 2626 τύψας

749 2652 977 2722 potibus
1020 2665 1195 2707 cassos
1226 2648 1673 2705 Thessalonicam
1704 2646 1981 2717 relegavit,
2018 2660 2158 2717 quos
2184 2646 2339 2701 Irene
2439 2649 2511 2712 ὲξι

2257 2662 2339 2701 :ne
2439 2647 2699 2718 ἐξώρισεν
2731 2650 2777 2681 ⁷⁸
2807 2651 2866 2703 ὲν
2899 2649 3293 2722 Θεσσαλονίκῃ,
3346 2645 3420 2705 ὧν
3450 2653 3495 2683 ⁷⁸
3527 2649 3938 2723 ύπερασπίζετο
3986 2651 4019 2719 ὴ

750 2747 873 2803 ideo
905 2742 1277 2800 defendendos
1302 2741 1566 2812 suscepit,
1592 2740 1738 2812 quod
1771 2740 1883 2795 lilio
1915 2739 2339 2794 adversarentur
2443 2742 2512 2811 μή

2254 2746 2339 2791 lur
2443 2742 2627 2811 μήτηρ
2647 2741 2743 2795 τοῦ
2769 2741 3055 2812 βασιλέως,
3083 2744 3159 2807 ὼς
3185 2743 3264 2813 τῷ
3299 2743 3401 2814 υἱῷ
3425 2743 3599 2813 αὐτῆς
3622 2741 4016 2811 ἀντιταττομέ-

747 2848 804 2895 et
865 2854 989 2893 enm
1040 2835 1260 2906 probris
1306 2834 1667 2891 incesserent.

818 2931 885 2985 Δ.
913 2929 977 2986 C.
1012 2926 1416 2983 789.—Romte
1432 2925 1661 2996 episcopi
1692 2923 1880 2978 Leonis
1912 2939 2079 2977 annus
2111 2923 2335 2992 primus.

826 3110 939 3166 Hoc
972 3123 1120 3164 anno
1152 3122 1343 3163 mense
1373 3105 1680 3177 Septembri
1716 3106 2013 3175 imperator
2056 3117 2164 3156 una
2213 3115 2339 3157 cum

2440 2839 2564 2895 νους
2591 2834 2687 2885 καὶ
2707 2834 3172 2904 καταισχύνοντας
3202 2835 3385 2889 αὐτόν.

2512 2925 2579 2978 A.
2635 2925 2689 2978 Μ
2701 2966 2713 2980 .
2763 2924 2925 2980 6289.
2976 2954 3047 2967 --
3090 2926 3319 2998 Ῥώμης
3382 2927 3723 2981 ἐπισκόπου
3764 2924 4022 2991 Λέοντος

2440 3017 2577 3081 ἔτος
2608 3015 2683 3071 α’.
3376 3060 3379 3065 ,

2512 3108 2701 3180 Τούτῳ
2721 3108 2802 3179 τῷ
2824 3108 2955 3172 ἔτει,
2994 3112 3124 3180 μηνὶ
3153 3111 3531 3182 Σεπτεμϐρίῳ,
3564 3110 3786 3181 ἐξῆλθεν
3813 3112 3841 3162 ὁ
3861 3107 4018 3179 βασι-

750 3210 929 3256 matre
988 3201 1326 3256 thermarum
1394 3197 1557 3265 aquis
1616 3196 1950 3252 recreandos
2000 3192 2230 3248 Prusam
2281 3201 2412 3265 sec
2444 3197 2512 3251 λεί

2281 3206 2340 3248 se
2365 3201 2412 3265 ο
2444 3197 2568 3261 λεὺς
2600 3200 2696 3252 σὺν
2719 3202 2786 3270 τῇ
2821 3200 2992 3271 μητρὶ
3020 3200 3186 3254 αὐτοῦ
3214 3202 3273 3256 έν
3298 3204 3363 3271 τῇ
3396 3202 3613 3273 Προύσῃ
3636 3200 3910 3271 θερμῆσαι
3933 3197 4014 3231 ⁷⁷·

751 3292 1007 3351 contulit.
1038 3290 1220 3347 Mense
1246 3290 1479 3347 subinde
1507 3288 1730 3346 Octobri
1766 3288 1972 3357 quinta:
2000 3284 2338 3349 indictionis,

752 3386 949 3453 lilium,
1007 3398 1171 3455 quem
1203 3382 1441 3438 Leonem
1500 3382 1826 3443 nominavit,
1864 3395 1932 3435 ex
1962 3380 2196 3449 conjuge
2222 3393 2343 3433 sus-

750 3476 916 3547 cepit,
955 3490 1068 3545 quo
1120 3473 1315 3529 nuntio
1360 3473 1427 3529 ad
1483 3486 1609 3528 eum
1666 3471 1867 3537 delato,
1901 3480 2131 3526 matrem
2183 3484 2339 3525 suam

750 3571 807 3625 in
852 3567 1086 3624 thermis
1123 3581 1235 3620 una
1286 3580 1411 3622 cum
1474 3564 1626 3620 omni
1683 3565 2037 3633 imperatorio
2079 3562 2339 3618 comitatu

748 3670 805 3718 et
832 3661 1027 3718 aulicis
1059 3660 1400 3729 relinquens,
1432 3656 1662 3713 festinus
1692 3657 1746 3711 in
1771 3657 1939 3728 398
1958 3657 2146 3711 urbem
2176 3665 2345 3710 retro-

750 3755 935 3811 cessit.
990 3753 1068 3808 lbi
1122 3760 1336 3821 tempus
1363 3750 1778 3805 accommodum
1812 3751 1967 3805 lrcne
2006 3760 2164 3805 nacta
2210 3750 2355 3805 cum

750 3848 1004 3904 ordinum
1037 3842 1357 3901 militarium
1388 3842 1621 3898 ducibus
1658 3843 1995 3914 colloquium
2034 3843 2246 3909 habuit,
2286 3852 2341 3899 et

752 3955 863 4013 qua
926 3937 1248 3996 muneribus
1316 3937 1374 3992 in
1435 3950 1530 3992 eos
1585 3936 1816 4007 sparsis,
1870 3952 1982 4007 qua
2048 3936 2338 4007 promissis

2439 3291 2536 3344 καὶ
2569 3294 2635 3362 τῇ
2670 3290 2715 3356 ζ’
2763 3293 2859 3346 τοῦ
2908 3294 3245 3366 Ὀκτωσρίου
3290 3296 3459 3367 μηνὸς
3483 3298 3581 3366 τῆς
3605 3301 3649 3348 ε’
3690 3293 4020 3356 ινδικτιῶνος

2440 3381 2637 3452 ἐτέχθη
2676 3382 2757 3453 τῷ
2794 3383 3004 3453 βασιλεῖ
3028 3385 3163 3448 υίὸς,
3186 3385 3245 3438 δν
3267 3386 3624 3456 ἐπωνόμασεν
3646 3385 3853 3438 Λέοντα
3871 3399 3885 3413 ο
3922 3383 4021 3435 καὶ

2443 3472 2631 3544 μαθὼν
2657 3476 2685 3527 ὁ
2703 3474 2958 3545 βασιλεὺς
3021 3477 3338 3531 καταλιπὼν
3379 3476 3479 3546 τὴν
3530 3476 3741 3547 μητέρα
3770 3472 3939 3527 αὐτοῦ
3962 3472 4022 3523 ἐν

2449 3569 2562 3630 τοῖς
2588 3567 2810 3638 θερμοῖς
2870 3570 2968 3623 σὺν
3014 3570 3165 3643 πάσῃ
3202 3573 3270 3642 τῇ
3321 3570 3573 3641 βασιλικῇ
3606 3568 3759 3633 τάξει
3790 3567 4019 3627 καὶτοῖς

2447 3662 2728 3731 ἄρχουσιν,
2785 3663 3043 3733 δρομαῖος
3094 3668 3175 3729 εἰς
3218 3666 3318 3736 τὴν
3368 3667 3522 3720 πόλιν
3558 3666 3603 3698 ’⁷⁸
3654 3662 4016 3733 ὑπέστρεψεν.

2450 3758 2697 3827 Εὐροῦσα
2760 3758 2817 3811 δὲ
2867 3758 3071 3828 διορίαν
3165 3759 3360 3812 τούτου
3396 3761 3579 3829 μήτηρ
3612 3756 4019 3828 προσελάλησεν

2392 3897 2399 3903 .
2447 3849 2543 3907 καὶ
2598 3848 2871 3917 ύπέσυρεν
2918 3849 3151 3920 δωρεαῖς
3218 3851 3309 3902 καὶ
3363 3848 3690 3918 ὑποσχέσεσι
3743 3848 3871 3909 τοὺς
3910 3844 4018 3897 τῶν

2445 3940 2742 4010 ταγμάτων
2760 3940 3027 4013 ἄρχοντας
3054 3941 3190 4012 πρὸς
3212 3942 3274 3994 τὸ
3296 3941 3544 3995 καθελεῖν
3566 3941 3658 3994 τὸν
3682 3939 3793 3992 υἱὸν
3823 3937 4015 4006 αὐτῆς,

2041 4050 2279 4107 VARUS
2316 4052 2720 4112 LECTIONES.

848 4150 897 4183 ⁷⁸
925 4149 1231 4221 Ἀκρολέὸα
1253 4149 1319 4202 Α.

1426 4148 1470 4219 τι
1502 4148 1732 4216 suam.
1778 4179 1848 4219 :—
1891 4149 2219 4219 ποιήσαντες
2274 4164 2384 4219 Qm-
2431 4167 2486 4206 3-
2562 4156 2608 4187 "
2636 4154 2746 4219 ἀπέ

2752 4171 2936 4224 σχιξεν
2966 4156 3032 4208 A.
3109 4156 3155 4187 ⁷³
3182 4155 3304 4207 τότε
3334 4154 3615 4223 κατηχήίὴῖ
3650 4153 3712 4207 Λ.
3787 4152 3835 4183 ⁷³
3866 4152 4014 4224 ἔνι’τῇ

752 4220 908 4276 πόλει
936 4222 1004 4294 Α.
1028 4216 1041 4221 ⁷
1074 4222 1123 4255 ’⁵
1143 4220 1317 4289 τύψας
1347 4216 1607 4290 ἐξώρισεν
1635 4221 1702 4286 Α,
1731 4216 2305 4289 τύψαντεςίέξώρισαν
2325 4221 2472 4293 vulg.
2546 4224 2593 4257 ⁷⁸
2622 4218 2698 4285 ὧν
2727 4216 2898 4291 Αίόἷς
2930 4224 2969 4290 f,
2996 4224 3089 4289 ob;
3121 4226 3264 4294 vulg.
3338 4225 3383 4255 ⁷⁷
3411 4216 3671 4294 θερμίέαι
3712 4226 3776 4277 Λ.
3845 4222 3888 4253 ⁷³
3923 4216 4015 4273 ἐπῖ

752 4310 808 4347 τ.
841 4310 901 4346 π.
925 4293 993 4348 Α.

2032 4384 2173 4441 JAC.
2207 4386 2417 4443 GOARI
2453 4388 2684 4445 NOT/E.

826 4482 940 4554 (89)
960 4482 1034 4554 Εἰ
1070 4482 1405 4554 monasterio
1436 4482 1490 4537 in
1527 4490 1711 4554 monte
1757 4480 1988 4554 Olympo
2034 4483 2336 4554 constituto

2442 4486 2742 4557 τρέψαντος
2770 4487 2954 4558 itaque
2983 4489 3285 4556 permittere
3303 4502 3365 4542 ac
3388 4488 3635 4547 tolerare,
3668 4499 3776 4558 non
3826 4483 4013 4558 ξαίνοντι

756 4550 989 4629 svt'nboli
1021 4569 1217 4629 nomen
1243 4552 1541 4629 imponitur
1564 4550 2181 4629 a_TheodoroS}udita,
2208 4553 2331 4629 Pla-
2367 4564 2409 4618 Ι)
2438 4550 2523 4629 vel
2550 4550 2846 4621 exhortari,
2867 4550 2994 4628 'quo
3026 4574 3189 4614 sensu
3238 4558 3575 4629 frequentius
3612 4555 3781 4609 utitur
3830 4552 4017 4607 Theo-

755 4622 904 4678 tuuis
929 4624 1054 4678 vita:
1081 4624 1369 4692 scriptore,
1403 4622 1545 4692 apud
1602 4622 1844 4677 Surium'
1866 4622 1933 4687 16
1964 4622 2296 4680 Decembris.

828 4695 940 4764 (90)
973 4693 1260 4765 severam_
1298 4692 1540 4765 Platonis
1573 4698 1626 4746 ln
1675 4694 1974 4765 i'lfarasium
2011 4695 2336 4765 sententiam

757 4762 998 4828 lunatius
1023 4763 1186 4831 hujus
1220 4762 1353 4817 Vita:
1386 4764 1620 4830 scriptor
1674 4762 1759 4819 his
1788 4763 1970 4817 verbis
2024 4762 2291 4832 temperat
2322 4784 2336 4820 :

760 4836 885 4889 Non
915 4835 989 4888 sic
1013 4850 1133 4887 eum
1162 4844 1432 4888 aversatus
1467 4842 1545 4887 est
1581 4832 1760 4894 Plato.
1814 4833 1952 4903 quod
1992 4837 2099 4902 ipse
2147 4836 2339 4903 proba-

760 4908 889 4959 verit
923 4905 1091 4958 scelus
1122 4905 1487 4973 imperatoris:
1526 4903 1581 4956 id
1618 4904 1829 4973 quidem
1860 4920 2189 4973 nequaquam
2250 4924 2339 4961 ac-

760 4921 889 4959 rent
923 4921 1091 4958 scelus
1122 4921 1487 4973 imperatoris:
1526 4921 1581 4956 ta
1618 4921 1829 4973 quidem
1860 4921 2025 4973 nequa
2101 4921 2189 4957 am
2250 4924 2339 4961 ac-

760 4976 887 5029 cidit
934 4990 1187 5044 unquam,
1234 4992 1394 5044 neque
1449 4974 1587 5043 quod
1618 4990 1625 4998 δ
1654 4976 1984 5029 eoronaverit
2022 4921 2339 5031 ﬁeodotem

759 5046 995 5115 pellicem
1031 5063 1045 5099 :
1079 5061 1201 5097 nam
1223 5056 1273 5099 et
1300 5045 1365 5098 ab
1404 5044 1679 5115 Itocqlonge
1705 5045 1913 5115 longius
1944 5054 2173 5100 remotus
2211 5047 2340 5115 fuit.

767 5116 1037 5170 Probatur
1068 5116 1177 5184 ipse
1241 5116 1448 5186 quidem
1489 5113 1553 5169 de
1588 5113 2045 5186 abiecta—conjuge
2085 5113 2339 5172 acerrime

762 5187 1100 5256 redarguisse
1129 5187 1521 5254 imperatorem,
1547 5195 1597 5240 et
1639 5187 1955 5240 detestatum
1986 5204 2098 5241 esse
2145 5202 2338 5242 novum

762 5269 947 5311 contra
971 5257 1106 5326 leges
1132 5273 1315 5311 sacras
1338 5257 1531 5311 initum
1550 5256 1877 5326 conjugium,
1894 5273 2055 5326 neque
2080 5273 2338 5313 coronare

764 5329 875 5381 ullo
896 5326 1053 5380 modo
1071 5327 1300 5382 voluisse
1323 5344 1509 5381 novom
1537 5327 1775 5394 pellicem
1805 5329 1870 5380 ab
1892 5328 2007 5397 ipso
2024 5329 2343 5395 imperatore

765 5400 1096 5451 nominatam
1122 5398 1437 5468 Augustam.
1484 5398 1674 5470 Verum
1702 5415 1761 5470 eo
1793 5400 1932 5465 quod
1993 5399 2339 5470 redargutum

764 5472 1133 5537 imperatorem
1176 5485 1501 5538 nequaquam
1522 5468 1587 5523 ab
1621 5468 1857 5523 Ecclesia
1901 5468 2215 5537 separassét,
2249 5474 2338 5524 sed

766 5557 885 5593 cum
924 5540 1018 5593 illo
1068 5541 1519 5610 communicaret:
1552 5556 1715 5610 neque
1740 5556 1859 5594 eum
1902 5543 1991 5608 qni
2037 5540 2339 5594 adulteram

767 5620 1087 5677 coronasset,
1108 5612 1171 5663 ab
1188 5609 1427 5664 Ecclesia
1440 5609 1735 5680 abjecisset;
1750 5612 1948 5664 idcirco
1971 5612 2080 5680 ipse
2100 5610 2255 5665 Plato
2275 5614 2338 5665 ab

767 5682 945 5747 ejusse
969 5682 1626 5752 communioneabstinuit,
1650 5694 1749 5737 etc.
1768 5682 2084 5751 llmedictps
2103 5681 2342 5752 lgnatius

771 5754 913 5819 apud
965 5751 1258 5805 Baroninm
1310 5768 1454 5808 anno
1488 5752 1611 5813 793.
1669 5771 1821 5808 num.
1859 5754 1967 5819 46;
2027 5751 2167 5809 idem
2198 5756 2338 5821 apud

774 5822 994 5874 Snrinm
1051 5824 1121 5875 ‘26
1179 5823 1339 5878 Fehr.
1374 5834 1481 5877 tota
1540 5826 1639 5877 hac
1689 5825 1936 5890 historia,
1981 5838 2036 5879 et
2093 5826 2339 5892 pluribus

772 5893 895 5949 aliis
922 5894 1113 5965 lt‘gilttt'
1143 5896 1421 5951 mutilatus
1449 5906 1497 5950 et
1525 5898 1746 5953 omnino
1782 5896 2055 5953 deformis.
2095 5897 2188 5961 τὸ,
2219 5899 2338 5950 ἑπι-

2442 4628 2671 4698 phanes.
2707 4629 3109 4698 exponendum.

2512 4698 2625 4768 (91)
2646 4698 2914 4755 Sacerdos
2934 4700 3455 4755 catechumenorum
3490 4704 3736 4768 curator.
3768 4702 3821 4747 et
3849 4707 4011 4747 exor-

2439 4766 2643 4824 cismos
2673 4770 2725 4823 in
2765 4769 3367 4837 adultorumhaptismo
3394 4771 3571 4839 legere
3624 4766 3838 4826 solitus,
3885 4779 4012 4814 χατ-

2439 4840 2647 4963 ηχητὴς
2671 4850 2773 4898 est.
2795 4840 2941 4895 Inter
2964 4840 3222 4895 oﬂiciales
3244 4838 3499 4897 Ecclesia:
3518 4838 3624 4919 Ωιτ.
3642 4842 4014 4917 τεςεηεθψτρ

2438 4912 2517 4965 (ιο
2561 4925 2650 4965 mo
2682 4926 2803 4982 cap.
2835 4913 2861 4966 1
2889 4927 2905 4978 ;
2939 4926 3039 4967 nos
3068 4912 3137 4966 de
3167 4913 3359 4969 eodem
3393 4913 3449 4967 in
3485 4916 3634 4964 notis
3654 4908 3760 4961 alia
3808 4904 4015 4974 adieci-

2791 4953 2905 4978 ἰ’

2440 4996 2582 5036 mus.

2512 5051 2625 5125 (92)
2653 5049 2938 5125 Templum
2985 5051 3131 5106 istud
3189 5044 3468 5104 Michaelis
3502 5048 3746 5125 caelestis
3807 5044 4017 5125 militiae

2441 5115 2724 5189 principis.
2784 5115 3149 5176 Catharorum
3226 5121 3619 5189 monasterium
3666 5119 3814 5189 idem
3886 5115 4012 5171 fuit.

2473 5186 2728 5246 :‘heod‘oro
2785 5191 3002 5248 Studita
3059 5193 3113 5246 in
3159 5189 3281 5245 Vita
3334 5186 3579 5245 Platonis
3626 5188 3680 5243 id
3732 5195 4015 5242 asserente

2439 5263 2581 5330 apud
2626 5262 2844 5317 Sutrium
2889 5263 3200 5319 Decembris
3254 5258 3342 5313 die
3374 5259 3441 5313 i6
3468 5278 3481 5313 :
3511 5260 3707 5314 Carcer
3761 5266 3875 5330 erat
3906 5271 4016 5330 mo:

2442 5325 2732 5387 nosterium
2756 5334 3094 5403 imperatoris
3110 5330 3314 5403 palatio
3346 5331 3645 5403 adhaerens,
3668 5337 3716 5382 et
3754 5325 4014 5396 ejusmodi

2441 5404 2695 5457 custodite
2727 5401 3042 5472 prrepositus
3113 5411 3227 5456 erat
3256 5401 3301 5453 is
3341 5402 3434 5469 qui
3466 5401 3740 5474 adulteros
3788 5412 4015 5474 corona-

2442 5483 2606 5527 verat.
2636 5475 2701 5528 Et
2730 5493 2742 5528 :
2775 5470 3141 5543 confessorem
3192 5487 3311 5527 eum
3350 5488 3459 5525 esse
3507 5470 3769 5543 probavit,
3813 5483 3932 5543 cum
3958 5470 4013 5517 in

2442 5545 2632 5616 cellula
2654 5540 3025 5615 (ἐγκλείστρα)
3043 5544 3274 5613 quadam
3294 5553 3350 5596 ut
3366 5540 3672 5616 maleﬁcum
3725 5540 4009 5616 nominent.

2441 5615 2595 5668 illum
2626 5607 2862 5669 veritatis
2900 5607 3199 5669 tlies'aurum
3226 5607 3589 5677 conclusisset,
3625 5610 3860 5665 clavibus
3888 5607 4012 5677 aliis

2444 5687 2581 5739 alias
2616 5687 2834 5750 addens,
2862 5703 2925 5740 ac
2952 5688 3122 5739 cibum
3144 5702 3236 5753 per
3267 5685 3507 5752 foramen
3528 5676 3793 5753 quoddam
3815 5682 3863 5735 ei
3891 5676 4012 5753 dari

2437 5758 2653 5826 jnbens.
2693 5770 2807 5809 uta
2856 5758 3001 5810 nullo
3032 5749 3245 5825 prorsus
3268 5749 3453 5808 'videri
3486 5749 3675 5826 posset.
3714 5749 4011 5810 Adeundus

2447 5829 2713 5885 Ital-unius
2742 5830 2805 5884 ad
2868 5845 3070 5883 annum
3102 5828 3307 5884 Christi
3341 5826 3468 5882 795.
