4462 6446
383 429 486 493 95Ἱ

1677 436 2352 506 CIIRONOGRAPHIA.

3542 443 3653 505 958

459 547 526 599 Δ.
554 546 631 599 Μ.
663 543 824 600 6294.
858 575 925 586 ——
948 543 1138 617 Τούτῳ
1162 545 1241 617 τῷ
1264 544 1375 599 ἔτει
1412 546 1618 612 Ἀἑτιος
1642 549 1976 620 ὁπατρίκιος
2000 554 2049 615 Α
2146 557 2211 610 Α.

1890 567 1976 612 ηιος
2000 554 2049 615 Α
2146 557 2211 610 Α.
2244 556 2308 611 C.
2342 558 2464 612 794.
2494 590 2562 599 --
2614 556 2724 613 lloc
2771 573 2916 611 anno
2956 556 3139 612 Actius
3188 554 3452 627 patricius
3483 554 3652 610 Slau-

379 636 715 705 ἀιταλλαγεὶς
737 638 1079 708 Σταυρακίου
1102 640 1195 692 καὶ⁵
1228 641 1707 711 ἀπομεριμνήσας,
1738 642 1799 695 τὸ
1825 642 1965 712 κρά-

378 747 469 794 τος
508 732 590 793 είς
616 728 708 783 τὸν
736 729 866 782 ἴδιον
890 729 1118 799 ἀδελφὸν
1141 732 1469 801 μετενέγκαι
1493 731 1775 797 ἔσπευδεν,
1792 733 1851 787 ὃν
1874 727 1969 787 καὶ

380 822 717 893 προεϐάλετο
746 822 795 852 ³⁸
829 823 1272 894 μονοστράτηγον
1301 827 1383 888 είς
1412 824 1512 896 τὴν
1529 826 1573 857 ’ν
1600 825 1823 897 Θρᾴκην
1874 826 1970 879 καὶ

380 915 742 980 Μακεδονίαν,
770 914 931 975 αὐτὸς
954 916 1022 968 τὰ
1041 915 1310 989 περατικὰ
1337 916 1552 987 θέματα
1574 918 1819 988 κατέχων
1842 919 1972 972 ἀνα-

378 1010 627 1073 τολικοὺς
653 1010 746 1063 καὶ
769 1008 872 1079 τὴν
917 1008 1146 1079 Ὀψίκην
1172 1006 1218 1039 ’³
1249 1025 1263 1040 ·
1306 1009 1597 1079 ὲπάρσεως
1638 1008 1733 1064 οὖν
1769 1009 1967 1081 μεστὸς

380 1102 661 1172 ὑπάρχων,
689 1100 815 1164 τοὺς
843 1101 902 1152 ἑν
931 1100 1079 1152 τέλει
1108 1101 1377 1170 ἄρχοντας
1399 1099 1819 1165 κατευτελίζων,
1873 1102 1972 1154 ἀντ

380 1195 594 1258 οὐδενὸς
614 1191 887 1262 ἐλογίζετο
919 1209 936 1225 ο
963 1193 1013 1246 οἱ
1034 1195 1127 1247 καὶ
1158 1193 1492 1265 λυπηθέντες
1512 1194 1634 1249 κατ’
1653 1193 1818 1247 αὐτοῦ
1842 1192 1971 1263 σφό-

383 1288 506 1359 δρα,
540 1286 730 1340 στάσιν
754 1287 895 1341 κατά
924 1287 1023 1356 τῆς
1074 1286 1394 1357 βασιλίσσης
1426 1287 1846 1359 μελετήσαντες,
1891 1286 1971 1350 είς

381 1380 543 1451 ἔργον
570 1380 891 1451 ἐξήνεγκαν.
939 1379 1222 1449 Ἔφθασαν
1249 1378 1307 1434 δὲ
1337 1379 1431 1433 καὶ
1464 1380 1511 1412 ⁹⁹
1546 1379 1597 1432 οι
1627 1377 1970 1432 ἀποσταλέν-

382 1493 475 1538 τες
502 1474 655 1545 παρὰ
702 1474 991 1544 Καρούλου
1044 1473 1464 1545 ἀποκρισιάριοι
1512 1473 1609 1526 καὶ
1665 1472 1761 1527 τοῦ
1814 1470 1971 1525 πάπα

383 1569 614 1631 Λέοντος
656 1568 792 1639 πρὸς
827 1567 926 1637 τὴν
987 1567 1249 1639 Εἰρήνην,
1304 1567 1620 1636 αἰτούμενοι
1672 1563 1970 1634 ζευχθῆναι

386 1660 555 1729 αὐτὴν
591 1659 670 1729 τῷ
700 1660 969 1730 Καρούλῳ
1003 1659 1141 1729 πρὸς
1180 1659 1381 1729 γάμον,
1412 1658 1507 1712 καὶ
1527 1657 1727 1711 ὲνῶσαι
1750 1656 1821 1709 τὰ
1858 1655 1970 1726 ὲῷα

384 1752 478 1805 καὶ
509 1752 578 1805 τὰ
610 1751 865 1821 ἑσπέρια,
896 1751 1017 1819 ἥτις
1042 1751 1354 1820 ὑπήκουσεν
1383 1749 1472 1815 ἂν,
1502 1749 1552 1801 εἰ
1582 1746 1660 1818 μὴ
1701 1746 1906 1809 Ἀέτιος
1926 1747 1972 1779 ³⁸

381 1838 538 1908 οὗτος
554 1848 581 1898 ὁ
600 1844 860 1908 πολλάκις
881 1844 1067 1915 ῥηθεὶς
1092 1844 1135 1876 ³¹
1161 1843 1455 1908 ἐκώλυσεν,
1475 1839 1973 1912 παραδυναστεύων

384 1940 477 1993 καὶ
504 1938 564 1991 τὸ
590 1936 789 2008 κράτος
842 1939 922 2001 είς
969 1936 1061 1992 τὸν
1108 1936 1241 1990 ἴδιον
1297 1934 1527 2005 ἀδελφὸν
1581 1932 1970 2005 σφετεριζόμε-

383 2050 495 2097 νος.

455 2308 521 2361 Δ.
554 2306 620 2361 Μ.
649 2306 809 2361 (3205.
836 2336 905 2345 -
944 2305 1241 2374 Ῥωμαίων
1274 2304 1582 2371 ,ϐασιλέως
1628 2303 1973 2374 Νικηφόρον

385 2403 524 2469 ἔτος
561 2399 633 2457 a'.

457 2492 652 2566 Τούτῳ
678 2493 758 2562 τῷ
792 2492 926 2559 ἔτει,
974 2492 1108 2564 μηνὶ
1157 2489 1477 2562 Ὀκτωόρίῳ
1509 2489 1616 2555 λα’,
1677 2487 1969 2542 ίνδικτιῶνι

388 2586 478 2653 ια’,
509 2587 629 2659 ὥρᾳ
651 2589 940 2658 νυκτερινῇ
969 2586 1032 2651 δ’,
1084 2583 1507 2654 ὲπιφωσκούσης
1544 2582 1760 2654 ἡμέρας
1782 2581 1967 2636 δευτέ-

388 2699 511 2753 ρας,
569 2680 883 2752 Νικηφόρος
940 2679 1229 2750 πατρίκιος
1273 2678 1369 2732 καὶ
1416 2676 1630 2744 γενικὸς
1680 2674 1972 2746 λογοθέτης

385 2770 754 2841 ἐτυράννησεν
800 2767 943 2822 κατὰ
976 2769 1075 2839 τῆς
1133 2766 1536 2838 εὐσεϐεστάτης
1583 2761 1904 2836 Δύγούστης
1926 2766 1971 2798 ³¹

385 2864 646 2935 Εἰρήνης,
697 2862 832 2916 Θεοῦ
874 2862 972 2932 μὲν
1005 2861 1461 2933 συγχωρήσαντος
1506 2860 1736 2928 ἀφάτοις
1768 2858 1971 2931 κρίμαο

386 2974 471 3010 σιν
501 2956 592 3009 διὰ
638 2954 843 3025 πλῆθος
882 2954 1170 3025 ἁμαρτιῶν
1206 2953 1386 3023 ήμῶν,
1459 2951 1868 3024 συνεργούντων
1909 2951 1970 3005 δὲ

383 3047 565 3102 αὐτῶν
624 3047 839 3117 Νικήτα
877 3044 922 3077 ³³
979 3044 1271 3114 πατρικίου
1315 3043 1412 3097 καὶ
1471 3043 1798 3112 δομεστίκου
1857 3042 1971 3097 τῶν

385 3140 611 3212 σχολῶν,
641 3141 735 3193 καὶ
764 3138 1029 3193 Σισιννίου
1068 3137 1359 3209 πατρικίου
1397 3138 1492 3191 καὶ
1518 3136 1756 3207 ἀδελφοῦ
1776 3136 1965 3203 αὐτοῦ,

2073 649 2205 703 racii
2239 658 2383 705 metu
2421 651 2578 716 liber,
2609 663 2661 707 ct
2707 654 2775 707 ab
2807 668 2871 705 ea
2915 667 3049 706 cura
3095 660 3451 716 exoneratus,
3503 664 3655 703 sum-

2072 756 2217 796 mam
2252 743 2465 813 imperii
2503 753 2825 813 potestatem
2880 744 2933 798 in
2989 742 3211 799 fratrem
3260 758 3420 797 suum
3465 750 3655 797 trans-

2072 830 2214 888 ferre
2271 847 2495 903 operam
2549 850 2769 889 onmem
2825 836 3142 898 adhibebat,
3210 851 3319 904 qua
3365 834 3434 889 de
3486 849 3652 889 causa

2073 937 2393 994 supremum
2424 928 2697 981 exercitus
2729 926 2928 981 ducem
2963 942 3058 997 per
3088 925 3378 980 Thraciam
3402 933 3456 980 et
3476 925 3652 980 Mace-

2072 1015 2297 1072 doniam
2342 1024 2469 1073 eunt
2524 1017 2735 1074 institui
2788 1026 3096 1086 curaverat,
3136 1018 3252 1089 ipse
3278 1017 3375 1088 qui
3410 1018 3654 1073 orienta-

2073 1106 2205 1163 lium
2237 1118 2288 1163 et
2332 1107 2752 1177 ()psicianorum
2787 1108 3025 1164 themata
3052 1118 3205 1165 trans
3239 1106 3439 1163 fretum
3472 1108 3654 1179 posita

2072 1198 2311 1269 regebat.
2375 1198 2493 1254 Tali
2527 1199 2835 1269 arrOgantia
2854 1200 3049 1270 plenus
3075 1210 3130 1256 et
3157 1208 3491 1267 exaestuans,
3526 1215 3657 1270 pro-

2073 1305 2228 1349 ceres
2284 1290 2353 1346 ad
2398 1292 2692 1362 dignitates
2742 1300 2963 1349 evectos
3018 1293 3369 1362 despiciens,
3411 1294 3653 1364 reliquos

2074 1388 2232 1443 nihili
2265 1388 2614 1443 aestimandos
2633 1388 2985 1457 opinabatur.
3012 1386 3176 1460 402
3207 1388 3389 1455 Quare
3414 1389 3655 1459 graviter

2074 1484 2221 1548 irati,
2258 1483 2586 1539 seditionem
2618 1483 2672 1536 in
2697 1482 3095 1552 imperatricem
3127 1490 3400 1551 parantes,
3430 1497 3551 1536 eam
3582 1480 3652 1535 ad

2076 1577 2237 1630 ﬁnem
2282 1575 2576 1644 perducere
2630 1574 2806 1628 moliti
2841 1581 2991 1627 sunt.
3021 1572 3191 1628 Porro
3224 1573 3571 1643 apocrisiarii
3622 1588 3653 1626 a

2072 1668 2267 1723 Carolo
2296 1677 2350 1722 et
2387 1684 2417 1720 ιι
2452 1664 2633 1720 Leone
2671 1680 2807 1735 papa
2842 1665 2993 1720 missi
3046 1664 3254 1719 lrenem
3294 1665 3491 1719 Carolo
3526 1681 3647 1719 ma-

2074 1759 2338 1814 trimonio
2380 1758 2840 1829 coniungendam,
2883 1766 3049 1826 atque
3084 1756 3160 1810 ita
3188 1755 3432 1811 Orientis
3467 1765 3521 1810 ct
3549 1755 3653 1811 Oc-

2075 1851 2306 1907 cidentis
2344 1848 2574 1919 imperia
2613 1848 2670 1902 in
2703 1863 2871 1903 unum
2908 1848 3287 1918 componenda
3315 1847 3654 1917 postulantes

2074 1945 2433 2007 advenerunt,
2472 1942 2673 2012 quibus
2730 1940 2847 2010 ipsa
2902 1955 3198 1995 assensura
3264 1949 3405 2005 erat,
3447 1939 3493 1995 si
3543 1953 3653 1993 non

2072 2035 2263 2091 Aetius
2302 2034 2404 2090 iste
2440 2043 2566 2104 post
2602 2033 3029 2102 imperatricem,
3057 2038 3117 2087 ut
3146 2046 3287 2101 saepe
3317 2031 3651 2086 memoravi-

2074 2134 2434 2193 mus,cuncta
2461 2125 2875 2189 administrans,
2910 2140 2973 2179 ac
3004 2124 3291 2194 imperium
3332 2124 3386 2178 in
3426 2122 3653 2178 fratrem

2072 2217 2371 2274 transferre
2402 2215 2716 2280 meditatus,
2756 2214 2876 2285 ejus
2905 2229 2965 2270 se
2992 2214 3238 2270 consiliis
3282 2212 3651 2283 opposuisset.

2146 2314 2212 2366 A.
2238 2310 2301 2366 C.
2329 2340 2399 2350 —
2426 2308 2556 2363 795.
2591 2306 2948 2361 Romanarum
2994 2305 3327 2376 imperatoris
3367 2302 3656 2375 Nicephom'

2073 2417 2244 2458 annus
2272 2401 2500 2468 primus.

2143 2492 2262 2548 Hoc
2287 2497 2448 2559 {anno
2501 2487 2706 2545 mensis
2744 2487 2998 2545 Octobris
3023 2486 3113 2543 die
3138 2487 3415 2544 tricesimo
3452 2486 3654 2557 primo,

2073 2585 2372 2643 indictione
2430 2582 2743 2645 undecima,
2779 2581 2914 2635 hora
2968 2581 3149 2636 noctis
3208 2588 3404 2651 quat-ta
3458 2579 3651 2633 illuce-

2072 2673 2446 2744 soentisJeria
2462 2671 2737 2736 secundae,
2770 2668 3113 2742 Nicephorus
3129 2671 3392 2741 patricius
3415 2678 3471 2724 et
3489 2684 3655 2739 gene-

2071 2769 2203 2824 ralis
2232 2767 2533 2837 logotbeta,
2565 2764 2619 2818 in
2656 2764 2961 2834 piissimam
3003 2763 3236 2830 lrenem,
3267 2762 3378 2817 Deo
3420 2761 3654 2816 delicto-

2070 2867 2195 2917 rum
2222 2869 2541 2916 nostrorum
2564 2858 2917 2914 multitudine
2943 2857 3178 2920 irritata,
3206 2864 3261 2912 et
3285 2854 3656 2911 ineffabilibus

2073 2953 2189 3010 suis
2210 2952 2436 3023 iudiciis
2468 2951 2543 3007 ita
2573 2950 2947 3022 permittente,
2982 2950 3329 3021 tyrannidem
3374 2948 3653 3012 excitavit,

2071 3045 2415 3117 adiutoribus
2448 3045 2518 3101 ad
2558 3043 2613 3099 id
2651 3059 2787 3099 usus
2824 3042 3015 3099 Niceta
3049 3043 3281 3113 patricio
3327 3050 3383 3098 et
3433 3042 3655 3097 schola-

2070 3154 2194 3194 rum
2236 3137 2539 3193 domestico
2566 3145 2619 3192 ct
2653 3136 2899 3192 Sisinnio
2951 3138 3213 3193 similiter
3260 3137 3490 3206 patricio
3534 3135 3654 3204 ejus

381 3234 491 3287 τῶν
524 3232 755 3303 δολερῶν
782 3231 877 3285 καὶ
908 3231 1182 3301 ἐπιόρκων
1205 3229 1569 3301 Τριφυλλίων.
1626 3230 1875 3301 Συνῆσαν
1914 3228 1969 3283 δὲ
1995 3231 2042 3297 C
2072 3233 2143 3288 fr:

1914 3228 1969 3283 δὲ
1995 3231 2042 3297 C
2072 3233 2277 3300 fratre,
2296 3230 2504 3286 dolosis
2527 3237 2583 3286 et
2612 3230 2851 3300 periuris
2892 3229 3230 3300 Triphylliis.
3255 3229 3567 3300 Adjunxere
3598 3244 3656 3284 se

382 3326 566 3387 αὐτοῖς
589 3326 682 3378 καὶ
708 3325 860 3376 Λέων
884 3323 1175 3394 πατρίκιος
1204 3324 1299 3377 καὶ
1328 3322 1625 3393 κοιαίστωρ
1640 3322 1687 3355 ³⁵
1710 3322 1741 3376 6
1764 3322 1970 3395 Σεραν-

382 3418 627 3487 τὰπηχος
665 3416 759 3468 καὶ
785 3413 1085 3485 Γρηγόριος
1115 3415 1145 3466 6
1175 3413 1466 3485 πατρίκιος
1495 3414 1525 3468 6
1550 3413 1965 3468 Μουσουλακίου

383 3513 476 3564 καὶ
508 3509 829 3572 Θεὸκτιστος
862 3509 891 3561 6
941 3506 1233 3577 πατρίκιος
1258 3506 1355 3560 καὶ
1378 3506 1697 3577 κοιαίστωρ,
1733 3507 1827 3559 καὶ
1863 3506 1967 3560 Πέ-

378 3618 507 3673 τρος
565 3600 850 3670 πατρίκιος
875 3599 943 3663 “,
998 3599 1381 3668 ἀπατήσαντες
1444 3596 1538 3651 καί
1586 3614 1739 3660 τινας
1766 3598 1811 3630 ³⁸
1854 3597 1965 3651 τῶν

378 3692 656 3761 ἀρχόντων
699 3688 792 3742 τοῦ
845 3688 977 3742 λαοῦ
1007 3687 1116 3740 τῶν
1166 3686 1483 3756 ταγμάτων.
1532 3686 1952 3751 Καταλασόντες

377 3784 434 3836 δὲ
466 3783 565 3853 τὴν
593 3783 892 3852 λεγομένην
936 3780 1177 3850 Χαλκῆν,
1210 3779 1303 3833 καὶ
1326 3780 1454 3842 τοὺς
1482 3779 1727 3848 φύλακας
1752 3778 1966 3849 ἀθρόως

376 3873 589 3943 ψευδῶς
618 3872 1002 3941 ἀπατήσαντες
1031 3869 1099 3934 ³⁷,
1156 3868 1405 3934 ἔπεισαν,
1461 3868 1545 3922 ὅτι
1604 3868 1737 3939 παρ’
1790 3861 1965 3937 ἅύτῆς

377 3964 765 4035 ἀπεστάλησαν
801 3962 1167 4035 ἀναγορεῦσαι
1216 3961 1442 4031 βασιλέα
1475 3960 1569 4014 τὸν
1596 3960 1760 4042 αὐτὸν
1787 3960 1963 4031 Νικηο

377 4060 563 4129 φόρον,
595 4056 683 4111 διὰ
716 4056 777 4110 τὸ
804 4055 897 4109 τὸν
921 4054 1210 4124 πατρίκιον
1236 4053 1281 4084 ³⁸
1317 4052 1520 4106 ’Δέτιον
1551 4050 1830 4124 βεᾲζεσθαι
1864 4052 1963 4105 αύ-

376 4155 478 4219 τὴν
511 4149 602 4203 τὸν
625 4147 822 4202 ἑαυτοῦ
840 4146 1069 4215 ἀδελφὸν
1091 4146 1298 4200 Λέοντα
1321 4143 1958 4215 ἀναγορεῦσαιιβασιλέα.

377 4242 440 4293 υἱ
478 4241 537 4293 δὲ
580 4239 976 4301 πιστεύσαντες
1006 4235 1086 4306 τῷ
1138 4235 1447 4307 τηλικούτῳ
1479 4236 1524 4266 ³⁹
1560 4234 1773 4304 ψεύδει,
1837 4239 1962 4288 συν-

375 4332 754 4402 ανηγὸρευσαν
773 4330 996 4400 βασιλέα
1022 4330 1113 4383 τὸν
1142 4329 1425 4399 τύραννον.
1449 4327 1636 4392 Οὕτως
1658 4323 1752 4381 οὖν
1780 4328 1873 4381 ἐπὶ
1900 4328 1961 4380 τὸ

2071 3326 2179 3382 illis
2204 3323 2316 3380 Leo
2345 3322 2610 3395 patricius
2640 3330 2695 3378 et
2734 3331 2981 3393 quaestor
3006 3322 3439 3392 Serantapeehus
3455 3322 3657 3378 etGre-

2071 3418 2259 3489 gorius
2311 3416 2599 3487 patricius,
2645 3413 2937 3471 llusulacii
2988 3414 3155 3479 ﬁlius,
3197 3422 3253 3469 et
3304 3415 3658 3469 Theoctistus

2069 3509 2333 3581 patricius
2357 3518 2412 3564 et
2436 3516 2768 3578 quaestor,et
2802 3507 2996 3562 Petrus
3026 3507 3314 3576 patricius,
3353 3506 3448 3575 qui
3477 3522 3649 3577 quos-

2069 3604 2192 3658 dam
2222 3617 2289 3656 ex
2322 3601 2554 3655 ducibus
2581 3599 2899 3654 militarium
2922 3599 3176 3655 ordinum
3214 3599 3267 3651 in
3315 3601 3498 3668 partes
3527 3612 3659 3653 suas

2081 3693 2463 3749 fraudulenter
2498 3700 2903 3761 pertraxerunt.
2950 3690 3305 3765 Postremum.
3344 3700 3524 3744 autem
3559 3706 3657 3741 nc.—

2072 3797 2296 3856 cupata,
2335 3801 2457 3856 qua:
2485 3784 2691 3840 Chalce
2734 3785 2955 3849 dicitur,
3003 3786 3258 3840 custodes
3312 3785 3460 3839 aliud
3507 3784 3659 3853 cogi—
3722 3770 3727 3774 ’

2066 3889 2245 3935 tantes
2294 3876 2598 3933 mendaciis
2648 3876 2907 3947 deceptos
2948 3876 3005 3930 in
3036 3876 3088 3930 id
3118 3875 3409 3940 inducunt,
3434 3884 3494 3930 ut
3529 3889 3656 3929 creo

2066 3972 2233 4035 dant,
2261 3970 2625 4039 imperatricis
2656 3971 2918 4025 mandato
2951 3968 3320 4038 Nicephorum
3355 3968 3656 4039 imperato-

2068 4078 2186 4118 rem
2214 4062 2627 4117 renuntiaturos
2651 4075 2711 4118 se
2737 4061 2959 4128 missos,
2985 4077 3108 4132 quae
3140 4061 3402 4116 nimirum
3430 4076 3461 4116 a
3485 4060 3658 4131 patil-

2064 4156 2150 4211 cio
2192 4155 2385 4219 Aetio,
2428 4163 2488 4209 ut
2522 4152 2743 4209 fratrem
2779 4154 2900 4224 ejus
2947 4153 3180 4209 Leonem
3220 4153 3391 4208 invita
3434 4152 3521 4227 ad
3550 4152 3657 4207 im-

2064 4246 2273 4318 perium
2324 4254 2643 4316 promoveat
2687 4254 2743 4300 et
2800 4246 3103 4316 principem
3145 4245 3406 4309 declaret,
3436 4244 3555 4314 cogi
3592 4257 3655 4299 se

2064 4340 2407 4409 experiatur.
2434 4339 2512 4393 Illi
2556 4338 2843 4393 mendacio
2869 4338 3085 4393 facilem
3114 4337 3437 4393 adhibentes
3465 4336 3655 4401 fidem,

377 4425 520 4494 μέγα
549 4423 808 4477 παλάτιον
829 4421 1081 4485 ἐλθόντες
1118 4420 1169 4473 οι
1194 4419 1353 4471 αὐτοὶ
1399 4418 1681 4489 πατρίκιοι
1710 4418 1971 4489 εἰσῆλθον
2062 4439 2139 4502 ty.

1899 4435 1971 4473 ον’
2062 4439 2353 4509 tyrannum
2402 4430 2775 4486 salutaverunt
2810 4430 3193 4496 imperatorem
3216 4471 3233 4496 ,
3265 4437 3431 4499 atque
3484 4429 3559 4483 ita
3590 4429 3659 4483 ad

373 4520 432 4569 ὲν
478 4515 646 4587 αύτῷ.
686 4516 953 4569 Κάκεῖθεν
1003 4512 1421 4574 ἀποστείλαντες
1485 4511 1607 4565 καθ’
1674 4510 1801 4581 ὅλης
1856 4511 1959 4581 τῆς
1992 4590 2021 4593 _
2065 4538 2131 4593 pa

1992 4590 2021 4593 _
2065 4523 2324 4593 palatium
2358 4522 2535 4591 majus
2566 4523 2728 4578 iidem
2754 4521 2970 4591 patricii
2999 4521 3297 4592 progressi,
3328 4521 3382 4574 in
3418 4520 3553 4575 illud
3597 4535 3659 4575 sc
3747 4510 3751 4519 ’

375 4609 584 4672 πέλεως
646 4609 893 4678 ἀσήμους
924 4606 973 4638 ⁸⁸
1019 4606 1171 4669 τινὰς
1220 4604 1316 4657 καὶ
1372 4604 1627 4668 δούλους,
1678 4604 1777 4674 τήν
1832 4604 1961 4658 ἀνα·
1992 4590 2037 4645 Ῑ)
2067 4590 2137 4670 im

1896 4622 1961 4656 ἀ·
1992 4590 2037 4645 D
2067 4590 2435 4671 immiserunt.
2456 4616 2585 4670 Inde
2613 4590 2849 4671 virisicx
2900 4590 3082 4684 populi
3110 4590 3247 4668 faece
3278 4623 3332 4668 et
3360 4612 3535 4666 servis
3564 4625 3658 4681 per

372 4702 625 4771 γόρευσιν
691 4700 1017 4768 ἐποιήσαντο
1091 4698 1195 4769 πρὸ
1252 4697 1346 4750 τοῦ
1402 4696 1757 4767 μεσονυκτίου
1784 4736 1800 4762 ,
1866 4700 1963 4753 καὶ

370 4792 621 4862 φύλακας
682 4791 1046 4862 περιέστησαν
1115 4789 1193 4861 τῷ
1253 4790 1501 4861 παλατίῳ
1571 4789 1681 4844 τῶν
1776 4790 1960 4843 Ἐλευ-

370 4885 587 4957 θερίου,
657 4885 718 4937 ὲν
772 4877 819 4953 ᾧ
882 4884 1080 4953 συνέϐη
1146 4882 1314 4954 αὐτὴν
1375 4878 1535 4940 εἶναι.
1600 4882 1837 4955 Ὀρθρου
1900 4883 1961 4937 δὲ

2068 4716 2241 4763 totam
2297 4708 2489 4762 urbem
2540 4707 2753 4771 missis,
2806 4705 3157 4776 imperatoris
3216 4704 3659 4773 designationem

2066 4812 2189 4855 ante
2239 4800 2415 4855 noctls
2450 4799 2688 4853 medium
2737 4798 3055 4867 perfecero,
3115 4806 3171 4852 et
3229 4797 3295 4850 ad
3346 4794 3649 4850 Eleutherii

2069 4893 2355 4963 palatium,
2403 4908 2513 4962 quo
2567 4892 2800 4962 contigit
2854 4891 3063 4945 lrenem
3116 4899 3247 4943 tunc
3282 4889 3512 4953 morari,
3561 4902 3660 4941 cu-

371 4978 846 5049 μεταστειλάμενοι
898 4977 1087 5047 αὐτὴν,
1138 4977 1492 5029 κατέκλεισαν
1512 4978 1570 5028 ὲν
1614 4976 1691 5049 τῷ
1733 4977 1954 5047 μεγάλῳ
2061 4995 2133 5039 ει(

1890 4982 1954 5047 λῳ
2061 4985 2247 5041 stodes
2297 4985 2724 5050 constituerunt,
2756 4999 2990 5053 eamque
3034 4982 3232 5038 deinde
3281 4980 3386 5036 sub
3436 4979 3652 5035 dilucu-

368 5070 642 5141 παλατίῳο
673 5071 767 5123 καὶ
798 5069 942 5122 οὕτω
971 5069 1240 5139 προῆλθον
1286 5070 1343 5121 ὲν
1370 5071 1437 5140 τῇ
1461 5068 1689 5139 Μεγάλῃ
1718 5069 1950 5140 Ἐκκλη-

2056 5078 2173 5134 lum
2203 5093 2269 5133 ex
2304 5095 2369 5132 co
2406 5079 2527 5133 loco
2554 5079 2873 5133 translatam
2917 5077 2971 5130 in
2998 5089 3197 5144 magno
3230 5072 3435 5143 palatio
3467 5071 3650 5125 inelu-

368 5165 460 5235 σία
486 5164 578 5217 ἐπὶ
600 5163 659 5217 τὸ
688 5163 883 5232 στέψαι
910 5162 1002 5215 τὸν
1035 5162 1315 5231 ἀλιτήριον
1345 5161 1409 5215 ⁵³.
1444 5161 1709 5232 Συνῆλθεν
1739 5160 1796 5215 δὲ
1837 5164 1947 5215 πᾶν
2058 5186 2130 5226 εει

1891 5164 1947 5215 ἰν
2058 5182 2253 5226 serunt
2300 5182 2463 5225 :tnm
2508 5188 2638 5226 vero
2674 5172 2950 5237 hominem
3003 5168 3273 5223 nefarium
3329 5162 3653 5223 coronaturi

1739 5280 1976 5337 unus
2007 5282 2420 5341 LECTIONEH‘.
2682 5261 2689 5267 ’

437 5374 482 5405 ²⁶
517 5372 576 5425 ὃν
602 5372 700 5426 καὶ
732 5372 923 5443 προεὸ.
964 5374 1030 5436 Α,
1070 5372 1100 5425 ὃ
1138 5372 1234 5424 καὶ⁵
1262 5372 1489 5442 προσεϐ.
1536 5373 1684 5443 vulg.

365 5444 409 5476 "
446 5445 542 5525 καὶ
577 5445 729 5511 prius
757 5442 884 5497 add.
915 5458 980 5497 ex
1030 5443 1096 5496 A.
1193 5446 1237 5475 "'
1276 5446 1351 5545 μὴ

366 5513 412 5545 υ
444 5516 650 5545 κιαι-.-
690 5514 718 5545 Δ
776 5513 1017 5545 Νινάφλη
1055 5513 1179 5545 uuln
1302 5514 1321 5545 ι
1344 5531 1351 5543 .

366 5513 412 5545 ³³
443 5515 655 5584 Νικήτα
683 5514 748 5576 Α,
776 5513 1017 5583 Νικήτου
1055 5513 1199 5579 vnlg.
1276 5513 1321 5545 ³⁵

362 5586 491 5645 τοὺς
516 5585 608 5637 καί
639 5600 791 5643 τινας
836 5598 885 5637 e.

363 5656 667 5726 τηλικούτῳ
690 5652 875 5721 ψεύδει
928 5654 991 5720 Α,
1044 5654 1105 5706 τὸ
1132 5654 1417 5723 τηλικοῦτο
1445 5655 1639 5723 ψεῦδος
1668 5652 1804 5724 νυΙέ.

1778 5376 1822 5406 ’⁷
1858 5377 1939 5439 εἰς
1976 5378 2078 5447 τὴν
2103 5379 2167 5446 Α,
2196 5381 2275 5441 εἰς
2300 5382 2446 5447 vulg.

1380 5443 1676 5519 ’Aétto;_A,
1712 5446 1786 5514 μὴ
1814 5448 1841 5498 ὁ
1978 5443 2120 5519 Vulg.

1344 5515 1437 5566 καὶ
1462 5515 1756 5585 κοιαὶστωρ
1786 5516 1944 5575 ’βαιὴ
1994 5533 2058 5572 ex
2073 5515 2160 5573 Ἃ.

982 5584 1026 5616 ³⁷
1055 5584 1435 5652 ἀπατήσαντες
1465 5585 1529 5641 Α.
1581 5586 1853 5654 ἀπαντήσ.
1907 5587 2050 5657 vulg.
2145 5592 2189 5623 ³⁸
2215 5592 2306 5643 τὸν
2336 5610 2503 5661 πατρ.
2534 5596 2595 5652 Λ,
2622 5610 2637 5641 σι

982 5695 991 5720 ,
1044 5654 1105 5706 τὸ
1132 5654 1417 5723 τηλικοῦτο
1445 5655 1639 5723 ψεῦδος
1668 5658 1804 5724 vulg.
1905 5658 1951 5689 η
1974 5660 2247 5733 ἀσήμους]
2274 5664 2412 5733 ἄσης
2439 5665 2561 5732 (sic)
2594 5663 2637 5715 Α

2068 5700 2247 5729 ιι-νυει
2274 5700 2411 5729 *μιν
2439 5700 2561 5729 ww;
2594 5700 2659 5715 δι’

2525 5382 2567 5414 ⁸³
2600 5380 2662 5433 τὸ
2706 5379 2948 5447 Ὀψίκιον
2988 5376 3053 5435 Α.
3082 5374 3181 5447 τήν
3222 5371 3451 5447 Ὀψίκην
3492 5369 3645 5441 vulg.

2224 5440 2265 5481 ³¹
2302 5440 2488 5519 ῥηθεὶς
2518 5453 2644 5505 add.
2678 5468 2739 5502 cx
2776 5440 2839 5502 Ᾰ.
2917 5450 2958 5481 ³³
2996 5440 3316 5515 Αύγόύστης
3343 5440 3549 5507 add,ex
3586 5440 3625 5493 Λ

2270 5522 2313 5554 ³⁵
2337 5525 2365 5574 ὁ
2399 5524 2574 5576 Move.
2600 5552 2669 5560 —-
2703 5520 2866 5576 Πέτρ.
2914 5534 3081 5576 πατρ.
3138 5530 3275 5569 οιιι.⁸
3309 5512 3375 5567 Α.
3475 5510 3521 5541 ⁸⁸
3542 5511 3646 5563 αύ-

2147 5560 2160 5572 .
2270 5534 2313 5554 ⁸³
2337 5534 2365 5574 Ο
2399 5534 2574 5576 Move.
2600 5552 2669 5560 —-
2704 5534 2866 5590 ιιετρ.
2914 5534 3081 5588 πατρ.
3138 5534 3275 5569 οιῐιοε
3309 5534 3375 5567 Α.
3475 5534 3521 5541 "
3542 5534 3643 5563 αυ-

2145 5592 2189 5623 ³⁸
2215 5592 2306 5643 τδν
2336 5610 2503 5661 πατρ.
2534 5592 2714 5652 Λ,τὸν
2764 5590 2925 5661 αὐτὸν
2982 5604 3149 5661 πατρᾼ.
3205 5584 3380 5661 γωδ..
3460 5579 3505 5612 ³⁸
3558 5578 3643 5661 ςιῷ

2774 5662 2815 5692 ⁸⁸
2858 5658 3075 5731 ἀλιτήρ.
3097 5648 3178 5724 Ἀ,
3216 5648 3448 5725 ἀλητήρ.
3484 5648 3636 5721 vulg.

1724 5748 1868 5803 JAC.
1893 5749 2103 5807 GOAlil
2140 5754 2367 5810 NOTA‘).

362 5840 745 5921 ttnn;_i_nferas
776 5842 841 5893 τιιί
868 5841 1108 5921 {ligneum
1142 5855 1311 5921 mare.
1334 5842 1455 5921 llas
1482 5842 1637 5898 Sesto
1664 5856 1724 5921 «et
1750 5845 1935 5913 Abydo
2050 5853 2282 5920 pugnari
2320 5854 2520 5906 dictum
2555 5850 2823 5921 sulmius.

360 5912 566 5967 includi
626 5914 833 5981 ignorat
901 5914 1113 5967 nullus;
1164 5914 1284 5968 illas
1332 5912 1493 5969 “tum
1540 5917 1763 5971 (ilblL‘llU
1804 5912 1923 5986 pm.
