4462 6446
760 428 865 492 963

2166 396 2671 466 TIIEOPIIANIS

3924 394 4032 458 964

762 538 928 593 liunal
964 536 1029 589 ad
1065 533 1412 604 Maguauram
1469 524 1781 583 constituit.
1813 524 1863 577 is
1892 531 2070 577 autem
2114 531 2345 591 tyranno
2377 524 2419 580 Α
2451 531 2524 567 κε’

2277 535 2345 573 uo
2377 524 2419 580 Α
2451 531 2565 569 κεν.
2611 512 2757 567 Ἰδὼν
2790 513 2845 567 δὲ
2888 513 3093 576 πάντας
3131 511 3505 581 λυπουμένους
3563 527 3665 565 κατ
3719 508 3911 577 αὐτοῦ,
3942 507 4036 563 καὶ

763 631 1117 702 quaerebatur
1154 625 1297 686 finis,
1325 638 1431 676 non
1465 631 1522 674 ut
1558 616 1912 688 pauperibus,
1941 614 2088 683 quod
2126 624 2343 680 aequum

768 724 1050 779 tribueret,
1087 725 1252 785 prout
1282 715 1463 768 exitus
1495 709 1891 771 manifestavit,
1920 706 2014 761 sed
2046 715 2107 759 ttt
2136 703 2349 757 nobiles

768 830 833 868 ac
880 812 1088 881 positos
1139 810 1192 863 in
1250 806 1509 875 dignitate
1564 803 1711 856 viros
1767 800 2037 854 dedecore
2087 797 2347 857 alliceret,

770 912 957 975 ageret
990 903 1259 971 captivos,
1303 906 1358 952 et
1379 912 1569 951 eorum
1622 894 1762 948 bona
1794 900 1990 945 cuncta
2018 889 2084 944 ad
2118 902 2176 942 se
2204 885 2353 939 deri-

775 1004 949 1059 varet,
999 994 1146 1063 quod
1202 991 1322 1061 ejus
1376 988 1657 1059 proposito
1704 984 2023 1039 felicissime
2066 978 2351 1036 successit.

778 1088 1082 1145 Universos
1120 1098 1249 1137 vero
1282 1081 1384 1136 sibi
1444 1086 1833 1136 succensentes
1878 1073 2249 1143 conspicatus,
2290 1083 2355 1124 ac

777 1196 846 1235 ne
895 1178 1031 1232 forte
1086 1176 1187 1245 pia:
1238 1174 1420 1228 lrenes
1470 1170 1861 1227 beneﬁciorum
1912 1177 2183 1221 memores
2232 1176 2354 1217 eam

778 1272 959 1323 denuo
988 1268 1054 1321 ad
1082 1265 1471 1335 rempublicam
1496 1259 1983 1317 administrandam
2011 1262 2355 1319 revocarent,

779 1361 1009 1420 veritus,
1065 1372 1254 1410 mense
1293 1352 1605 1417 Novembri,
1657 1350 1860 1421 frigore
1911 1348 2218 1418 asperrimo
2244 1349 2358 1415 jam

780 1452 943 1506 terris
1016 1449 1389 1508 incumbente,
1447 1444 1748 1499 inclemens
1807 1456 1871 1495 ac
1926 1440 2072 1495 nulla
2130 1437 2184 1490 in
2237 1450 2358 1491 eam

784 1545 989 1613 pietate
1040 1551 1243 1606 motus,
1298 1540 1351 1593 in
1401 1539 1638 1595 insulam
1677 1536 1913 1591 Lesbum
1960 1531 2256 1603 deportari,
2305 1538 2362 1584 et

784 1637 887 1689 sub
917 1633 1264 1690 strictissima
1294 1631 1468 1686 teneri
1498 1628 1773 1691 custodia,
1800 1624 1964 1697 ωε
1987 1634 2043 1679 et
2071 1638 2103 1677 a
2134 1621 2363 1675 nemine

785 1730 1004 1797 penitus
1062 1725 1307 1795 conspici
1364 1723 1662 1777 mandavit.
1704 1719 1889 1773 Mense
1938 1730 2103 1786 porro
2157 1711 2363 1783 Aprilis

783 1823 872 1877 die
943 1818 1245 1881 tricesimo,
1327 1814 1655 1885 Tripltyllins
1718 1811 1938 1867 Nicctas
2003 1821 2234 1869 veneno,
2303 1813 2363 1857 ut

784 1915 963 1972 aiunt,
987 1926 1015 1964 a
1041 1907 1349 1976 Nicephoro
1380 1880 1666 1973 propitiato
1692 1903 1998 1958 exstinctus
2023 1905 2129 1954 est.
2162 1895 2366 1950 Mensis
2397 1880 2438 1935 Β

785 2003 982 2056 deinde
1038 1998 1162 2052 Maii
1212 1997 1299 2051 die
1343 2004 1539 2065 quarto
1569 1994 1709 2048 feria
1746 1989 2101 2047 hebdomadis
2149 1988 2362 2058 quinta,

787 2093 1128 2162 Nieephorus
1181 2090 1233 2144 in
1303 2086 1665 2142 Chalcedonis
1723 2083 2036 2138 suburbana
2088 2092 2364 2148 egressus,

788 2202 912 2240 cum
929 2199 1069 2254 equo
1089 2180 1536 2237 mansnetissimo
1555 2188 1720 2247 atque
1752 2176 2048 2230 mitissimo
2082 2172 2364 2236 insideret,

790 2294 911 2348 quze
951 2275 1066 2333 ,Dei
1140 2271 1479 2344 providentia
1530 2268 1655 2331 fuit,
1716 2268 1769 2321 in
1815 2276 2015 2320 terram
2077 2276 2363 2325 excussus,

790 2370 1066 2423 dexterum
1102 2365 1293 2436 pedem
1324 2360 1605 2417 contrivit.
1641 2357 1845 2412 Mensis
1877 2363 2061 2409 autem
2103 2352 2234 2408 Julii
2282 2352 2369 2407 die

792 2461 1006 2515 decimo
1066 2472 1235 2521 nono,
1298 2455 1432 2509 feria
1505 2450 1861 2507 hebdomadis
1934 2456 2152 2517 quarta,
2234 2445 2368 2498 hora

796 2554 970 2623 prima
1006 2549 1282 2603 Bardanes
1335 2544 1596 2615 patricius
1625 2550 1679 2597 et
1724 2540 2073 2595 orientalium
2108 2537 2242 2602 dux,
2275 2534 2370 2604 qui

793 2650 1157 2713 cognomento
1206 2637 1445 2699 Turcus,
1496 2650 1525 2690 a
1568 2634 1901 2692 tbematihus
1959 2640 2112 2685 trans
2170 2628 2370 2684 fretum

795 2737 987 2805 positis
1021 2734 1317 2802 imperator
1368 2729 1639 2784 salutatus
1695 2738 1798 2790 εει,
1858 2724 1975 2792 qui,
2046 2737 2170 2778 cum
2220 2730 2371 2790 pote-

802 2837 997 2883 statem
1047 2824 1279 2879 multum
1313 2820 1697 2882 detrectasset,
1727 2832 1758 2871 a
1794 2815 2059 2869 militibus
2110 2812 2374 2881 aufu'gere

798 2931 914 2969 non
977 2914 1167 2968 valuit.
1219 2912 1273 2966 Is
1319 2908 1704 2981 ChrysOpolim
1769 2903 2071 2973 profectus,
2139 2903 2379 2956 cireum—

795 3008 963 3061 ducto
995 3022 1086 3076 per
1116 3004 1234 3058 dies
1271 3012 1396 3057 octo
1434 2999 1710 3063 exercitu,
1759 3007 1813 3051 et
1857 2998 1925 3051 ab
1972 2996 2122 3050 urbis
2162 2994 2376 3049 civibus

799 3098 943 3152 haud
974 3097 1271 3159 admissus,
1310 3094 1374 3147 ad
1413 3092 1679 3160 Malagma
1737 3104 1908 3157 usque
1964 3101 2217 3142 reversus
2268 3094 2374 3140 est.

797 3187 936 3242 Tum
992 3201 1123 3240 vero
1173 3184 1266 3238 Dei
1323 3184 1517 3235 timore
1565 3179 1781 3242 ductus,
1840 3186 1915 3241 et,
1972 3192 2040 3231 ne
2089 3175 2229 3235 forte
2259 3174 2378 3242 ejus
2401 3215 2447 3276 Ο

801 3296 970 3335 causa
997 3280 1179 3333 inultae
1208 3282 1559 3348 patrarentur
1579 3272 1777 3336 caedes,
1811 3268 2073 3324 attentius
2104 3267 2373 3337 cogitans,

800 3370 991 3425 missis
1024 3369 1089 3421 ad
1122 3366 1490 3431 Nicephorum
1535 3362 1753 3433 legatis,
1806 3360 1964 3415 fidem
1996 3360 2206 3425 accepit
2247 3374 2377 3427 pro-

808 3460 926 3529 pria
956 3459 1076 3527 ejus
1111 3472 1273 3510 manu
1309 3455 1594 3524 scriptam,
1636 3453 1724 3507 cui
1776 3452 1942 3507 etiam
1992 3450 2379 3505 sanctissimus

799 3550 1109 3619 patriarcha
1138 3547 1397 3602 Tarasius
1426 3554 1480 3601 et
1510 3544 1730 3613 patricii
1762 3557 1952 3597 omnes
1978 3541 2377 3610 subscripsere,

800 3658 913 3711 qua
954 3657 1015 3696 se
1045 3656 1285 3709 suosque
1314 3654 1507 3693 omnes
1538 3636 1846 3692 incolumes
1885 3643 2051 3705 atque
2079 3634 2379 3704 impunitos

801 3744 1077 3788 serratum
1133 3732 1197 3785 iri
1250 3730 1356 3784 sibi
1406 3729 1654 3784 cavebat.
1706 3726 1802 3781 Dic
1845 3727 2190 3795 postmodum
2242 3725 2379 3795 Sep-

805 3826 1033 3879 tembris
1064 3833 1258 3877 octavo
1286 3822 1389 3876 sub
1427 3820 1658 3875 mediam
1691 3828 1903 3873 noctem
1938 3816 2122 3886 fugam
2151 3817 2380 3872 latenter

805 3917 1100 3986 arripiens,
1163 3915 1319 3969 Cium
1391 3912 1658 3982 Bithyniae
1727 3912 1915 3964 urbem
1971 3908 2247 3979 profectus
2299 3916 2384 3962 est

804 4012 857 4064 in
912 4008 1146 4061 Ilet‘aclii
1194 4006 1637 4067 monasterium;
1674 4003 1767 4057 ubi
1823 4018 1949 4057 cum
1995 4001 2271 4070 navigium
2316 3999 2383 4053 ab

806 4102 1134 4169 imperatore
1163 4101 1230 4151 ad
1269 4098 1372 4151 hnc
1421 4097 1563 4150 istuc
1608 4094 1836 4148 missum
1886 4094 2208 4155 invenisset,
2240 4091 2292 4144 in
2320 4106 2385 4145 eo

805 4200 969 4259 caput
996 4189 1224 4253 abrasit,
1255 4204 1319 4243 ac
1350 4187 1545 4243 deimle
1578 4184 1884 4239 monastico
1936 4182 2125 4237 habitu
2161 4182 2384 4239 indutus

804 4291 909 4336 est.
959 4280 1079 4333 Mox
1130 4294 1429 4335 conscenso
1483 4278 1720 4347 navigio,
1780 4275 1833 4329 in
1884 4274 2137 4339 insulam,
2187 4271 2384 4327 Proteu

806 4372 963 4438 vulgo
992 4372 1212 4437 dictam,
1234 4371 1286 4423 in
1318 4386 1423 4439 qna
1458 4368 1855 4423 monasterium
1885 4366 2014 4420 olim
2044 4365 2383 4428 condiderat,

809 4461 1039 4528 ltnjecil,
1062 4476 1321 4514 vesanum
1352 4458 1719 4529 Nicephorum
1740 4457 2004 4512 tremendi
2024 4454 2387 4525 jurisjurandi

2450 603 2643 666 δεδιὼς
2667 642 2682 665 ,
2737 604 2935 673 μήπως
2983 602 3325 673 μεμνημένοι
3363 602 3462 671 τῆς
3496 600 3759 664 εὐσεϐοῦς
3793 598 4037 672 Εἰρήνης

2454 696 2777 765 εὐεργεσίας
2816 695 3302 765 προσκαλέσωνται
3340 694 3504 748 πάλιν
3544 693 3637 747 τοῦ
3674 695 3721 724 τ’
3757 694 4037 763 κρατῆσαι

2453 788 2649 858 αὐτὴν,
2704 787 2785 858 τῷ
2842 788 3137 859 Νοεμϐρίῳ
3190 786 3323 857 μηνὶ
3358 786 3629 857 χειμῶνος
3682 785 4035 855 ἐπικειμένου

2455 883 2781 955 βαρυτάτου,
2816 883 2916 936 οὐκ
2946 880 3215 951 ᾤκτειρεν
3242 877 3413 948 αὐτὴν
3450 880 3479 931 6
3519 876 3890 947 ἄσπλαγχνος,
3922 876 4039 930 ἀλλ’

2455 978 2717 1046 ἐξώρισεν
2762 975 2932 1045 αὐτὴν
2971 976 3030 1028 ἐν
3073 973 3264 1043 Λέσϐῳ
3314 975 3381 1043 τῇ
3434 973 3585 1043 νήσῳ
3621 970 3732 1041 (19)
3782 969 4040 1039 ἀσφαλῶς

2456 1064 2811 1143 φρουρεῖσθαι
2856 1068 3025 1140 αὐτὴν
3063 1068 3398 1140 προστάξας,
3440 1068 3537 1121 καί⁵
3578 1066 3711 1135 παρ’
3744 1063 3959 1126 οὐδενὸς
3996 1061 4042 1094 ⁷³

2456 1164 2685 1234 δρᾶσθαι
2708 1162 2770 1214 τδ
2802 1161 3018 1215 σύνολον
3051 1174 3066 1191 ο
3102 1162 3168 1230 τῇ
3213 1160 3270 1211 δέ
3300 1156 3341 1210 λ’
3370 1157 3472 1224 ,τοῦ
3524 1155 3838 1226 Ἀπριλλίου
3872 1153 4041 1225 μηνὸς

2457 1253 2885 1323 ἐπετελεύτησεν
2905 1253 3154 1322 Νικήτας
3174 1253 3204 1305 6
3224 1249 3574 1322 Τριφύλλιος,
3600 1248 3677 1311 ὦς
3718 1264 3906 1317 φασιν,
3940 1245 4046 1298 ὑπὸ

2459 1346 2780 1417 Νικηφόρου
2834 1345 3122 1415 φαρμάκῳ
3180 1342 3515 1414 ἀναιρεθείς.
3565 1342 3680 1393 Καὶ
3725 1342 3792 1409 τῇ
3859 1336 3902 1391 δ’
3945 1337 4042 1390 τοῦ

2460 1439 2641 1493 Μαΐου
2687 1438 2857 1508 μηνὸς
2884 1437 3069 1508 ἡμέρᾳ
3098 1433 3137 1489 ε’
3170 1436 3395 1506 ἐξῆλθεν
3421 1434 3738 1505 Νικηφόρος
3776 1431 3919 1485 κατά
3946 1430 4046 1499 τὴν

2461 1532 2783 1601 Χαλκηδόνα
2828 1533 2886 1584 ἐν
2928 1529 3257 1601 προαστείῳ,
3293 1530 3388 1583 καὶ
3440 1528 3639 1590 ἐπιϐάς
3696 1526 3853 1595 ἵππῳ
3899 1524 4045 1576 πάνυ

2463 1623 2804 1694 ἡμερωτάτῳ
2846 1622 2942 1675 καὶ
2974 1620 3136 1691 πράῳ
3188 1621 3253 1673 ἐκ
3289 1619 3441 1682 θείας
3466 1617 3719 1689 προνοίας
3754 1616 3824 1682 ⁷⁸,
3860 1602 4049 1667 τοῦτον

2463 1710 2787 1766 καταϐαλὼν
2817 1712 2863 1743 ⁷⁵
2891 1710 2984 1764 τὸν
3008 1709 3183 1775 δεξιὸν
3220 1708 3387 1763 αὑτοῦ
3432 1707 3567 1760 πόδα
3597 1705 3938 1776 συνέτριψεν.
3965 1703 4046 1773 Τῇ

2463 1805 2522 1858 δέ
2558 1802 2626 1857 ιθ⁹
2655 1804 2750 1858 τοῦ
2800 1788 3022 1857 Ἰουλίου
3061 1802 3253 1873 μηνὸς,
3300 1800 3487 1872 ἡμέρᾳ
3514 1797 3579 1865 δ’,
3607 1798 3727 1870 ὥρᾳ
3760 1795 4049 1866 α’,Βαρδά-

2468 1915 2565 1967 νης
2593 1899 2621 1950 6
2644 1896 2933 1966 πατρίκιος
2965 1894 3063 1948 καλ⁵
3096 1892 3402 1964 στρατηγὸς
3428 1891 3537 1945 τῶν
3573 1888 3960 1952 Ἀνατολικῶν,
3987 1886 4050 1939 τὸ

2467 1987 2697 2057 ἐπίκλην
2748 1986 2795 2017 ⁷⁸
2846 1984 3107 2054 Τοῦρκος,
3141 1982 3484 2054 ἀνηγορεύθη
3535 1983 3615 2043 εἰς
3669 1980 3894 2051 βασιλέα
3941 1979 4050 2032 ὑπὸ

2470 2080 2579 2132 τῶν
2612 2078 2934 2149 Περατικῶν
2959 2077 3233 2147 θεμάτων,
3264 2077 3412 2138 ὅστις
3433 2073 3603 2128 πολλὰ
3626 2071 4050 2149 παραιτησάμε-

2468 2190 2577 2236 νος,
2617 2172 2903 2242 διαδρᾶσαι
2958 2171 3161 2233 αὐτοὺς
3207 2172 3308 2223 οὐκ
3354 2158 3737 2238 ἴσχυσενιηιαὶ
3774 2141 4052 2220 κατελθὼν

2468 2264 2571 2327 ἕως
2620 2263 3057 2334 Χρυσοπόλεως,
3101 2263 3197 2317 καὶ
3256 2261 3663 2333 περιπολεύσας
3711 2260 3929 2330 ἡμέρας
3979 2256 4051 2327 η’,

2469 2354 2566 2408 καὶ
2597 2354 2672 2425 μῆ
2687 2352 2894 2423 δεχθεὶς
2919 2352 3023 2405 ὑπὸ
3055 2352 3153 2421 τῆς
3182 2350 3415 2417 πόλεως,
3445 2349 3787 2419 ὑπέστρεψεν
3813 2348 3917 2410 ἕως
3941 2346 4049 2398 τῶν

2470 2450 2822 2519 Μαλαγίνων.
2848 2448 3112 2519 Φοϐηθεὶς
3153 2448 3211 2501 δέ
3242 2446 3332 2500 τὸν
3359 2446 3514 2509 Θεὸν,
3551 2448 3645 2500 καὶ⁵
3670 2443 4050 2512 λογισάμενος,

2476 2545 2683 2615 μήποτε
2728 2541 2796 2594 δι’
2843 2541 3005 2594 αὐτὸν
3046 2542 3089 2573 ⁷⁷
3158 2540 3343 2610 σφαγὴ
3387 2541 3617 2609 γένηται
3666 2537 4050 2607 Χριστιανῶν,

2472 2634 2798 2697 ἀποστείλας
2832 2633 2890 2686 δὲ
2946 2633 3087 2703 πρὸς
3124 2632 3463 2702 Νικηφόρον,
3518 2631 3614 2685 καὶ
3668 2629 3849 2683 λαϐὼν
3897 2629 4055 2697 λόγον

2475 2725 2855 2795 ἐνυπὸγραφον
2898 2725 2946 2755 ⁷⁸
2996 2724 3057 2788 ἐξ
3123 2724 3409 2794 ίδιοχείρου
3458 2724 3625 2778 αὐτοῦ
3656 2762 3673 2789 ,
3717 2724 3778 2777 ἐν
3834 2716 3881 2790 ᾧ
3950 2722 4046 2775 καὶ

2475 2818 2748 2887 Ταράσιος
2795 2818 2826 2869 6
2865 2815 3168 2884 ἀγιὼτατος
3218 2816 3568 2887 πατριάρχης
3620 2817 3717 2868 καὶ
3750 2811 3953 2876 πάντες
4004 2814 4056 2867 οἱ

2476 2909 2753 2979 πατρίκιοι
2797 2907 3259 2979 καθυπέγραψαν,
3286 2906 3428 2960 ὥστε
3464 2906 3677 2976 ἀϐλαϐῆ
3730 2906 3896 2959 αὐτὸν
3940 2906 4057 2959 διαο

2477 2998 2791 3069 τηρηθῆναι
2820 2999 2916 3051 καὶ
2963 2998 3219 3068 ἀζήμιον.
3258 2996 3352 3051 καὶ
3371 2998 3582 3059 πάντας
3604 2997 3729 3060 τοὺς
3755 2995 3853 3048 σὺν
3882 2994 4054 3065 αὐτῷ,

2477 3093 2544 3161 τῇ
2582 3089 2629 3161 η’
2689 3092 2734 3122 ⁷⁹
2785 3088 2879 3143 τοῦ
2928 3090 3273 3160 Σπτεμϐρίου
3321 3093 3489 3161 μηνὸς
3527 3090 3647 3160 ὥρα
3702 3090 4058 3160 μεσονυκτίου

2478 3181 2652 3253 λάθρα
2674 3181 2895 3252 διαδρὰς
2917 3182 3186 3251 κατῆλθεν
3226 3184 3283 3235 ἐν
3304 3184 3372 3252 τῇ
3402 3182 3520 3251 Κίῳ
3549 3183 3647 3250 τῆς
3676 3180 3949 3244 Βιθυνίας,
3979 3182 4059 3242 είς

2481 3273 2580 3345 τὴν
2628 3274 2798 3345 μονὴν
2826 3272 2921 3327 τοῦ
2965 3273 3312 3345 Ἡρακλείου,
3344 3272 3440 3327 καὶ
3466 3272 3644 3343 εὑρὼν
3675 3273 3737 3326 τὸ
3783 3271 4059 3324 ἁπολυθὲν

2482 3364 2759 3437 χελάνδιον
2788 3364 2884 3418 τοῦ
2935 3364 3225 3435 βασιλέως,
3259 3365 3351 3417 ἐπὶ
3392 3364 3568 3434 τούτῳ
3598 3363 3887 3435 ἀπεκάρθη
3919 3362 4057 3434 (‘20),

2485 3456 2582 3509 καὶ
2633 3454 2920 3509 ἐνεδύσατο
2971 3456 3167 3526 στολὴν
3223 3455 3543 3526 μοναδικὴν,
3577 3456 3670 3507 καὶ
3714 3454 3973 3507 εἰσελθὼν
4001 3457 4062 3507 ἐν

2485 3546 2634 3615 αὐτῷ
2661 3548 2730 3611 ⁸⁸,
2764 3548 3008 3619 ἀπῆλθεν
3033 3549 3129 3602 ἐπὶ
3162 3550 3415 3619 νὴσῳζτῇ
3446 3548 3715 3619 λεγομένῃ
3746 3548 3966 3619 Πρώτη,
4002 3549 4061 3599 ἐν

2486 3632 2522 3710 ᾖ
2554 3638 2918 3710 οἰκοδομήσας
2974 3634 3041 3710 ῆν
3097 3642 3480 3711 μοναστήριον,
3515 3641 3759 3710 οἰόμενος
3794 3642 3877 3693 ὃτι
3919 3641 4063 3693 αίδεο

2490 3726 2747 3798 σθὴσεται
2768 3728 2858 3781 τὸν
2893 3729 3126 3801 φοϐερὸν
3149 3730 3329 3799 λόγον,
3352 3732 3408 3784 ὃν
3427 3732 3627 3785 ἔδωκεν
3648 3732 3797 3801 αὐτῷ
3819 3733 3847 3785 6
3881 3748 4063 3803 παρα-

2489 3819 2745 3890 λογιστὴς
2768 3820 3105 3891 Νικηφόρος,
3131 3824 3225 3875 καὶ
3256 3824 3315 3876 οὐ
3370 3824 3447 3894 μὴ
3498 3823 3677 3894 βλάψῃ
3725 3824 3889 3877 αὑτὸν
3924 3825 3965 3856 ⁸¹
4006 3826 4063 3875 ἐν

2487 3910 2681 3964 οὐδενί.
2736 3911 2794 3964 '0
2839 3912 2896 3964 δέ
2941 3912 3157 3985 πρῶτον
3207 3916 3305 3985 μὲν
3340 3917 3541 3985 γυμνοῖ
3582 3916 3745 3969 αὑτὸν
3783 3918 3881 3987 τῆς
3928 3918 4061 3969 ὐπο-

2492 4004 2731 4067 στάσεως
2781 4003 2968 4069 αὐτοῦ,
3003 4004 3098 4057 καὶ
3160 4006 3415 4075 ἀφορμῆς
3472 4004 3806 4077 δραξάμενος
3854 4010 4064 4072 πάντας

2490 4093 2600 4145 τῶν
2635 4093 2885 4163 θεμάτων
2922 4097 3047 4160 τοὺς
3086 4096 3353 4167 ἄρχοντας
3382 4100 3475 4151 καὶ
3504 4101 3772 4169 κτήτορας
3820 4099 3956 4169 (ει),
3986 4117 4064 4151 τι-

2491 4186 2586 4249 νάς
2618 4186 2673 4238 δὲ
2705 4189 2768 4241 ἐκ
2807 4188 2904 4257 τῆς
2943 4188 3209 4258 βασιλίδος
3242 4190 3451 4255 πόλεως
3496 4192 3943 4262 ᾐχμαλώτευσεν,
3976 4196 4065 4244 τὸν

2491 4276 2549 4328 δέ
2583 4277 2810 4345 στρατὸν
2834 4277 3047 4331 ᾶπαντα
3075 4280 3373 4349 ἀρόγευτον
3396 4282 3598 4333 εἴασεν.
3629 4280 3739 4333 Kal.
3790 4280 3872 4342 τίς
3911 4279 4065 4346 λόγος

2492 4367 2780 4436 δυνήσεται
2809 4371 2853 4402 ⁸³
2898 4370 3035 4440 πρὸς
3093 4371 3249 4436 ἀξίαν
3301 4373 3664 4444 διηγήσασθαι
3721 4373 3791 4425 τά
3850 4374 3908 4425 ἐν
3946 4376 4065 4434 ταῖς

2495 4460 2731 4531 ἡμέραις
2772 4462 3008 4527 ἐκείναις
3055 4466 3370 4534 πραχθέντα
3422 4467 3511 4518 ὑπ’
3541 4466 3705 4518 αὑτοῦ
3747 4465 3884 4534 ἔργα
3928 4465 4067 4517 κατὰ

809 4552 968 4605 fidem
998 4553 1369 4606 reveriturum
1402 4552 1726 4617 arbitratus,
1776 4559 1831 4605 et
1862 4550 1930 4604 ab
1974 4564 2039 4605 eo
2077 4549 2282 4603 nullam
2331 4564 2389 4603 se
2420 4566 2467 4629 ο
2495 4555 2571 4607 Θει

2331 4564 2389 4603 se
2420 4566 2467 4629 ι)
2495 4555 2629 4608 Θεοῦ
2663 4554 3056 4626 παραχώρησιν
3090 4557 3179 4610 διὰ
3220 4557 3319 4620 τὰς
3347 4557 3621 4628 ἁμαρτίας
3653 4556 3810 4626 ἡμῶν
3846 4574 3859 4619 ;
3897 4557 3973 4625 Τῇ
4010 4555 4064 4608 δὲ

808 4659 1100 4712 passurum
1124 4644 1401 4714 injuriam.
1440 4644 1531 4698 Ille
1561 4659 1689 4699 vero
1722 4644 1959 4713 primum
1999 4642 2218 4712 quidem
2262 4657 2387 4696 eum

810 4735 1159 4790 facultatibus
1220 4738 1389 4790 nudat
1433 4746 1509 4801 et,
1544 4738 1835 4789 occasione
1871 4744 2112 4805 arrepta,
2151 4744 2385 4789 cunctos

807 4828 1107 4883 thematum
1134 4843 1388 4898 proceres
1418 4838 1470 4883 et
1493 4830 1789 4899 locupletes
1843 4829 2013 4895 viros,
2063 4825 2205 4882 inter
2242 4843 2383 4897 quos

2499 4646 2542 4699 θ’
2563 4648 2657 4700 τοῦ
2700 4647 3014 4716 Αὐγούστου
3052 4649 3221 4719 μηνὸς
3254 4651 3355 4717 τῆς
3387 4648 3455 4702 ια’
3482 4650 3812 4712 ἰνδικτιῶνος
3860 4649 4066 4702 ἐτελεύ·

2490 4758 2659 4811 τησεν
2687 4742 2720 4811 ἡ
2749 4741 3037 4811 βασίλισσα
3064 4744 3267 4814 Εἰρήνη
3304 4746 3362 4797 ἐν
3393 4746 3460 4814 τῇ
3490 4743 3680 4814 ἐξορία
3708 4745 3805 4809 τῆς
3852 4746 4063 4796 Λέσϐου

2490 4833 2677 4903 νήσου,
2720 4833 2817 4886 καὶ
2881 4834 3184 4905 μετηνέχθη
3244 4836 3290 4867 ⁸³
3327 4836 3390 4889 τὸ
3446 4835 3605 4905 σῶμα
3654 4836 3828 4905 αὐτῆς
3888 4837 3947 4889 ἐν
3999 4838 4065 4904 τῇ

2023 4983 2257 5039 VARIAS
2296 4986 2695 5043 LECTIONES.

878 5102 923 5132 "
946 5101 1037 5154 τοῦ
1073 5102 1137 5162 Α.
1174 5101 1283 5153 τῶν
1308 5104 1451 5170 vulg.
1525 5102 1571 5133 ⁷³
1612 5102 1763 5169 παρά
1801 5117 1942 5161 τινος
1975 5099 2048 5169 μὴ
2085 5102 2150 5152 Α.

808 5172 855 5202 ⁷⁸
886 5172 945 5223 τὸ
976 5175 1064 5224 ἐπ.
1100 5175 1163 5226 Λ.
1191 5175 1219 5224 ὁ
1250 5174 1339 5225 ἐπ.
1384 5173 1527 5240 vulg.

810 5241 857 5310 η’
893 5244 1034 5310 vulg.
1101 5243 1146 5274 ⁸⁸
1179 5242 1325 5312 αὐτῷ
1359 5244 1423 5306 Δ,
1455 5244 1593 5312 αὐτῇ
1627 5242 1771 5310 vulg.
1871 5240 1913 5270 "
1936 5240 2099 5292 αὑτὸν
2127 5256 2239 5295 om.
2267 5247 2333 5298 Α.

2265 5104 2326 5176 ’ξ
2365 5106 2710 5176 προμηθείας
2772 5109 2837 5162 Α.

1610 5173 1652 5201 ⁷⁷
1685 5171 1751 5222 δι’
1780 5171 1942 5242 αὐτον
1972 5171 2137 5242 ᾼ,Αδι’
2161 5171 2328 5225 αὐτοῦ
2354 5171 2503 5242 vulg}
2539 5171 2578 5180 ”

2409 5245 2455 5275 ⁸³
2488 5246 2787 5318 δυνήσηται
2827 5245 2970 5319 vulg.

2627 5108 2710 5169 ίας
2772 5109 2837 5162 Α.
2943 5110 2987 5140 ⁷⁸
3019 5108 3343 5162 καταϐαλὼν
3396 5111 3461 5171 Α.
3517 5109 3872 5163 καταϐάλλων
3921 5110 4061 5173 vulg,

2620 5177 2665 5208 78
2691 5179 2930 5208 Enn-.1..-
2988 5178 3013 5208 Δ
3079 5179 3257 5208 ἔι-Ᾰυιι
3312 5180 3437 5208 ..ηιη
3563 5180 3607 5208 τ’
3640 5183 3707 5208 ,3
3742 5178 3788 5208 ..⁷
3833 5181 3857 5208 Δ
3917 5181 3979 5208 ..ἃ
4012 5180 4061 5208 :5.

2691 5179 2952 5249 ἐνυπόγρ.
2981 5178 3045 5241 Α,
3079 5179 3277 5248 ὑπόγρ.
3312 5180 3458 5249 vulg.
3563 5180 3607 5211 "
3640 5183 3709 5249 τῇ
3742 5178 3788 5247 η’
3825 5181 3889 5243 Α,
3917 5181 3981 5247 τῇ
4011 5180 4067 5238 δὲ

2696 5265 2787 5301 ται
2827 5251 2970 5319 vulg.
3048 5249 3094 5280 ⁸⁸
3139 5249 3445 5320 μετηνέχθη
3478 5251 3519 5302 Α
3562 5248 3601 5313 f,
3637 5249 3880 5320 μετήχθη
3920 5250 4061 5318 vnlg.

2015 5374 2177 5430 ιλιι).
2207 5375 2438 5448 coam:
2458 5378 2692 5436 ΝΟΜ).

881 5492 993 5559 (l9)
1026 5491 1210 5549 Cedr..
1242 5495 1320 5555 εἰς
1346 5492 1681 5562 Μιτυλήνην,
1705 5507 1827 5561 quae
1852 5490 2010 5546 Lesbi
2036 5492 2228 5547 insula:
2257 5494 2391 5549 urhs

809 5573 894 5617 est
925 5564 1113 5624 libera,
1161 5579 1224 5616 ex
1274 5580 1379 5629 qua
1438 5564 1582 5617 diela
1614 5562 1887 5633 Mitylene
1922 5564 2034 5631 ipsa
2093 5564 2293 5622 insuia.
2330 5574 2389 5618 ιιι

810 5634 949 5687 ()ι·ι.;
977 5634 1120 5705 unde
1136 5642 1190 5685 et
1216 5635 1394 5687 statim
1429 5634 1567 5687 ident
1594 5632 1907 5688 defunctam
1932 5634 2029 5697 ait,
2063 5634 2121 5685 ἐν
2145 5637 2210 5705 τῇ
2245 5634 2383 5705 αὐτῇ

812 5705 1021 5772 Λέσϐῳ.
1062 5704 1344 5757 Concrrts.
2017 5693 2025 5697 ’
2182 5693 2210 5705 --
2357 5693 2366 5703 ο

885 5775 997 5841 (20)
1041 5774 1101 5826 In
1166 5778 1301 5826 hunc
1352 5774 1505 5841 ﬁnem
1554 5774 1773 5826 missum
1830 5783 1988 5840 caput
2037 5774 2257 5828 abrasit.
2290 5774 2383 5825 Sic

813 5846 949 5899 bene
981 5847 1168 5899 Anast.
1204 5845 1487 5907 intellexit;
1514 5859 1620 5897 non
1652 5854 1708 5898 nt
1750 5846 1804 5898 in
1858 5845 1977 5913 ipso
2028 5845 2239 5914 navigio
2287 5846 2380 5897 dc-

2494 5507 2687 5555 tonsus
2714 5502 2805 5565 sit,
2847 5500 2992 5570 quod
3026 5510 3080 5555 et
3111 5499 3468 5570 sequentibus
3502 5499 3845 5563 adversatur,
3866 5498 4067 5568 quibus

2494 5572 2733 5637 peractis
2798 5572 3056 5625 nnuiihus
3112 5587 3234 5640 quae
3272 5581 3399 5625 sunt
3456 5573 3769 5640 monasticae
3834 5571 4067 5639 inauguo

2493 5640 2747 5706 rationis,
2787 5642 3062 5710 navigium
3094 5639 3373 5711 ingressus
3398 5640 3622 5695 dicitur.
3678 5639 3752 5695 lo.

2565 5711 2679 5779 (21)
2736 5709 3081 5779 Anastasius,
3132 5709 3493 5767 habitatores:
3540 5712 3688 5768 cives
3734 5709 4068 5781 potentiores

2490 5780 2749 5851 intelligo.
