4462 6446
408 495 556 558 νήσῳ
589 488 684 558 τῆς
739 482 1067 556 Πριγγκίπου,
1095 480 1151 531 ὲν
1185 479 1249 551 τῇ
1291 474 1446 546 μονῇ,
1470 476 1535 547 ἣν
1583 476 1629 506 εδ
1664 474 1802 541 agri}
1834 471 1974 541 ᾠκο-
2011 479 2049 525 Α
2082 476 2149 515 εχ

1896 486 1974 522 ω-
2011 479 2049 525 Α
2082 476 2149 515 ex
2180 461 2480 530 imperante
2516 457 2649 512 urbe
2691 456 2962 519 nonnulli,
2993 457 3043 510 iu
3073 455 3452 526 captivitatem
3487 456 3658 519 misit,

408 511 556 564 νησῳ
589 511 684 558 της
742 511 1067 556 Πρξῐιιιιυυ,
1096 511 1151 531 ιν
1194 511 1249 551 νυ
1291 511 1446 546 μνιη,
1476 511 1535 547 σία
1664 511 1802 541 νιν-ιε
1835 511 1944 541 ty...
2011 511 2049 525 ,ι
2089 511 2148 515 —-—

405 585 655 652 δόμησεν-
711 648 720 652 -
973 644 986 652 .
1378 638 1413 652 ..
1453 639 1466 652 .
1827 636 1841 652 .
2068 568 2159 610 ω’

2068 554 2413 610 universum
2466 560 2649 605 autem
2722 551 3022 605 exercitum
3093 550 3293 605 debilis
3375 550 3662 620 stipendiis

405 603 769 709 ﬁxitﬁxit.
832 644 1081 700 Admissa
1143 654 1309 711 porro
1360 638 1557 694 diebus
1625 636 1733 691 illis
1791 636 1862 693 al)
1916 653 1983 691 eo
2058 650 2322 707 .scctem,
2356 642 2466 697 Deo
2489 653 2710 714 propter
2735 641 2841 696 alia
2875 641 3106 696 crimina
3144 652 3333 698 nostra
3377 643 3468 697 illa
3523 642 3660 696 ιοιθ-

407 756 583 807 rante,
658 754 779 809 quae
846 738 1024 793 oratio
1105 734 1281 788 mleat
1373 731 1693 787 enarrare?
1746 732 2016 791 (Ia-terum
2057 736 2263 792 mensis
2320 737 2553 806 Augusti
2607 737 2696 790 die
2752 749 2939 801 nono-,
3000 734 3292 789 indictione
3377 734 3664 796 undecima

406 833 723 907 imperatrix
793 832 948 886 lrene
1006 830 1058 883 in
1114 828 1349 883 Lesbum
1427 824 1661 881 insulam
1730 827 1967 899 relegata
2008 832 2150 885 diem
2187 829 2455 888 obiit:in
2508 830 2744 886 insulam
2792 839 2973 884 autem
3025 827 3262 900 Principi
3350 829 3403 883 in
3466 845 3661 886 mona-

405 929 656 988 sterium,
691 921 836 993 quod
865 922 980 992 ipsa
1022 920 1287 983 condidit,
1329 932 1529 989 corpus
1575 920 1695 986 ejus
1742 921 2066 977 translatum
2098 922 2221 978 fuit.
2900 915 2913 927 “

474 1020 536 1073 Α.
578 1018 647 1071 Μ.
676 1013 835 1068 6296.
870 1042 940 1053 —-
978 1012 1166 1080 Τούτῳ
1195 1011 1274 1081 τῷ
1308 1012 1440 1076 ἔτει,
1474 1010 1605 1082 μηνὶ
1634 1013 1977 1083 Δεκεμϐρίῳ,
2156 1020 2223 1073 Α,

1894 1013 1977 1083 ίῳ.
2156 1020 2223 1073 Α.
2252 1015 2312 1072 C.
2352 1014 2568 1069 796.—
2598 1011 2711 1068 lloc
2764 1027 2904 1067 anno
2947 1025 3132 1067 mense
3191 1012 3472 1067 Deccmbri
3525 1013 3656 1068 indi-

409 1110 699 1164 ίνδικτιῶνι
747 1105 834 1177 ιβ’,
886 1106 1113 1174 ἔστεψεν
1161 1106 1476 1176 Νικηφόρος
1519 1104 1611 1157 τὸν
1659 1106 1773 1158 υἱὸν
1815 1105 1982 1158 αὐτοῦ
2087 1108 2171 1162 ctit

1901 1107 1982 1158 τοῦ
2087 1108 2266 1162 ctione
2300 1105 2616 1161 duodecima
2648 1104 2987 1175 Nicephorus
3021 1104 3189 1158 lilium
3219 1121 3379 1160 suum
3432 1105 3663 1159 Staura-

407 1180 738 1272 Σταυρὰκιον
766 1199 853 1252 διὰ
882 1196 1155 1268 Ταρασίου
1179 1196 1271 1249 τοῦ
1306 1195 1611 1263 ἁγιωτάτων
1635 1198 1979 1266 πατριάρχου
2085 1200 2169 1255 ciu

1902 1215 1979 1266 (ου
2085 1200 2232 1255 cium
2265 1198 2476 1251 Tarasii
2535 1197 2869 1252 sanctissimi
2939 1196 3262 1264 patriarcha:
3313 1197 3568 1252 manibus
3612 1200 3664 1250 in

410 1298 466 1348 ὲν
506 1293 580 1362 τῷ
603 1292 817 1361 ἀμϐωνι
842 1293 943 1359 τῆς
976 1290 1240 1358 Μεγάλης
1260 1287 1589 1357 Ἐκκλησίας
1623 1290 1703 1350 είς
1732 1289 1977 1358 βασιλέα,
2086 1306 2172 1343 am

1900 1290 1977 1354 ἔα,
2086 1289 2322 1343 amboue
2369 1290 2574 1360 Magna:
2619 1289 2869 1343 ecclesia:
2925 1287 3307 1355 imperatorem
3359 1290 3662 1353 coronavit,

407 1387 668 1455 ἀποίητον
697 1385 823 1437 δντα
843 1381 986 1434 κατὰ
1012 1382 1190 1434 πάντα
1215 1380 1280 1450 τῇ
1322 1397 1380 1432 τε
1423 1380 1535 1450 ἰδέα
1567 1381 1661 1432 καὶ
1688 1380 1844 1451 ῥώμῃ
1883 1383 1980 1435 καὶ
2086 1379 2169 1433 Ιιοι

1900 1383 1980 1435 cui.
2086 1379 2388 1445 hominem,
2419 1381 2531 1435 sive
2555 1380 2736 1433 vultus
2759 1378 3018 1446 speciem,
3054 1377 3166 1432 sive
3198 1378 3445 1447 corporis
3473 1380 3662 1443 robur,

405 1477 599 1549 γνώμῃ
655 1476 791 1544 πρὸς
822 1474 917 1543 τὴν
963 1472 1219 1540 τοιαύτην
1244 1466 1451 1549 tegam.
1493 1471 1554 1523 '0
1587 1472 1645 1525 δὲ
1674 1474 1882 1543 μήποτε
1920 1474 1979 1524 ὲν
2083 1485 2167 1525 set

1920 1474 1979 1524 ὲν
2083 1485 2179 1525 seu
2210 1469 2376 1541 406
2402 1470 2639 1538 denique
2693 1468 2892 1522 mentis
2926 1480 3141 1537 captum
3173 1479 3406 1537 spectes,
3444 1468 3510 1522 ad
3542 1484 3664 1523 eam

410 1544 599 1641 μηδενῖ
620 1566 856 1635 φυλάξας
884 1562 1142 1629 ἀλήθειαν
1163 1544 1472 1632 Νιὸἶηιρόρος
1495 1563 1776 1625 Λυκάονάς
1802 1580 1976 1625 τινας,
2080 1562 2166 1632 dig

1899 1580 1976 1625 ας,
2080 1562 2395 1632 dignitatem
2433 1561 2593 1629 plane
2623 1560 2886 1635 ineptum.
2920 1560 2970 1613 ls
3024 1567 3202 1611 autem
3249 1559 3340 1627 qui
3391 1575 3661 1628 nusquam

408 1665 440 1731 ἧ
469 1659 671 1712 λυκανθ
683 1658 898 1729 ρώπους
916 1695 931 1718 ,
959 1656 1348 1726 ὁμογνώμονας
1377 1655 1473 1708 καὶ
1500 1656 1807 1727 ὁμόφρονας
1838 1656 1974 1708 ἀπο-
2080 1672 2170 1712 ver

1901 1674 1974 1708 ιο-
2080 1657 2331 1712 veritatis
2388 1656 2795 1710 observatorem
2847 1668 2906 1707 se
2974 1653 3247 1722 praestitit,
3301 1652 3663 1722 Nicephorus,

408 1752 618 1813 στείλας
676 1752 754 1809 εἰς
799 1748 899 1817 τὴν
926 1746 1158 1819 Πρώτην
1191 1745 1481 1800 ἐκέλευσεν
1511 1747 1705 1810 νυκτὸς
1728 1746 1981 1817 ἐπιϐῆναι
2016 1773 2057 1827 Β
2088 1747 2165 1819 Ly

1906 1766 1981 1801 ναι
2016 1747 2373 1827 BLycaonas
2439 1747 2758 1810 nonnullos,
2812 1760 2910 1800 ceu
3001 1744 3180 1814 potius
3257 1743 3668 1816 Lycanthropos

404 1847 468 1914 τῇ
505 1845 672 1913 νήσῳ,
703 1840 796 1893 καὶ
826 1841 916 1892 τὸν
960 1838 1340 1910 προρρηθέντα
1365 1838 1716 1907 ἐκτυφλῶσαι
1758 1839 1973 1909 Βαρδά-
2084 1842 2166 1897 hei

1908 1840 1973 1893 ά-
2084 1841 2317 1908 belluas,
2357 1840 2547 1895 iisdem
2601 1854 2725 1894 cum
2761 1852 2824 1893 eo
2855 1849 3035 1892 mente
3059 1852 3123 1893 ac
3169 1837 3418 1893 moribus
3458 1838 3665 1894 instru-

406 1952 536 1996 νιον,
569 1933 645 1996 ὡς
671 1932 833 2001 δῆθεν
856 1929 1179 1998 ἀγνοοῦντος
1209 1930 1397 1993 αὑτοῦ,
1424 1931 1518 1984 καὶ
1537 1930 1674 2000 μετά
1702 1931 1761 1984 τὸ
1793 1931 1978 2003 δρᾶμα
2087 1942 2168 1991 clo

1901 1950 1978 2002 μα
2087 1942 2207 1991 ctos
2239 1933 2488 1987 homines
2523 1934 2574 1986 in
2612 1931 2811 1986 Proten
2844 1930 3081 1984 insulam
3116 1930 3343 1995 missos,
3399 1940 3561 1985 noctu
3596 1931 3663 1984 ad

407 2027 746 2096 προσφυγεῖν
795 2026 861 2094 τῇ
911 2023 1202 2095 ἐκκλησίᾳ.
1265 2023 1469 2076 Τούτου
1522 2022 1579 2076 δὲ
1617 2025 1902 2091 γεγονότος
1950 2023 1979 2076 ὅ
2085 2034 2164 2079 ter

1950 2023 1979 2076 ὅ
2085 2034 2285 2079 terram
2336 2023 2691 2093 appellentcs,
2731 2019 3083 2083 Bardanium,
3135 2035 3295 2089 quem
3343 2022 3665 2075 memoravi-

407 2136 465 2170 τε
497 2118 541 2149 8⁵
566 2116 914 2186 πατριάρχης
962 2116 1110 2185 καὶὴ
1159 2113 1465 2182 σύγκλητος
1490 2112 1678 2177 δεινῶς
1706 2115 1976 2186 ἡλγησαν,
2083 2118 2169 2171 mu

1904 2132 1976 2179 ιν,
2083 2118 2226 2180 mus,
2276 2115 2451 2169 oculis
2486 2114 2728 2183 privare.
2765 2121 3024 2180 tauquam
3057 2126 3117 2165 se
3169 2112 3481 2167 nullatenus
3533 2127 3666 2166 con-

408 2211 500 2263 καὶ
545 2206 745 2269 πάντες
789 2208 838 2259 οἱ
875 2206 1199 2276 φοϐούμενοι
1247 2205 1338 2259 τὸν
1367 2204 1519 2259 Θεόν.
1560 2208 1619 2259 '0
1647 2207 1703 2260 δὲ
1738 2224 1982 2277 παρανο-
2080 2210 2170 2262 εεῖι

2080 2210 2218 2270 scio,
2269 2216 2321 2261 et
2350 2214 2560 2276 patrato
2597 2204 2833 2259 facinore
2889 2206 2953 2259 ad
3022 2205 3308 2259 ecclesiam
3376 2204 3669 2276 confugere

410 2302 659 2369 μώτατος
689 2297 943 2367 βασιλεὺς
972 2297 1287 2368 Νικηφόρος
1325 2299 1506 2370 ὅρκοις
1543 2298 1672 2361 τοὺς
1729 2300 1789 2351 ὲν
1834 2298 1976 2351 τέλει
2076 2300 2172 2369 jus:

1904 2298 1976 2350 λει
2076 2300 2259 2369 jussit.
2320 2298 2630 2352 Admissum
2682 2298 2862 2351 scelus
2944 2298 3253 2366 patriarcha
3324 2306 3378 2351 et
3433 2308 3666 2353 senatus

409 2392 715 2454 Λυκάονας,
760 2390 819 2442 τὸ
860 2390 1058 2456 δοκεῖν,
1090 2391 1345 2461 ἐπεζήτει
1396 2390 1630 2452 ἀνελεῖν,
1668 2389 1978 2460 ἀμύνασθαι
2083 2389 2171 2443 ιιιιί

1904 2391 1978 2443 lat.
2083 2389 2373 2444 universus
2434 2403 2761 2457 omnesque,
2828 2388 2922 2457 qui
2986 2388 3080 2444 Dei
3146 2389 3394 2443 timorem
3454 2405 3565 2460 pra:
3608 2406 3666 2446 se

411 2482 904 2552 σχηματιζόμενος,
960 2482 990 2533 ό
1040 2482 1217 2534 πάντα
1263 2481 1382 2534 κατ’
1417 2480 1678 2547 ἐπίδειξιν
1712 2481 1823 2545 ἀεὶ,
1881 2482 1978 2533 καὶ
2091 2479 2173 2535 fer

1901 2482 1978 2533 ιαὶ
2091 2479 2359 2544 ferebant,
2397 2479 2619 2549 indigne
2646 2479 2906 2534 tulerunt.
2950 2478 3202 2535 Nefarius
3225 2495 3387 2549 porro
3425 2481 3663 2552 impera-

414 2575 581 2645 μηδὲν
605 2575 743 2626 κατά
767 2572 898 2625 Θεὸν
946 2573 1222 2641 πράττων.
1258 2567 1369 2623 Ἦν
1417 2571 1524 2642 γὰρ
1560 2571 1710 2640 αύτῴ
1746 2572 1792 2603 ⁸⁸
1844 2570 1981 2640 μετά
2084 2584 2169 2625 tor

1900 2570 1981 2624 ετά
2084 2584 2169 2625 tor
2228 2571 2591 2639 Nicephorus,
2641 2572 2806 2624 homo
2869 2572 2935 2625 ad
2993 2573 3411 2625 ostentationem
3454 2573 3662 2641 omnia,

408 2667 520 2718 τῶν
544 2665 747 2718 λοιπῶν
774 2664 1135 2735 παρανομιῶν
1160 2663 1338 2717 καὶτὸ
1366 2662 1603 2717 τοιοῦτον
1621 2663 1728 2730 τῆς
1756 2661 1980 2731 γνώμης
2086 2665 2170 2716 ηἰΙλ

1898 2679 1980 2731 ιης
2086 2664 2223 2717 nihil
2271 2678 2400 2717 vero
2452 2664 2752 2718 secundum
2792 2663 2958 2717 Deum
2986 2678 3174 2732 agens,
3205 2664 3257 2717 in
3307 2679 3499 2719 Omnes
3556 2665 3660 2736 Ly-

409 2758 688 2827 ἐξαίρετον
718 2756 933 2824 ἰδίωμα,
975 2753 1042 2807 δι’
1069 2750 1129 2808 οὗ
1161 2754 1257 2806 καὶ
1274 2753 1381 2823 πρὸ
1414 2754 1513 2820 τῆς
1550 2752 1827 2820 βασιλείας
1852 2751 1981 2804 πολ-
2080 2769 2171 2811 cao

1904 2751 1981 2804 ιλ·
2080 2769 2312 2811 caenum
2344 2756 2657 2825 optimates,
2682 2756 2837 2825 quasi
2889 2756 3186 2809 Bardanem
3243 2756 3520 2811 vindicare
3568 2774 3666 2812 vo-

410 2848 535 2909 λοὺς
582 2849 885 2916 ἠπάτησεν.
947 2845 1091 2915 Πλὴν
1142 2845 1485 2913 γελοιότατος
1534 2840 1602 2914 ἦν
1636 2846 1748 2907 τοῖς
1781 2843 1980 2898 εἰδόσιν
2081 2847 2172 2901 luit

1903 2860 1980 2897 σιν
2081 2847 2296 2913 luisset,
2321 2846 2745 2916 perjuramcnta
2778 2848 2939 2915 cmpit
2969 2848 3265 2917 inquirere.
3312 2848 3491 2903 fuerat
3522 2850 3665 2905 enim

408 2938 656 3008 ἀκριϐῶς
686 2939 730 2970 ⁸⁷
757 2939 818 2990 τὸ
854 2938 1196 3006 ἐπιτήδευμα
1222 2952 1237 2967 ’
1262 2936 1401 2989 ὥστε
1455 2937 1707 2989 κάκεῖνον
1734 2936 1981 3005 ἀναιδείᾳ
2085 2936 2170 2989 ιιοι

1903 2936 1981 3005 si;
2085 2936 2296 2989 homini
2326 2945 2520 3005 praeter
2552 2936 2656 2988 alia
2712 2945 2918 2990 natura:
2944 2937 3071 2990 vitia
3122 2936 3298 2992 facilis
3358 2938 3424 2991 ad
3492 2941 3665 2992 simu-

410 3032 576 3100 πολλῇ
641 3030 1019 3099 ζεζοφωμὲνον
1069 3029 1129 3083 τὸ
1180 3028 1526 3100 μιαρώτατον
1588 3028 1757 3082 αὑτοῦ
1812 3028 1982 3099 πρόσ-
2088 3028 2172 3082 Ian

1903 3028 1982 3081 5σ-
2088 3027 2316 3082 landum
2368 3026 2697 3096 propensio;
2755 3026 2859 3080 hoc
2918 3027 3036 3096 ejus
3112 3028 3255 3096 genii
3337 3030 3665 3099 praacipumn

407 3139 559 3175 ωπον
597 3123 705 3189 ἀεὶ,
732 3123 854 3175 τότε
882 3123 1141 3191 ἀπρόῖτον
1168 3121 1423 3188 γενέσθαι
1450 3120 1540 3171 ἐπὶ
1568 3119 1779 3190 ἡμέρας
1821 3119 1865 3181 ζ’
1887 3119 1979 3172 τοῦ
2008 3102 2051 3162 C
2085 3134 2169 3173 mu

1904 3119 1979 3172 τοῦ
2008 3102 2051 3162 C
2085 3134 2311 3183 munus,
2343 3133 2457 3187 quo
2485 3117 2650 3171 etiam
2688 3126 2813 3172 ante
2863 3129 3178 3189 susceptum
3234 3120 3521 3188 imperium
3547 3122 3666 3192 plu-

410 3212 693 3282 βασιλικοῦ
728 3211 986 3274 κοιτῶνος
1039 3210 1227 3273 δολίως
1258 3209 1826 3280 κλαυθμυριζόμενος,
1855 3210 1980 3264 ἐπεὶ
2078 3211 2172 3266 ritt‘

1909 3210 1980 3264 uel.
2078 3211 2256 3267 rimos
2286 3209 2534 3279 decepit:
2577 3210 2893 3265 simulatum
2924 3220 3106 3267 tamen
3167 3212 3287 3283 ejus
3344 3200 3583 3269 studium
3616 3222 3671 3270 et

411 3304 505 3356 καὶ
559 3303 801 3370 φυσικῶς
836 3302 985 3371 αύτῷ
1016 3300 1324 3370 γυναικώδη
1355 3301 1400 3332 ⁸⁸
1435 3301 1717 3371 προσῆσαν
1744 3302 1978 3372 δάκρυα,
2077 3303 2173 3358 affe

1906 3317 1978 3367 ια,
2077 3303 2472 3358 affectationem
2507 3303 2749 3372 expertis
2786 3302 3087 3359 deridiculo
3146 3305 3382 3370 exstitit,
3410 3306 3549 3361 adeo
3609 3315 3668 3361 ut

408 3396 444 3449 ἃ
473 3398 584 3457 τοίς
612 3396 831 3457 πολλοῖς
861 3395 969 3448 τῶν
1002 3394 1225 3463 φαύλων
1256 3394 1667 3464 ψευδοχρίστοις
1694 3397 1979 3464 προσεῖναι
2080 3397 2169 3447 vul

1909 3414 1979 3447 ναι
2080 3397 2290 3449 vultum
2352 3410 2511 3449 suum
2542 3396 2961 3458 exsecrandum,
3006 3397 3264 3452 continua
3320 3397 3442 3452 licet
3495 3397 3671 3468 impu-

413 3489 676 3553 πέψυκεν.
715 3486 853 3538 Ἀλλ’
906 3487 1004 3538 οὐκ
1054 3485 1250 3538 ἔλαθεν
1307 3486 1435 3548 τοὺς
1495 3485 1746 3548 πολλούς.
1796 3486 1886 3554 Τῷ
1920 3486 1976 3539 δὲ
2075 3488 2174 3541 den

1920 3486 1976 3539 δὲ
2075 3488 2256 3541 dentia
2314 3487 2689 3553 obscuratum,
2721 3502 2818 3559 per
2871 3489 2987 3544 dies
3050 3498 3255 3560 septem
3309 3491 3667 3560 imperatorio

411 3578 705 3647 Αὐγούστῳ
737 3577 867 3647 μηνὶ
884 3577 1115 3641 ἐξελθὼν
1133 3577 1178 3608 υ
1196 3576 1338 3629 κατά
1371 3577 1618 3647 Ἀράϐων
1653 3579 1990 3648 συνήντησεν
2092 3579 2173 3633 cul

1910 3594 1990 3631 rev
2092 3579 2353 3633 cubiculo
2401 3589 2578 3639 tectus
2618 3588 2672 3635 et
2718 3582 2930 3651 ejulans
2994 3582 3286 3638 reddiderit
3308 3598 3373 3639 eo
3430 3593 3672 3655 tempore

411 3669 595 3730 αὐτοῖς
637 3670 718 3730 εἰς
763 3667 983 3738 Κρασὺν
1030 3668 1132 3738 τῆς
1187 3669 1446 3738 Φρυγίας,
1512 3669 1606 3721 καὶ
1666 3669 1989 3739 πολεμήσας
2095 3671 2173 3723 ina

1909 3685 1989 3731 ςας
2095 3671 2460 3725 inaccessum.
2495 3672 2738 3726 Aderant
2763 3675 2906 3727 enim
2943 3674 3147 3728 homini
3176 3675 3374 3730 faciles
3397 3685 3449 3731 et
3479 3678 3671 3732 mulie-

411 3761 657 3829 ἡττᾶται⁶
691 3760 786 3812 καὶ⁵
834 3760 1064 3821 πολλοὺς
1097 3758 1389 3811 ἀποϐαλὼν
1421 3760 1466 3791 ’⁸
1502 3758 1701 3829 μικροῦ
1750 3760 1988 3817 δεῖνδιώ⁵
2092 3762 2173 3817 brt

1909 3762 1988 3813 cal.
2092 3762 2219 3817 brcs
2276 3779 2305 3816 a
2369 3775 2564 3819 natura
2607 3780 2887 3820 conceSsa:
2949 3766 3219 3836 lacrymae,
3278 3770 3422 3838 quod
3486 3770 3671 3825 multis

411 3851 570 3913 αὐτὸς
594 3851 913 3920 κρατεῖσθαι
939 3849 1192 3920 ἤμελλεν,
1224 3852 1271 3902 εί
1297 3850 1371 3920 μὴ
1396 3849 1505 3902 τῶν
1538 3850 1811 3919 ἀρχόντων
1840 3851 1987 3913 τινὲς
2089 3869 2173 3923 pr:

1909 3851 1987 3913 θὲς
2089 3854 2274 3923 pravis
2340 3855 2659 3911 hominibus
2735 3857 2974 3913 christos
3022 3869 3075 3913 et
3102 3860 3393 3929 pr0phetas
3442 3877 3502 3917 se
3534 3863 3671 3918 falso

411 3942 779 4011 ἀνδρειότατοι
803 3933 989 3994 τοῦτον
1019 3940 1172 4011 μόλις
1188 3940 1285 4010 τῆς
1304 3941 1552 4009 ἀνάγκης
1570 3938 1980 4009 περισώσασθαι
2083 3945 2173 4014 jac

1907 3941 1980 3993 lat
2083 3945 2467 4014 jactitantibus
2518 3949 2761 4003 innatum
2831 3950 3078 4005 videatur
3137 3967 3150 4003 :
3205 3951 3473 4007 id'tamen
3528 3954 3669 4007 haud

415 4035 662 4102 ἴσχυσαν.
2089 4038 2274 4107 plures
2340 4040 2521 4097 latuit.
2554 4041 2823 4096 Caeterum
2871 4058 3058 4097 mense
3114 4044 3357 4115 Augusto
3411 4047 3673 4105 adversus

413 4125 620 4179 Arabes
655 4124 989 4195 profectione
1041 4131 1315 4191 suscepta.
1382 4123 1449 4177 ad
1497 4123 1727 4177 Cl’asum
1784 4121 2032 4193 Phrygiae
2102 4128 2317 4183 obviam
2373 4131 2481 4185 illis
2530 4130 2731 4195 factus,
2780 4134 3081 4186 certamine
3162 4133 3321 4187 initio
3383 4145 3674 4203 superatus

411 4227 514 4285 cst,
542 4218 897 4286 pluribusque
938 4230 1164 4270 suorum
1214 4215 1506 4284 prostratis
1533 4230 1723 4284 parum
1787 4214 1984 4279 abfuit,
2030 4218 2160 4287 quin
2217 4221 2451 4275 hostium
2523 4222 2576 4276 iu
2630 4238 2829 4281 manus
2882 4224 3165 4287 incideret,
3216 4226 3320 4280 nisi
3382 4242 3670 4295 procerum

415 4310 656 4363 tmnnulli
716 4310 901 4363 animo
957 4317 1011 4363 et
1068 4309 1264 4365 robore
1318 4320 1634 4379 praestantes
1697 4325 1823 4363 eum
1880 4326 1984 4363 non
2027 4311 2491 4369 sincdiﬂ'icultate
2521 4316 2764 4385 periculo
2802 4316 3148 4386 eripuissent.

480 4402 545 4454 Α.
583 4400 657 4454 Μ.
686 4399 929 4454 6297.-
949 4398 1136 4469 Τούτῳ
1163 4399 1239 4468 τῷ
1270 4400 1381 4452 ἔτει
1414 4400 1657 4463 στάσεως
1681 4399 1981 4471 γενομένης
2014 4403 2057 4456 D
2151 4405 2223 4456 -A.

1908 4417 1981 4471 ης
2014 4403 2057 4456 D
2151 4405 2223 4456 Δ.
2254 4405 2314 4457 C.
2344 4405 2467 4458 797.
2500 4436 2570 4445 —
2602 4406 2716 4461 Hoc
2741 4422 2886 4460 anno
2913 4407 3146 4461 tumultu
3176 4408 3229 4460 in
3272 4407 3458 4462 Persia
3521 4404 3670 4461 exci-

414 4490 553 4544 κατά
597 4492 697 4559 τὴν
746 4491 1043 4559 Περσικὴν,
1080 4490 1395 4559 κατῆλθενὸ
1427 4491 1537 4543 τῶν
1572 4490 1818 4560 ’Δράϐων
1846 4492 1983 4561 ἀρχ-
2087 4501 2176 4546 latr

1902 4508 1983 4560 ax-
2087 4501 2200 4547 tato
2221 4496 2457 4549 Arabum
2487 4498 2594 4550 dux
2627 4506 2808 4566 partes
2862 4498 3191 4553 dissidentes
3238 4499 3664 4567 compositurus.

413 4582 549 4650 ηγδς
603 4582 1033 4651 είρηνοποιήσων
1084 4582 1305 4645 αὐτούς.
1356 4581 1674 4653 Νικηφόρος
1705 4582 1761 4647 δὲ
1799 4582 1985 4649 ἄδειαν
2085 4583 2175 4637 illtt

1903 4600 1985 4649 ιαν
2085 4583 2213 4638 illnc
2263 4602 2322 4640 se
2377 4590 2625 4643 contulit.
2662 4588 2870 4642 Interea
2916 4587 3254 4659 Nicephorus
3314 4600 3472 4660 capta
3502 4605 3665 4645 occa-

413 4671 630 4740 εύρὼν,
668 4671 883 4725 ἔκτισεν
934 4672 1035 4741 τὴν
1069 4673 1352 4741 ’Ἄγκυραν
1410 4672 1513 4741 τῆς
1575 4672 1847 4736 Γαλατίας
1893 4674 1986 4726 καὶ
2086 4679 2171 4732 sio

1906 4674 1986 4726 καὶ
2086 4679 2244 4733 sione
2298 4678 2569 4752 Ancyram
2629 4681 2874 4748 Galatia),
2924 4681 3230 4738 Thebasam
3266 4691 3321 4737 ct
3361 4682 3668 4737 Andrasum

410 4767 512 4835 τὴν
541 4763 798 4835 Θήϐασαν
820 4764 913 4816 καὶ
936 4765 1034 4832 τὴν
1076 4764 1389 4836 Ἀνδρασόν.
1433 4764 1779 4818 ’Δπέστειλεν
1807 4765 1864 4818 δὲ
1892 4766 1985 4819 καὶ
2090 4786 2172 4840 τοι

1909 4766 1985 4819 tati
2090 4772 2383 4840 reparavit.
2458 4774 2584 4827 Levi
2634 4774 2857 4843 insuper
2887 4784 2943 4829 ct
2999 4776 3195 4844 praedis
3222 4775 3484 4845 cogendis
3545 4784 3671 4845 apto

413 4859 471 4906 ὲν
501 4855 674 4925 Συρίᾳ
697 4854 947 4924 κοῦρσον,
975 4855 1070 4908 καὶ
1102 4857 1269 4926 μηδὲν
1304 4856 1511 4909 ἀνύσαν
1542 4858 1885 4929 ὑπέστρεψεν
1908 4861 1976 4925 ⁸³,
2089 4878 2175 4916 οι(

1908 4861 1976 4925 ⁹¹,
2089 4864 2334 4917 exercitu
2394 4864 2446 4917 in
2518 4866 2731 4935 Syriam
2787 4866 2980 4931 misso,
3059 4868 3257 4921 milites
3313 4883 3372 4921 re
3445 4865 3665 4930 infecta,

411 4947 722 4999 τούναντίον
754 4945 811 4998 δὲ
842 4946 1044 5014 μᾶλλον
1074 4947 1170 4999 καλ⁵
1211 4947 1439 5010 πολλοὺς
1470 4948 1765 5003 ἁποϐαλὸν.
2088 4956 2173 5024 qtti

2088 4956 2219 5024 quin
2254 4955 2362 5007 imo
2388 4956 2635 5023 pluribus
2664 4972 2853 5010 eorum
2890 4958 3232 5022 desideratis,
3281 4957 3485 5012 reversi
3519 4968 3664 5011 Sunt.

481 5041 546 5091 Α.
582 5038 649 5090 Μ.
681 5037 850 5093 6298.
883 5068 954 5077 -
979 5041 1674 5107 Κωνσταντινουπόλεως
1730 5041 1978 5095 ἐπισκό-
2156 5049 2219 5099 Α.

1909 5042 1978 5095 λό-
2156 5049 2219 5099 Α.
2246 5045 2305 5100 C.
2334 5047 2459 5101 798.
2492 5081 2562 5091 --
2626 5048 2841 5117 Cpoleos
2882 5052 3111 5119 episcopi
3162 5049 3448 5119 Nicephori
3502 5066 3671 5104 minus

415 5147 531 5182 που
554 5130 896 5197 Νικηφόρον
925 5130 1061 5195 ἔτος
1096 5129 1169 5186 a'.
2094 5140 2315 5210 primus.

483 5223 668 5290 Τούτῳ
696 5221 772 5292 τῷ
810 5221 940 5287 ἔτει,
981 5224 1111 5292 μηνὶ
1168 5223 1518 5296 Φεϐρουαρίῳ
1555 5225 1654 5290 κε’,
1692 5225 1983 5280 ἰνδικτιῶνι
2166 5231 2245 5286 Ho

1909 5226 1983 5280 ὒνι
2166 5231 2281 5286 Hoc
2316 5246 2463 5287 anno
2496 5234 2700 5289 mensis
2740 5233 3021 5290 Februarii
3081 5235 3168 5290 die
3191 5235 3351 5307 407
3412 5235 3671 5291 vicesimo

418 5312 499 5376 ιδ’,
526 5314 802 5383 Ταράσιος
843 5316 871 5367 ό
901 5314 1204 5383 ἀγιώτατος
1234 5318 1662 5387 ἀρχιεπίσκοπος
1696 5320 1984 5373 Κωνσταν-
2092 5323 2180 5394 qui

1909 5336 1984 5373 ιν·
2092 5323 2286 5394 quinto
2317 5322 2613 5380 indictione
2641 5324 2849 5380 decima
2873 5336 3065 5396 quarta
3096 5325 3357 5383 Tarasius
3387 5326 3671 5383 sanctissi-

415 5407 775 5471 τινουπόλεως
832 5406 1060 5471 ἐνδόξως
1118 5409 1352 5473 ἀπεϐίω,
1411 5409 1508 5462 καὶ
1542 5408 1870 5480 ὲξεκομίσθη
1921 5410 1982 5462 τὸ
2088 5431 2177 5470 mu

1921 5410 1982 5462 τὸ
2088 5430 2213 5470 mus
2266 5412 2498 5484 Cpoleos
2559 5416 3030 5487 archiepiscopus,
3097 5418 3388 5488 gloriosam
3443 5427 3670 5472 mortem

1724 5522 1962 5578 VARUS
2001 5526 2405 5584 LECTIONES.

488 5634 535 5717 ν’
561 5635 631 5717 ἠγ
650 5634 716 5701 Ar
748 5630 952 5717 ᾖνιιιξξΖ
1013 5639 1059 5671 ³⁸
1092 5639 1204 5717 δ’τε
1234 5639 1433 5717 Αηκαλ
1466 5641 1679 5717 evulg.
1768 5641 1990 5717 αὐτῷ
2020 5645 2088 5704 Α.
2131 5644 2262 5697 αὐτὸ
2302 5645 2457 5717 vulg.
2506 5646 2570 5717 7'_"
2599 5646 2847 5716 ἀκριϐῶς
2868 5647 2993 5701 add.
3032 5663 3096 5704 ex
3134 5648 3197 5702 A.
3272 5648 3318 5680 ⁸⁸
3345 5663 3671 5717 γυναικωνι-

414 5705 557 5789 τίδρς
589 5705 1022 5789 Ληγυναικώδει-
1050 5710 1211 5789 γιιιιε..
1294 5705 1718 5789 ξδὲξελθὼνξΑ,
1767 5705 2133 5789 ἐλθῲνίνιιιε.
2208 5705 2610 5789 ᾼθξῄἀπὶϐαλὼν
2640 5705 2708 5781 Χ,
2757 5705 3083 5773 ἀποϐάλλων
3133 5721 3286 5789 vulg.
3356 5705 3433 5752 ’³⁸
3466 5717 3672 5773 ἀνύσαν

420 5775 758 5847 ὑπέστρεψεν
787 5808 854 5819 -
881 5775 1168 5834 ἀποϐαλδῖ
1184 5781 1249 5845 Α,
1287 5781 1578 5848 ἀνύσαντες
1611 5782 1959 5853 ὑπέστρεψαν
1994 5816 2061 5825 ——
2081 5775 2487 5853 ἀποϐάλλοντες
2518 5788 2661 5853 vulg.
