4462 6446
787 433 892 496 979

2166 424 2659 485 THEOPHANIS

3930 413 4044 475 930

779 546 973 616 quanti
1005 545 1075 601 ab
1119 559 1185 599 eo
1240 542 1509 598 aestimata
1567 549 1773 606 essent,
1829 554 2011 595 emere
2079 540 2355 609 praeepit.
2387 548 2434 601 Α
2464 540 2541 592 πλξ

2290 540 2355 594 ιίι.
2387 548 2434 601 Α
2464 536 2781 604 πλεονεξίας
2826 533 2993 590 αὐτοῦ
3040 532 3443 602 πολυμήχανον.
3498 528 3579 581 Τά
3618 526 3727 597 γάρ
3782 529 3921 579 κατὰ
3954 529 4052 594 τὴν

785 638 1068 692 Decimum
1107 654 1121 689 :
1152 634 1391 689 collectis
1420 634 1475 687 in
1507 648 1676 687 unum
1706 632 2100 703 insignioribus
2129 630 2360 700 Cpoleos

783 728 1077 795 naucleris,
1106 727 1402 796 unicuique
1426 725 1714 780 duodecim
1750 725 1868 780 auri
1898 725 2071 781 libras
2096 723 2265 791 dedit,
2294 738 2357 779 ea

783 828 919 895 lege,
948 834 1007 880 ut
1059 826 1112 880 in
1145 822 1357 893 singula
1406 822 1739 877 numismata
1783 829 2021 891 quatuor
2070 819 2273 875 ceratia
2304 818 2357 873 in

784 919 963 972 foenus
985 917 1303 986 penderent,
1337 931 1401 971 ac
1426 914 1785 971 nihilosecius
1816 922 2080 970 consueta
2114 913 2359 983 navigio-

782 1025 902 1061 rum
931 1008 1211 1078 vectigalia
1246 1009 1470 1063 reddere
1510 1015 1860 1078 cogerentur.
1897 1007 2004 1062 lsta
2056 1021 2125 1061 ex
2171 1007 2360 1060 multis

783 1118 957 1173 pauca
990 1102 1313 1171 compendio
1368 1101 1422 1155 in
1473 1101 1716 1156 medium
1773 1100 1995 1171 protuli,
2046 1115 2114 1155 ex
2157 1098 2360 1169 quibus

786 1195 964 1250 varias
993 1194 1110 1263 ejus
1133 1194 1198 1248 ad
1225 1208 1386 1247 omne
1422 1193 1627 1263 rapime
1657 1202 1819 1263 atque
1848 1192 2135 1262 injustitize
2181 1207 2359 1263 genus

784 1294 930 1341 artes
961 1295 1476 1342 commonstrarem.
1514 1286 1662 1352 Quas
1708 1287 1855 1341 enim
1912 1285 1967 1340 in
2015 1284 2363 1355 imperatrice

787 1379 924 1433 urbe
979 1380 1202 1444 summi,
1240 1378 1402 1433 medii
1449 1386 1614 1449 atque
1662 1377 1831 1432 intimi
1889 1378 1995 1433 loci
2049 1378 2364 1433 hominibus

784 1470 1020 1539 injurias
1059 1470 1264 1534 intulit,
1302 1470 1489 1539 plures
1545 1477 1694 1531 sunt,
1753 1483 1919 1538 quam
1978 1479 2037 1523 ut
2093 1469 2361 1537 perscribi

784 1561 1020 1630 possint,
1054 1565 1181 1616 dum
1213 1562 1329 1630 ipse
1372 1561 1618 1617 videlicet
1671 1561 2030 1631 perquireret,
2084 1561 2362 1629 quomodo

784 1655 1160 1724 unusquisque
1188 1656 1336 1709 domi
1365 1655 1590 1718 viveret,
1625 1668 1925 1723 servosque
1955 1653 2020 1707 ad
2061 1653 2363 1708 calumnias

784 1746 841 1799 in
913 1746 1165 1801 dominos
1229 1748 1520 1802 strucndas
1569 1747 1914 1817 impelleret,
1966 1745 2061 1815 qui
2137 1744 2360 1816 quidem

784 1837 939 1892 initio
1007 1838 1418 1895 criminationes
1515 1839 1707 1895 allatas
1804 1840 1855 1892 in
1907 1838 2135 1893 dubium
2203 1854 2362 1893 revo-

2467 628 2717 700 βασιλίδα
2746 629 2857 691 τοῖς
2885 626 2943 680 ὲν
2973 625 3116 679 τέλει
3149 623 3246 676 καὶ
3276 621 3464 692 μέσοις
3505 621 3600 673 καὶ
3646 618 3925 671 εὐτελέσιν
3969 618 4054 669 ὲν-

2463 720 2745 791 δειχθέντα
2795 718 2946 772 δεινά
3000 718 3145 788 πέρα
3199 715 3548 784 συγγραφῆς,
3610 710 3737 773 τοὺς
3806 710 3908 779 μὲν
3960 710 4055 761 άν-

2469 814 2776 885 ιχνεύοντος
2801 811 2849 844 ⁸⁵
2875 812 3025 873 ὅπως
3063 809 3202 863 οἴκοι
3248 806 3437 871 ζῶσιν,
3468 803 3564 857 καὶ
3613 800 4056 856 καθυποὸάλλον-

2461 925 2553 972 τος
2602 908 2647 939 ⁸⁵
2701 906 2817 969 τοῖς
2850 905 3110 974 πονηροῖς
3176 901 3284 954 τῶν
3331 898 3558 952 οἰκετῶν
3587 894 3896 948 διαϐάλλειν
3922 896 4048 954 τοὺς

2463 1002 2756 1066 δεσπότας,
2803 1000 2900 1053 καὶ
2957 1000 3015 1051 ἐν
3062 998 3259 1067 ἀρχαῖς
3312 992 3473 1062 δῆθεν
3497 988 3842 1053 διστάζοντος
3880 989 3924 1019 ⁸⁸
3954 988 4050 1038 ἐπὶ

2462 1096 2575 1155 τοῖς
2609 1084 2952 1161 λεγομένοις,
2980 1087 3173 1140 ἔπειτα
3206 1081 3555 1153 βεϐαιοῦντος
3589 1078 3687 1139 τὰς
3715 1078 3757 1109 ⁶⁷
3787 1092 4052 1143 συκοφαν-

2465 1188 2607 1249 τίας,
2634 1186 2695 1238 τὸ
2721 1185 2855 1238 αὐτὸ
2879 1182 2937 1237 δὲ
2964 1182 3058 1235 καὶ
3079 1178 3173 1233 ἐπὶ
3201 1177 3431 1246 ἀσήμων
3450 1172 3569 1227 κατ’
3594 1172 3879 1241 ἐπισήμων
3896 1169 4046 1238 ἕδρα,

2465 1280 2641 1348 τιμῶν
2679 1276 2844 1341 ἀξιῶν
2874 1277 3001 1338 τοὺς
3033 1273 3095 1327 εὖ
3142 1270 3533 1330 διαϐάλλοντας
3567 1265 3634 1328 ⁵⁵,
3671 1264 3780 1316 τῶν
3808 1264 3863 1316 δὲ
3888 1263 4053 1315 οῐκων

2464 1370 2695 1431 πολλοὺς
2755 1368 2865 1422 τῶν
2919 1365 3224 1435 οἰκητόρων
3281 1360 3390 1415 ἀπὸ
3447 1357 3671 1428 πρώτης
3724 1356 3801 1418 είς
3859 1354 4053 1424 τρίτην

2464 1463 2657 1532 γενεὰν
2701 1458 3119 1529 ὲξανέστρεψεν,
3171 1454 3347 1508 ἑλπίδι
3388 1451 3487 1504 τοῦ
3530 1450 3764 1519 τάχιστα
3826 1448 4053 1507 τούτους

2468 1556 2722 1609 ἐκπεσεῖν
2749 1553 2843 1606 καὶ
2896 1551 2988 1604 ὑπ’
3015 1548 3180 1603 αὑτοῦ
3225 1544 3721 1616 κληρονομηϐἧναι.
3767 1540 3949 1603 Ἀξιον
3996 1539 4053 1591 δέ

2465 1666 2519 1701 τι
2548 1648 2643 1701 καὶ
2689 1646 2734 1678 θ’
2776 1644 3091 1716 ἡδύσματος
3139 1640 3172 1710 ἢ
3232 1637 3679 1707 παραδείγματος
3710 1634 3872 1685 ἕνεκα
3915 1647 4052 1700 μνη-

2469 1740 2663 1809 σθῆναι
2694 1739 2787 1790 καὶ
2813 1733 3029 1789 τούτου.
3060 1730 3469 1803 Κηρουλλάριὸς
3497 1745 3581 1790 τις
3608 1722 3674 1795 ἦν
3713 1727 3769 1777 ἐν
3793 1724 3867 1793 τῷ
3902 1723 4055 1793 φὸρῳ

2468 1832 2532 1885 ὲκ
2555 1831 2664 1884 τῶν
2702 1829 2851 1883 ἰδίων
2880 1827 3060 1881 πόνων
3124 1825 3400 1893 ἀνενδεὴς.
3446 1821 3645 1873 Τοῦτον
3698 1815 4054 1887 μεταστειλά-

784 1943 910 1981 care
933 1927 1219 1996 simulans,
1251 1945 1344 1985 eas
1378 1940 1567 1999 postea
1599 1930 1990 1999 comprobabat
2031 1939 2195 2000 atque
2228 1944 2363 1985 con-
2397 1912 2438 1967 Β
2468 1943 2546 1997 μετ

2289 1945 2363 1984 μη-
2397 1912 2438 1967 Β
2468 1942 2629 1997 μενος
2655 1926 2682 1978 ὁ
2707 1922 3005 1992 παμφάγος
3033 1919 3197 1987 φησί’
3227 1917 3337 1982 Θὲς
3380 1915 3494 1981 τὴν
3529 1911 3698 1981 χεῖρά
3734 1927 3851 1965 σου
3876 1909 3975 1963 ἐπὶ
4006 1909 4051 1938 τ’

786 2020 1057 2086 lirmabat,
1087 2020 1249 2090 idque
1280 2022 1550 2091 praecipue
1600 2023 1656 2077 in
1708 2022 2041 2092 ignobilibus
2088 2023 2356 2077 adversus

785 2111 1028 2167 illustres
1058 2112 1206 2167 viros
1231 2114 1572 2176 admittebat,
1604 2115 1857 2170 homines
1886 2115 1956 2169 ad
2003 2113 2362 2170 deferendum

785 2202 1010 2258 idoneos
1041 2205 1280 2275 praemiis
1311 2215 1475 2275 atque
1499 2206 1804 2262 honoribus
1848 2206 2111 2263 alliciens.
2143 2207 2366 2261 Praeter-

784 2309 849 2346 ea
895 2304 1076 2363 patres
1125 2296 1362 2351 familias
1388 2296 1825 2366 quamplurimos
1856 2313 1884 2351 a
1919 2297 2095 2368 prima
2141 2298 2207 2352 ad
2256 2306 2365 2352 ter-

784 2384 917 2439 tiam
956 2388 1359 2456 generationem
1379 2389 1632 2446 domibus
1664 2390 2003 2455 exturbavit,
2040 2404 2135 2460 spe
2156 2389 2357 2453 fretus,

783 2492 895 2544 quo
944 2479 1111 2535 citius
1144 2489 1383 2549 ruerent,
1434 2498 1500 2538 eo
1538 2484 1694 2540 citius
1739 2486 1956 2540 illorum
2011 2483 2361 2539 haereditates

784 2570 851 2623 ad
878 2586 938 2625 se
970 2571 1316 2629 deventuras.
1367 2572 1423 2629 Id
1453 2591 1583 2631 vero
1622 2578 1786 2632 etiam
1822 2578 2047 2648 dignum
2088 2587 2171 2631 est
2209 2574 2356 2645 quod

2461 2017 2575 2086 τῆς
2615 2012 2887 2084 κεφαλῆς
2906 2030 3047 2080 μου,
3074 2010 3170 2063 καὶ
3205 2008 3434 2075 ὀμοσόν
3470 2024 3571 2073 μοι
3615 2004 3701 2066 τὸ,
3735 2004 3926 2067 πόσος
3953 2017 4051 2053 σει

2464 2111 2696 2180 χρυσός
2720 2109 2870 2160 ἐστι.
2910 2105 2967 2157 Ὀ
3002 2105 3058 2157 δὲ
3089 2102 3282 2173 μικρὸν
3305 2102 3379 2164 ὠς
3418 2096 3636 2163 ἀνάξιος
3666 2096 3825 2162 δῆθεν
3852 2110 4053 2163 παραιο

2462 2198 2996 2273 τούμενος,ὲ6ιάσθη
3052 2196 3212 2249 τοῦτο
3260 2193 3388 2264 παρ’
3422 2191 3588 2245 αὐτοῦ
3637 2189 3881 2258 ποιῆσαι,
3937 2186 4035 2238 καὶ

2464 2299 2655 2369 λίτρας
2685 2294 2879 2348 ἑκατὸν
2924 2292 3162 2358 ἐξειπεῖν
3210 2288 3377 2358 ἔχειν.
3414 2286 3523 2339 Καὶ
3571 2282 3728 2336 τοῦτο
3770 2279 3910 2333 κατὰ
3952 2278 4050 2345 τὴν

2466 2394 2619 2465 ὥραν
2646 2389 2983 2460 προσέταξεν
3010 2385 3318 2456 ἐνεχθῆναι,
3372 2382 3549 2452 φήσας
3572 2397 3585 2410 ·
3633 2379 3714 2432 Σὺ
3747 2378 3801 2430 τί
3845 2376 4053 2465 χίείαν

2468 2458 2628 2548 5281(-
2654 2458 3077 2546 πὲρισπασμοῦ
3098 2517 3114 2539 ,
3141 2470 3603 2540 συναρίστησόν
3629 2486 3750 2536 μοι,
3783 2466 3877 2518 καὶ
3906 2458 4052 2531 ἆρον

2466 2572 2807 2641 νομίσματα
2837 2569 3075 2632 ἑκατὸν,
3131 2564 3228 2618 καί
3268 2564 3533 2631 πορεύου
3552 2561 3942 2628 ἀρκούμενος.

785 2664 1064 2718 memoriae
1100 2666 1331 2730 tradam,
1360 2675 1468 2721 tam
1500 2669 1788 2739 voluptati,
1817 2685 1982 2740 quam
2020 2669 2138 2723 utili
2168 2666 2419 2737 exemplo
2452 2665 2716 2720 futurum.
2750 2663 2958 2732 Agebat
2982 2662 3036 2714 in
3106 2659 3226 2713 foro
3287 2670 3569 2711 cereorum
3638 2651 3858 2721 quidam
3922 2663 4049 2701 ven-

788 2758 937 2813 ditor
980 2774 1044 2814 ex
1105 2763 1343 2831 propriis
1395 2764 1680 2821 laboribus
1727 2767 2024 2821 nonnullas
2076 2765 2363 2819 facultates
2436 2763 2687 2832 adeptus.
2748 2762 2885 2815 Eum
2922 2758 2988 2813 ad
3018 2772 3076 2812 se
3102 2754 3427 2811 accersitum
3462 2752 3642 2805 helluo
3674 2750 3760 2801 ille
3796 2750 4051 2821 pecunia-

788 2870 909 2907 rum
947 2857 1026 2913 sic
1058 2857 1391 2929 alloquitur:
1424 2862 1681 2930 Apposita
1712 2862 1873 2931 capiti
1893 2878 2005 2915 meo
2029 2877 2211 2925 manu,
2234 2862 2366 2930 jura
2405 2869 2607 2930 quanta
2657 2859 2749 2913 tibi
2807 2858 2876 2911 sit
2965 2856 3085 2909 auri
3137 2853 3310 2921 copia.
3382 2848 3430 2904 Is
3475 2858 3735 2921 tanquam
3797 2847 4049 2916 indignus

786 2962 1005 3004 manum
1034 2953 1328 3008 extendere
1368 2969 1632 3009 recusans
1661 2963 1715 3008 et
1740 2955 1969 3024 exsequi
2007 2956 2345 3025 compulsus,
2378 2963 2594 3009 centum
2631 2952 2749 3006 auri
2776 2951 2944 3004 libras
2978 2947 3257 3019 possidere
3291 2946 3471 3002 fassus
3528 2956 3629 3010 est,
3688 2956 3825 3013 quas
3890 2938 4045 3010 413

786 3042 1083 3112 imperator
1104 3045 1428 3113 quantocius
1453 3045 1685 3115 proferri
1714 3061 1839 3100 cum
1864 3046 2120 3115 iussisset
2151 3064 2162 3099 :
2190 3045 2352 3111 Quid,
2387 3044 2588 3114 inquit,
2622 3042 2714 3097 tibi
2736 3059 2797 3097 ea
2817 3040 3177 3096 sollicitudine
3205 3054 3334 3108 opus
3365 3041 3487 3095 est?
3548 3036 3762 3091 Prande
3826 3045 4048 3087 mecum.

783 3146 832 3189 et
861 3137 1086 3204 acceptis
1119 3136 1213 3189 tibi
1236 3137 1464 3190 nummis
1485 3146 1712 3201 centum,
1738 3138 1793 3189 in
1820 3136 2033 3189 domum
2064 3145 2209 3189 tuam
2235 3142 2507 3189 contentus
2544 3134 2774 3187 discede.

853 3227 920 3281 Α.
955 3229 1015 3282 (1.
1045 3228 1168 3282 803.
1200 3259 1269 3268 —
1308 3228 1426 3282 lloc
1477 3244 1623 3283 anno
1686 3229 2044 3299 Nicephorus,
2100 3228 2193 3298 qui
2244 3228 2360 3298 lege
2389 3232 2434 3292 C
2536 3230 2598 3280 Α.

2281 3243 2360 3298 θεε
2389 3232 2434 3292 C
2536 3230 2598 3280 Α.
2622 3227 2697 3280 Μ.
2729 3224 2890 3280 6505.
2922 3253 2990 3263 -
3017 3221 3208 3293 Τούτῳ
3261 3220 3339 3289 τῷ
3384 3220 3490 3271 ἔτει
3524 3216 3837 3284 Nunc-699;
3879 3216 3973 3275 τὰς
4004 3216 4043 3249 η

786 3319 995 3374 sancita
1041 3318 1251 3375 fcenora
1277 3322 1579 3376 exercenda
1611 3322 1914 3392 prohibuit,
1955 3321 2145 3375 solitas
2180 3320 2283 3376 sibi
2310 3330 2365 3374 at
2468 3338 2548 3373 xor

2310 3330 2365 3374 at
2468 3320 2612 3373 κατὰ
2670 3318 3013 3390 Χριστιανῶν
3049 3318 3093 3348 ⁷³
3126 3316 3402 3368 ἐπέτεινεν
3462 3311 3690 3378 εποιᾷίας
3724 3308 3915 3369 ἀθέους
3966 3307 4048 3369 ἐξ-

791 3410 903 3466 Deo
934 3412 1142 3467 invisas
1189 3413 1631 3468 Christianorum
1670 3415 2060 3483 inspectiones,
2090 3414 2362 3467 bonorum

785 3507 1032 3559 omnium
1060 3514 1116 3561 et
1131 3507 1469 3563 animalium.
1494 3506 1841 3576 pabulorum,
1869 3516 1923 3562 et
1951 3506 2230 3562 fructuum
2261 3506 2365 3561 ini-

786 3612 924 3667 quas
958 3598 1407 3667 proscriptiones,
1444 3615 1643 3655 usuras
1683 3600 1751 3654 de
1805 3600 2039 3668 navigiis
2092 3608 2361 3668 captatas,

786 3691 1004 3759 aliaque
1038 3690 1182 3745 mala
1211 3691 1421 3745 inlinita
1457 3690 1772 3761 prorogavit
1803 3690 1855 3744 in
1904 3689 2077 3759 pejus,
2125 3705 2362 3759 quorum

787 3783 1032 3837 narratio
1054 3798 1119 3837 ex
1172 3793 1325 3852 parte
1373 3784 1623 3838 instituta
1656 3784 1883 3837 molesta
1920 3783 1986 3837 iis
2028 3782 2101 3838 sit
2150 3782 2360 3843 futura.

786 3871 990 3939 quires
1016 3880 1201 3940 gestas
1225 3873 1550 3941 compendio
1573 3888 1905 3941 cognoscere
1942 3873 2183 3928 student.
2218 3873 2364 3927 Men-

787 3961 865 4015 sis
893 3971 1080 4017 autem
1126 3962 1378 4018 Octobris
1424 3965 1513 4019 die
1557 3965 1759 4034 primo,
1814 3964 2173 4019 hebdomadis
2226 3964 2361 4017 feria

789 4055 970 4118 tertia,
1018 4055 1238 4123 quidam
1271 4056 1582 4125 incognitus
1608 4056 1914 4112 monastico
1945 4056 2131 4111 habitu
2162 4066 2358 4121 tectus,

786 4145 983 4199 educto
1004 4160 1034 4199 e
1063 4146 1365 4216 cuiuspiam
1393 4147 1582 4202 militis
1603 4148 1775 4203 latere
1803 4148 1986 4218 gladio
2011 4148 2064 4202 in
2096 4149 2357 4226 palatium

787 4238 968 4302 irruit,
991 4237 1296 4307 Nicephoro
1322 4248 1550 4295 mortem
1576 4240 1779 4294 inferre
1801 4241 2113 4296 meditatus.
2157 4242 2359 4296 Astan-

789 4330 923 4384 tium
955 4338 1137 4387 autem
1177 4331 1317 4387 duos
1339 4348 1462 4388 eum
1494 4334 1844 4403 insequentes
1865 4348 1930 4388 ac
1962 4334 2198 4389 retinere
2227 4349 2359 4389 con-

788 4424 1074 4479 tendentes
1107 4425 1347 4494 graviter
1394 4426 1723 4481 vulneravit.
1777 4426 2223 4497 Compreheusus
2256 4428 2358 4481 ita»

784 4531 913 4586 que,
936 4526 989 4571 et
1007 4517 1289 4573 tormentis
1309 4520 1673 4582 examinatus,
1699 4518 1849 4573 nullo
1867 4519 2116 4573 criminis
2136 4528 2358 4573 auctore

783 4608 869 4661 vel
901 4609 1122 4664 conscio
1143 4620 1419 4674 accusata,
1448 4624 1478 4663 a
1508 4610 1780 4666 daemonio
1810 4612 2055 4682 torqueri
2087 4627 2145 4667 se
2180 4612 2353 4666 ﬁnxit.

783 4701 1084 4773 Imperator
1126 4706 1301 4759 virum
1330 4707 1538 4777 pedicis
1584 4708 1801 4778 ligneis,
1843 4724 1952 4763 una
1981 4723 2105 4764 cum
2140 4708 2229 4771 iis,
2262 4710 2357 4777 qui

782 4811 813 4849 a
838 4797 1082 4853 daemone
1112 4800 1479 4867 exagitantur,
1533 4802 1733 4855 arctari
1765 4801 1947 4870 jussit,
1979 4791 2125 4871 quod
2178 4802 2360 4872 gravis

783 4887 910 4940 mali
954 4897 1061 4942 tam
1106 4889 1506 4957 imperantibus
1553 4904 1717 4959 quam
1751 4890 1971 4946 subdito
2000 4889 2199 4958 cuique
2252 4888 2358 4942 im-

782 4977 1071 5043 pendentis
1122 4989 1437 5047 portentum
1488 4979 1629 5043 dari,
1692 4979 1856 5049 quale
1912 4979 2063 5048 impii
2121 4976 2356 5033 Nestorii

783 5070 1121 5138 temporibus
1146 5072 1345 5137 visum,
1378 5072 1631 5141 augurati
1649 5082 1798 5127 sunt.
1830 5070 2001 5128 Porro
2025 5070 2357 5125 Manichaeo-

2468 3417 2807 3486 αγορασμοῖς
2861 3413 2909 3444 ⁷³
2974 3409 3247 3463 παντοίων
3304 3406 3536 3471 ἀλόγων,
3594 3402 3958 3472 βοσκημάτων
3991 3416 4048 3451 τε

2467 3510 2559 3562 καὶ
2590 3504 2838 3576 καρπῶν,
2870 3504 3090 3565 ἀδίκους
3132 3499 3425 3569 δημεύσεις
3472 3512 3529 3547 τε
3561 3495 3653 3547 καὶ
3705 3492 3907 3564 ζημίας
3941 3493 4048 3545 τῶν

2467 3602 2527 3654 ὲν
2552 3599 2697 3653 τέλει
2723 3598 3008 3667 λογισμοῖς
3063 3594 3120 3645 ὲν
3169 3591 3397 3653 πλοίοις,
3429 3592 3454 3642 ὁ
3488 3590 3620 3641 πᾶσι
3658 3587 3965 3655 νομοθετῶν
3992 3588 4048 3640 τ’)

2468 3692 2545 3763 μὴ
2578 3689 2839 3754 τοκίζειν,
2870 3689 2965 3741 καὶ¹
2999 3684 3165 3747 ἄλλας
3206 3682 3407 3753 μυρίας
3458 3678 3646 3733 κακῶν
3682 3678 3945 3739 ἐπινοίας,
3976 3670 4048 3728 ὧν

2464 3782 2501 3853 ἡ
2536 3780 2679 3834 κατὰ
2713 3779 2876 3849 μέρος
2902 3775 3112 3844 ἱστορία
3132 3773 3365 3842 φορτική
3396 3773 3508 3831 τοῖς
3526 3769 3936 3837 ἐπιτετμημένα
3954 3770 4015 3835 ζη
4033 3796 4047 3807 ο

2463 3873 2619 3928 τοῦσι
2652 3872 2863 3941 πέφυκε
2901 3867 3192 3939 μανθάνειν
3217 3866 3283 3918 τὰ
3315 3864 3635 3932 πράγματα.
3670 3862 3746 3929 Τῇ
3774 3860 3827 3912 δὲ
3858 3861 4047 3928 πρώτῃ

2463 3967 2557 4022 τοῦ
2605 3964 2937 4035 Ὀκτωὸρίου
2974 3961 3142 4032 μηνὸς
3176 3958 3358 4030 ἡμέρα
3383 3955 3560 4027 τρίτῃ,
3599 3954 3940 4022 σπασάμενος
3969 3970 4049 4015 τις

2462 4058 2674 4130 ἀφανὴς
2703 4059 2762 4110 ὲν
2793 4056 3032 4126 σχήματι
3068 4049 3304 4123 μονοιχοῦ
3332 4048 3480 4116 ξίφος
3513 4046 3655 4106 τινὸς
3695 4048 3739 4077 τ’
3761 4045 3865 4097 τῶν
3883 4062 4046 4111 στρα-

2460 4150 2790 4220 τευομένων,
2824 4146 3149 4215 εἰσέδραμεν
3204 4143 3262 4194 ὲν
3311 4141 3390 4210 τῷ
3438 4138 3685 4207 παλατίῳ
3736 4137 4048 4205 Νικηφόρον

2462 4241 2672 4297 ἀνελεῖν
2706 4240 2905 4311 ζητῶν.
2931 4236 3052 4289 Τῶν
3081 4236 3137 4289 δὲ
3156 4236 3201 4267 ⁷⁵
3224 4231 3607 4302 περιεστώτων
3627 4228 3717 4281 δύο
3738 4228 4046 4295 διατρεχόν-

2461 4353 2570 4388 των
2595 4334 2690 4385 καὶ
2731 4331 3145 4401 ἐπιδραμόντων
3179 4325 3348 4393 αὐτῷ,
3382 4321 3571 4383 δεινῶς
3606 4321 3922 4389 ἐπλήγησαν
3954 4321 4042 4369 ὑπ’

2455 4428 2645 4482 ἀὺτοῦ.
2670 4426 2798 4480 Συλ)
2810 4426 3003 4495 ηφθεὶς
3032 4423 3109 4483 δὲ,
3130 4423 3224 4474 καὶ
3248 4419 3417 4471 πολλὰ
3434 4415 3766 4486 τιμωρηθεὶς
3787 4415 4046 4483 ὃαιμονᾷν

2463 4517 2891 4591 προεφασίσατο,
2911 4514 3119 4586 μηδένα
3152 4512 3197 4542 ⁷⁸
3217 4511 3647 4578 συκοφαντήσας.
3689 4507 3745 4559 Ὀ
3776 4506 3828 4558 ξε
3862 4504 4045 4557 τοῖα-ιον

2465 4614 2522 4665 ὲν
2561 4612 2639 4683 τῷ
2682 4611 2823 4678 ξύλῳ
2874 4605 3314 4676 κατησφαλίσατο
3374 4604 3469 4654 σὺν
3493 4603 3603 4661 τοῖς
3640 4598 3923 4666 πάσχουσι,
3954 4597 4045 4648 καὶ

2465 4704 2651 4758 πολλοὶ
2674 4701 2924 4756 ἐντεῦθεν
2954 4701 2997 4731 ⁷⁷
3031 4697 3345 4752 οἱωνίσαντο
3375 4692 3609 4762 μεγάλου
3632 4689 3803 4742 κακοῦ
3826 4690 4044 4756 σημεῖον

2468 4792 2610 4849 εἶναι
2660 4794 2821 4847 τοῦτο
2879 4795 2991 4853 τοῖς
3024 4807 3083 4842 τε
3138 4786 3402 4858 κρατοῦσι
3448 4785 3539 4836 καὶ
3580 4786 3689 4843 τοῖς
3732 4782 3834 4834 ὑπο
3865 4782 4038 4850 χεῖρα,

2466 4888 2717 4957 καθάπερ
2744 4886 2837 4939 καί⁵
2858 4885 2950 4937 ἐπὶ
2976 4881 3070 4935 τοῦ
3092 4882 3137 4913 ⁷⁸
3160 4878 3451 4937 δυσσεϐοῦς
3473 4874 3767 4943 Νεστορίον
3797 4873 4038 4940 γέγονεν.

2463 4980 2584 5034 Τῶν
2616 4978 2673 5031 δὲ
2706 4975 3048 5046 Μανιχαίων,
3084 4972 3194 5026 τῶν
3239 4971 3333 5023 νῦν
3365 4965 3746 5024 Πανλικιανῶν
3774 4963 4043 5032 καλουμέ-

2456 5087 2565 5123 νων
2591 5071 2658 5133 ⁷⁹,
2691 5068 2785 5122 καὶ
2814 5066 3155 5135 Ἀϐιγγάνων
3187 5062 3297 5131 ('59)
3330 5061 3437 5115 τῶν
3478 5060 3621 5112 κατα
3674 5059 3917 5127 Φρυγίαν
3950 5055 4041 5107 καὶ

2078 5184 2310 5239 VARUS
2340 5183 2749 5240 LECTIONES.

840 5275 885 5307 “
911 5276 1303 5344 ἀνιχνεύοντος,
1320 5278 1468 5340 ὅπως
1490 5278 1555 5342 Α,
1572 5278 1974 5348 ἀνιχνεὺοντας,
2004 5280 2151 5341 ὅπως
2175 5293 2224 5344 a,
2246 5278 2630 5347 ἀνιχνεύοντας
2653 5277 2929 5348 ὅσοιννυὶετ

2310 5349 2353 5379 .7
2382 5348 2642 5483 (3A.,
2661 5347 2965 5487 ariam;

781 5484 827 5559 7:
852 5489 1081 5555 ὲπαγορ.
1113 5488 1178 5559 A_.
1214 5488 1259 5519 "
1283 5488 1703 5559 τινδςΑςτινῶν
1736 5489 1884 5558 vulg.
1936 5490 1981 5522 ⁷³
2011 5490 2069 5541 δὲ
2100 5484 2315 5543 σύάἶοκ
2349 5488 2413 5543 Α.
2458 5489 2505 5520 ⁷⁸
2534 5484 2741 5559 μηδένα
2763 5487 2826 5542 Α.
2860 5484 2993 5557 μηδέ
3018 5503 3138 5539 τινα
3170 5488 3315 5556 vnlg.

779 5344 887 5418 λων
916 5348 1066 5414 vulg.
1151 5348 1197 5378 “
1241 5348 1589 5413 διστάζοντας
1620 5344 1695 5389 -Σ
1715 5348 2066 5418 βεϐαιοῦντας
2086 5348 2233 5415 vulg.

781 5417 924 5488 vnlg.
1022 5417 1066 5449 ⁸⁸
1100 5419 1191 5471 καὶ
1244 5418 1371 5472 add.
1400 5434 1462 5471 ex
1488 5419 1554 5472 A.
1662 5420 1707 5451 ⁷⁸
1742 5418 1834 5471 ἐπὶ
1862 5420 1927 5481 Α,
1954 5418 2094 5471 κατὰ
2126 5420 2270 5488 vulg.

3010 5277 3054 5308 "
3088 5277 3331 5329 καθυποϐ
3342 5278 3423 5329 ἀλλ
3435 5293 3584 5328 ουτος
3605 5277 3663 5326 Α.
3685 5272 3821 5324 καθ-λ
3831 5271 3993 5323 ποεάῖ
4011 5301 4034 5312 -

2913 5346 2959 5377 ⁸⁸
2979 5341 3036 5398 εὖ
3058 5346 3463 5417 διαϐάλλοντι]
3500 5345 3695 5398 ἐνδιαε.
3726 5345 3785 5396 Α.
3826 5342 4035 5417 εςξδιαε.

3040 5418 3082 5447 ⁷¹
3114 5419 3356 5479 ἐπινοίας
3408 5414 3463 5470 Α’
3498 5417 3620 5469 add.
3671 5422 3790 5482 post
3843 5414 4031 5477 Χοιστ.

3392 5490 3436 5519 ⁷⁷
3463 5482 3731 5556 ἐντεῦθεν]
3754 5485 3937 5536 λοιπον
3971 5483 4033 5533 Α.

784 5552 828 5588 ’⁸
853 5560 945 5610 καὶ
963 5552 1062 5611 ἐπὶ
1084 5556 1202 5621 τοῦ,
1232 5561 1297 5625 Α,
1335 5561 1427 5612 επὶ
1446 5558 1541 5612 τοῦ
1582 5561 1724 5630 vulg.
1786 5552 2220 5629 η’καλουμένων
2250 5561 2313 5623 Α,
2340 5552 2706 5627 λεγομξγὶιις.

2046 5726 2055 5739 ε
2097 5653 2238 5709 JAC.
2276 5651 2486 5709 coam
2553 5651 2787 5708 ΝΟΜ).

856 5746 973 5819 (59),
1001 5745 1075 5802 De
1132 5748 1459 5819 Alhinganis
1521 5751 1776 5804 nonnulla
1841 5749 2111 5806 Balsamo.
2154 5749 2355 5804 Eorum

784 5818 1128 5891 rcliqu_i:e_ac
1161 5818 1507 5891 successores
1530 5822 1676 5891 Italis
1701 5820 1973 5891 Tzingari,
2013 5821 2170 5891 nobis
2219 5820 2357 5875 Boe-

786 5889 857 5942 mi
891 5888 972 5942 vel
998 5886 1256 5959 Egyptii,
1307 5891 1450 5961 quod
1506 5908 1570 5948 ex
1602 5886 1852 5949 Oriente'
1884 5890 2108 5963 proiecti
2150 5891 2205 5948 in
2236 5892 2356 5947 illas

2468 5760 2666 5816 partes,
2709 5756 2763 5801 et
2798 5746 2921 5816 inde
2963 5760 3154 5800 versus
3194 5760 3295 5799 nos
3334 5745 3684 5813 penetrarint.
3733 5742 3805 5816 De
3862 5742 4037 5816 homi-

2468 5814 2596 5874 num
2628 5819 2855 5875 istorum
2884 5815 3011 5870 fasce
3045 5824 3238 5871 tractat
3265 5816 3479 5871 abunde
3520 5815 3697 5872 Delrio
3733 5814 3824 5868 lib.
3847 5828 3896 5868 ιν
3927 5814 4032 5866 dis-

2467 5891 2604 5960 quis.
2660 5890 2849 5961 ntagic.
2872 5926 2888 5957 ,
2919 5900 3039 5948 Cap.
3069 5903 3142 5953 tv,
3172 5898 3364 5959 quast.
3402 5886 3453 5941 5.
