4462 6446
433 396 528 466 981

1744 398 2418 462 CllliONOGRAPHlA.

3594 398 3701 464 982

433 513 760 579 Λυκαονίαν,
818 511 1206 583 ἀγχιγειτόνων
1233 509 1423 574 αὐτοῦ,
1451 513 1600 583 φίλος
1627 509 1693 586 ἦν
1727 515 2012 585 διάπυρος,
2041 516 2085 572 Α
2120 525 2195 566 rut

1936 531 2012 580 ος,
2041 516 2085 572 Α
2120 525 2263 578 rum,
2303 528 2445 582 quos
2480 529 2623 568 nunc
2657 514 3005 569 Paulicianos
3046 513 3303 576 dicimus,
3345 525 3399 568 et
3440 513 3698 584 Athinga-

434 606 704 676 χρησμοῖς
736 604 830 657 καὶ
860 604 1099 668 τελεταῖς
1135 604 1317 659 αὐτῶν
1352 606 1675 678 ἐπικαίρων,
1702 609 1759 660 ὲν
1781 603 1860 672 οἷς
1887 609 2017 661 ὅταν

436 693 716 765 Βαρδάνης
775 695 803 747 6
862 696 1152 765 πατρίκιος
1220 697 1499 768 ἐπανέστη
1546 698 1736 765 αὐτῷ,
1794 698 2019 763 τούτους

438 786 974 856 προσκαλεσάμενος,
1034 789 1153 850 ταῖς
1186 787 1367 842 αὐτῶν
1420 792 1785 858 μαγγανείαις
1827 790 2019 844 τοῦτον

442 879 730 943 ὑπέταξεν.
773 879 985 950 Ταῦρον
1027 880 1135 951 γὰρ
1195 880 1251 932 ἔν
1303 898 1410 935 τινι
1464 882 1654 953 λάκκῳ
1707 885 1764 937 ἐν
1818 883 2022 953 σιδηρῷ

440 975 594 1044 πάλῳ
647 973 693 1004 ⁸ο
735 975 798 1026 ἐκ
823 973 931 1025 τῶν
958 974 1207 1044 κεράτων
1238 975 1553 1047 προσδήσας
1605 979 1685 1040 είς
1708 978 1813 1047 γῆν
1846 994 2025 1033 νενευ.

442 1067 595 1131 κότα,
622 1062 765 1118 οὕτω
786 1064 1107 1136 μυκώμενον
1125 1067 1218 1119 καὶ
1247 1067 1488 1122 είλυσπώ
1498 1085 1656 1137 μενον
1681 1070 1723 1101 ⁸⁸
1750 1071 2025 1123 ἀποκταν-

445 1159 604 1228 θῆναι
666 1159 986 1230 πεποίηκεν,
1033 1158 1132 1230 τὴν
1176 1159 1233 1213 δὲ
1282 1160 1472 1214 τούτου
1507 1161 1708 1233 ἐσθῆτα
1735 1163 1793 1215 ὲν
1823 1164 2027 1234 μύλωνι

446 1251 653 1319 ἁλήσας
702 1250 1098 1319 ἀντιστρόφως,
1166 1252 1260 1305 καὶ
1316 1253 1620 1317 ὲπαοιδίαις
1684 1256 2029 1327 χρησάμενος

446 1343 602 1412 νίκην
626 1344 816 1412 ἤρατο,
856 1344 1364 1415 παραχωρήσαντος
1397 1345 1492 1399 τοῦ
1533 1346 1670 1399 Θεοῦ
1699 1346 1787 1401 διά
1825 1347 2030 1418 πλῆθος

448 1437 733 1505 ἁμαρτιῶν
763 1437 924 1506 ἡμῶν
951 1453 962 1465 ·
995 1436 1141 1492 οὗτοι
1182 1438 1370 1509 χώραν
1407 1440 1599 1494 ἔλαϐον
1631 1442 1723 1494 ἐπὶ
1749 1442 1852 1512 τῆς
1884 1442 2033 1513 βασι-

449 1528 599 1591 λείας
664 1528 831 1582 αὑτοῦ
883 1529 1103 1597 ἀφόϐως
1145 1531 1548 1597 πολιτεύεσθαι,
1583 1536 1676 1586 καὶ
1710 1534 1896 1587 πολλοὶ
1924 1534 2033 1587 τῶν

452 1619 798 1689 κουφοτέρων
820 1623 940 1683 ταῖς
991 1621 1271 1690 ἀθεμίτοις
1325 1622 1505 1676 αὐτῶν
1547 1623 1919 1695 διεφθάρησαν
1956 1624 2036 1676 δό-

454 1709 594 1774 ξαις,
624 1712 681 1761 ἐν
732 1709 787 1762 δὲ
836 1709 908 1779 τῷ
954 1710 1270 1780 Ἐξακιονίῳ
1318 1711 1429 1781 (40)
1490 1713 1900 1784 ψευδερημίτης
1952 1731 2034 1779 τις

455 1804 724 1865 Νικόλαος
749 1803 992 1875 τοῦνομα
1027 1807 1122 1858 καὶ
1156 1807 1206 1858 oi
1235 1808 1332 1860 σὺν
1376 1806 1528 1877 αὐτῷ
1557 1811 1842 1877 γεγονότες
1871 1805 2032 1881 ἦσαν,

456 1897 550 1947 καὶ
579 1895 720 1949 κατά
777 1894 872 1948 τοῦ
925 1895 1086 1967 ὀρθοῦ
1113 1896 1275 1965 λόγου
1301 1898 1396 1951 καὶ
1418 1898 1525 1951 τῶν
1572 1900 1786 1953 σεπτῶν
1812 1901 2037 1954 εἰκόνων

457 1989 867 2060 ἐϐλασφήμουν,
899 1982 973 2042 ὧν
1001 1992 1342 2044 ἀντεποιεῖτο
1372 1991 1709 2063 Νικηφόρος,
1734 1995 1828 2046 καὶ
1852 1992 2038 2046 ἐλύπει

457 2083 548 2134 τὸν
601 2082 865 2152 ἀρχιερέα
897 2082 992 2134 καὶ
1039 2083 1247 2146 πάντας
1278 2084 1406 2145 τοὺς
1451 2084 1594 2138 κατά
1617 2084 1771 2137 ,Θεὸν
1800 2084 2035 2149 ζῶντας.

459 2173 725 2238 Πολλάκις
782 2173 891 2243 γὰρ
938 2176 1059 2227 κατ’
1110 2176 1290 2229 αὐτῶν
1350 2176 1601 2244 ἐγκαλῶν
1655 2177 2039 2249 ἠγανακτήθη,

460 2270 573 2329 τοῖς
601 2266 738 2337 πρὸς
761 2266 1027 2336 ἀλλήλους
1084 2267 1428 2339 ὲχθραίνουσι
1476 2268 1681 2339 σφόδρα
1709 2270 2041 2342 συγχαίρων,

461 2359 816 2421 ἐπιτωθάζων
862 2360 1027 2411 παντὶ
1054 2360 1373 2431 Χριστιανῷ
1401 2360 1645 2430 φιλοῦντι
1671 2361 1761 2413 τὸν
1794 2362 2042 2433 πλησίον,

462 2451 538 2514 ὡς
568 2452 907 2523 ἀνατροπεὺς
930 2455 1039 2509 τῶν
1073 2454 1232 2509 θείων
1272 2456 1524 2518 ἐντολῶν,
1565 2458 1659 2510 καὶ
1687 2456 1774 2510 διὰ
1807 2457 2046 2525 σπουδῆς

462 2540 531 2614 ἦν
553 2547 701 2616 αὖτῷ
725 2548 879 2610 δίκας
908 2548 1136 2616 ἀλόγους
1162 2550 1255 2602 καὶ
1274 2550 1530 2616 εὐλόγους
1558 2551 1718 2603 παντὶ
1739 2550 2047 2621 Χριστιανῷ

467 2639 636 2689 κινεῖν
677 2641 734 2690 ὲν
793 2638 869 2707 τῷ
904 2638 1251 2709 κολαστηρίῳ
1275 2640 1375 2707 τῆς
1415 2640 1773 2709 Μαγναύρας,
1804 2641 1939 2711 πρὸς
1988 2641 2048 2694 τὸ

471 2728 673 2797 μηδένα
711 2729 995 2797 σχολάζειν
1055 2732 1194 2783 κατά
1228 2730 1336 2783 τῶν
1368 2731 1633 2784 ἀσεϐειῶν
1687 2731 1875 2785 αὑτοῦ.
1910 2732 2047 2795 Τοὺς

471 2824 897 2891 στρατιωτικοὺς
958 2823 1226 2893 ἄρχοντας
1291 2823 1554 2887 δουλικῶς
1639 2825 1874 2894 χρᾶσθαι
1939 2829 2049 2889 τοῖς

471 2913 793 2975 ἐπισκόποις
843 2915 939 2966 καὶ
994 2916 1277 2984 κληρικοῖς
1324 2916 1609 2967 ἐκέλευσεν
1639 2919 2049 2986 καταγομένους

471 3001 804 3065 αὑθεντικῶς
849 3004 908 3054 ὲν
959 3005 1072 3065 τοῖς
1102 3004 1479 3067 ἐπισκοπείοις
1510 3002 1620 3073 (41)
1660 3005 1753 3056 καὶ
1782 3021 2051 3073 μοναστη-

473 3093 632 3166 ρίοις,
663 3096 756 3147 καὶ
796 3095 1180 3167 καταχρᾶσθαι
1209 3096 1279 3149 τά
1308 3097 1487 3151 αὐτῶν
1521 3098 1589 3151 ⁸³.
1623 3097 1762 3161 Τοὺς
1794 3097 1886 3151 ἀπ’
1921 3098 2052 3151 αἰῶ-

2120 621 2314 661 norum
2342 622 2406 660 ex
2437 604 2670 677 Phrygia
2706 613 2761 660 et
2791 605 3066 676 Lycaonia
3099 606 3252 675 juxta
3283 605 3515 674 patriam
3546 620 3701 659 suam

2118 699 2520 767 erumpentium
2544 698 2757 753 amicus
2784 707 2926 752 totus
2957 713 3145 753 eorum
3193 697 3447 766 cupidine
3471 695 3707 767 ﬂagrans

2119 792 2350 857 exstitit,
2391 800 2658 844 eteorum
2693 790 2973 844 vaticiniis
2996 798 3049 844 et
3080 788 3565 858 superstitionibus
3589 802 3708 841 om-

2122 886 2255 939 nino
2319 884 2579 949 deditus;
2634 883 2702 937 iis
2763 883 2909 937 enim
2949 882 3164 945 accitis,
3216 895 3338 935 cum
3401 879 3704 934 Bardanins

2122 978 2391 1047 patricius
2414 974 2738 1031 seditionem
2767 976 2956 1038 movit,
2984 991 3175 1030 eorum
3229 973 3522 1043 prmstigiis
3571 988 3706 1027 usus

2128 1069 2404 1122 hominem
2466 1069 2521 1122 in
2581 1083 2640 1122 se
2695 1066 3047 1121 rebellantem
3106 1068 3419 1136 prostravit.
3465 1067 3705 1120 Taurum

2126 1160 2392 1231 siquidem
2423 1160 2478 1214 in
2506 1159 2720 1214 foveam
2745 1158 3070 1219 demissum,
3100 1169 3153 1213 et
3180 1161 3231 1213 in
3283 1172 3482 1213 terram
3530 1159 3709 1229 capite

2128 1254 2445 1324 proclivem,
2470 1253 2727 1308 cornibus
2756 1252 2823 1307 ad
2858 1252 3039 1322 palum
3073 1251 3316 1306 ferreum
3353 1252 3613 1320 alligatis,
3644 1267 3708 1305 eo

2130 1354 2286 1414 pacto
2315 1345 2649 1413 mugientem
2675 1356 2727 1399 et
2765 1346 2816 1398 in
2870 1344 2987 1401 luto
3031 1342 3369 1397 volutantem
3434 1358 3494 1398 se
3533 1344 3706 1397 occidi

2132 1435 2367 1503 paravit,
2410 1434 2768 1504 ejusdemque
2804 1435 3059 1489 Bardanii
3107 1442 3256 1489 veste
3308 1434 3412 1489 sub
3469 1435 3612 1489 mola
3655 1435 3709 1488 in

2133 1535 2467 1581 retroactum
2499 1541 2691 1597 gyrum
2750 1534 3000 1580 contorta
3031 1526 3239 1581 conteri
3271 1527 3608 1596 praecipiens,
3651 1542 3715 1581 ac

2133 1619 2295 1672 simul
2332 1620 2738 1673 incantamenta
2770 1617 3045 1685 eﬂ‘utiens,
3092 1618 3201 1673 Deo
3225 1618 3297 1673 ita
3344 1620 3709 1688 permittente,

2133 1708 2203 1761 ob
2235 1708 2584 1762 innumerum
2620 1714 2975 1777 peccatorum
3027 1714 3343 1761 nostrorum
3396 1720 3712 1767 numerum,

2136 1798 2421 1852 victoriam
2456 1798 2659 1852 retulit.
2690 1796 3062 1863 Quamobrem
3119 1796 3221 1851 sub
3248 1797 3372 1865 ejus
3425 1796 3715 1867 imperium

2145 1888 2458 1943 llanichazis
2484 1889 2602 1944 istis
2634 1890 2806 1945 libere
2830 1904 2955 1943 cum
2999 1888 3123 1943 aliis
3148 1888 3365 1942 vivendi
3391 1898 3442 1944 et
3478 1887 3719 1942 civitatis

2138 1984 2264 2053 jure
2288 1983 2421 2037 citra
2457 1989 2663 2036 metum
2700 1981 2882 2034 utendi
2907 1978 3141 2035 facultas
3175 1980 3319 2042 data,
3348 1994 3411 2033 ex
3443 1995 3554 2049 quo
3580 1980 3720 2033 mul-

2144 2087 2230 2132 tos
2255 2077 2473 2132 levioris
2527 2074 2728 2146 ingenii
2777 2074 3027 2129 homines
3064 2072 3289 2127 nefariis
3339 2088 3529 2128 eorum
3599 2073 3719 2143 opi-

2147 2171 2403 2225 nionibus
2431 2168 2714 2239 depravari
2741 2167 2989 2236 contigit.
3032 2165 3157 2221 Fuit
3188 2174 3302 2221 tum
3355 2167 3406 2220 in
3463 2165 3723 2221 Ilexacio-

2146 2264 2242 2318 nio
2290 2262 2555 2318 Nicolaus
2599 2262 2847 2331 quidam,
2896 2260 3139 2315 tat-emitte
3178 2275 3377 2315 nomen
3435 2258 3574 2314 falso
3619 2259 3721 2314 sibi

2146 2370 2427 2426 arrogans,
2458 2364 2512 2408 et
2539 2352 2757 2423 quidam
2777 2351 3017 2421 ejusdem
3050 2352 3173 2406 vita:
3199 2351 3507 2420 participes,
3531 2351 3725 2405 adver-

2149 2461 2243 2501 sus
2271 2454 2474 2500 rectam
2512 2443 2670 2498 fidem
2711 2453 2763 2497 et
2795 2442 3134 2497 venerandas
3162 2442 3427 2511 imagines
3462 2442 3723 2512 hlaSphc-

2150 2538 2288 2593 mias
2324 2553 2578 2593 evomere
2604 2537 2833 2592 assueti.
2867 2535 3007 2590 Istos
3036 2536 3139 2590 sibi
3174 2535 3475 2600 devincire,
3536 2537 3719 2605 ponti-

2152 2632 2306 2687 ficem
2358 2647 2488 2686 vero
2539 2624 2906 2701 Nicephorum
2957 2629 3305 2699 reliquosque
3351 2630 3516 2684 vitam
3564 2627 3730 2703 ἀ,ιά

2152 2740 2305 2779 suam
2331 2725 2395 2778 ad
2429 2724 2519 2778 Dei
2552 2725 2814 2793 placitum
2850 2722 3260 2779 conformantes
3286 2722 3522 2793 afﬂigere
3544 2724 3729 2778 stude-

2154 2817 2262 2870 bat.
2296 2817 2506 2886 Saapius
2538 2817 2681 2870 enim
2718 2816 2943 2873 hisillos
2973 2816 3354 2889 incusantibus
3390 2815 3725 2877 succensuit,

2155 2926 2278 2965 cum
2306 2925 2370 2981 ex
2397 2910 2632 2965 adverso
2668 2922 2887 2965 mutuas
2908 2910 2975 2964 ad
3005 2911 3239 2964 invicem
3269 2907 3515 2964 foventes
3546 2908 3728 2962 inimi-

2154 3004 2311 3057 citias
2333 3003 2770 3073 amplecteretur,
2808 3012 2862 3057 et
2888 3003 3174 3072 diligentes
3203 3002 3434 3056 invicem
3467 3000 3728 3056 conviciis

2156 3098 2432 3151 morderet
2492 3114 2506 3149 :
2571 3110 2747 3166 usque
2803 3104 2921 3150 erat
2975 3096 3285 3149 divinorum
3345 3096 3727 3149 mandatorum

473 3206 562 3252 vo;
588 3190 957 3259 ἀναθεμένους
997 3191 1077 3261 τῷ
1107 3191 1226 3263 Θεῷ
1274 3194 1454 3263 χρυσᾶ
1482 3193 1515 3263 ἢ
1546 3193 1768 3264 ἀργυρᾶ
1809 3193 1977 3262 σκεύη
2008 3193 2054 3225 ⁸³
2083 3199 2127 3260 c
2160 3204 2235 3242 art

1967 3212 1977 3262 λ
2008 3193 2054 3225 ⁸³
2083 3199 2127 3260 c
2160 3190 2461 3242 acerrimus
2495 3198 2862 3259 oppugnator,
2900 3189 2953 3242 in
2983 3188 3034 3242 id
3062 3195 3176 3242 toto
3204 3186 3385 3242 studio
3413 3195 3620 3256 raptus,
3649 3196 3729 3252 ut,

474 3280 690 3348 ἔψεγεν,
724 3284 817 3335 καὶ
843 3282 911 3334 τά
935 3283 1042 3335 τῶν
1069 3284 1376 3352 ἐκκλησιῶν
1416 3283 1538 3354 ἱερά
1566 3283 1875 3337 κοινοῦσθαι
1906 3283 2054 3349 ἀξιον

474 3373 850 3442 ὲδογμάτιξεν,
874 3374 949 3437 ὠς
986 3374 1190 3439 Ἰούδας
1234 3375 1297 3429 τὸ
1329 3375 1659 3429 Δεσποτικδν
1689 3375 1883 3447 μῦρον.
1917 3378 2055 3440 Τοὺς

475 3466 582 3536 πρὸ
608 3465 772 3518 αὐτοῦ
803 3465 1040 3534 βασιλεῖς
1065 3466 1312 3531 ἅπαντας
1342 3468 1417 3531 ὠς
1446 3468 1852 3537 ἀκυὸερνήτους
1882 3468 2056 3537 ἐμέμ-

478 3572 627 3620 φετο,
647 3556 878 3609 καθόλου
903 3558 1002 3626 τὴν
1028 3557 1291 3627 Πρόνοιαν
1312 3557 1553 3628 ἀναιρῶν
1579 3548 1713 3628 (ιί),
1738 3558 1832 3609 καὶ
1857 3557 2060 3626 μηδένα

478 3646 652 3713 λέγων
688 3647 933 3714 γίνεσθαι
962 3648 1058 3700 τοῦ
1084 3648 1417 3719 κρατοῦντος
1441 3646 1837 3719 δυνατώτερον,
1866 3650 1914 3700 εἰ
1940 3647 2061 3717 βού-

480 3738 626 3791 λοιτο
653 3739 680 3789 6
707 3740 926 3808 κρατῶν
956 3739 1227 3811 ἐντρεχῶς
1258 3740 1468 3809 ἄρχειν.
1489 3739 1628 3792 Ἀλλ’
1648 3738 1971 3809 ὲματαιώθη
2004 3742 2062 3793 ὲν

480 3832 592 3892 τοῖς
604 3830 971 3897 διαλογισμοῖς
994 3829 1159 3883 αὑτοῦ
1177 3832 1205 3883 6
1231 3828 1577 3892 θεόκταντος.
1603 3827 1694 3897 Τῷ
1716 3828 1771 3880 δὲ
1793 3827 2065 3893 Φεϐρουα-

488 3920 586 3989 ρὶῳ
609 3923 847 3990 μηνὶτῆς
876 3923 1044 3990 αὐτῆς
1064 3920 1108 3974 δ’
1130 3921 1461 3985 ίνδικτιῶνος
1484 3922 1559 3993 τῷ
1584 3923 1789 3994 πρώτῳ
1808 3922 2064 3993 σαὸὅάτῳ

485 4012 591 4063 τῶν
610 4004 779 4080 ἀγίων
804 4014 848 4044 ⁸⁸
869 4015 1151 4081 Νηστειῶν
1171 4014 1571 4085 ὐπαντηθέντες
1595 4018 1644 4069 οί
1663 4016 1970 4086 Σαρακηνοὶ
1988 4018 2070 4080 εἰς

490 4105 724 4174 Ευχαῐτα
748 4105 793 4139 ⁸⁵
810 4107 1001 4160 Λέοντι
1023 4106 1317 4178 στρατηγῷ
1338 4108 1448 4162 τῶν
1473 4109 1854 4180 Ἀρμενιακῶν
1885 4110 1981 4163 σὺν
2000 4112 2067 4181 τῇ

489 4195 624 4265 ρὁα
642 4195 737 4248 τοῦ
760 4196 1012 4265 θέματος,
1031 4198 1239 4269 ταύτην
1258 4198 1303 4230 ⁸⁸
1320 4199 1612 4267 ἀφείλαντο
1633 4201 1729 4253 σὺν
1749 4200 1927 4269 πολλῷ
1943 4202 2075 4271 πλή.

490 4286 572 4338 θει
601 4287 751 4341 λαοῦ.
778 4289 1027 4343 Τάλαντα
1048 4290 1105 4345 δὲ
1131 4287 1199 4359 ἦν
1225 4298 1291 4359 ιγ’
1312 4290 1426 4361 (45)
1445 4292 1708 4361 γινόμενα
1730 4293 1775 4324 ⁸⁷
1801 4293 1980 4364 λίτραι
1999 4296 2073 4362 xi-

491 4380 603 4433 }:1'.
655 4383 999 4452 τριακόσιαι·
1032 4386 1125 4437 καὶ
1169 4384 1276 4436 οὐδ’
1322 4382 1495 4447 οὕτως
1537 4382 1636 4455 [μὴ
1668 4385 1978 4449 παιδευθεὶς
2005 4385 2074 4456 ⁸⁸]

491 4473 754 4542 ἠλέγιχετο
779 4474 1093 4546 Νικηφόρος
1118 4476 1217 4545 τῆς
1242 4476 1553 4541 πλεονεξίας
1574 4477 1907 4532 παύσασθαι.
1952 4478 2076 4531 Ἐπὶ

2160 3286 2348 3339 litibus
2392 3300 2490 3353 per
2551 3283 2633 3337 fas
2686 3291 2781 3337 aut
2821 3282 2976 3338 nefas
3040 3281 3262 3337 cuilibet
3318 3280 3628 3335 Christiano
3677 3282 3729 3334 in

2159 3377 2465 3447 Magnam-ae
2486 3376 2806 3431 carniﬁcina
2839 3375 3143 3439 intentatis,
3179 3374 3451 3429 neminem
3481 3373 3732 3442 impieta-

2162 3472 2306 3524 tihus
2340 3470 2455 3525 suis
2477 3470 2863 3539 dignoscendis
2893 3470 3171 3523 attendere
3201 3468 3563 3538 permitteret.
3599 3465 3737 3519 Mili-

2165 3570 2312 3615 tares
2343 3575 2597 3630 proceres
2630 3560 2905 3630 episcopis
2930 3568 2986 3615 et
3013 3559 3230 3614 clericis
3273 3558 3428 3613 herili
3463 3557 3589 3628 jure
3625 3557 3739 3627 epi-

2167 3652 2484 3721 scopatibus
2527 3660 2582 3705 et
2621 3652 2975 3706 monasteriis
3026 3650 3298 3715 abductis,
3350 3651 3404 3705 in
3458 3665 3739 3705 servorum

2169 3744 2389 3799 modum
2427 3744 2502 3798 uti
2542 3758 2845 3814 eorumque
2885 3744 3043 3798 bonis
3085 3743 3233 3798 abuti
3270 3744 3454 3814 jussit.
3511 3742 3617 3798 Eos
3661 3744 3744 3798 in-

2170 3850 2352 3905 snper,
2393 3835 2486 3904 qui
2519 3837 2589 3888 ab
2624 3836 2854 3906 antiquo
2884 3851 3049 3890 aurea
3086 3836 3169 3890 vel
3212 3848 3466 3903 argentea
3515 3851 3745 3906 quaeque

2168 3942 2295 3981 vasa
2321 3926 2428 3981 Deo
2450 3928 2639 3980 devota
2666 3936 3102 3993 consecrassent,
3128 3927 3243 3997 ipse
3257 3927 3541 3996 vituperiis
3566 3926 3746 3980 inces-

2171 4019 2343 4082 sebat,
2365 4028 2419 4073 et
2443 4034 2563 4087 quin
2594 4035 2739 4074 nunc
2766 4020 3066 4088 possideret
3097 4021 3329 4075 ecclesia
3361 4019 3747 4074 communibus

2172 4110 2361 4163 usibus
2380 4108 2714 4177 deputanda,
2740 4120 2902 4178 prout
2936 4108 3105 4164 Judas
3132 4109 3476 4164 Dominieum
3501 4123 3746 4179 unguen-

2178 4212 2313 4264 tum,
2331 4202 2718 4256 deblaterabat.
2742 4204 2819 4257 Ad
2843 4204 2955 4257 haec
2970 4206 3062 4273 qui
3085 4212 3480 4272 praecesserunt
3509 4202 3579 4256 im
3591 4216 3750 4270 pera-

2181 4306 2350 4361 tores,
2373 4311 2469 4349 ceu
2486 4311 2665 4348 rerum
2685 4296 3046 4364 gerendarum
3076 4295 3378 4364 imperitos,
3414 4296 3752 4350 moderantia

2182 4388 2235 4441 in
2267 4388 2578 4441 universum
2607 4388 2838 4450 sublata,
2860 4387 3171 4452 accusabat,
3190 4387 3461 4442 aﬂirmans
3480 4389 3750 4441 neminem

2185 4479 2427 4547 principe
2464 4479 2823 4545 potentiorem
2861 4494 3002 4541 esse,
3035 4479 3196 4532 modo
3226 4490 3385 4532 caute
3418 4487 3581 4548 atque
3615 4489 3753 4533 stre-

494 4565 869 4626 τοσούτοιςοῧν
886 4567 1132 4636 σημείοις
1161 4567 1317 4631 ὁνέος
1346 4569 1556 4638 Ἀχαάὅ
1589 4569 1662 4638 μὴ
1684 4569 2018 4633 παιδευθεὶς,
2042 4571 2069 4622 ὁ
2102 4559 2144 4612 ι)
2174 4587 2256 4625 ιιω

1990 4588 2018 4633 :,
2042 4571 2069 4622 6
2102 4559 2144 4612 Ι)
2174 4587 2279 4625 nue
2309 4572 2351 4624 is
2376 4571 2663 4638 imperium
2681 4580 2856 4640 gerat.
2887 4569 2990 4625 Sed
3024 4572 3186 4624 homo
3214 4571 3410 4625 divinae
3433 4571 3656 4641 justitiaa
3674 4569 3752 4625 vi-

494 4656 790 4725 Φαλάριδος
814 4658 906 4710 καὶ
932 4659 1101 4712 Μίδου
1130 4660 1553 4731 ἀπληστότερος,
1583 4660 1725 4713 κατά
1748 4660 2071 4732 Βουλγάρων

498 4747 904 4818 παρατάττεται
936 4751 1053 4821 ἅμα
1088 4752 1408 4823 Σταυρακίῳ
1436 4753 1513 4821 τῷ
1544 4752 1643 4824 υἱῷ
1673 4752 1860 4815 αὑτοῦ,
1885 4754 1977 4807 καὶ
2006 4758 2071 4824 τῇ

2176 4663 2338 4717 clima
2373 4662 2424 4715 in
2468 4662 2617 4716 hisce
2648 4662 2762 4717 suis
2801 4663 2957 4718 vanis
2997 4663 3320 4718 commentis
3355 4663 3614 4733 deceptus
3648 4671 3751 4718 est.

2181 4754 2363 4810 Mense
2386 4762 2548 4824 porro
2580 4753 2878 4811 Februario
2906 4755 3218 4811 iudieiionis
3254 4756 3493 4825 ejusdem
3527 4765 3754 4826 quartae,

1766 4868 2002 4924 vanus
2040 4853 2449 4925 LECTIONES.

500 5048 567 5086 ex
599 5037 659 5087 Α.
756 5034 802 5064 ⁸⁵
834 5034 1003 5101 ἁγέων
1058 5034 1179 5088 add.
1217 5049 1283 5087 ex
1314 5033 1379 5086 A.

504 5104 793 5172 γινόμεναι
826 5104 968 5173 vulg.
1043 5106 1086 5135 “
1118 5104 1192 5175 μὴ
1226 5103 1538 5165 παιδευθεὶς
1575 5118 1689 5155 om.
1720 5107 1784 5156 Α.

570 4964 615 4995 ⁸ο
649 4963 708 5014 ὲν
740 4945 1085 5033 «supinam?
1123 4967 1184 5016 Α.
1260 4962 1305 4993 ’ί
1329 4963 1466 5031 ὑλησ
1491 4962 1738 5033 τουμενον
1767 4962 1833 5025 Α,
1874 4961 2278 5033 ίλυοσπώμενον
2311 4964 2458 5032 vulg.
2533 4963 2581 5033 ξ’
2613 4960 2790 5033 αὐτῶν
2895 4960 2930 5025 f,
2963 4960 3102 5033 abeat
3135 4960 3277 5033 vulg.
3336 4958 3400 5033 ξ’
3435 4961 3600 5033 σκεύη
3628 4960 3755 5012 add.

1507 5033 1553 5065 ⁸⁸
1588 5032 1827 5100 Εὐχαῖτα
1856 5031 1922 5097 Α,
1980 5033 2254 5103 Εὑχαῒταν
2280 5031 2419 5104 vulg.

2516 5032 2562 5063 ⁸⁸
2591 5031 2793 5100 ταύτην
2819 5032 2883 5097 Α,
2915 5032 3084 5102 αὐτὴν
3113 5029 3254 5101 vulg.
3331 5030 3373 5061 ⁸⁷
3405 5029 3665 5097 γινόμενα
3690 5033 3755 5092 A,

1799 5194 1941 5250 JAC.
1975 5195 2188 5253 GOARI
2217 5196 2451 5253 NOTAE.

573 5291 1053 5362 (iOlExocionium
1076 5292 1140 5344 de
1168 5309 1275 5361 quo
1297 5307 1458 5362 snpra
1480 5293 1531 5345 itt
1557 5292 1701 5362 notis
1729 5291 1794 5344 ad
1819 5306 1920 5360 pag
1948 5291 2070 5354 150,

505 5362 883 5432 haereticalue
922 5361 1215 5432 infaustum
1244 5379 1459 5432 semper
1481 5372 1534 5416 et
1574 5361 1793 5415 infame.

577 5432 687 5501 (Η)
734 5430 849 5503 Non
877 5431 1015 5503 male
1045 5432 1160 5503 Xyl.
1189 5449 1282 5502 pro
1319 5430 1416 5485 sua
1450 5433 1771 5485 auctoritate
1817 5434 1870 5487 in
1906 5433 2082 5487 domi-

508 5504 601 5555 bus
658 5500 1065 5568 episcopalibus,
1093 5500 1161 5556 ἐι
1190 5500 1559 5557 ήηιοηαιιενίἱε·
1599 5504 1872 5563 divertere,
1950 5512 2080 5565 etr.,

506 5576 650 5626 velut
684 5572 791 5624 fere
842 5572 999 5623 modo
1052 5573 1135 5626 his
1169 5573 1260 5640 jus
1305 5572 1539 5627 metandi
1579 5572 1880 5642 principum
1918 5575 2082 5628 hellu—

507 5643 718 5698 ftcentia
779 5642 1057 5707 tribuitur,
1097 5644 1201 5697 etsi
1256 5659 1359 5696 non
1422 5657 1686 5699 concesso
1755 5659 1879 5698 raro
1938 5645 2077 5697 abu-

504 5725 711 5769 tantur.
759 5710 899 5765 Nihil
951 5728 982 5767 e
1013 5729 1092 5784 re,
1141 5712 1296 5767 herili
1340 5714 1459 5782 jure
1493 5715 1746 5784 episcopis
1804 5716 2073 5783 episcopu-

507 5787 643 5838 tibus
679 5784 917 5835 abductis
949 5799 967 5836 :
1014 5783 1087 5837 ita
1119 5784 1447 5840 manasteria
1481 5783 1745 5839 militibus
1781 5786 2065 5841 addicebat

506 5855 895 5910 Constantinus
946 5852 1260 5919 Cabalinus,
1336 5872 1443 5913 non
1496 5856 1658 5912 etiam
1728 5855 2063 5926 Nicephorus

2177 5292 2491 5363 episcopis.
2538 5289 2829 5363 Constans.

2248 5358 2604 5430 (ﬁlTollcns
2636 5361 2848 5415 omnino
2886 5358 3508 5430 providenliqmaquod
3566 5367 3617 5409 et
3671 5372 3758 5409 so-

2180 5428 2399 5501 qucntia
2435 5433 2733 5493 declarant,
2767 5430 2968 5499 quibus
3016 5429 3229 5491 imperii
3272 5428 3441 5482 robur
3487 5442 3649 5501 omne
3680 5430 3756 5501 Ain

2183 5498 2417 5556 versutia
2453 5498 2981 5571 imperantisiponit,
3026 5502 3101 5552 ttti
3154 5515 3298 5571 nunc
3334 5514 3471 5571 quos
3511 5498 3758 5549 Mat-hia—

2181 5573 2305 5628 velli
2338 5568 2725 5641 schola'impie
2767 5568 3017 5640 politicos
3043 5569 3311 5641 producit.
3344 5568 3422 5641 In.

2253 5644 2365 5711 (45)
2394 5644 2561 5697 Miror
2590 5636 2732 5713 unde
2762 5636 3088 5713 Anastasius
3111 5649 3162 5692 et
3184 5638 3428 5713 Miscella
3478 5636 3760 5713 sexdecim,

2181 5708 2396 5769 cunctis
2429 5712 2831 5783 exemplaribus
2859 5711 3063 5767 Graecis
3085 5710 3342 5765 tredecim
3383 5708 3759 5779 prodentibus,

2173 5785 2577 5856 exscripserint.
