4462 6446
408 421 514 485 939

1704 419 2377 480 CIIRONOGRAPIIIA.

3568 412 3681 476 990

406 551 504 605 της
530 529 694 605 ἦλθον
727 535 870 587 κατά
889 532 957 586 τὰ
996 534 1124 604 τέλη
1154 533 1246 586 τοῦ
1278 532 1657 603 Σεπτεμϐρίου
1686 536 1851 603 μηνὸς
1893 535 1990 603 τῆς
2020 537 2067 595 Α
2096 546 2168 589 ῑυΙ

1927 535 1990 603 ἧς
2020 537 2067 595 Α
2096 546 2245 589 retur
2304 551 2367 590 ac
2409 536 2633 598 levaret,
2673 536 3018 596 consulebat.
3087 532 3152 588 ad
3218 524 3381 603 quem
3445 539 3682 602 paternae

407 628 662 697 πέμπτης
685 627 1034 690 ινδικτιῶνος.
1069 627 1147 698 Τῇ
1179 626 1236 679 δὲ
1290 626 1501 697 ἑσπέρᾳ
1530 628 1625 694 τῆς
1653 626 1877 696 πρώτης
1898 627 1993 679 τοῦ

417 717 751 788 Ὀκτωϐρίου
802 718 969 789 μηνὸς
1024 717 1539 789 προσκαλεσάμενος
1589 718 1924 787 Σταυράκιος
1950 720 1993 750 ⁸⁷⁸

406 810 677 879 Στέφανον
704 812 1026 880 δομέστικον
1070 810 1355 881 ἐπηρώτα,
1400 810 1517 872 πῶς
1551 809 1617 863 ἂν
1658 808 1915 879 δυνηθείη
1948 811 1993 841 ³ο

406 904 633 971 ἀγαγεῖν
663 904 882 974 Μιχαὴλ
906 905 998 956 τὸν
1041 903 1291 974 γαμϐρὸν
1350 903 1518 956 αὑτοῦ
1577 905 1641 956 ἐκ
1695 903 1789 954 τοῦ
1844 902 1992 956 οἴκου

406 994 568 1048 αὐτοῦ
620 995 753 1064 πρὸς
786 998 846 1048 τὸ
869 995 1213 1063 ἐκτυφλῶσαι
1242 996 1284 1025 ³³
1320 995 1484 1047 αὐτόν
1511 1034 1526 1049 .
1580 995 1688 1048 Τοῦ
1727 995 1784 1046 δὲ
1810 995 1854 1026 ³⁸
1886 996 1995 1063 φή-

407 1103 598 1149 σαντος
622 1088 882 1141 ἀδύνατον
929 1082 1070 1141 εἶναι
1123 1088 1283 1141 τοῦτο
1312 1088 1355 1119 ³³
1390 1089 1565 1157 ταύτῃ
1621 1090 1688 1157 τῇ
1742 1086 1861 1159 ὥρᾳ
1904 1088 1994 1140 διὰ

405 1176 501 1249 τὴν
535 1179 664 1248 περὶ
695 1180 856 1232 αὐτὸν
880 1180 1130 1248 δύναμιν,
1169 1181 1261 1233 καὶ
1307 1181 1368 1232 τὸ
1395 1180 1490 1233 τοῦ
1522 1180 1567 1211 ³³
1618 1180 1784 1234 τόπου
1816 1184 1994 1250 ἀσφα-

406 1269 497 1333 λὲς
523 1273 620 1342 τῆς
663 1275 840 1334 οἰκίας
885 1273 1075 1336 αὑτοῦ,
1114 1272 1417 1344 παρεκάλει
1446 1274 1520 1344 μὴ
1550 1274 1860 1346 γνωσθῆναί
1887 1291 1994 1328 τινι

404 1364 475 1416 τά
513 1362 790 1434 λεχθέντα.
827 1366 885 1419 'O
931 1366 986 1419 δὲ
1015 1366 1193 1435 λόγοις
1250 1369 1528 1429 πειθανοίς
1583 1366 1774 1429 πείσας
1829 1366 1993 1420 αὑτὸν

405 1456 730 1528 ἀμεριμνεῖν
764 1459 828 1522 ³³,
860 1459 925 1512 δι’
954 1459 1082 1530 ὅλης
1114 1460 1309 1524 νυκτὸς
1358 1461 1427 1514 τὰ
1492 1459 1908 1529 περιλειφθέντα
1947 1461 1993 1492 ³⁸

405 1549 513 1600 τῶν
538 1551 835 1620 ταγμάτων
869 1552 1251 1623 στρατεύματα
1282 1554 1590 1621 συνήγαγεν
1632 1556 1690 1606 έν
1736 1554 1814 1622 τῷ
1873 1570 1994 1606 σκε-

407 1642 596 1711 παστῴ
626 1644 944 1717 ἱπποδρόμῳ
979 1647 1118 1717 μετά
1152 1647 1261 1699 τῶν
1294 1648 1513 1702 οἰκείων
1548 1647 1826 1718 ἀρχόντων
1853 1646 1991 1717 πρὸς

406 1733 462 1784 τὸ
491 1735 857 1803 ἀναγορεῦσαι
906 1738 998 1792 τὸν
1037 1740 1202 1797 αὐτὸν
1231 1741 1451 1813 Μιχαὴλ
1491 1744 1572 1804 εἰς
1598 1741 1842 1812 βασιλέα.
1877 1742 1991 1794 Καὶ

407 1826 671 1906 iit-fitilla“
697 1830 882 1905 πάσης
915 1833 957 1867 ³⁷
984 1836 1085 1904 τῆς
1142 1834 1449 1904 συγκλήτου
1478 1833 1572 1887 τοῦ
1602 1834 1798 1905 ὄρθρου
1825 1836 1883 1887 ὲν
1913 1827 1991 1902 τῷ

407 1925 680 1996 παλατίῳ,
709 1926 898 1979 τοῦτον
954 1928 1331 1996 ἀνηγόρευσαν
1362 1924 1609 1996 βασιλέα,
1639 1926 1712 1989 ὡς
1741 1927 1868 1997 ἑξῆς
1895 1926 1990 1997 δη-

408 2018 734 2090 λωθήσεται.
766 2022 1081 2092 Νικηφόρος
1109 2020 1163 2073 δὲ
1194 2021 1220 2073 ό
1244 2021 1592 2091 πατριάρχης
1636 2019 1911 2091 ἔγγραφον
1933 2020 1993 2086 ἐξ

410 2113 695 2184 ἰδιοχεὶρου
734 2116 883 2185 παρά
927 2115 1153 2185 Μιχαὴλ
1197 2115 1483 2186 ἀπῄτησεν
1538 2112 1669 2183 napi
1698 2114 1797 2184 τῆς
1827 2114 1994 2185 ὀρθῆς

407 2205 665 2268 πίστεως,
692 2207 785 2258 καὶ
814 2206 905 2258 τοῦ
936 2206 1370 2275 ἀναιμάκτους³³
1401 2205 1639 2274 φυλάξαι
1675 2204 1776 2268 τὰς
1806 2207 1995 2276 χεῖρας

407 2298 514 2350 ἀπὸ
565 2298 928 2368 Χριστιανῶν,
960 2301 1053 2352 καὶ
1103 2298 1231 2370 περὶ
1296 2298 1590 2367 ἱερατικῶν
1622 2296 1993 2368 ἀνθρώπωνῆ

411 2392 685 2461 μοναχῶν,
719 2392 814 2444 καὶ
841 2392 976 2455 ὅλως
1008 2392 1101 2444 τοῦ
1147 2390 1605 2458 ἐκκλησιασέικοῦ
1663 2390 1990 2458 καταλόγου,

405 2484 499 2536 τοῦ
533 2486 606 2553 μὴ
631 2484 931 2539 τύπτεσθαι
966 2486 1096 2556 παρ’
1130 2484 1320 2538 αὑτοῦ.
1920 2468 1931 2477 ”

2104 631 2387 684 sententiae
2452 629 2722 700 legitimus
2780 643 3087 693 successor,
3152 643 3209 683 se
3286 642 3396 681 non
3451 625 3684 695 amplius

2102 735 2266 789 quam
2295 721 2397 775 tria
2421 722 2617 776 talenta
2648 722 2939 776 restituere
2986 735 3150 790 posse
3178 718 3382 784 retulit,
3417 733 3541 789 quae
3601 718 3675 771 in-

2097 814 2371 883 justorum
2394 816 2512 884 ejus
2540 823 2818 885 raptorum
2853 816 3076 869 minima
3108 828 3233 883 pars
3277 820 3453 877 erant,
3522 825 3686 881 quam

2103 918 2284 961 tamen
2314 908 2458 961 filius
2485 909 2642 977 quasi
2679 910 2745 963 de
2777 909 2884 963 vita
2915 923 3145 963 securus
3175 906 3402 961 reddere
3461 911 3685 959 cuncta!-

2102 998 2286 1053 batur.
2329 998 2686 1054 Pateruorum
2722 1000 2945 1069 insuper
2981 1015 3195 1054 morum
3227 997 3470 1051 imitator
3501 993 3689 1049 reddi-

2104 1102 2212 1156 tus,
2244 1108 2369 1147 cum
2415 1094 2600 1146 animo
2648 1094 2953 1148 inimicitiis
3007 1091 3411 1146 reconciliando
3464 1104 3698 1158 prorsus

2102 1201 2354 1242 aversum
2410 1202 2468 1242 se
2523 1186 2827 1252 exhiberet,
2899 1186 3278 1241 Theoclistum
3334 1186 3687 1255 magistrum,

2104 1279 2442 1347 Stephanum
2475 1280 2840 1335 domesticum
2874 1290 2930 1335 et
2961 1279 3282 1335 Michaelem
3314 1277 3696 1347 curopalatem-

2084 1376 2301 1444 saepius
2327 1374 2676 1429 contumeliis
2704 1374 2905 1438 affecit,
2937 1373 3264 1443 ProcOpiam
3296 1386 3512 1441 quoque
3531 1384 3691 1425 soro-

2102 1483 2215 1521 rem
2250 1467 3019 1531 vehementeraversabatur,
3070 1464 3230 1535 quasi
3286 1461 3695 1530 The0phanone

2099 1562 2343 1631 Augusta
2372 1562 2447 1615 ita
2505 1560 2766 1615 suadente
2823 1560 2927 1615 sibi
2991 1566 3241 1628 parasset
3296 1554 3547 1611 insidias.
3604 1551 3692 1606 lu-

2101 1653 2230 1708 felix
2287 1653 2434 1707 enim
2497 1653 2612 1707 ham
2670 1652 2872 1707 femina
2924 1651 3096 1705 beatae
3160 1650 3342 1703 lrcnes
3418 1645 3692 1714 exemplo.

2102 1745 2361 1800 continuo
2388 1746 2442 1799 in
2476 1760 2628 1814 spem
2662 1744 2909 1813 potiundi
2937 1742 3154 1813 imperii
3185 1742 3355 1807 venit,
3411 1754 3536 1795 eum
3574 1738 3695 1792 sine

2103 1835 2294 1890 liberis
2316 1845 2486 1890 esset.
2514 1833 2841 1888 Stanraeius
2877 1847 3006 1887 vero
3055 1831 3382 1903 aegritudine
3436 1826 3696 1882 remediis

2094 1929 2351 1984 omnibus
2379 1928 2661 1998 superiore
2694 1943 2817 1982 cum
2842 1927 3182 1997 sejactatum
3208 1931 3478 1989 cerneret,
3511 1921 3693 1990 impe-

2098 2022 2238 2079 rium
2270 2023 2489 2093 conjugi
2531 2037 2873 2093 comparare,
2913 2023 2999 2078 vel
3028 2022 3081 2076 in
3128 2021 3313 2091 populi
3361 2027 3689 2090 potestatem

2098 2115 2413 2186 reipublicae
2477 2116 2644 2171 totius
2699 2130 2969 2170 summam
3025 2128 3327 2177 revocare,
3371 2126 3493 2181 qua:
3544 2122 3696 2164 certe

2098 2207 2495 2278 praeteritarum
2568 2208 2944 2263 calamitatum
2981 2207 3177 2262 fuisset
3218 2220 3458 2269 summa,
3494 2202 3696 2259 studiis

2099 2301 2361 2356 omnibus
2384 2302 2781 2357 contendebat:
2809 2317 2914 2371 qua
2937 2315 2995 2355 re
3011 2299 3358 2370 Nicephorus
3382 2295 3693 2368 patriarcha

2104 2404 2159 2449 et
2185 2394 2539 2451 Theoctistus
2572 2395 2852 2462 magister,
2887 2392 3345 2463 quemadmodum
3374 2398 3428 2443 et
3465 2388 3695 2443 Michael

2105 2485 2454 2554 curopalates
2500 2486 2553 2537 in
2593 2494 2795 2539 metum
2839 2484 3082 2549 adducti,
3121 2498 3191 2537 ex.
3221 2479 3507 2535 inimicitia
3546 2478 3695 2547 prius

408 2578 475 2631 ad
511 2577 741 2632 invicem
795 2579 1034 2633 exercita
1063 2579 1115 2631 in
1150 2576 1495 2632 concordiam
1533 2577 1812 2631 redierunt
1852 2577 1996 2631 circa
2034 2578 2239 2633 mensis
2275 2575 2615 2647 Septembris
2644 2580 2849 2632 exitum
2882 2578 3180 2632 indictione
3242 2575 3456 2645 quinta.
3526 2571 3698 2626 Porro

409 2676 614 2728 mensis
641 2672 892 2727 Oetobris
952 2671 1039 2725 die
1098 2672 1276 2740 primo
1299 2671 1402 2726 sub
1429 2685 1711 2739 vesperam
1739 2668 2059 2724 Stauracius
2101 2669 2438 2740 Stephanum
2462 2671 2829 2726 domesticum
2859 2671 2927 2726 ad
2955 2686 3013 2725 se
3045 2671 3373 2726 accersitum
3396 2669 3698 2737 interroga-

408 2769 502 2828 vit,
532 2782 768 2835 quanam
804 2767 888 2820 via
921 2766 1239 2820 Michaelem
1283 2780 1347 2820 ex
1392 2780 1581 2821 sorore
1620 2765 1724 2819 sibi
1768 2764 1995 2818 levirum
2036 2765 2230 2831 oculis,
2260 2765 2591 2835 quantocius
2620 2765 2924 2820 orbandum
2955 2765 3118 2819 domo
3188 2770 3378 2834 posset
3444 2759 3701 2816 extrahe-

408 2875 466 2914 re
492 2858 517 2912 Ἰ
546 2862 685 2927 quod
720 2861 808 2915 ille
839 2875 961 2914 eum
994 2860 1065 2914 ob
1138 2860 1669 2929 circumstipantium
1712 2857 1876 2922 vires,
1952 2869 2065 2913 tum
2107 2860 2176 2913 ob
2207 2860 2609 2914 incommodam
2639 2860 2788 2915 hora:
2813 2865 3344 2929 tempestatem.tum
3372 2855 3607 2924 denique
3627 2852 3697 2906 ob

410 2955 839 3009 munitissimum
883 2956 1079 3010 domus
1112 2954 1230 3024 ejus
1262 2955 1449 3020 situm,
1493 2955 1635 3008 haud
1670 2954 1784 3009 fieri
1830 2971 1993 3026 posse
2030 2956 2401 3025 responderet,
2428 2956 2746 3012 Stauraeius
2768 2972 2893 3012 cum
2926 2956 3250 3026 deprecatus
3285 2963 3389 3019 est,
3456 2968 3524 3007 ne
3592 2952 3697 3006 ista

410 3050 503 3105 ulli
539 3050 820 3104 revelaret.
852 3049 946 3105 llle
978 3050 1160 3105 verbis
1199 3050 1269 3104 ad
1339 3050 1678 3105 suadendum
1751 3054 2069 3122 compositis
2108 3068 2139 3107 a
2169 3069 2299 3108 cura
2332 3054 2647 3124 hujusmodi
2680 3055 2918 3109 alienum
2948 3069 3071 3109 esse
3100 3062 3278 3122 rogat,
3313 3065 3440 3105 mox
3480 3065 3575 3118 per
3612 3058 3698 3101 to-

411 3155 520 3198 tam
581 3153 793 3198 noctem
853 3144 906 3196 in
968 3144 1124 3198 tectis
1168 3141 1524 3212 llippodromi
1571 3144 1707 3199 locis
1748 3144 1992 3200 collectis
2034 3146 2378 3201 residuorum
2400 3151 2676 3217 agminum
2700 3148 3175 3217 rcliquiis,eorum
3242 3146 3408 3199 duces
3462 3143 3701 3198 Michae-

411 3242 512 3293 lem
569 3242 973 3295 renuntiaturos
1028 3240 1413 3307 imperatorem
1504 3240 1601 3295 illo
1657 3240 2004 3296 convocavit.
2047 3241 2284 3298 Senatus
2315 3243 2541 3315 insuper
2566 3245 2829 3315 palatium
2857 3244 3101 3300 diluculo
3163 3243 3519 3306 conveniens,
3594 3242 3699 3295 im-

412 3335 545 3406 perii
583 3345 905 3405 potestatem
951 3334 1000 3390 ei
1073 3333 1523 3390 committendam
1615 3336 1878 3400 decrevit,
1921 3348 2083 3405 prout
2121 3339 2480 3408 sequentibus
2497 3339 2882 3395 declarabitur.
2904 3338 3243 3410 Nicephorus
3274 3346 3450 3391 autem
3472 3336 3702 3405 patriar—

414 3433 513 3489 cha
550 3431 857 3486 cautionem
911 3428 1125 3498 propria
1187 3424 1354 3498 418
1404 3444 1571 3482 manu
1605 3430 1860 3498 scriptam
1892 3445 1921 3483 a
1960 3429 2223 3485 Michaele
2277 3431 2485 3501 exegit,
2527 3432 2673 3502 quod
2709 3432 2824 3501 ipse
2855 3440 3059 3485 rectam
3128 3429 3284 3483 fidem
3350 3429 3699 3491 defensurus,

415 3540 718 3594 manusque
770 3540 799 3577 a
856 3522 1296 3579 Christianorum
1358 3522 1685 3578 eﬂ'undendo
1732 3524 1999 3594 sanguine
2076 3526 2286 3581 alienas
2350 3535 2673 3583 servaturus
2702 3536 2869 3590 esset,
2916 3525 3275 3595 hominesque
3305 3540 3367 3578 ex
3401 3539 3558 3579 sacro
3588 3523 3701 3577 cle-

416 3622 657 3673 ricorum
709 3617 922 3685 ordine,
954 3618 1039 3673 vel
1085 3619 1409 3684 monachos,
1435 3627 1772 3689 czeterosque
1801 3634 1994 3675 omnes
2069 3620 2121 3675 in
2192 3623 2633 3680 ecclesiasticum
2684 3624 2995 3696 catalogum
3039 3623 3241 3677 relatos
3283 3621 3606 3677 verberibus
3649 3628 3702 3673 ct

418 3710 636 3779 injuriis
669 3711 893 3763 minime
918 3709 1170 3765 laesurus.

488 3808 551 3857 Α.
577 3805 652 3859 Μ.
684 3804 847 3859 6501.
896 3834 965 3843 —
1038 3804 1342 3873 Ῥωμαίων
1381 3803 1691 3872 βασιλέως
1751 3804 1994 3875 Μιχαὴλ
2024 3812 2065 3869 c
2171 3807 2237 3861 A.

1934 3805 1994 3874 ὲιλ
2024 3812 2065 3869 C
2171 3807 2237 3861 A.
2275 3808 2338 3864 C.
2398 3808 2522 3864 804.
2570 3840 2642 3849 —
2682 3809 3043 3863 Romanorum
3083 3806 3421 3878 imperatoris
3467 3803 3696 3860 Michael

417 3900 550 3962 ἔτος
588 3904 661 3951 a'.

495 3989 679 4059 Τούτῳ
698 3989 775 4058 τῷ
806 3988 913 4041 ἔτει
948 3988 1076 4057 μηνὶ
1122 3986 1437 4058 Ὀκτωϐρίῳ
1489 3986 1556 4058 β’,
1605 3988 1893 4041 ἱνδικτιῶνι
1941 3988 2003 4053 ε’,

417 4085 601 4154 ἡμέρᾳ
620 4081 805 4150 ε’,ὣρα
827 4080 1159 4148 α’,Μιχαὴλό
1178 4079 1567 4143 εὐσεϐέστατος
1589 4081 2005 4151 κουροπαλάτης

418 4175 761 4248 ἀνηγορεύθη
780 4174 1032 4243 βασιλεὺς
1064 4174 1348 4241 Ῥωμαίων
1373 4176 1429 4225 ἐν
1459 4173 1537 4243 τῷ
1559 4174 1877 4244 ἱπποδρόμῳ
1903 4175 2007 4227 ὑπὸ

420 4268 599 4334 πάσης
624 4266 719 4335 τῆς
766 4263 1068 4333 συγκλήτου
1101 4262 1194 4315 καὶ
1227 4262 1337 4316 τῶν
1388 4264 1710 4333 ταγμάτων.
1767 4264 2007 4336 Σταυρά-

421 4375 538 4420 κιος
572 4358 626 4409 δὲ
658 4356 756 4425 τὴν
787 4355 976 4408 τούτου
1001 4355 1362 4423 ἀναγόρευσιν
1396 4354 1657 4419 ἀκούσας,
1684 4355 1883 4408 αὐτίκα
1904 4357 2005 4425 τὴν

421 4452 596 4522 κόμην
625 4450 1082 4520 ἀποκειράμενος,
1119 4449 1388 4519 μοναχικά
1412 4450 1765 4519 περιεϐάλετο
1796 4450 1839 4483 ⁸⁹
1876 4451 2005 4520 ἱμά·

418 4563 508 4597 τια
540 4544 629 4597 διὰ
653 4542 879 4610 Συμεὼν
916 4541 1150 4611 μοναχοῦ
1174 4542 1471 4611 συγγενοῦς
1492 4541 1683 4608 αὑτοῦ,
1716 4542 1886 4596 πολλα
1911 4544 2003 4598 τὸν

421 4639 770 4706 πατριάρχην
815 4635 1185 4704 ἐπιϐοώμενος
1211 4651 1223 4665 ·
1249 4635 1308 4697 ὃς
1341 4634 1514 4687 ἐλθὼν
1544 4636 1603 4687 ἐν
1647 4635 1726 4706 τῷ
1762 4637 2007 4707 παλατίῳ

421 4728 591 4780 πολλὰ
623 4727 960 4797 Σταυράκιον
997 4728 1093 4779 σὺν
1131 4725 1210 4791 τῷ
1260 4725 1471 4795 βασιλεῖ
1523 4727 1745 4797 Μιχαὴλ
1797 4730 1893 4781 καὶ
1937 4731 2003 4801 τῇ

422 4820 626 4890 ἀδελιξῇ
662 4819 1004 4890 παρεκάλουν
1040 4822 1116 4889 μὴ
1170 4818 1460 4872 λυπεῖσθαι
1512 4822 1569 4873 ὲν
1611 4819 1688 4889 τῷ
1719 4816 2003 4890 γεγονότι·

424 4914 483 4967 οὐ
514 4914 619 4984 γὰρ
652 4912 771 4967 κατ’
798 4912 1111 4982 ἐπιϐουλὴν,
1135 4912 1270 4965 ἀλλά
1295 4913 1416 4966 κατ’
1444 4914 1754 4980 ἀπόγνωσιν
1783 4916 1883 4984 τῆς
1910 4916 2008 4968 αὐ-

421 5004 514 5058 τοῦ
552 5005 718 5075 ζωῆς.
758 5006 815 5058 '0
871 5005 927 5057 δὲ
987 5008 1050 5075 τῇ
1113 5008 1355 5076 πατρικῇ
1421 5008 1655 5079 πονηρία
1686 5008 1914 5074 λυττῶν,
1947 5011 2006 5062 οὐ

424 5098 742 5167 προσήκατο
786 5097 829 5127 ⁸ο
873 5096 1042 5149 εἰπὼν
1086 5097 1223 5166 πρὸς
1302 5099 1464 5151 αὐτόν
1492 5117 1505 5129 ·
1568 5102 1757 5154 Φίλων
1818 5102 2005 5156 αὐτοῦ

423 5189 734 5256 κρείττονα
756 5191 866 5256 οὺχ
899 5188 1201 5254 εὑρήσεις.
1220 5190 1362 5261 Ὦρα
1385 5190 1441 5242 δὲ
1466 5192 1699 5261 τετάρτῃ
1734 5192 1832 5263 τῆς
1867 5194 2003 5263 ἡμέ-

428 5298 527 5352 ρας
555 5280 791 5350 ἐστέφθη
823 5280 1041 5350 Μιχαὴλ
1085 5282 1189 5334 ὑπὸ
1215 5282 1257 5313 δι
1306 5284 1625 5353 Νικηφόρον
1661 5286 2003 5356 πατριάρχου

425 5374 481 5423 ὲν
550 5372 625 5442 τῷ
676 5371 888 5441 ἅμϐωνι
948 5374 1045 5441 τῆς
1108 5374 1365 5442 Μεγάλης
1436 5375 1785 5447 Ἐκκλησίας,
1843 5378 1925 5446 ἐφ’
1974 5372 2019 5445 ᾧ

428 5464 579 5535 κοινὴ
612 5465 927 5533 ἀγαλλίασις
954 5466 1195 5533 γέγονεν,
1251 5468 1345 5519 καὶ
1404 5467 1717 5538 ἐδωρήσατο
1762 5470 1842 5539 τῷ
1902 5485 2008 5522 πα-

2111 3918 2285 3955 amtus
2313 3901 2540 3970 primus.

2181 3990 2298 4047 Hoc
2318 4006 2465 4045 anno
2496 3989 2707 4045 mensis
2739 3988 2992 4044 Octobris
3014 3988 3100 4042 die
3128 3985 3373 4042 secundo
3403 3985 3701 4040 indictione

2108 4084 2323 4155 quinta,
2339 4082 2473 4138 feria
2494 4081 2848 4137 hebdomadis
2868 4082 3079 4151 quinta,
3105 4080 3237 4134 hora
3254 4078 3450 4147 prima,
3468 4076 3701 4131 Michael

2108 4176 2393 4246 piissimus
2453 4175 2796 4243 cumpalates
2823 4188 2851 4229 a
2893 4181 3083 4228 senatu
3114 4180 3171 4225 et
3199 4169 3526 4224 militaribus
3552 4168 3701 4222 ordi-

2109 4269 2270 4324 nibus
2292 4269 2344 4323 in
2359 4267 2728 4337 Hippodromo
2755 4268 3049 4335 imperator
3068 4264 3357 4319 salutatus.
3378 4260 3701 4316 Stauracius

2109 4371 2290 4415 autem
2324 4360 2671 4430 imperatoris
2710 4357 2934 4411 alterius
2964 4356 3149 4410 audita
3181 4352 3580 4424 designatione,
3606 4350 3702 4403 de-

2110 4455 2285 4509 tonsis
2312 4454 2458 4509 illico
2483 4452 2715 4521 capillis,
2734 4450 3097 4505 monasticam
3127 4447 3397 4513 habitum,
3429 4444 3701 4516 Symeone

2112 4548 2379 4602 monacho
2428 4546 2548 4617 ejus
2592 4544 3004 4615 consanguineo
3045 4543 3196 4597 illum
3233 4539 3569 4601 conferente,
3612 4538 3699 4592 in-

2110 4642 2248 4708 duit,
2281 4648 2334 4695 et
2369 4639 2693 4710 patriarchae
2714 4652 2894 4707 opem,
2923 4651 2991 4691 ne
3016 4634 3121 4691 sibi
3151 4634 3423 4698 deficeret,
3451 4631 3704 4702 pluribus

2111 4731 2511 4802 interpellavit:
2551 4729 2873 4783 Patriarcha
2930 4728 2985 4781 in
3044 4726 3311 4797 palatium
3362 4722 3643 4795 profectus
3681 4761 3696 4784 ,

2112 4811 2457 4881 Stauracium
2487 4826 2689 4894 ipsum,
2733 4838 2840 4877 una
2875 4836 3001 4876 cum
3047 4820 3380 4890 imperatore
3415 4825 3471 4871 et
3509 4830 3703 4871 sorore

2112 4918 2450 4988 rogantibus,
2480 4917 2684 4971 mutuis
2713 4915 2942 4984 urgebat
2992 4913 3268 4983 precibus,
3306 4925 3374 4964 ne
3405 4908 3618 4964 insidiis
3645 4906 3700 4959 in

2111 5008 2231 5077 ejus
2291 5009 2521 5063 salutem
2587 5006 2885 5072 struendis,
2934 5004 3030 5060 sed
3086 5003 3377 5071 desperato
3417 4999 3539 5053 vitae
3580 4997 3700 5067 ejus

2114 5102 2303 5167 statui,
2369 5100 2516 5171 quod
2562 5110 2769 5170 gestum
2807 5105 2946 5161 erat,
2987 5095 3313 5151 ascriberet.
3366 5092 3417 5147 Is
3460 5100 3701 5163 paternae

2112 5196 2367 5265 nequitiae
2430 5202 2741 5248 sectaturus
2788 5190 3095 5259 exemplum
3150 5187 3208 5241 in
3261 5186 3468 5241 rabiem
3517 5191 3699 5245 actus,

2115 5287 2397 5356 respondit
2444 5302 2460 5339 :
2512 5285 2754 5337 Amicum
2807 5282 3079 5335 meliorem
3134 5294 3215 5332 me
3274 5293 3375 5329 non
3446 5273 3697 5328 invenies.

2128 5379 2335 5447 Quarta
2368 5392 2496 5434 vero
2530 5377 2637 5433 diei
2668 5379 2801 5431 hora
2826 5376 2879 5429 in
2898 5374 3133 5429 amboue
3163 5370 3371 5439 Magnae
3396 5367 3639 5423 ecclesiae
3668 5382 3699 5420 a

2112 5470 2424 5541 Nicephoro
2437 5470 2748 5541 patriarcha
2769 5468 2995 5523 Michael
3012 5472 3305 5522 coronatus
3319 5471 3420 5526 est,
3439 5476 3561 5517 cum
3583 5476 3699 5512 ma-

1714 5586 1951 5641 VARIE
2001 5585 2406 5643 LECTIONES.

531 5680 575 5711 ¹⁹
612 5680 949 5750 Σταυράκιος
987 5682 1113 5735 add.
1152 5698 1217 5737 ex
1254 5683 1317 5736 A.

426 5748 520 5801 τοῦ
550 5750 604 5803 δὲ
640 5748 781 5819 vulg.
838 5751 880 5783 ³³
910 5752 1066 5805 τοῦτο
1088 5753 1213 5808 add.
1256 5769 1321 5807 ex
1361 5754 1425 5807 A.

498 5822 801 5894 περιλειφθ.
835 5823 898 5887 Α,
932 5824 1140 5894 νπαραλ.
1191 5824 1335 5894 vulg-

498 5824 801 5907 περιλειφθ.
835 5824 898 5887 Α,
940 5824 1140 5894 παραλ.
1191 5824 1335 5893 vulg.
1426 5824 1470 5855 ³⁷
1493 5825 1676 5896 πάσης
1698 5842 1803 5885 om.
1842 5828 1905 5881 A.

511 5907 823 5921 —,-..-....-..
856 5893 979 5921 ...Λι-
1082 5896 1125 5921 δι
1160 5893 1261 5921 ,⁸...λ
1304 5896 1329 5921 Α
1397 5896 1547 5921 ---ι
1583 5897 1705 5921 ....1.-

511 5893 823 5963 προκήκατο
856 5893 1000 5965 vulg.

1082 5896 1125 5926 δι
1160 5893 1264 5948 ὑπὸ
1296 5896 1361 5963 Α,
1397 5896 1549 5967 παρὰ
1583 5893 1724 5968 vulg.

1410 5684 1454 5715 ³³
1761 5689 1832 5786 ἓ,
1858 5686 2061 5786 δυνηρῇ
2095 5686 2241 5773 vulg.
2281 5686 2354 5767 ,³³
2383 5686 2637 5786 ἐκτυφλῂι
2655 5685 2720 5786 .1,
2754 5682 2915 5752 τυφλ.
2950 5682 3100 5786 vulg.

1606 5757 1788 5809 καὶτὸ
1835 5757 1931 5810 τοῦ
1978 5758 2044 5819 A,
2076 5758 2171 5810 καὶ
2213 5757 2307 5809 τοῦ
2344 5757 2491 5827 vulg.

1606 5843 1676 5899 ης
1698 5842 1803 5885 om.
1842 5828 1905 5881 A.
2019 5827 2437 5899 ³⁸ἀναιμακτως
2466 5829 2509 5882 Α

3216 5680 3261 5712 ³²
3294 5677 3388 5731 τοῦ
3423 5679 3479 5730 δὲ
3506 5680 3573 5745 Α,
3607 5677 3699 5731 αὖ·

2590 5758 2637 5789 ³³
2666 5750 3000 5826 ἀμεριμνεῖν
3048 5750 3117 5826 A,
3180 5750 3495 5826 ἀμεριμνᾷν
3542 5751 3690 5826 vulg.

2642 5827 2689 5859 ³⁸
2710 5819 3071 5897 περιεϐάλετο
3095 5823 3155 5888 Α,
3190 5819 3502 5890 περιεϐἀλλ.
3542 5820 3686 5889 vulg.
