4462 6446
768 390 902 451 1003

2118 378 2528 438 THEOPIIAN
2540 379 2607 438 IS

3894 387 4030 449 10(νὶ

762 499 946 556 servili
973 512 1121 553 more
1150 512 1204 551 sc
1236 495 1595 550 submitteret.
1632 495 1802 551 Porro
1833 509 2018 550 mense
2041 493 2341 549 Februario
2373 500 2417 559 Α
2449 494 2524 566 Il;

2264 494 2341 548 rio
2373 500 2417 559 Α
2449 491 2735 566 Προκοπίᾳ
2793 494 2857 564 τῇ
2911 492 3217 566 Αύγούστῃ,
3274 496 3775 567 ἀργυροπετάλῳ¹³
3827 499 4026 571 λιτρίῖν

762 592 1063 648 Christiani
1106 590 1215 645 duo
1262 604 1329 643 ex
1372 587 1627 659 Bulgaria
1662 588 1787 659 fuga
1824 588 1985 657 lapsi,
2025 587 2344 642 Crummnm

764 703 830 742 ex
860 684 1163 755 improviso
1188 680 1484 737 Thraciam
1526 682 1811 735 devastare
1837 679 2191 735 consiliatum
2240 681 2343 735 im-

764 779 1004 849 peratori
1036 775 1458 829 nuntiaverunt.
1502 771 1709 827 Mensis
1736 782 1921 831 autem
1965 771 2212 841 ejusdem
2258 774 2348 829 die

765 869 975 925 decimo
995 868 1191 937 quinto
1218 867 1545 937 imperatore
1567 855 1964 936 profectionem
1989 865 2345 935 suscipiente,

763 964 1079 1026 (Irummus,
1115 961 1226 1016 Deo
1256 962 1328 1015 ita
1358 959 1587 1031 provide
1604 959 1955 1029 disponente,
1978 958 2168 1015 multis
2182 974 2349 1014 exer-

764 1055 904 1109 citus
927 1054 1013 1110 sui
1038 1052 1382 1117 desideratis,
1434 1052 1635 1107 infecta
1660 1067 1718 1106 re
1742 1051 1930 1120 pedem
1968 1050 2021 1105 in
2070 1051 2345 1121 propriam

765 1147 1027 1201 ditionem
1081 1145 1285 1200 retulit.
1342 1144 1645 1216 Imperator
1677 1158 1807 1198 vero
1841 1143 2255 1213 Adrianopolim
2288 1160 2347 1199 se

764 1238 1073 1301 conferens,
1112 1239 1275 1293 rebus
1308 1238 1362 1292 in
1395 1254 1458 1292 ea
1489 1237 1797 1291 secundum
1837 1236 2087 1291 ordinem
2113 1250 2345 1305 compo-

764 1334 903 1397 sitis,
940 1347 1065 1387 cnm
1103 1330 1304 1401 gaudio
1343 1329 1556 1399 Cpolim
1604 1344 1859 1384 reversus
1902 1339 2009 1382 est.
2058 1327 2117 1381 In
2168 1326 2344 1381 sancti

766 1425 999 1479 subinde
1030 1424 1358 1494 patriarcha:
1397 1422 1611 1476 Tarasii
1647 1422 2046 1493 monasterium
2076 1436 2183 1474 una
2217 1435 2342 1474 cum

760 1516 1032 1587 Procopia
1087 1516 1331 1585 Augusta
1396 1512 1699 1583 proiectus,
1768 1513 2011 1568 defuncti
2068 1513 2343 1566 memoriae

757 1607 929 1677 justis
988 1608 1311 1678 parentatis,
1354 1620 1570 1661 sacrum
1623 1604 1742 1674 ejus
1777 1605 2088 1673 sepulcrum
2124 1604 2344 1659 laminis

763 1701 1040 1772 argenteis
1067 1702 1247 1771 pondo
1280 1699 1575 1768 nonaginta
1624 1698 1867 1769 quinque
1922 1696 2185 1751 librarum
2231 1698 2344 1753 cir-

763 1796 1048 1850 cumtexit.
1101 1793 1369 1849 (Steterunt
1432 1791 1755 1848 Mesembria
1813 1790 2077 1845 Romanis
2136 1800 2340 1860 erepta,

763 1887 1065 1957 imperator
1117 1886 1268 1957 pacis
1329 1885 1677 1940 conditiones
1729 1900 1759 1938 a
1811 1883 2075 1938 Crummo
2127 1882 2340 1938 oblatas

762 1979 1080 2049 repudians,
1118 1978 1417 2034 exercitum
1455 1992 1522 2033 ex
1562 1978 1900 2031 thematibus
1953 1978 2173 2033 cunctis
2225 1978 2340 2033 col-

765 2071 963 2126 lectum
1009 2071 1062 2125 in
1105 2070 1399 2126 Thraciam
1428 2070 1592 2140 jussit
1626 2068 1903 2138 trajicere,
1955 2070 2100 2139 quod
2157 2071 2341 2127 cuncti

765 2165 989 2220 moleste
1008 2163 1171 2231 ferre,
1198 2166 1434 2219 mavime
1448 2162 1800 2233 Cappadoces
1826 2172 1989 2233 atque
2007 2162 2338 2219 Armeniaci.

764 2259 1154 2326 imperatorem
1190 2257 1373 2325 itaque
1407 2255 1672 2309 militares
1704 2255 1888 2322 c0pias
1926 2255 2061 2309 urbe
2097 2255 2340 2309 educen-

761 2359 894 2414 tem,
932 2347 1191 2417 Procopia
1214 2346 1461 2417 Angusta
1500 2362 1677 2417 usque
1711 2347 1777 2400 ad
1806 2345 2339 2416 aqumductusjuxta

762 2439 1069 2495 lleracliam
1127 2448 1418 2511 prosecuta
1451 2448 1554 2504 est,
1596 2439 1744 2510 quod
1801 2440 2007 2495 milites
2056 2441 2340 2510 aegerrime

761 2534 931 2603 passi,
962 2534 1349 2603 imperatorem
1384 2532 1650 2587 conviciis
1673 2542 1727 2587 et
1754 2534 2107 2591 contumeliis
2156 2537 2335 2606 palam

762 2623 1131 2680 incessebant.
1167 2622 1294 2679 Maii
1326 2638 1489 2692 porro
1515 2623 1721 2679 mensis
1747 2623 1833 2677 die
1862 2633 2057 2694 quarto
2087 2626 2221 2680 solis
2244 2626 2341 2681 tle-

763 2713 928 2769 fectio
960 2714 1213 2782 contigit,
1246 2716 1365 2783 ipso
1394 2712 1697 2768 secundum
1726 2714 2095 2784 horoscopum
2124 2716 2192 2770 ad
2216 2732 2341 2786 gra-

760 2808 891 2860 dum
913 2804 1083 2862 Tauri
1113 2805 1496 2861 duodecimum
1552 2806 1857 2869 exoriente,
1896 2822 1958 2860 ex
1995 2823 2105 2877 quo
2164 2819 2341 2863 terror

765 2897 953 2969 ingens
984 2897 1219 2953 militum
1260 2897 1460 2952 animis
1506 2898 1776 2952 incubuit.
1816 2898 2118 2968 imperator
2153 2912 2339 2955 autem

763 2990 996 3046 ducibus
1016 2998 1070 3045 et
1092 2990 1419 3045 militaribus
1450 2991 1735 3046 ordinibus
1767 2992 1999 3054 eductis,
2038 2991 2332 3048 Thraciam

764 3082 1139 3145 obambulare,
1188 3079 1282 3136 sed
1319 3095 1494 3150 neque
1529 3080 1908 3137 Mesembriam
1941 3082 2182 3152 aggredi,
2241 3097 2339 3138 ne-

763 3190 870 3245 que
902 3171 1258 3245 proﬂigandis
1313 3172 1564 3227 hostibus
1628 3174 1999 3229 necessarium
2062 3175 2340 3244 quippiam

762 3267 942 3321 moliri
973 3281 1144 3321 ausus
1170 3273 1254 3320 est
1287 3282 1301 3320 :
1338 3265 1550 3320 insanis
1583 3266 1843 3320 nimirum
1895 3267 2341 3325 consiliariorum

763 3373 993 3414 suorum
1018 3357 1367 3413 sermonibus
1396 3357 1557 3412 fidem
1588 3358 1879 3424 adhibens,
1927 3358 2021 3429 qui
2054 3374 2178 3413 cum
2204 3358 2342 3415 artis

768 3451 972 3507 bellica:
1004 3451 1168 3507 rudes
1196 3450 1359 3521 plane
1388 3459 1596 3516 essent,
1631 3450 1841 3505 hostem
1880 3451 1934 3504 in
1965 3466 2089 3505 eum
2119 3452 2343 3507 minimc

767 3554 1155 3613 processurum
1219 3539 1584 3606 allirmabant,
1638 3543 1731 3595 sed
1783 3541 1967 3611 potius
2023 3540 2078 3594 in
2128 3541 2344 3609 propria

763 3634 985 3704 regione
1011 3647 1227 3704 semper
1263 3647 1675 3689 consessurum.
1718 3630 1889 3687 Porro
1929 3632 2345 3703 provincialium

764 3725 933 3781 rebus
966 3724 1301 3781 necessariis
1324 3722 1741 3786 destitutorum,
1766 3723 2083 3793 rapinisque
2109 3733 2160 3778 et
2190 3722 2343 3776 inva—

764 3816 1013 3874 siozjbus
1042 3816 1345 3886 oppidanos
1378 3814 1693 3870 vexantium
1714 3815 2000 3870 barbarica
2021 3814 2346 3870 excursione

764 3909 980 3981 gravior
1010 3909 1184 3964 multo
1210 3908 1642 3979 damnosiorque
1670 3910 1880 3965 exstitit
1902 3909 2193 3965 adventus.
2228 3908 2343 3965 Sub

766 4003 976 4059 mensis
997 4013 1179 4057 autem
1204 3999 1352 4056 Junii
1379 4001 1712 4071 principium
1743 4001 2045 4056 Crummus
2078 3999 2345 4070 Bulgaro-

770 4108 889 4148 rum
919 4094 1197 4164 princeps,
1228 4093 1452 4148 aciebus
1505 4093 1573 4148 ad
1615 4108 1851 4163 pugnam
1904 4093 2131 4165 paratis,
2186 4094 2345 4148 Chri-

770 4189 1079 4242 stianorum
1116 4184 1414 4241 exercitum
1468 4186 1987 4241 numerosissimum
2019 4199 2139 4239 esse
2169 4186 2370 4254 suspi-'

769 4286 970 4345 catus,
1033 4279 1087 4334 in
1147 4277 1427 4333 Romanos
1495 4276 1687 4343 movit,
1738 4285 1793 4333 et
1855 4276 1923 4331 ad
1986 4275 2344 4352 Bersiniciam

774 4370 1061 4425 tricesimo
1103 4371 1323 4426 circiter
1376 4369 1555 4441 lapide
1614 4369 1683 4423 ab
1739 4369 2082 4439 imperatoris
2152 4370 2349 4425 castris

769 4473 869 4514 sua
897 4460 1102 4530 posuit.
1146 4459 1286 4514 Tum
1335 4474 1463 4514 vero
1499 4458 1609 4515 Leo
1636 4458 1800 4531 525
1831 4459 2193 4514 Orientalium
2237 4454 2381 4513 du'x'

2449 588 2777 653 ἐνενήκοντα
2810 587 2976 640 πέντε
3025 587 3116 640 τὸν
3145 588 3292 659 ἱερὸν
3327 590 3496 644 αὐτοῦ
3523 592 3695 663 τάφον
3722 594 4023 663 ἠμφίασεν.

2447 678 2605 731 Μετὰ
2633 676 2690 731 δὲ
2720 677 2818 749 τὴν
2857 678 3061 733 ἅλωσιν
3082 679 3126 711 ’⁵
3166 682 3535 754 Μεσημϐρίας
3568 684 3819 739 ἀπειπὼν
3856 688 3883 738 ὁ
3930 687 4027 756 βα·
4118 672 4129 683 ’

2450 768 2635 832 σιλεὺς
2669 770 2736 824 τὰ
2766 770 2903 841 πρὸς
2932 772 3164 844 είρήνην
3199 774 3532 845 Κρούμμου,
3567 779 3631 830 ἐκ
3664 778 3880 833 πάντων
3920 781 4024 832 τῶν

2449 856 2704 929 θεμάτων
2743 862 3208 934 στρατολογήσας,
3270 865 3378 937 πρὸ
3429 868 3522 921 τοῦ
3573 870 3733 941 ἔαρος
3788 874 3867 934 είς
3928 873 4024 943 τὴν

2448 948 2671 1021 Θρᾴκην
2698 952 3060 1023 περαιοῦσθαι
3095 955 3416 1011 ἐκέλευσεν·
3455 957 3596 1012 ὥστε
3643 962 3851 1026 πάντας
3896 964 4023 1018 δυσ.

2448 1044 2746 1111 χεραίνειν,
2782 1046 3023 1114 μάλιστα
3048 1048 3176 1112 τοὺς
3207 1051 3584 1115 Καππαδόκας
3618 1055 4019 1126 καὶἊρμενια-

2448 1135 2598 1198 κούς.
2633 1136 2740 1189 Τοῦ
2770 1138 2825 1191 δὲ
2856 1139 3125 1208 βασιλέως
3161 1141 3472 1209 ἐξελθόντος
3512 1146 3648 1216 μετά
3676 1150 3786 1200 τῶν
3807 1152 4021 1220 ταγμά-

2448 1245 2554 1281 των
2589 1229 2718 1297 μηνὶ
2748 1230 2912 1300 Μαΐῳ
2948 1232 3279 1305 συνεξῆλθεν
3321 1238 3487 1291 πάλιν
3518 1239 3611 1293 καὶ
3662 1241 3945 1308 Προκοπία
3987 1247 4018 1315 η

2446 1319 2806 1387 Abraham"
2847 1322 2953 1385 ἕως
3005 1326 3113 1377 τῶν
3169 1326 3517 1383 Ἀκιδούκτου
3566 1332 3793 1401 πλησίον
3854 1334 4019 1406 Ἤρα-

2447 1413 2651 1477 κλείας.
2694 1415 2773 1466 Τὰ
2802 1415 2859 1468 δὲ
2893 1416 3077 1487 πλήθη
3104 1417 3197 1471 ἐπὶ
3234 1422 3408 1492 τούτῳ
3425 1423 3469 1453 ’⁸
3497 1423 3912 1495 δυσχεραίνοντα
3942 1430 4019 1491 εἷς

2444 1503 2758 1576 δυσφημίαν
2795 1511 2887 1560 καὶ
2919 1509 3193 1580 λοιδορίαν
3252 1516 3574 1585 ἐτράπησαν
3605 1520 3746 1571 κατα
3781 1520 4017 1589 Μιχαήλ.

2446 1596 2523 1665 Τῇ
2558 1598 2614 1649 δὲ
2647 1597 2689 1651 δ’
2724 1600 2815 1653 τοῦ
2852 1602 3033 1655 Μαΐου
3097 1603 3265 1675 μηνὸς
3317 1605 3557 1675 ἕκλειιξις
3611 1609 3763 1677 ἡλίου
3800 1615 4020 1677 γέγονεν

2447 1690 2575 1761 περὶ
2635 1692 2736 1762 τὴν
2780 1694 3091 1765 δωδεκάτην
3149 1700 3344 1768 μοῖραν
3374 1697 3467 1750 τοῦ
3503 1700 3715 1771 Ταύρου
3753 1705 3893 1754 κάτα
3931 1704 4020 1753 τὶν

2446 1783 2763 1855 ὼροσκόπον
2797 1788 3182 1852 ἀνατέλλοντος
3215 1788 3308 1842 τοῦ
3339 1791 3492 1860 ἡλίου
3514 1808 3526 1819 ’
3550 1794 3641 1845 καὶ
3673 1794 3834 1856 πολύς
3861 1796 4023 1862 ςρόϐες

2449 1877 2611 1929 ἔπεσε
2638 1881 2752 1941 τοῖς
2784 1879 2983 1950 ὄχλοις.
3026 1882 3083 1934 ’0
3117 1882 3173 1935 δέ
3206 1884 3461 1953 βασιλεὺς
3494 1885 3882 1954 περιεπὸλευσε
3924 1888 4021 1956 τὴν

2448 1968 2671 2041 Θρᾴκην
2705 1973 2802 2052 σὺν
2852 1977 2964 2038 τοῖς
2997 1980 3321 2045 στρατηγοῖς
3356 1978 3451 2032 καὶ
3477 1982 3587 2043 τοῖς
3624 1980 4018 2050 στρατεύμασι,

2451 2061 2587 2130 μήτε
2613 2064 2754 2115 κατά
2781 2064 3145 2137 Μεσημϐρίαν
3166 2068 3207 2103 ’τ
3241 2068 3638 2140 ἀπερχόμενος,
3674 2071 3797 2142 μήτ’
3821 2070 3945 2125 ἄλλο
3972 2090 4021 2125 τι

2448 2151 2555 2205 τῶν
2604 2152 2933 2221 ὀφειλόντων
2978 2158 3057 2218 εἰς
3097 2157 3415 2228 καθαίρεσιν
3451 2161 3662 2230 ἐχθρῶν
3696 2162 4023 2233 διαπραττό-

2454 2262 2632 2315 μενος,
2668 2246 2837 2317 ἀλλ’ἢ
2877 2249 3039 2319 μόνον
3075 2251 3399 2321 πειθόμενος
3430 2252 3611 2321 λόγοις
3645 2256 3895 2325 ματαίοις
3916 2256 4021 2309 τῶν

2448 2339 2906 2411 ἀπειροπολέμων
2956 2342 3122 2398 αὑτοῦ
3186 2346 3509 2414 συμϐούλων
3572 2350 3892 2417 φασκόντων
3946 2352 4021 2423 μὴ

2447 2431 2675 2503 τολμᾷν·
2710 2434 2802 2487 τὸν
2857 2435 3053 2507 ἐχθρὸν
3088 2436 3210 2490 κατ’
3247 2438 3413 2490 αὐτοῦ
3451 2439 3627 2494 ἐλθεῖν
3680 2444 3737 2494 ἐν
3798 2447 3862 2514 τῇ
3916 2444 4022 2515 ἰδία

2447 2522 2603 2594 χώρα
2654 2525 3045 2596 καθεζομένου.
3086 2523 3287 2599 Καὶῆν
3325 2527 3671 2602 βαρϐαρικῆς
3707 2535 3894 2602 ἐφόδου
3928 2536 4023 2604 βα-

2450 2616 2652 2687 ρυτέρα
2683 2619 2713 2687 ή
2747 2619 2855 2670 τῶν
2884 2620 3175 2688 ὁμοφύλων
3217 2621 3451 2690 πληθὺς,
3506 2626 3901 2695 ἀπορουμένων
3944 2631 4019 2691 εἰς

2448 2708 2545 2772 τὰς
2574 2711 2876 2777 ἀναγκαίας
2926 2712 3138 2781 χρείας,
3174 2715 3267 2767 καὶ
3298 2715 3575 2784 ἁρπαγαῖς
3607 2719 3700 2770 καὶ
3735 2720 4019 2773 ἐπιϐασεσι

2447 2798 2859 2871 λυμαινομένων
2889 2804 3014 2867 τοὺς
3066 2805 3391 2875 ἐγχωρίους.
3442 2809 3579 2879 Περὶ
3611 2810 3667 2863 δὲ
3720 2811 3814 2874 τάς
3845 2814 4021 2881 ἀρχὰς

2446 2892 2540 2945 τοῦ
2582 2895 2803 2948 Ἰουνίου
2840 2898 3007 2967 μηνὸς
3040 2898 3265 2968 ἐξῆλθεν
3294 2901 3595 2973 Κροῦμμος
3616 2905 3659 2936 ’⁸
3677 2908 3703 2957 ο
3726 2905 3831 2957 τῶν
3855 2906 4020 2959 Βουλ-

2452 2990 2635 3059 γόιρων
2670 2986 2916 3060 ἀρχηξιὸς
2973 2993 3069 3045 σὺν
3099 2996 3210 3057 τοῖς
3259 2994 3408 3058 ἰδίοις
3461 2998 3886 3068 στρατεύμασιν,
3922 3003 4019 3069 '3;-

2447 3078 2722 3150 ορώμενος
2762 3079 2830 3132 τὰ
2857 3079 2966 3133 τῶν
3010 3082 3353 3152 Χριστιανῶν
3394 3084 3563 3138 πολλὰ
3599 3083 3740 3140 εἶναι
3796 3090 4019 3159 σξόδρα.

2372 3213 2415 3270 c
2449 3172 2931 3243 Στρατοπεδεύσας
2953 3173 3115 3242 δέεἰς
3142 3176 3491 3243 Βερσινικίαν
3522 3178 3595 3243 ὡς
3632 3180 3738 3233 ἀπὸ
3780 3183 4023 3252 σημείων

2448 3266 2742 3335 τριάκοντα
2791 3265 2885 3319 τοῦ
2946 3266 3229 3336 βασιλικοῦ
3289 3270 3585 3335 φοσσάτου,
3634 3272 3783 3324 Λέων
3834 3277 3861 3326 ο
3918 3276 4022 3327 τῶν

2459 3356 2821 3410 Ἀνατολικῶν
2856 3358 3148 3427 πατρίκιος
3178 3360 3270 3413 καὶ
3299 3362 3630 3431 στρατηγὸς,
3661 3365 4025 3436 καὶΊωάννης

2447 3450 2734 3519 πατρίκιος
2789 3451 2883 3504 καὶ
2916 3451 3225 3521 στρατηγὸς
3254 3452 3618 3519 Μακεδονίας,
3650 3455 3677 3506 ὁ
3721 3455 3773 3508 Ἀ
3788 3457 4021 3528 πλάκης,

2448 3541 2616 3595 πολλὰ
2651 3542 3092 3613 προθυμούμενοι
3123 3541 3347 3605 τούτους
3379 3544 3712 3616 πολεμῆσαι,
3750 3550 4026 3617 ἐκωλύθη-

2450 3651 2548 3687 σαν
2578 3634 2681 3686 ύπδ
2715 3634 2807 3686 τοῦ
2867 3633 3132 3704 βασιλέως
3178 3634 3269 3687 διὰ
3317 3634 3425 3687 τῶν
3480 3640 4021 3708 κακοσυμίούλωνη.

2447 3726 2560 3795 Τῆς
2588 3727 2645 3780 δὲ
2682 3726 2887 3790 πόλεως
2913 3726 3303 3796 λιτανευούσης
3336 3727 3477 3797 μετὰ
3504 3728 3599 3781 τοῦ
3632 3730 3932 3801 ἀρχιερέως
3969 3734 4025 3783 ἐν

2446 3817 2523 3888 τῷ
2544 3817 2655 3888 ναῷ
2676 3818 2785 3872 τῶν
2817 3818 3015 3886 Ἀγίων
3044 3818 3401 3881 Ἀποστὸλων,
3428 3821 3568 3883 τινες
3599 3821 3708 3874 τῶν
3742 3822 4019 3875 ὁυσσεδῶν

2446 3912 2544 3979 τῆς
2584 3912 2787 3981 μιαρᾶς
2830 3910 3093 3980 αἱρέσεως
3124 3908 3219 3962 τοῦ
3251 3910 3582 3978 θεοστυγοῦς
3611 3913 4024 3967 Κωνσταντίνου

2450 3999 2843 4070 μοχλεύσαντες
2898 3999 2996 4068 τὴν
3052 3999 3231 4070 πύλην
3284 4000 3393 4053 τῶν
3450 4000 3753 4071 βασιλικῶν
3806 4006 4016 4073 casu],

2450 4092 2679 4164 μηδενὸς
2733 4093 3095 4162 προσέχοντος
3147 4092 3233 4145 διὰ
3283 4092 3381 4161 τὴν
3416 4095 3647 4164 συνοχὴν
3689 4095 3781 4148 τοῦ
3835 4097 4015 4165 ὅχῖμου,

2449 4183 2658 4253 ἀθρόως
2691 4182 3005 4252 ἀνοιχθῆναι
3058 4182 3199 4251 μετά
3234 4200 3377 4245 τινος
3411 4184 3620 4237 κτύπου
3684 4187 4028 4255 παρεσκεύα-

2453 4292 2572 4340 σαν,
2608 4275 2684 4338 ὼς
2735 4276 2800 4328 ὲκ
2851 4275 3000 4337 θείας
3056 4274 3201 4336 τινὸς
3247 4276 3681 4346 τερατουργίας
3735 4281 3825 4329 καὶ
3883 4279 4029 4331 ἔιδον

2452 4366 2903 4436 εἰσπηδήσαντες,
2936 4366 3309 4434 προσέπιπτον
3334 4368 3408 4435 τῷ
3429 4366 3521 4418 τοῦ
3548 4368 3748 4421 πλάνου
3784 4373 4026 4438 μνήματι

2454 4448 2637 4509 τοῦτον
2694 4455 3137 4524 ἐπικαλούμενοι,
3205 4456 3299 4507 καὶ
3348 4456 3408 4506 ού
3473 4456 3631 4518 Θεον,
3688 4459 4025 4522 Ἀιτὶςτηθι,

766 4558 823 4606 et
856 4550 1144 4621 patricius,
1176 4561 1232 4607 et
1281 4550 1520 4607 Joannes
1554 4560 1920 4623 cognomento
1956 4552 2186 4622 Aplaccs
2233 4554 2342 4607 Μα-
2375 4548 2419 4604 D
2448 4546 2528 4616 λέ]

2262 4554 2342 4607 la-
2375 4548 2419 4604 Ι)
2448 4546 2717 4616 λέγοντες,
2738 4545 2835 4597 καὶ
2864 4544 3186 4612 βοήθησον
3207 4543 3277 4611 τῇ
3297 4546 3566 4609 πολιτείᾳ
3595 4546 3986 4613 ἀ.το.ί.ίιχιέἰ·ῃ
4012 4565 4024 4579 ·

767 4642 1012 4698 οεάοηίςιι
1042 4643 1153 4697 dux
1186 4659 1250 4699 ac
1282 4644 1487 4714 pariter
1518 4645 1805 4714 patricius,
1838 4646 1902 4699 ad
1934 4661 2167 4716 pugnam
2192 4661 2343 4701 com-

770 4733 1084 4788 mittendam
1125 4733 1387 4803 expediti,
1421 4740 1474 4786 ct
1506 4734 1705 4788 animis
1735 4734 1965 4801 incitati,
2000 4751 2030 4790 a
2061 4736 2344 4805 perversis

768 4825 1118 4895 imperatoris
1147 4825 1480 4881 consiliariis
1508 4827 1790 4897 praepediti
1821 4838 1968 4884 sunt.
2030 4827 2181 4885 Urbe
2242 4846 2343 4885 au-

766 4925 874 4972 tem
906 4916 1164 4972 universa
1188 4932 1298 4972 una
1332 4933 1457 4973 cum
1490 4932 1589 4974 suo
1610 4919 1865 4989 pontiﬁce
1899 4936 2087 4991 preces
2116 4936 2182 4976 ac
2214 4937 2343 4991 pro-

768 5010 1049 5066 cessiones
1092 5010 1162 5065 ad
1206 5020 1529 5066 sanctorum
1585 5012 1976 5082 Apostolorum
2028 5023 2341 5085 peragente,

766 5100 994 5173 quidam
1047 5116 1112 5156 ex
1171 5101 1351 5172 impiis
1414 5103 1777 5158 sectatoribus
1834 5103 2127 5168 haereseos,
2177 5121 2344 5176 quam

766 5190 882 5247 Deo
917 5205 1121 5247 exosus
1152 5188 1549 5248 Constantinus
1585 5193 1780 5257 tenuit,
1844 5193 2340 5264 itnpcratorialium

769 5281 1171 5353 sepulcrorum,
1238 5284 1457 5339 nemine
1487 5293 1709 5354 propter
1750 5286 1925 5340 turb-.e
1970 5285 2336 5357 frequentiam

768 5375 1106 5443 advertente,
1157 5384 1394 5446 portam,
1439 5385 1593 5432 recte
1639 5376 1693 5431 in
1748 5392 1867 5432 eam
1907 5379 2142 5448 impulso
2186 5380 2345 5437 dere-

2449 4637 2903 4707 διαφημίσαντες,
2949 4637 3029 4689 ὅτι
3066 4636 3266 4705 ἀνέστη
3323 4636 3580 4703 ἒιριππος,
3614 4640 3706 4690 καὶ
3740 4640 4026 4709 πορεύεται

2448 4731 2754 4803 πολεμῆσαι
2792 4730 3133 4801 Βουλγάρους
3169 4730 3196 4781 ὁ
3222 4730 3494 4800 τάρταρον
3537 4732 3702 4783 οἰκῶν
3732 4748 3871 4797 μετα
3904 4732 4018 4784 61'.-

2452 4825 2649 4897 μόνων.
2708 4823 2947 4884 Τούτους
3011 4821 3411 4891 συλλαϐόμενος
3456 4823 3482 4874 ὀ
3528 4822 3625 4891 τῆς
3662 4823 3869 4886 πόλεως
3914 4826 4029 4875 ἱπ-

2449 4936 2615 4989 αρχος
2638 4917 2681 4949 ³⁸
2712 4916 2773 4970 τὸ
2804 4918 2903 4987 μὲν
2939 4914 3155 4986 πρῶτον
3178 4914 3467 4983 ἐψεύδοντο
3487 4914 3674 4967 θεόθεν
3708 4915 4027 4984 αῷτοςαατως

2449 5013 2548 5075 τὰς
2569 5009 2677 5064 τῶν
2698 5011 2885 5079 τάφων
2918 5008 3091 5071 πύλας
3123 5006 3395 5077 ἀνεῷχθαι
3420 5026 3430 5038 ·
3471 5009 3851 5077 παραστάντες
3874 5009 3929 5060 δὲ
3954 5008 4027 5076 τῷ

2448 5103 2735 5175 ἐπαρχικῷ
2791 5102 3018 5172 βήματι,
3079 5100 3174 5153 καὶ
3229 5100 3358 5167 περὶ
3390 5098 3487 5167 τὴν
3530 5103 3833 5169 μαρτυρίαν
3870 5100 4028 5153 ἐκλα-

2452 5213 2664 5261 σαντες,
2703 5195 2762 5249 τὸ
2794 5195 2893 5263 τῆς
2945 5192 3290 5264 μοχλεύσεως
3339 5191 3524 5262 δρᾶμα
3574 5194 3679 5261 προ
3715 5193 3893 5260 πάσης
3943 5192 4026 5255 ἐξ·

2452 5292 2603 5345 εἶπον
2626 5289 2668 5319 ³¹
2740 5287 3046 5357 τιμωρίας’
3098 5285 3190 5348 οὓς
3250 5284 3413 5348 ἀξίως
3480 5284 3784 5353 μοχὶιεύσας
3837 5287 4026 5353 πομπῇ

2451 5380 2688 5453 δημοσία
2723 5379 3086 5450 παρέπεμψεν
3111 5379 3457 5441 ἀναϐοῶντας
3493 5380 3588 5449 τῆς
3626 5380 3890 5448 τιμωρίας
3932 5380 4027 5445 τὴν

2020 5565 2254 5624 VARle
2296 5567 2708 5625 LECTIONES.

838 5709 883 5741 ’³
914 5700 1931 5778 ἀργυροπετᾴλῳ.Ληάργυροπετάλων
1962 5709 2109 5778 vnlg;

764 5779 901 5846 Αύγ.
948 5771 1095 5843 vulg.
1199 5773 1246 5803 “
1268 5771 1466 5857 τούτῳ]
1505 5771 1663 5828 τοῦτο
1693 5778 1757 5839 Α,
1789 5778 1979 5831 τούτου
2030 5771 2178 5851 vulg.

766 5850 914 5919 vulg.
1011 5847 1053 5877 "
1079 5842 1543 5913 κακοσυμϐουλων
1579 5846 1642 5912 Α,
1675 5848 1859 5904 κακῶν
1894 5849 2178 5919 συμϐούλω

1011 5842 1543 5913 ²⁹⁷κακοσυμϐούλων
1579 5846 1642 5912 Α,
1675 5848 1859 5904 κακῶν
1894 5842 2212 5920 συμϐούὶὶυν
2244 5853 2388 5926 vuig.

2215 5712 2261 5743 ³⁵
2285 5712 2485 5765 ἅλωσιν
2521 5713 2587 5772 Α.
2626 5713 2899 5767 ἀνάλωσιν
2928 5714 3075 5780 vulg.
3124 5782 3133 5783 ί
3176 5712 3218 5742 ’³
3262 5710 3355 5762 καὶ
3758 5705 3820 5783 ._\.

2294 5785 2339 5815 ³⁷
2372 5784 2741 5854 Μεσημϐρίαν
2793 5786 2861 5848 Α,
2906 5782 3269 5854 Μεσημϐρίας
3308 5782 3448 5850 vulg.
3548 5780 3587 5810 ³⁵
3615 5779 3715 5847 Κρ.
3751 5779 3812 5833 Α.
3853 5782 3876 5827 ο

2477 5852 2527 5886 ³³
2556 5854 2876 5925 ἐπαρχοςΑ.
2954 5856 2992 5887 ³³
3026 5854 3223 5918 ἐξείπω
3254 5852 3288 5904 ί.
