4462 6446
734 425 869 489 1001
1735 414 2220 476 TllEOPIIANIS
2260 412 2496 475 CHRO)

2260 410 2926 475 CHRONOGRAPHIA
3868 412 4001 480 1008

730 535 1049 599 deterritus,
1088 532 1413 589 insidiarum
1462 530 1513 590 in
1563 545 1691 585 suos
1750 540 2107 594 structarum,
2164 530 2307 600 quod
2342 530 2492 596 Aes;

2241 530 2307 584 od
2342 547 2387 596 Α
2416 530 2623 585 τέκνων
2658 530 2825 586 αὐτοῦ
2866 529 3424 604 περισωθησομένων,
3460 532 3507 585 εί
3538 530 3678 584 οὕτω
3720 548 4003 604 προχειρι-

730 629 908 684 oculis
944 628 1229 699 probabat,
1260 633 1581 696 apparatum
1616 623 1979 688 existimaret,
2008 639 2071 677 ac
2104 638 2171 678 ne
2223 622 2309 676 fu.
2422 622 2574 694 σθείη
2608 641 2711 689 τις.

678 705 683 711 ’
730 721 943 791 gientes
978 720 1420 789 insequerentur,
1468 732 1598 773 suos
1627 717 1923 785 aliquando
1954 716 2249 772 detinuerit
2292 735 2305 772 :
2351 716 2439 770 ubi
2471 733 2602 772 vero
2632 716 2929 789 praecipitis
2987 717 3152 790 426
3190 717 3463 787 ejusmodi
3489 716 3629 789 fuga:
3723 718 4005 772 veritatem

729 815 1133 883 animadvertit,
1169 816 1355 871 hostes
1387 829 1415 867 a
1479 824 1629 883 tergo
1700 814 2018 876 insectatus,
2088 813 2281 868 castris
2320 828 2509 867 eorum
2547 822 2601 868 et
2631 815 2832 885 opimis
2861 814 3054 884 spoliis
3116 815 3367 883 direptis,
3419 822 3665 884 stragem
3704 814 4001 868 maximam

732 907 1252 977 cdidit.lmperator
1277 906 1481 976 pariter
1505 903 1631 975 fuga
1660 906 1878 974 elapsus
1900 919 2088 959 versus
2152 906 2341 958 urbem
2384 904 2574 975 pedem
2623 904 2913 971 referebat,
2970 914 3024 960 et
3099 906 3365 961 militares
3422 905 3646 961 ordines
3699 914 3752 960 et
3811 919 4006 960 eorum

730 999 994 1053 ductores
1049 997 1356 1051 maledictis
1418 995 1725 1057 incessens,
1778 995 1990 1065 imperii
2026 1004 2295 1063 potestate
2334 1010 2454 1052 sese
2473 997 2853 1053 abdicaturum
2890 998 3017 1054 dato
3046 998 3409 1070 jurejurando
3461 1000 3740 1070 pollicitus
3803 1007 3907 1064 est,
3950 1008 4012 1051 ac

734 1091 901 1145 Leoni
936 1088 1167 1162 patricio
1193 1097 1245 1144 et
1276 1087 1636 1142 Orientalium
1665 1086 1810 1151 duci,
1840 1102 1939 1142 ceu
2011 1088 2131 1143 viro
2188 1089 2389 1158 pietate
2429 1088 2730 1159 conspicuo
2757 1099 2811 1145 et
2841 1090 3065 1145 militari
3102 1091 3304 1146 virtute
3334 1092 3614 1162 praestanti
3658 1107 3720 1147 ac
3762 1092 3874 1162 jam
3904 1089 4010 1145 rei-

730 1185 963 1255 publicae
1002 1182 1451 1238 administrandae
1479 1182 1700 1247 idoneo,
1747 1179 2039 1236 confestim
2102 1183 2317 1252 aperuit
2354 1184 2671 1250 consilium,
2708 1185 2802 1240 sed
2836 1200 2903 1240 eo
2941 1185 3265 1256 dignitatem
3303 1187 3446 1241 ultro
3517 1186 3752 1240 delatam
3816 1186 4013 1244 admit-

732 1287 848 1335 tere
898 1284 1211 1340 recusante,
1272 1272 1577 1328 thematum
1637 1272 2001 1342 regendorum
2058 1280 2329 1349 potestate
2369 1272 2476 1343 ipsi
2512 1274 2726 1339 relicta,
2758 1273 2909 1329 Junii
2965 1275 3054 1329 die
3095 1275 3357 1331 vicesimo
3420 1285 3617 1344 quarto
3660 1277 4010 1345 imperantem

730 1372 919 1425 urbem
982 1368 1245 1440 repetiit:
1280 1382 1343 1422 ac
1404 1365 1691 1435 imperium
1743 1365 1962 1435 quidem
2015 1365 2309 1437 deponere,
2352 1367 2631 1438 aliumque
2658 1369 2959 1440 principem
3004 1370 3060 1423 in
3119 1370 3378 1423 thronum
3424 1367 3719 1437 subrogare
3783 1366 4013 1421 turdita-

734 1477 844 1526 tus,
884 1464 950 1516 ab
988 1476 1157 1516 uxore
1187 1469 1240 1515 et
1282 1458 1601 1531 proceribus
1643 1473 1914 1513 summam
1948 1468 2067 1529 post
2096 1475 2220 1514 eum
2262 1460 2314 1513 in
2357 1462 2794 1519 administranda
2865 1463 3141 1533 republica
3210 1471 3528 1532 potestatem
3596 1460 3829 1530 adeptis,
3882 1476 4015 1518 con-

734 1562 914 1618 silium
944 1560 1169 1631 exsequi
1198 1567 1411 1613 nonest
1436 1556 1763 1628 permissus.
1836 1557 1981 1612 Sane
2050 1557 2390 1628 Niceplwrus
2466 1562 2851 1617 sanctissimus
2883 1561 3193 1631 patriarcha
3246 1560 3540 1633 propositis
3596 1558 4011 1622 assentiebatur,

732 1670 857 1709 cum
914 1653 1198 1714 nimirum,
1235 1651 1278 1706 si
1314 1666 1379 1706 eo
1410 1661 1570 1722 pacto
1627 1665 1804 1706 novus
1845 1651 2141 1720 imperator
2174 1651 2575 1723 designaretur,
2640 1656 2755 1725 ipse
2817 1655 3049 1711 Michael
3086 1662 3139 1710 et
3169 1654 3323 1710 liberi
3388 1653 3507 1724 ejus
3574 1653 3875 1709 incolumes
3934 1650 4015 1706 fa-

730 1750 837 1806 cile
866 1749 1042 1804 forent
1070 1746 1339 1803 salvaudi.

798 1866 1014 1920 Interea
1086 1863 1258 1918 duces
1333 1863 1711 1935 militarcsque
1772 1864 1940 1935 copiae
1999 1870 2191 1921 Omnes
2251 1867 2392 1932 deB

2251 1867 2318 1923 de
2350 1878 2392 1932 Β
2580 1870 2635 1924 δὲ
2675 1872 2969 1941 στρατηγοὶ
3030 1872 3121 1924 καὶ
3147 1870 3213 1925 τὰ
3245 1868 3425 1939 πλήθη
3461 1866 3724 1937 μαθόντες
3750 1867 3838 1919 τὸν
3861 1865 4012 1936 βασι·

729 1956 1083 2029 imperatoris
1141 1954 1269 2025 fuga
1310 1955 1575 2011 certiores
1621 1955 1797 2021 factae,
1853 1957 1922 2011 ab
1982 1959 2321 2028 ejuscemodi

731 2049 956 2105 homine
986 2048 1246 2118 imperari
1277 2062 1385 2103 non
1414 2049 1652 2118 amplius
1693 2048 1978 2103 ferendum
2016 2061 2165 2116 ratae,
2193 2066 2326 2105 cono

729 2140 853 2195 silio
906 2139 1045 2194 inter
1097 2153 1156 2194 se
1220 2138 1378 2203 inito,
1426 2137 1665 2193 Leonem
1709 2136 2071 2193 Orientalium
2129 2143 2323 2196 ducem

730 2232 878 2285 bono
930 2228 1150 2300 publico
1201 2228 1538 2294 consuleret,
1595 2239 1647 2283 et
1699 2230 2064 2284 Christianam
2105 2247 2323 2301 rempu-

729 2325 931 2380 blicam
970 2323 1205 2392 erigeret
1257 2333 1615 2393 rogaverunt.
1674 2322 1767 2376 Ille
1821 2323 2035 2378 ruinam
2093 2324 2326 2396 imperio

733 2414 1109 2469 imminentem
1145 2424 1201 2468 et
1233 2411 1628 2474 Barbarorutn,
1674 2413 1768 2482 qui
1812 2413 1898 2468 vix
1938 2414 2161 2485 reprimi
2196 2432 2324 2486 pos-

733 2517 883 2578 sent,
950 2509 1222 2563 violentas
1283 2506 1644 2561 excursiones
1707 2517 1889 2562 mente
1956 2510 2325 2577 perpendens.

735 2604 973 2672 fideique
1030 2617 1159 2673 erga
1200 2601 1561 2671 imperatores
1594 2601 1876 2655 servanda:
1922 2602 2118 2671 suique
2155 2602 2327 2673 ipsius

733 2714 761 2751 a
821 2696 1034 2752 fraudis
1085 2694 1207 2750 labe
1268 2696 1568 2749 immunem
1630 2692 1972 2749 custodiendi
2044 2695 2329 2751 studiosus

732 2796 919 2863 aliquo
968 2802 1213 2861 tempore
1267 2789 1535 2853 substitit,
1588 2798 1642 2843 et
1690 2803 1791 2857 pro
1831 2789 2039 2842 viribus
2074 2788 2329 2857 dignitati

732 2883 1085 2941 admittenda;
1141 2897 1325 2937 moras
1369 2882 1644 2952 opposuit.
1673 2880 1745 2935 At
1786 2895 1910 2935 cum
1969 2884 2179 2936 hostem
2212 2897 2328 2934 rna-

734 2979 854 3051 gnis
883 2977 1171 3033 itineribus
1204 2976 1271 3031 ad
1313 2977 1505 3031 urbem
1550 2973 1885 3030 contendere
1916 2975 2326 3037 animadvertit,

735 3088 766 3124 a
796 3070 1108 3141 patriarcha
1138 3068 1464 3137 Nicephoro,
1497 3082 1658 3136 quem
1689 3066 1757 3121 de
1784 3076 1931 3121 recta
1959 3083 2057 3121 sua
2080 3067 2131 3120 in
2158 3067 2329 3121 Deum

734 3162 845 3217 fide
882 3161 1173 3217 certiorem
1220 3158 1368 3225 fecit,
1427 3168 1487 3214 ut
1537 3173 1605 3215 ex
1666 3158 1843 3227 ipsius
1894 3168 2057 3225 nutu,
2106 3168 2163 3213 et
2209 3158 2328 3229 ejus

737 3268 901 3324 prece
958 3251 1160 3307 comite
1223 3250 1529 3319 projectum
1578 3249 1802 3319 colligat
1860 3249 2178 3318 imperium,
2236 3237 2401 3318 perc

736 3347 951 3401 litteras
991 3345 1241 3415 expetiit.
1304 3342 1443 3397 Tum
1492 3358 1620 3398 vero
1671 3342 1906 3397 ducibus
1949 3351 2003 3396 et
2061 3342 2335 3397 universis

737 3438 1055 3509 agminibus
1130 3437 1389 3507 stipatus,
1434 3436 1486 3501 in
1546 3436 1908 3491 tribunalium
1964 3444 2091 3490 ante
2142 3436 2333 3491 urbem

741 3531 978 3601 positum
1038 3529 1438 3593 conscendens,
1487 3528 1764 3600 legitimus
1820 3527 2193 3583 Romanorum
2235 3529 2337 3582 im-

740 3633 959 3695 perator
990 3623 1286 3688 salutatur,
1315 3622 1607 3692 medioque
1628 3622 1742 3691 jam
1775 3621 1864 3677 die
1889 3621 2124 3692 Cpoleos
2155 3631 2333 3692 porta,

739 3734 863 3790 quae
904 3718 1117 3788 Chryse
1148 3718 1381 3780 dicitur,
1419 3718 1727 3785 ingressus,
1761 3715 1816 3770 in
1855 3716 2057 3782 regiam
2104 3730 2164 3770 se
2201 3729 2335 3770 con-

740 3811 865 3864 fert.
894 3809 1128 3863 Michael
1161 3807 1357 3861 Leonis
1392 3806 1777 3876 designatione
1804 3806 2012 3871 audita,
2045 3820 2170 3859 cum
2196 3804 2336 3859 Pro-

740 3902 894 3971 copia
928 3910 982 3956 et
1013 3901 1201 3955 liberis
1243 3901 1299 3954 in
1349 3900 1675 3965 oratorium,
1718 3897 1867 3968 quod
1916 3898 1983 3952 ad
2021 3897 2199 3951 forum
2230 3906 2335 3962 est,

741 3995 1086 4065 confugiens,
1119 3993 1336 4063 capillis
1365 3992 1631 4058 detonsis,
1665 4006 1773 4046 una
1816 4005 1945 4045 cum
1994 3990 2111 4046 suis
2145 4005 2336 4045 mona-

742 4090 943 4142 sticum
1000 4088 1245 4145 habitum
1302 4085 1501 4141 induit.
1558 4082 1783 4138 Postera
1845 4082 1987 4146 luce,
2048 4098 2169 4152 quae
2206 4081 2337 4142 Julii

745 4182 948 4236 mensis
973 4180 1076 4234 fuit
1100 4179 1409 4242 undecima,
1437 4176 1740 4231 indictione
1763 4186 1938 4240 sexta,
1966 4174 2099 4229 feria
2132 4174 2339 4229 hebdo-

747 4272 929 4327 madis
964 4270 1225 4335 secunda,
1260 4270 1316 4323 in
1368 4268 1575 4338 Magna:
1617 4266 1865 4323 ecclesiae
1905 4267 2140 4322 ambone
2188 4282 2219 4320 a
2244 4265 2339 4322 Ni-

746 4366 985 4434 cephoro
1016 4362 1328 4432 patriarcha
1362 4368 1688 4423 coronatus,
1732 4358 1885 4413 urbis
1932 4374 2119 4413 muros
2148 4360 2219 4414 de
2250 4358 2341 4415 die

747 4465 804 4515 et
864 4466 1024 4510 nocte
1057 4454 1375 4522 diligentius
1402 4452 1670 4508 custodiri
1725 4452 2017 4521 praecepit:
2057 4452 2171 4521 ipse
2210 4466 2341 4506 vero

749 4556 976 4604 cunctos
1024 4553 1294 4610 excitans,
1325 4554 1379 4600 et
1410 4546 1476 4599 ad
1510 4544 1790 4599 meliorem
1838 4559 1988 4612 spem
2022 4544 2335 4614 concipien-

2433 1961 2529 2015 λέα
2584 1964 2939 2032 πεφευγέναι,
2984 1962 3312 2027 ἀπογνόντες
3343 1961 3402 2013 τὸ
3451 1958 3835 2029 βασιλεύεσθαι
3882 1959 4015 2029 παρ’

2432 2056 2620 2122 αὑτοῦ,
2647 2056 2832 2109 λοιπὸν
2861 2058 2956 2109 καὶ
3000 2054 3423 2125 βουλευσάμενοι
3466 2053 3589 2107 καθ’
3624 2053 3869 2116 ἑαυτοὺς,
3899 2053 4018 2106 €60-

2434 2147 2650 2200 σώπουν
2669 2148 2874 2201 Λέοντα
2895 2147 2984 2201 τὸν
3020 2148 3323 2218 στρατηγὸν
3353 2145 3460 2201 τῶν
3500 2146 3863 2200 Ἀνατολικῶν
3890 2145 4017 2215 βοη-

2434 2238 2594 2309 θῆσαι
2620 2239 2698 2309 τῷ
2724 2240 2908 2309 κοινῷ,
2943 2242 3154 2309 καὶτῆς
3181 2238 3528 2311 Χριστιανῶν
3583 2238 3858 2300 πολιτείας
3885 2238 4015 2292 avo-

2433 2331 2679 2397 έξασΟαι.
2725 2331 2783 2385 Ὀ
2804 2333 2859 2387 δὲ
2891 2332 3056 2402 μέχρ;
3087 2331 3185 2400 μέν
3214 2347 3356 2392 τινος
3385 2328 3632 2399 σφοδρῶς
3660 2327 4010 2393 ἀνεδάλλετο,

2432 2423 2529 2476 τοῦ
2561 2422 2756 2494 καιροῦ
2814 2423 3214 2493 στοχαζόμενος
3265 2424 3325 2475 τὸ
3350 2423 3701 2492 δυσάντητον,
3759 2423 3854 2476 καὶ
3913 2422 4013 2490 τῆς

2435 2515 2543 2569 τῶν
2558 2516 2855 2588 βαρϐάρων
2884 2516 3197 2587 ἐπιδρομῆς
3219 2517 3280 2569 τὸ
3299 2516 3643 2577 ἀνύποιστον,
3668 2515 3764 2569 καὶ
3796 2515 3854 2568 τὸ
3880 2515 4015 2584 πρὸς

2435 2608 2561 2672 τοὺς
2601 2608 2985 2678 βασιλεύοντας
3012 2609 3298 2678 φυλάττων
3326 2608 3488 2679 ὀρθὸν
3509 2609 3602 2663 καὶ
3634 2606 4016 2661 ἀνεπιϐούλευ-

2434 2720 2526 2755 τον
2540 2702 2606 2756 ⁸³.
2650 2702 2805 2755 Ἐπεὶ¹
2834 2702 2889 2757 δὲ
2923 2702 3063 2755 κατὰ
3085 2704 3184 2772 τῆς
3215 2701 3425 2765 πόλεως
3447 2702 3538 2755 τὸν
3563 2700 3757 2771 ἐχθρὸν
3798 2701 4019 2768 ἔπειγὸ-

2438 2810 2598 2859 μενον
2651 2792 2934 2857 ἐθεάσατο,
2983 2794 3185 2861 γράφει
3246 2793 3343 2863 μὲν
3377 2792 3677 2862 Νικηφόρῳ
3706 2791 3784 2861 τῷ
3816 2808 4015 2861 πατρι-

2437 2886 2578 2958 άρχῃ
2605 2888 2673 2940 τά
2705 2889 2955 2957 περὶτῆς
2994 2888 3195 2940 ἑαυτοῦ
3251 2886 3560 2957 ὀρθοδοξίας
3612 2886 4019 2953 διαὸεεαιοὺμε-

2435 2997 2545 3044 νος,
2578 2980 2746 3033 αἰτῶν
2801 2980 2940 3050 μετὰ
2975 2980 3073 3042 τῆς
3120 2978 3288 3048 εὐχῆς
3349 2980 3443 3033 καὶ
3477 2979 3809 3042 ἐπινεύσεως
3851 2978 4016 3032 αὑτοῦ

2435 3071 2531 3125 τοῦ
2576 3072 2812 3141 κράτους
2880 3070 3263 3125 ἐπιλαϐέσθαι.
3296 3071 3406 3124 Καὶ
3454 3072 3777 3126 καταλαϐὼν
3814 3072 3874 3124 τὸ
3914 3072 4018 3139 πρὸ

2436 3165 2535 3234 τῆς
2595 3164 2803 3229 πόλεως
2855 3164 3230 3236 τριὸουνάλιον
3260 3164 3377 3235 ἅμα
3405 3168 3517 3229 τοῖς
3561 3167 3885 3235 στρατηγοῖς
3924 3164 4017 3217 καὶ

2434 3260 2546 3321 τοῖς
2584 3256 2987 3329 στρατεύμασιν
3017 3259 3389 3329 ὲννομὼτατος
3415 3257 3670 3328 βασιλεὺς
3725 3258 4016 3327 Ῥωμαίων

2434 3348 2833 3405 ἀναδείκνυται.
2872 3350 2983 3403 Καὶ
3016 3349 3294 3420 μεσούσης
3327 3349 3541 3419 ἡμέρας
3570 3351 3628 3402 ὲν
3662 3350 4012 3401 Κωνσταντι-

2436 3442 2687 3496 νουπόλει
2740 3442 2829 3499 διὰ
2857 3442 2957 3511 τῆς
2992 3442 3219 3513 Χρυσῆς
3255 3441 3461 3511 πόρτης
3496 3440 3825 3511 εἰσέρχεται,
3852 3457 4017 3494 κατα-

2436 3533 2618 3590 λαϐὼν
2647 3535 2717 3589 τὰ
2763 3534 3033 3605 βασίλεια.
3080 3533 3301 3604 Μιχαὴλ
3336 3532 3391 3585 δὲ
3424 3531 3665 3595 ἀκούσας
3704 3533 3799 3602 τὴν
3828 3532 4014 3584 τούτου

2436 3626 2801 3698 ἀναγόρευσιν
2833 3627 2891 3680 ἐν
2924 3626 3000 3695 τῷ
3022 3626 3297 3696 εὐκτηρίῳ
3320 3623 3412 3678 τοῦ
3447 3624 3615 3695 φόρου
3652 3624 4015 3694 προσδραμὼν

2440 3720 2537 3773 σὺν
2599 3720 2883 3791 Προκοπίᾳ
2940 3720 3173 3782 καὶτοῖς
3219 3718 3400 3772 αὐτῶν
3443 3718 3677 3780 τέκνοις,
3719 3718 4017 3787 ἀποκειρά-

2442 3826 2593 3879 μενοι
2634 3808 2734 3872 τὰς
2776 3809 2967 3879 τρίχας
3004 3808 3272 3878 μοναχικὰ
3302 3807 3711 3879 περιεϐάλοντο.
3750 3808 3827 3877 Τῇ
3861 3807 3912 3859 δὲ
3950 3826 4016 3860 ια’

2438 3902 2534 3955 τοῦ
2576 3902 2797 3954 Ἰουλίου
2831 3901 2997 3971 μηνὸς
3027 3902 3161 3971 ἕκτῃ
3199 3900 3511 3963 ίνδικτιῶνι.
3550 3900 3731 3970 ἡμέρα
3759 3899 4013 3970 δευτέρᾳ.

2437 3996 2504 4064 τῇ
2536 3992 2799 4061 ἐπαύριον
2835 3992 3085 4061 στεφθεὶς
3117 3992 3221 4044 ὑπὸ
3246 3992 3562 4062 Nam:de
3597 3994 3935 4062 πατριάρχου
3964 3997 4018 4045 εν

2437 4085 2516 4156 τῷ
2576 4085 2791 4154 ἇμόωνι
2856 4086 2954 4154 τῆς
3004 4085 3264 4153 Μεγάλης
3300 4082 3664 4152 Ἑκκλησίας,
3728 4084 3794 4137 τὰ
3881 4086 4021 4136 κατὰ

2440 4178 2538 4248 τὴν
2571 4178 2726 4229 πόλιν
2781 4177 3105 4246 προστάττει
3142 4176 3512 4247 φρουρηθῆναι
3556 4178 3620 4228 τά
3648 4177 3798 4245 τεὶχη
3828 4177 4019 4237 vox-:5;

2441 4274 2535 4324 καὶ
2566 4270 2801 4340 ἡμέρας,
2867 4270 3030 4332 αὐτὸς
3074 4267 3141 4321 δι’
3202 4269 3397 4321 ἑαυτοῦ
3450 4269 3825 4338 περιπολεύων
3858 4306 3873 4331 ,
3930 4269 4020 4320 καὶ

2443 4364 2652 4426 πάντας
2688 4362 2987 4428 διεγείρων,
3039 4360 3326 4436 εὐέλπιδας
3347 4377 3405 4412 τε
3443 4359 3724 4430 παραινῶν
3757 4355 3917 4424 εἶναι,
3948 4358 4017 4421 ὡς

2441 4452 2535 4505 τοῦ
2600 4453 2737 4506 Θεοῦ
2768 4450 3389 4522 παραδοξοποιήσαντος,
3440 4452 3691 4521 τάχιστα,
3741 4451 3829 4503 διὰ
3887 4467 4021 4518 πρετ

2448 4544 2648 4598 σϐειῶν
2688 4545 2789 4613 τῆς
2826 4543 3206 4615 παναχράντου
3248 4544 3511 4596 Θεοτόκου
3548 4544 3643 4595 καὶ
3674 4544 3888 4596 πάντων
3914 4542 4019 4594 τῶν

911 4638 1185 4700 animans,
1216 4602 1383 4690 Deum
1414 4635 1781 4689 immaculata:
1807 4602 1902 4689 Dei
1924 4634 2087 4706 42⁵1
2109 4602 2335 4705 genitri-
2371 4602 2415 4658 ι)
2445 4636 2511 4703 ἀγ

2255 4634 2335 4688 τί-
2371 4602 2415 4658 D
2445 4635 2638 4703 ἁγίων,
2670 4602 2873 4704 καί-μὴ
2906 4602 3079 4704 πάντη
3110 4634 3571 4704 καταισχυνθῆναι
3623 4633 4017 4704 παραχωροῦν-

750 4730 832 4783 cis
860 4737 1287 4796 sanctorumque
1315 4726 1562 4781 omnium
1596 4725 1903 4779 interventu
1936 4726 2083 4778 brevi
2108 4726 2336 4794 posthac

754 4835 954 4873 novum
994 4829 1049 4873 et
1083 4820 1427 4887 inOpinatum
1475 4817 1695 4886 aliquod
1730 4832 1868 4886 opus
1910 4817 2208 4883 editurum,
2239 4832 2339 4873 nec

753 4922 975 4982 pr0pter
1033 4920 1383 4981 peccatorum
1437 4918 1755 4963 nostrorum
1797 4908 2201 4963 multitudinem
2233 4908 2338 4962 im-

755 5016 999 5057 mensam
1057 5014 1450 5070 usquequaque
1506 5013 1605 5054 nos
1665 5000 1875 5068 pudore
1947 4997 2338 5054 suffundendos

752 5093 1014 5159 confisos,
1048 5105 1235 5148 muros
1268 5107 1364 5162 per
1392 5106 1451 5146 se
1484 5092 1666 5159 ipsum
1698 5092 1994 5147 continuus
2021 5092 2337 5161 explorator

755 5187 963 5240 obibat.
991 5186 1164 5240 Porro
1191 5184 1483 5239 Crunnnus
1512 5183 1705 5253 junior
1732 5183 2125 5239 Senuacherim
2162 5185 2335 5239 victo-

752 5280 851 5334 riis
889 5280 940 5332 in
981 5278 1292 5347 superbiam
1349 5277 1546 5342 elatus,
1590 5276 1812 5347 proprio
1849 5276 2030 5345 ‘fratre
2069 5276 2139 5331 ad
2188 5277 2337 5332 obsi-

2443 4744 2533 4791 τος
2555 4728 2642 4781 διὰ
2666 4727 2869 4797 πλῆθος
2896 4726 3256 4797 πταισμάτων
3286 4727 3460 4796 ἡμῶν.
3512 4727 3569 4779 Ὀ
3602 4726 3657 4777 δὲ
3693 4728 3809 4787 νέος
3834 4727 4019 4778 Σεννα-

2446 4822 2613 4892 χερὶμ
2673 4819 2972 4889 Κροῦμμος
3026 4818 3216 4887 ἀρθεὶς
3263 4821 3329 4887 τῇ
3377 4818 3522 4890 νίκῃ,
3585 4817 3901 4871 καταλιπὼν
3930 4818 4018 4868 τὸν

2449 4914 2579 4965 ἴδιον
2621 4911 2850 4981 ἀδελφὸν
2885 4910 3023 4981 μετὰ
3058 4913 3155 4980 τῆς
3175 4912 3382 4974 οἰκείας
3415 4911 3695 4981 δυνάμεως
3715 4911 4020 4982 πολιορκεῖν

2445 5006 2544 5075 τὴν
2589 5004 3028 5074 Ἀδριανούπολιν
3094 5005 3231 5073 μετὰ
3257 5004 3317 5068 ἒξ
3350 5004 3559 5074 ἡμέρας
3589 5004 3686 5072 τῆς
3744 5007 4012 5073 αὐτοκρα-

2441 5095 2629 5165 τορίας
2673 5096 2921 5160 Λέοντος,
2950 5092 3194 5147 ἐπελθὼν
3236 5095 3293 5146 ὲν
3323 5094 3583 5163 δυνάμεσι
3612 5092 3705 5147 καὶ
3732 5092 3919 5155 ῐπποις
3953 5097 4015 5161 τῇ

2444 5185 2677 5256 βασιλίδι
2735 5185 2909 5249 πόλει,
2968 5184 3185 5255 περιῄει
3241 5184 3348 5256 πρὸ
3377 5183 3484 5237 τῶν
3515 5184 3709 5254 τειχῶν
3743 5185 3849 5238 ἀπὸ
3888 5185 4019 5238 Βλα-

2442 5278 2652 5348 χερνῶν
2675 5277 2778 5341 ἕως
2794 5280 2892 5348 τῆς
2915 5276 3143 5347 Χρυσῆς
3166 5277 3373 5348 πόρτης
3406 5276 3542 5348 (66),
3566 5278 3886 5347 ἑπιδεικνύμ
3906 5295 4018 5342 ενος

2041 5410 2273 5467 ἾᾹΒΝΕ
2314 5410 2715 5468 LECTIONES.

861 5526 904 5556 ⁸³
941 5525 1263 5581 ἁνεπίϐολον
1285 5524 1326 5581 f.

2051 5661 2193 5718 JAC.
2218 5664 2429 5721 GOARI
2476 5663 2707 5720 NOTAE.

830 5784 1093 5856 (66)7Ejus
1138 5784 1376 5837 nominis
1416 5792 1567 5851 porta
1599 5781 1696 5834 fuit
1722 5779 1852 5845 (39.,
1879 5782 2021 5856 quod
2086 5785 2331 5851 tyranni-

752 5855 872 5913 dem
902 5855 1148 5925 adepturi
1208 5869 1301 5924 per
1332 5870 1451 5907 eaut
1509 5855 1859 5921 imperatores
1913 5855 2211 5909 solemnem
2241 5857 2316 5909 in-

2443 5802 2690 5856 gressum
2762 5794 3004 5855 agerent.
3057 5781 3395 5856 Nicephorus
3482 5786 3533 5838 in
3601 5786 3769 5841 altern
3840 5784 4018 5841 Leone

2426 5849 2758 5917 icottoclasta
2788 5849 2825 5909 ε’
2845 5857 2955 5908 Καὶ
2988 5856 3061 5916 ὡς
3096 5849 3162 5921 ἦν
3191 5853 3309 5915 ἔθος
3338 5855 3615 5922 ﬂanks-3::
3644 5859 3730 5910 διὰ
3768 5875 4019 5926 merca-
