4462 6446
720 403 864 468 1015

1992 401 2303 460 INCERTI
2350 401 2733 463 AUCTORIS

3845 400 3981 467 lOiG

716 521 1050 593 appellerent
1084 519 1208 588 fuga
1260 531 1473 585 semper
1511 515 1593 570 usi
1640 524 1784 571 sunt.
1817 516 1897 571 Ad
1937 514 2125 569 urbem
2156 529 2295 585 quo-
2323 520 2369 577 Α
2401 515 2478 570 σθε

2220 529 2295 569 ιο-
2323 520 2369 577 Α
2401 515 2528 570 σθεν
2562 515 2828 584 ὲσύναγον
2869 514 2939 569 τὰ
2993 516 3218 586 ἅρματα
3252 515 3361 570 τῶν
3416 519 3744 587 φευγόντων.
3782 520 3891 574 Καὶ
3920 523 3982 590 δὴ

717 628 827 683 que
861 611 1191 681 perveniens
1237 608 1535 677 imperator
1570 608 1851 678 ingressus
1876 615 1980 671 est,
2025 614 2079 660 et
2104 616 2291 677 portas

716 705 956 763 civitatis
984 702 1239 767 occlusit,
1268 718 1334 756 ne
1356 700 1507 755 fusus
1536 701 1809 756 exercitus
1840 699 2058 769 aliquod
2085 697 2288 752 malum

723 796 1030 851 moliretur.
1070 792 1289 863 Bulgari
1343 807 1437 860 per
1470 793 1711 860 spatium
1759 791 1974 858 aliqhod
2018 789 2290 860 fugientes

715 884 990 949 insectati,
1026 892 1244 952 captata
1287 883 1542 952 deinceps
1584 882 2034 952 opportunitate,
2065 892 2288 950 progre-

716 975 1030 1036 diebantur.
1069 976 1241 1032 Erant
1277 977 1421 1030 enim
1466 976 1671 1045 pariter
1710 976 1867 1043 longa
1898 976 2131 1030 statione
2158 974 2289 1028 fati-

714 1075 847 1142 gati,
878 1082 934 1129 et
963 1074 1088 1143 equi
1119 1072 1325 1127 debiles
1353 1087 1364 1121 :
1388 1072 1682 1139 armisque,
1721 1079 1779 1123 ut
1804 1070 2008 1123 dictum
2044 1078 2149 1133 est,
2175 1069 2289 1123 col-

717 1168 874 1222 lectis
915 1165 1124 1221 onerati
1152 1182 1164 1219 :
1195 1174 1248 1219 et
1288 1162 1507 1233 Oppida,
1545 1163 1595 1217 in
1630 1178 1748 1232 qum
1792 1162 2153 1232 profugerant
2184 1176 2288 1217 no-

716 1257 836 1324 stri,
877 1255 1223 1311 obsidebant.
1272 1256 1577 1325 Imperator
1624 1255 1844 1308 demtim
1894 1269 2017 1308 cum
2053 1268 2290 1310 maerore

714 1354 954 1421 ﬂetuque
984 1350 1257 1405 civitatem
1290 1349 1568 1419 ingressus
1605 1348 1971 1415 patria‘rcham
2007 1346 2158 1401 adiit.
2185 1346 2288 1400 Co-

717 1439 1051 1495 mitabantur
1078 1439 1359 1507 magister,
1392 1449 1443 1491 et
1475 1448 1706 1504 magnus
1732 1436 2083 1499 domesticus,
2122 1446 2168 1489 et
2198 1450 2289 1505 pa-

715 1530 857 1587 tricii
923 1530 1136 1601 reliqui.
1187 1530 1484 1597 Imperator
1531 1528 1721 1597 lugens
1781 1527 1993 1582 aiebat:
2054 1526 2288 1582 Omnino

714 1623 953 1694 peccatis
970 1620 1103 1677 meis
1125 1619 1463 1690 exigentibus
1492 1619 1592 1673 hoc
1615 1618 1757 1686 passi
1789 1625 1917 1674 sunt
1940 1617 2235 1673 Christiani
2270 1636 2283 1673 :

716 1716 1002 1786 imperium
1034 1712 1209 1769 soceri
1266 1711 1367 1765 mei
1405 1710 1638 1763 invisum
1670 1708 1833 1762 habet
1859 1707 2021 1771 Deus,
2059 1706 2287 1777 ejusque

715 1810 954 1864 sobolem
987 1814 1269 1861 aversatur
1301 1823 1312 1855 :
1343 1820 1463 1857 eum
1503 1803 1682 1872 plures
1719 1803 1863 1856 enim
1912 1802 2157 1856 hosﬁbus
2188 1818 2288 1855 nun

714 1916 868 1955 mero
897 1915 1168 1960 essemus,
1199 1897 1331 1951 nulli
1362 1906 1606 1951 nostrum
1645 1895 1816 1950 adfuit
1846 1896 2079 1959 animus,
2101 1908 2289 1949 verum

716 1991 913 2062 singuli
955 1989 1097 2059 turpi
1124 1989 1249 2059 fuga
1277 1987 1468 2058 dilapsi
1515 1995 1661 2041 sunt.
1694 1984 2008 2040 Patriarcha
2040 1985 2292 2055 reliquis-

715 2097 821 2153 que
846 2097 967 2135 eum
1000 2079 1429 2144 censo'lantibus,
1462 2088 1515 2133 et
1546 2078 1674 2147 quid
1704 2076 1970 2147 agendum
1997 2077 2292 2132 consulen-

717 2174 908 2237 tibus,
974 2172 1150 2227 donec
1190 2172 1433 2242 legiones
1501 2185 1691 2225 omnes
1758 2170 2158 2235 convenirent,
2236 2179 2294 2225 ut

717 2265 1035 2319 mandatum
1072 2264 1228 2319 daret
1268 2265 1592 2335 imperator,
1643 2264 2119 2334 praestolabantur.
2148 2262 2293 2317 inte-

714 2360 818 2413 rlm
856 2358 1214 2413 Orientalium
1248 2357 1362 2429 (qui
1395 2357 1554 2427 primi
1582 2357 1840 2427 fugerunt
1866 2374 1895 2412 e
1928 2356 2095 2427 bello)
2127 2357 2288 2426 legio,

715 2452 805 2505 cui
837 2451 1027 2507 Bardze
1059 2450 1279 2504 Armeni
1313 2449 1457 2503 filius
1489 2447 1777 2518 praefectus
1803 2457 1942 2511 erat,
1990 2449 2291 2503 tumultua-

715 2546 899 2610 batur,
938 2551 992 2599 et
1020 2543 1257 2598 Leonem
1288 2542 1467 2612 ipsum
1502 2542 1884 2609 imperatorem
1920 2539 2114 2595 faustis
2144 2541 2289 2595 voci-

713 2638 818 2692 bus
858 2635 1308 2707 prosequebatur.
1351 2633 1489 2688 Tum
1532 2633 1683 2687 nullo
1725 2648 1783 2687 sc
1821 2642 2149 2702 opponente,
2207 2647 2290 2688 re-

2392 611 2495 673 ἕως
2523 613 2623 682 τῆς
2659 610 2869 675 πόλεως
2899 611 3000 665 οὐκ
3025 612 3260 683 ἔστησαν
3284 611 3599 680 φεύγοντες.
3639 614 3749 668 Καὶ
3772 614 3984 685 φθάσας

2392 706 2420 758 6
2454 704 2709 775 βασιλεὺς
2740 705 2993 775 εἰσῆλθεν
3043 706 3123 768 εἰς
3155 706 3255 775 τὴν
3307 706 3480 770 πόλιν,
3526 707 3621 760 καὶ
3658 708 3980 775 ¹ίχσιιςὰλισεν,

2396 796 2481 850 ἵνα
2515 796 2589 867 μὴ
2620 797 2647 849 6
2670 795 2797 858 λαὸς
2836 797 3131 867 χαλασθεὶς
3177 798 3379 867 ποιήσῃ
3413 800 3604 853 κακόν.
3635 800 3698 852 Οἱ
3727 800 3783 853 δὲ
3814 799 3980 854 Βούλο

2392 905 2580 959 γαρεις
2608 886 2956 960 [Βούλγαροι]
2993 889 3098 953 ἕως
3123 890 3303 957 ὀλίγον
3329 890 3494 943 τόπου
3529 891 3978 961 καταδιώξαντες,

2391 981 2453 1035 τὸ
2486 981 2673 1036 λοιπὸν
2727 981 2863 1050 μετᾶ
2914 983 3155 1045 ἀνέσεως
3203 983 3455 1054 ἤρχοντο.
3489 978 3672 1036 Ἦσαν
3721 983 3829 1054 γὰρ
3888 988 3980 1038 καὶ

2392 1074 2547 1127 αὐτοὶ
2586 1075 2982 1139 κεκοπιακὸτες
3037 1075 3147 1129 ἀπὸ
3191 1076 3288 1144 τῆς
3352 1076 3735 1145 παρατάξεως,
3794 1079 3887 1131 καὶ
3932 1073 3980 1130 οἱ

2395 1167 2553 1219 ἵπποι
2580 1166 2782 1229 αὐτῶν,
2820 1168 3145 1236 συνάγοντές
3194 1184 3254 1222 τε
3308 1169 3378 1223 τὰ
3429 1164 3599 1236 ὅπλα,
3634 1171 3709 1234 ὡς
3744 1172 3983 1242 εἴρηται,

2392 1260 2486 1313 καὶ
2516 1260 2584 1312 τὰ
2631 1260 2846 1331 κάστρα
2874 1260 3326 1331 παρακαθήμενοι
3368 1262 3496 1317 ἔνθα
3538 1263 3883 1334 προσέφυγον
3932 1265 3981 1319 σί

2390 1349 2735 1418 διωκόμενοι.
2801 1346 2910 1404 Καὶ
2958 1352 2986 1404 6
3047 1350 3307 1422 βασιλεὺς
3338 1354 3601 1410 εἰσελθὼν
3636 1355 3777 1427 μετὰ
3804 1356 3984 1427 λύπης

2392 1442 2484 1495 καὶ
2518 1441 2803 1507 κλαυθμοῦ
2832 1435 3076 1511 ἀπῆλθεν
3096 1444 3176 1509 είς
3202 1445 3294 1499 τὸν
3331 1448 3701 1518 πατριάρχην,
3731 1448 3823 1501 καὶ
3855 1465 3982 1502 σνν-

2391 1533 2640 1603 εισῆλθον
2679 1536 2706 1589 ὅ
2739 1552 2796 1588 τε
2857 1530 3179 1608 μάγιστρος,
3235 1539 3328 1593 καὶ
3354 1541 3381 1593 6
3433 1540 3607 1610 μέγας
3643 1540 3981 1610 δομὲστικος,

2390 1626 2482 1679 καὶ
2508 1626 2556 1679 οἱ
2590 1627 2768 1680 λοιποῖ
2787 1629 3090 1698 πατρίκιοι,
3117 1631 3212 1684 καὶ
3234 1631 3432 1685 κλαίων
3459 1633 3486 1686 6
3507 1631 3757 1701 βασιλεὺς
3775 1633 3981 1700 ελεγενο

2389 1719 2472 1771 ὅτι
2494 1717 2719 1779 Πάντως
2741 1719 2828 1772 διὰ
2858 1721 2957 1785 τὰς
2974 1714 3244 1791 ἁμαρτίας
3259 1741 3361 1793 μου
3384 1723 3542 1779 τοῦτο
3556 1724 3756 1779 ἔπαθον
3775 1726 3821 1778 oi
3849 1726 3982 1794 Χρισ-

2395 1812 2601 1864 στιανοί
2623 1829 2633 1844 ι
2660 1813 2755 1866 καὶ
2779 1813 2861 1867 ὅτι
2883 1814 2982 1868 οὐκ
3001 1806 3280 1885 εὐδοκιμεῖ
3301 1817 3329 1869 ὁ
3344 1817 3473 1882 Θεὸς
3501 1818 3689 1897 είέτὴν
3710 1818 3985 1888 βασιλείαν

2393 1903 2486 1959 τοῦ
2540 1904 2807 1977 πενθεροῦ
2857 1925 2958 1976 μου
2997 1908 3095 1978 (6),
3126 1908 3245 1962 οὐδὲ
3280 1912 3359 1973 εἰς
3416 1910 3514 1981 τὴν
3547 1910 3740 1980 γενεὰν
3780 1913 3979 1966 αὐτοῦ’

2394 1998 2515 2052 ἐπεὶ
2540 1999 2756 2062 πλείους
2783 2000 2964 2070 ἥμεθα
2993 2004 3159 2073 ἡμεῖς
3186 2002 3296 2055 τῶν
3327 2003 3628 2073 πολεμίων,
3657 2005 3749 2059 καὶ
3783 1998 3985 2073 προθυ-

2397 2091 2528 2161 μίαν
2556 2092 2735 2156 οὐδεὶς
2772 2092 2954 2163 ἔσχεν,
2980 2095 3116 2148 ἀλλὰ
3148 2096 3352 2159 πάντες
3381 2096 3601 2164 ἔφυγον.
3638 2098 3748 2151 Καὶ
3771 2097 3863 2150 τοῦ
3884 2116 3985 2149 πα-

2392 2183 2657 2254 τριάρχου
2712 2185 2951 2240 καὶτῶν
3006 2187 3210 2241 λοιπῶν
3257 2189 3772 2259 παραμυθουμένων
3811 2189 3980 2259 αὐτῷ,

2392 2276 2487 2327 καὶ
2516 2275 2919 2347 βουλευομένων
2946 2278 2999 2331 τί
3033 2278 3099 2332 ἂν
3128 2280 3454 2349 ποιήσωσιν,
3489 2282 3580 2333 καὶ
3612 2281 3983 2351 ἐκδεχομένων

2394 2366 2479 2420 ἵνα
2506 2368 2859 2437 σωρευθῶσιν
2896 2369 3075 2424 πάντα
3104 2372 3174 2425 τὰ
3204 2372 3440 2439 θέματα,
3462 2374 3555 2426 καὶ
3587 2372 3730 2444 δώτῃ
3766 2376 3794 2427 6
3827 2372 3982 2443 βασι-

2390 2458 2515 2522 λεὺς
2539 2460 2832 2531 διαταγήν·
2864 2461 2924 2516 τὸ
2951 2463 3093 2532 θέμα
3119 2463 3230 2516 τῶν
3260 2464 3623 2518 Ἀνατολικῶν
3648 2466 3855 2535 πρῶτοι
3879 2482 3984 2534 φυ-

2391 2550 2579 2618 γόντες
2603 2553 2695 2605 τοῦ
2730 2553 2967 2623 πολέμου
2987 2556 3251 2625 ἐποίησαν
3294 2556 3489 2626 βουλὴν
3529 2560 3799 2628 πονηρὰν,
3833 2557 3980 2628 ἔχον-

2389 2660 2482 2708 τες
2515 2646 2821 2716 στρατηγὸν
2855 2646 2972 2700 υἱὸν
3006 2647 3189 2719 Βάρδα
3219 2649 3314 2702 τοῦ
3361 2650 3671 2719 Ἀρμενιου,
3704 2652 3799 2717 καὶ
3828 2651 3982 2719 μουλ·

716 2728 914 2784 seratis
943 2727 1112 2799 portis
1142 2728 1194 2781 in
1223 2727 1411 2782 urbem
1453 2724 1698 2781 conferta
1738 2724 2091 2779 multitudine
2132 2725 2293 2779 indu-
2385 2733 2478 2786 τεύ

2229 2742 2293 2779 υ·
2385 2733 2680 2798 τεύσαντες
2716 2736 3111 2807 ἐξευφήμησαν
3146 2740 3241 2792 τὶν
3298 2740 3463 2794 αὐτὸν
3489 2741 3693 2795 ⁶Κέον-,τα
3718 2742 3797 2805 εἰς
3828 2741 3982 2811 βασις

717 2827 934 2875 xerunt.
968 2819 1212 2873 Audiens
1243 2826 1426 2872 autem
1452 2816 1566 2872 haec
1595 2814 1823 2870 Michael
1852 2815 2149 2885 imperator
2176 2832 2291 2886 pro-

718 2914 879 2985 fugus
937 2913 989 2967 in
1049 2912 1371 2975 ecclesiam,
1420 2909 1525 2965 fide
1577 2917 1834 2979 accepta,
1877 2910 2291 2979 monachusque

716 3006 891 3061 lactus
922 3016 1134 3060 comam
1167 3002 1441 3073 deposuit.

888 3185 961 3239 De
1012 3184 1202 3239 Leonis
1244 3183 1346 3251 lilii
1379 3181 1576 3237 Bardw
1604 3182 1820 3236 Armeni
1862 3184 2103 3251 imperio.

790 3367 948 3440 5.31
977 3365 1087 3423 Leo
1119 3367 1304 3437 itaque
1322 3365 2005 3436 palatiumingressusest:
2027 3372 2299 3420 etassum-

719 3462 827 3532 ptis
860 3461 1072 3532 imperii
1093 3460 1399 3531 insignibus
1421 3458 1626 3515 celebri
1659 3472 1923 3529 processu
1952 3456 2095 3513 facto
2120 3460 2297 3514 eccle-

720 3557 858 3610 siam
899 3555 1051 3620 adiit,
1080 3565 1133 3610 et
1162 3568 1465 3610 conscenso
1495 3553 1731 3609 amboue
1770 3568 1799 3608 a
1831 3552 2136 3622 Nieephoro
2168 3562 2298 3608 tunc

722 3647 983 3717 temporis
1012 3648 1328 3718 patriarcha
1359 3658 1657 3702 coronatus
1692 3654 1777 3702 est
1802 3646 2009 3701 mensis
2036 3643 2183 3700 Junii
2212 3645 2301 3701 die

722 3741 958 3806 decimo,
992 3738 1287 3794 indictione
1320 3737 1575 3808 septima,
1610 3736 1977 3809 chirographo
1998 3737 2150 3807 prius
2176 3752 2205 3790 a
2242 3751 2300 3791 se

722 3842 777 3888 et
826 3832 1119 3889 comitibus
1171 3830 1439 3896 exhibito,
1478 3829 1615 3885 nihil
1678 3830 1943 3885 adversus
1998 3829 2298 3884 Erclesiam

723 3924 997 3987 innovari,
1050 3932 1145 3977 aut
1180 3937 1212 3976 a
1244 3921 1453 3977 sanctis
1510 3918 1761 3974 Patribus
1813 3920 1956 3975 circa
2004 3932 2159 3973 sacra
2200 3918 2300 3972 do-

724 4026 905 4086 gmata
938 4015 1216 4087 quondam
1247 4014 1387 4070 bene
1418 4011 1641 4068 deﬁnita
1682 4011 1817 4066 nihil
1856 4011 2132 4066 immutari
2171 4010 2302 4063 tole-

727 4118 972 4162 raturum
1004 4106 1185 4175 :quod
1228 4104 1542 4160 nullatenus
1570 4103 1846 4173 praestitit.
1884 4100 2117 4156 Mendax
2147 4101 2299 4155 vide—

725 4198 871 4263 licet,
919 4200 993 4261 et,
1045 4205 1105 4250 ut
1140 4195 1302 4266 vulgo
1361 4193 1541 4249 fertur
1600 4192 2049 4249 chamaeleontem
2114 4192 2308 4259 varios

725 4291 955 4346 induere
981 4289 1215 4352 colores,
1247 4287 1318 4342 ita
1352 4294 1407 4342 et
1438 4286 1555 4356 ipse
1588 4301 1841 4341 sermone
1866 4298 2085 4353 semper
2119 4284 2302 4351 varius

726 4382 866 4450 fuit,
920 4392 1315 4452 nonnunquam
1371 4379 1559 4450 probis
1620 4379 1883 4450 praeditus
1949 4376 2217 4437 moribus.
2249 4386 2302 4432 et

725 4477 904 4533 bonus
938 4486 1242 4546 apparens;
1291 4472 1624 4542 quandoque
1673 4473 1839 4525 etiam
1885 4455 2187 4526 contrariis
2214 4456 2316 4522 ill--

726 4568 948 4623 fectus:
982 4581 1051 4620 ex
1099 4580 1209 4634 quo
1263 4564 1460 4619 merito
1500 4563 1833 4619 chamaeleon
1884 4577 1914 4615 a
1961 4568 2152 4618 sancto
2182 4563 2299 4617 viro

723 4658 1144 4728 cognominatus
1171 4664 1276 4711 est.
1305 4655 1492 4725 Ejecto
1516 4655 1699 4724 igitur,
1734 4665 1788 4708 ut
1815 4655 2161 4725 praemissum
2192 4665 2296 4721 est,

726 4752 1011 4817 Michaele,
1062 4750 1174 4807 Leo
1230 4750 1513 4823 tyrannice
1574 4750 1810 4819 sumpsit
1873 4746 2186 4818 imperium,
2246 4757 2300 4801 et

725 4857 885 4904 tonsa
935 4845 1201 4917 ProcOpia
1256 4845 1502 4915 Augusta
1553 4842 1837 4899 Michaelis
1870 4843 2123 4913 conjuge,
2158 4841 2298 4895 filios

724 4943 844 5012 ejus
870 4940 1076 5012 pariter
1106 4955 1201 5011 per
1233 4938 1445 4995 insulas
1484 4937 1745 4993 detonSos
1783 4935 2033 4991 virilibus
2062 4934 2295 4990 orbavit.

730 5034 827 5090 Vix
866 5049 1147 5106 quoquam
1176 5033 1338 5088 etiam
1368 5032 1557 5087 relicto
1582 5030 1954 5100 propriorum,
1985 5036 2081 5084 aut
2108 5043 2297 5083 eorum

723 5143 845 5198 qua:
884 5141 915 5181 a
947 5125 1265 5195 parentibus
1317 5130 1667 5194 acceperant,
1720 5122 1857 5176 adeo
1894 5130 1954 5175 ut
1987 5122 2297 5177 necessaria

721 5232 945 5288 quoque
990 5217 1071 5272 eis
1105 5215 1421 5277 deficerent.
1477 5223 1675 5271 cuncta
1718 5213 1945 5269 abstulit
1990 5213 2134 5284 :ipsi
2172 5230 2297 5269 vero

727 5310 836 5363 Deo
893 5309 949 5363 in
1002 5308 1261 5363 omnibus
1316 5307 1519 5377 gratias
1579 5298 1905 5362 referebant.
1958 5296 2091 5360 Erat
2133 5321 2298 5383 porro

724 5399 955 5456 Michael
1004 5400 1181 5455 aetatis
1235 5398 1489 5464 perfectae
1536 5400 1611 5466 vi,
1666 5399 1787 5470 ipso
1833 5399 2135 5469 iuventutis
2165 5396 2299 5454 ﬂore

2388 2822 2615 2887 λέα,καὶ
2640 2825 2866 2894 μηδενὸς
2879 2826 3274 2898 ἀνθισταμένου
3308 2830 3621 2894 ἀνοίξαντες
3642 2830 3740 2892 τὰς
3773 2831 3981 2900 πόρτας

2394 2916 2689 2985 εἰσήγαγον
2721 2916 2884 2971 αὑτὸν
2907 2920 3232 2991 παμπληθεὶ
3255 2922 3334 2984 εἰς
3360 2921 3461 2991 τὴν
3493 2921 3668 2975 πόλιν.
3717 2923 3983 2986 Ἀκούσας

2398 3006 2570 3061 ταῦτα
2604 3008 2824 3079 Μιχαὴλ
2850 3012 2876 3063 6
2906 3010 3157 3081 βασιλεὺς
3179 3013 3526 3085 προσέφυγεν
3560 3016 3694 3087 ἐντῇ
3717 3015 3984 3087 ἐκκλησίᾳ

2403 3101 2498 3154 καὶ
2540 3100 2722 3155 λαόὼν
2776 3103 2932 3172 λόγον
2958 3148 2973 3169 ,
3015 3106 3351 3177 ἀπεκείρατο
3388 3108 3677 3177 γενόμενος
3729 3109 3981 3179 μοναχός.

2316 3187 2360 3249 C
2396 3193 2534 3263 Περὶ
2587 3193 2694 3262 τῆς
2746 3197 3074 3262 ,Βασιλείας
3139 3199 3400 3265 Λέοντος
3448 3200 3583 3255 υἱοῦ
3631 3200 3829 3270 Βάρδα
3880 3199 3986 3256 τοῦ

3016 3270 3349 3339 Ἀρμενίου.

2470 3382 2623 3435 Λέων
2649 3377 2742 3437 οὖν
2767 3383 3018 3455 εἰσῆλθεν
3053 3386 3133 3447 εἰς
3165 3385 3226 3438 τὸ
3262 3385 3552 3449 παλατιον,
3590 3390 3686 3442 καὶ
3738 3388 3985 3457 παραλα-

2403 3472 2515 3526 ϐὼν
2563 3468 2784 3541 πάντα,
2846 3478 3083 3545 ποιήσας
3134 3478 3462 3549 προέλευσιν
3513 3482 3761 3551 εἰσῆλθεν
3815 3484 3873 3535 ὲν
3916 3485 3981 3551 τῇ

2402 3565 2695 3637 ἐκκλησίᾳ,
2724 3566 2819 3621 καὶ
2846 3566 3083 3621 ἀνελθὼν
3112 3570 3187 3631 είς
3218 3570 3310 3622 τὸν
3359 3570 3587 3641 ἄμϐωνα
3621 3571 3855 3641 ἐστέφθη
3882 3572 3984 3626 ὗπδ

2405 3658 2726 3729 Νικηφόρον
2787 3658 2880 3711 τοῦ
2926 3659 3228 3726 τηνικαῦτα
3281 3663 3618 3733 πατριάρχου
3646 3664 3819 3728 ὄντος,
3857 3667 3986 3734 μηνὶ

2415 3748 2644 3817 Ἰουνίῳ,
2668 3747 2893 3817 δεκάτῃ,
2924 3748 3216 3803 ίνδικτιῶνι
3251 3750 3479 3823 ὲδδόμῃ,
3520 3751 3784 3822 πρότερον
3828 3754 3987 3823 ποιήε-

2405 3852 2503 3902 σας
2538 3838 2822 3909 ἱδιόχειρον
2854 3840 2933 3910 (7)
2973 3841 3114 3910 μετὰ
3164 3842 3274 3894 τῶν
3331 3843 3427 3895 σὺν
3463 3842 3611 3911 αὐτῷ
3665 3842 3800 3912 μηδέ
3854 3860 3983 3896 ποτε

2403 3930 2546 3984 κατὰ
2601 3932 2701 3999 τῆς
2748 3922 3075 4001 Ἔκκλησίας
3110 3932 3406 4001 γενέσθαι,
3459 3934 3490 4004 ἦ
3559 3936 3981 4005 παρασαλεῦσαι

2403 4020 2512 4073 τῶν
2545 4019 2843 4083 καλῶςέίς
2902 4020 3071 4091 αὐτὴν
3130 4022 3455 4091 ὁρισθέντων
3508 4023 3610 4076 ὑπὸ
3660 4024 3770 4076 τῶν
3816 4025 3987 4093 ἁγίων

2408 4112 2680 4183 Πατὲρων
2710 4112 2872 4183 ἱερῶν
2904 4112 3211 4184 δογμάτων,
3246 4115 3381 4186 ὅπερ
3407 4116 3504 4168 οὐκ
3552 4116 3814 4184 ἐφύλαξεν
3853 4117 3987 4186 ψεύ-

2408 4220 2539 4273 στης
2571 4204 2670 4269 ὢν,
2691 4206 2785 4257 καὶ
2817 4205 3070 4277 καθάπερ
3098 4208 3124 4259 6
3147 4206 3305 4275 λόγος
3331 4209 3637 4279 ὑπογράιρει
3670 4209 3759 4263 τὸν
3780 4228 3986 4279 χαμαι-

2403 4294 2592 4349 λέοντα
2627 4296 2976 4350 ἐναλλάττων
3000 4296 3391 4371 [ὲναλλάττειν]
3414 4300 3509 4362 τὰς
3544 4301 3777 4371 μορφὰς,
3814 4302 3986 4364 οὕτως

2406 4388 2499 4451 καὶ
2531 4387 2693 4451 αὑτός
2722 4405 2735 4418 ’
2775 4389 2907 4442 ποτὲ
2947 4390 3049 4458 μὲν
3100 4392 3175 4454 ὼς
3208 4392 3571 4461 χρήστολὸγος
3626 4396 3719 4446 καὶ
3771 4394 3987 4464 ἄριστος

2406 4481 2751 4550 φαινόμενος,
2784 4481 2914 4534 ποτὲ
2944 4482 3040 4534 καὶ
3067 4483 3375 4537 τούναντίον
3401 4500 3412 4512 ⁸
3453 4486 3591 4555 ὅπερ
3623 4486 3852 4559 ιδιόπερ]
3894 4490 3985 4541 καὶ

2406 4572 2631 4636 δικαίως
2656 4573 3027 4643 ἐπωνομάσθη
3062 4574 3397 4643 Χαμαιλέων
3442 4578 3547 4629 ὑπὸ
3581 4579 3739 4646 ἁγίου
3773 4579 3983 4649 ἀνδριάς.

2418 4666 2697 4720 Ἐκϐαλὼν
2726 4666 2820 4720 οὖν
2850 4668 3024 4729 Λέων,
3056 4666 3238 4731 καθὼς
3268 4671 3611 4740 προείρηται,
3643 4671 3731 4724 τὸν
3766 4672 3985 4742 Μιχαὴλ

2405 4759 2470 4811 ὲκ
2502 4761 2601 4829 τῆς
2627 4759 2907 4830 βασιλείας
2948 4758 3114 4812 αὑτοῦ
3147 4762 3510 4831 τυραννικῶς,
3548 4762 3857 4833 παρέλαϐεν
3890 4765 3987 4816 αἱ·

2406 4851 2498 4913 τὸς
2529 4851 2628 4921 τὴν
2678 4849 2993 4921 βασιλείαν,
3028 4850 3125 4903 καὶ
3179 4852 3486 4922 κουρεύσας
3532 4854 3841 4923 Προκοπίαν
3892 4855 3987 4925 τὴν

2406 4941 2722 5009 Λύγοῦσταν
2760 4945 2992 5013 γυναῖκα
3047 4942 3140 4996 τοῦ
3184 4945 3427 5015 Μιχαὴλ,
3462 4946 3529 5000 τὰ
3589 4948 3753 5000 τέκνα
3816 4945 3980 4999 αὑτοῦ

2406 5033 2778 5105 ὲξευνούχισεν
2806 5035 3110 5106 κουρεύσας
3132 5036 3294 5099 αὐτὰ,
3322 5039 3412 5091 καὶ
3436 5038 3761 5107 ὲκοὺρενσεν
3792 5040 3984 5101 sti-.01;

2408 5126 2487 5187 εἰς
2520 5126 2587 5178 τὰ
2616 5126 2794 5195 νησίαο
2826 5127 3041 5197 ἐπάρας
3061 5127 3117 5181 δὲ
3162 5126 3343 5180 πάντα
3372 5130 3473 5181 ὅσα
3510 5124 3679 5197 εἶχον,
3710 5129 3784 5198 μὴ
3821 5131 3987 5193 ἐάσας

2408 5218 2590 5281 αὐτοῖς
2620 5219 2758 5289 μήτε
2807 5221 2877 5273 τὰ
2914 5220 3042 5285 ἴδια,
3082 5223 3223 5293 μήτε
3269 5221 3337 5274 τὰ
3378 5221 3487 5274 τῶν
3523 5223 3726 5288 γονέων
3784 5222 3985 5285 αὐτῶν,

2408 5307 2550 5360 ὥστε
2586 5309 2932 5379 ὑστερεῖσθαι
2964 5312 3165 5374 αὐτοὺς
3195 5312 3290 5365 καὶ
3325 5311 3433 5363 τῶν
3459 5312 3791 5378 ἀναγκαίων.
3823 5314 3986 5366 Αὑτοι

2405 5402 2462 5455 δὲ
2490 5402 2855 5474 ηὐχαρίστουν
2888 5404 2946 5456 ὲν
2979 5407 3112 5459 πᾶσι
3143 5405 3235 5460 τὸν
3267 5405 3419 5459 Θεὸν.
3455 5399 3563 5457 Ἦν
3599 5403 3653 5456 δὲ
3698 5406 3724 5458 ὁ
3767 5405 3987 5474 Μιχαὴλ

1880 5540 2131 5598 FRANC.
2162 5540 2549 5598 COMBEFISII
2576 5540 2811 5597 NOTAE.

915 5632 1109 5716 ξοβετ.
1135 5633 1295 5704 cujus
1337 5633 1446 5716 Deo
1490 5636 1727 5716 invisum
1755 5636 2173 5716 imperiuhi___ait

725 5702 903 5829 clliaell,
927 5702 1266 5776 Nicephorus
1292 5715 1396 5769 est,
1425 5708 1584 5776 cujus
1614 5715 1731 5761 erat
1753 5702 2028 5777 Procopia‘
2050 5707 2156 5761 tilla
2201 5707 2301 5761 Mi-

727 5791 758 5830 (ἶ
781 5791 863 5827 I88
892 5791 936 5828 IS
960 5792 1097 5831 IIXOI'

802 5845 880 5915 t7)
917 5845 990 5900 ita
1018 5848 1325 5917 patriarcha
1387 5848 1719 5913 enitcbatur,
1774 5848 1865 5905 sed
1906 5866 2011 5905 non
2061 5849 2295 5905 obtinuit

2415 5635 2610 5691 Leonis
2636 5647 2754 5691 astu
2786 5636 3065 5703 deceptus,
3098 5651 3212 5690 rem
3245 5632 3597 5689 differendam
3637 5630 3984 5703 praetexentis

2411 5708 2464 5761 in
2493 5716 2709 5776 tempus
2743 5706 2883 5760 aliud
2918 5701 3299 5767 commodius,
3355 5720 3417 5757 ac
3470 5706 3555 5757 ubi
3602 5701 3988 5771 capessivisset

2412 5778 2723 5846 imperium,
2778 5779 2855 5847 uti
2914 5777 3101 5829 multis
3157 5776 3392 5847 lgnatius
3443 5776 3735 5837 Diaconos,
3773 5785 3984 5828 necnon

2407 5849 2771 5904 (Tentinuator
2806 5846 3120 5903 Vaticanus.
