4462 6446
452 441 593 507 101'?

1641 444 1817 503 \‘l'l‘A
1856 440 2132 501 LEONIS
2171 443 2494 506 ARMENI.

3565 450 3702 515 1018

449 560 653 621 τέλειος
685 557 783 622 μὲν
833 555 933 625 τὴν
985 556 1221 625 ήλισὶίαν,
1258 544 1481 610 αὐτδτδ
1526 556 1687 617 ἄνθος
1732 557 1882 621 ἄγων
1931 554 2027 622 τῆς
2061 558 2102 613 Α
2135 570 2211 610 σοι

1931 554 2027 622 τῆς
2061 558 2102 613 Α
2135 558 2485 626 conspicuus,
2514 559 2663 614 vultu
2693 560 2944 626 rotundo,
2984 561 3165 617 colare
3202 564 3532 618 frumentum
3569 568 3677 622 refe

452 652 725 719 νεότητος,
773 649 1391 720 στρογγυλοπρόσωπος,
1451 650 1748 721 σιτόχροος,
1809 646 2029 718 μαῦραν

448 743 586 811 ἔχων
616 742 715 812 τήν
762 740 1025 811 κεφαλήν,
1074 743 1171 795 καὶ
1219 743 1550 812 ἐπιὰγουρον
1587 743 1687 811 (8),
1716 742 1809 795 xui.
1837 742 1897 794 τὸ
1936 740 2025 809 γέ-

449 853 590 888 νειον
619 835 911 899 εὐπρεπῶς
941 834 1289 903 διακείμενον
1319 836 1378 887 ἐν
1406 837 1470 905 τῇ
1502 834 1622 903 ὄψει
1649 834 1838 900 αὑτοῦ,
1889 832 2030 904 μαῦ-

454 945 544 999 ρον
567 928 661 981 καλ⁸
696 926 829 979 αὑτό
850 944 861 955 ·
891 929 1065 996 πρᾶος
1098 926 1155 979 δὲ
1181 927 1322 980 πάνυ
1366 928 1460 979 καὶ
1489 926 1715 993 ἀγαθὸς,
1745 929 1792 980 εξ
1827 928 1917 979 καί
1947 944 2032 989 τις

452 1019 625 1081 ἄλλος.
668 1013 839 1082 Οὗτος
879 1018 1093 1087 θλίψεις
1144 1018 1343 1080 πολλὰς
1389 1016 1597 1085 ὑπέστη
1625 1015 1714 1069 διὰ
1756 1018 1854 1086 τὴν
1884 1017 2031 1086 ώμό-

356 1104 360 1108 λ
450 1128 586 1179 τητα
617 1110 732 1162 τοῦ·
764 1109 997 1174 ὰσεὸυῦς
1029 1110 1278 1175 Λέοντος,
1319 1109 1648 1179 καθημέραν
1678 1109 1768 1161 τὸν
1801 1108 2030 1162 θάνατον

452 1200 833 1269 ἐκδεχόμενος,
875 1200 969 1252 καὶ
1003 1197 1119 1267 μετ’
1154 1198 1348 1268 ὀδύνης
1376 1197 1700 1268 καθημέραν
1733 1198 1823 1251 τὸν
1864 1198 2029 1267 ἄρτον

449 1289 618 1343 αὑτοῦ
652 1289 865 1342 ἐσθίων·
904 1290 933 1342 ὁ
965 1289 1171 1359 Κύριος
1213 1289 1425 1362 ἀϐλαϐῆ
1461 1288 1731 1359 ἐφύλαξεν
1785 1290 2028 1361 παραδό-

452 1381 557 1446 ξως
603 1381 667 1432 ἐκ
695 1380 799 1449 τῆς
824 1381 1164 1452 κακουργίας
1203 1380 1393 1436 αὐτοῦ.

522 1472 845 1526 Καιλοιπδν
886 1469 1049 1543 ἦλθον
1093 1473 1143 1526 oi
1194 1471 1501 1544 Βούλγαροι
1555 1472 1784 1543 μηδενὸς
1844 1472 2028 1535 αὐτοῖς

452 1563 799 1626 ὑπαντῶντος
850 1562 882 1634 ἢ
932 1563 1235 1627 κωλύοντος
1288 1565 1396 1629 ἓως
1480 1568 1578 1635 τῆς
1621 1565 1830 1636 πόρτης
1860 1607 1875 1631 ,
1932 1564 2028 1618 καὶ

454 1656 685 1726 ποιήσας
730 1658 759 1709 ό
816 1654 1073 1726 Κροῦμος
1121 1656 1335 1721 θυσίαν,
1396 1659 1538 1711 κατὰ
1580 1658 1641 1710 τὸ
1688 1658 1808 1721 ἐθος
1838 1658 2024 1722 αὐτοῦ,

452 1747 651 1813 ἔξωθεν
696 1748 797 1816 τῆς
827 1749 1049 1820 Χρυσῆς
1082 1749 1294 1821 πόρτης
1345 1748 1537 1803 ἔθυσεν
1578 1749 1900 1819 ἀνθρώπους
1932 1749 2026 1803 καὶ

452 1840 624 1909 κτήνη
662 1839 853 1903 πολλὰ,
901 1841 993 1892 καὶ
1042 1842 1121 1904 εις
1160 1840 1255 1893 τὸν
1290 1840 1535 1909 αἰγιαλὸν
1590 1840 1690 1911 τῆς
1747 1840 2026 1909 θαλάσσης

453 1928 644 2002 βρέξας
675 1934 798 1995 τοὺς
847 1933 1012 1997 πόδας
1047 1934 1234 1997 αὐτοῦ,
1274 1935 1368 1988 καὶ
1396 1934 1896 2004 περικλυσᾶμενος,
1931 1935 2024 1987 καὶ

454 2026 713 2096 ραντίσας
744 2025 836 2078 τὸν
870 2026 999 2079 λαὸν
1053 2024 1241 2091 αὐτοῦ,
1268 2025 1363 2079 κα)⁵
1392 2025 1755 2095 εὐφημισθεὶς
1789 2025 1882 2079 ὑπ’
1927 2025 2024 2078 αὺ-

450 2117 575 2182 τῶν,
610 2118 823 2187 διῆλθεν
862 2111 1029 2188 με’σον
1056 2118 1164 2172 τῶν
1199 2117 1545 2171 παλλακίδων
1596 2116 1785 2179 αὐτοῦ,
1847 2133 2021 2187 προσ-

448 2210 707 2281 κυνηθεὶς
759 2210 852 2264 ὑπ’
896 2210 1113 2275 αὐτῶν,
1174 2209 1269 2264 καὶ
1324 2209 1628 2276 δοξασθεὶς,
1683 2209 1779 2263 καὶ
1851 2207 2025 2262 ταῦτα

449 2302 795 2374 θεωρούντων
847 2303 910 2355 ἐκ
953 2302 1064 2355 τῶν
1110 2300 1307 2371 τειχῶν
1358 2301 1598 2365 πάντων,
1653 2303 1746 2354 καὶ
1798 2300 2024 2371 μηδενὸς

448 2395 754 2464 τολμῶντος
803 2393 1045 2448 κωλῦσαι
1097 2393 1297 2459 αὑτὸν,
1344 2393 1377 2464 ἢ
1416 2392 1685 2447 ἀπολῦσαι
1719 2393 1872 2462 βέλος
1901 2393 2021 2447 κατ’

446 2488 635 2542 αὑτοῦ.
672 2487 782 2540 Καὶ
828 2488 1061 2557 ποιήσας
1096 2486 1278 2540 πάντα
1301 2486 1370 2539 τὰ
1402 2485 1797 2557 ἐπιθυμήματα
1832 2486 2022 2551 αὑτοῦ,

447 2578 544 2632 καὶ
577 2577 721 2648 ἅπερ
772 2576 1045 2641 ἐϐούλετο,
1101 2576 1544 2646 περιεκύκλωσεν
1574 2576 1674 2647 τὴν
1705 2577 1858 2630 πόλιν
1879 2617 1893 2639 ,
1928 2577 2024 2630 καὶ

444 2670 636 2723 ἔϐαλεν
667 2670 886 2744 χάρακα
920 2670 977 2723 ἐν
1006 2669 1167 2740 αὐτῇ,
1199 2670 1294 2722 καὶ
1320 2669 1556 2739 ποιήσας
1602 2669 1815 2739 ἡμέρας
1848 2668 2020 2734 τινὰς,

446 2764 542 2816 καὶ
606 2762 937 2833 πραιδεύσας
991 2762 1060 2815 τὰ
1122 2760 1324 2827 ἔξωθεν
1376 2760 1477 2830 τῆς
1545 2760 1773 2824 πόλεως,
1822 2760 2024 2831 ἤρξατο

446 2854 629 2924 ζητεῖν
661 2854 844 2907 πάκτα
864 2854 1088 2924 χρυσίου
1113 2854 1206 2906 καὶ
1230 2851 1547 2922 ἱματισμῶν
1574 2852 1742 2906 πολὺν
1764 2852 2018 2922 ἀριθμὸν,

447 2950 537 3007 καὶ
568 2948 800 3020 κοράσια
840 2947 1101 3000 ἐπίλεχτα
1140 2947 1419 3016 ποσότητὰ
1448 2963 1591 2999 τινα.
1635 2946 1745 2998 Καὶ
1770 2945 1832 3016 δὴ
1868 2948 2023 3016 ποιή-

445 3059 542 3105 σας
593 3042 621 3094 ὁ
672 3042 826 3095 Λέων
860 3040 1055 3111 βουλὴν
1108 3039 1245 3109 μετὰ
1276 3039 1386 3092 τῶν
1414 3038 1715 3110 ἀρχόντων,
1755 3040 2021 3110 ἐδήλωσεν

442 3134 534 3187 τὸν
568 3133 847 3205 Κροῦμον,
873 3134 955 3186 ὅτι
996 3132 1150 3186 Ἑλθέ
1182 3132 1286 3195 ἓως
1316 3134 1411 3185 τοῦ
1452 3132 1700 3203 αἰγιαλοῦ
1743 3131 1881 3201 μετά
1909 3130 2018 3182 ὀλί-

2139 658 2311 713 rente,
2351 650 2507 719 nigro
2540 653 2713 721 capite
2743 663 2795 706 ct
2826 651 2966 705 virili
3003 651 3167 706 barba
3199 652 3454 707 decenter
3482 670 3705 726 compo—

2135 741 2263 805 sita,
2294 756 2468 812 eaque
2515 743 2581 797 ad
2635 743 2815 799 vultus
2877 744 3112 813 speciem
3167 746 3342 814 nigra.
3393 746 3705 802 Mansuetus

2137 849 2298 901 porro
2331 844 2383 889 et
2424 834 2669 890 urbanus
2692 875 2706 900 .
2757 836 2803 891 si
2841 836 2966 905 quis
2994 835 3133 891 alius
3162 836 3390 891 exstitit.
3425 838 3522 893 llic
3559 840 3693 893 cala~

2124 924 2353 979 .mitates
2398 926 2600 981 multas
2650 927 2802 996 impii
2854 927 3055 982 Leonis
3095 928 3421 983 crudelitate
3474 931 3577 985 sibi
3618 934 3703 985 in-

2133 1018 2326 1082 ﬂictas,
2350 1020 2511 1073 etiam
2545 1030 2717 1075 morte
2750 1022 3058 1089 propediem
3088 1032 3421 1091 exspectata,
3451 1025 3701 1089 sustulit;

2132 1105 2624 1174 quotidianumque
2657 1123 2851 1176 panem
2886 1122 3007 1161 cum
3052 1110 3217 1162 animi
3252 1126 3482 1165 "iterare
3518 1128 3702 1166 come-

2130 1196 2302 1261 dens,
2359 1206 2589 1251 mortem
2658 1199 3088 1267 prtestolabatur.
3132 1203 3171 1253 Α
3240 1201 3472 1257 Domino
3530 1205 3701 1257 nihilo

2131 1288 2313 1342 secius
2341 1296 2537 1357 praeter
2562 1290 2874 1357 opinionem
2918 1292 3224 1345 custoditus
3256 1302 3361 1358 est,
3392 1309 3455 1347 ne
3502 1293 3702 1349 Leonis

2130 1380 2369 1448 nequitia
2407 1380 2707 1437 laederetur.
3152 1376 3155 1379 ’

2200 1468 2480 1525 Venerunt
2510 1471 2693 1541 itaque
2722 1472 2964 1543 Bulgari,
3001 1477 3150 1531 nullo
3192 1477 3326 1546 ipsis
3349 1489 3697 1545 occurrente,

2127 1562 2211 1616 vel
2242 1563 2447 1617 aditum
2484 1564 2809 1634 prohibente
2863 1583 3038 1637 usque
3086 1569 3151 1623 ad
3196 1570 3432 1626 civitatis
3462 1581 3700 1641 portam,

2127 1661 2181 1709 et
2217 1653 2453 1711 Crumus
2504 1671 2656 1710 sacra
2713 1672 2810 1727 pro
2853 1674 3004 1712 more
3066 1658 3272 1716 faciens
3320 1663 3384 1716 ad
3443 1663 3690 1734 Chrysen

2128 1756 2340 1817 portam
2374 1748 2625 1803 homines
2659 1758 2714 1804 et
2736 1751 2992 1805 animalia
3034 1752 3266 1821 plurima
3298 1756 3557 1809 mactavit
3599 1776 3611 1810 :
3646 1765 3701 1810 et

2129 1838 2195 1891 ad
2229 1839 2397 1894 maris
2423 1840 2576 1894 littus
2606 1841 2791 1896 tinctis
2821 1857 2957 1911 aqua
2985 1844 3213 1912 pedibus
3242 1845 3384 1899 lotus
3413 1855 3495 1901 est
3530 1856 3697 1913 totus,

2130 1930 2432 2001 populoque
2486 1947 2626 2002 aqua
2678 1948 2949 2003 resperso,
2993 1934 3187 1990 faustis
3213 1937 3698 1994 acclamationibus

2127 2022 2195 2075 ab
2232 2036 2295 2076 eo
2329 2023 2637 2078 cumulatus
2665 2038 2679 2074 :
2717 2025 3007 2094 medioque
3043 2026 3300 2093 pellic’um
3331 2028 3545 2097 agmine
3572 2043 3699 2097 per-

2127 2114 2377 2178 transito,
2414 2115 2482 2168 ab
2516 2115 2597 2170 eis
2630 2115 2847 2170 laudem
2898 2126 2953 2170 et
2997 2117 3260 2171 honorem
3292 2118 3527 2186 excepit.
3571 2134 3696 2188 spe-

2126 2208 2403 2262 ctantibus
2448 2223 2514 2263 ex
2565 2209 2740 2264 muris
2770 2210 2979 2264 civibus
3020 2212 3254 2274 cunctis,
3289 2206 3542 2280 nulloque
3568 2227 3697 2282 pro-

2126 2298 2331 2361 hibere,
2365 2299 2447 2352 vel
2498 2299 2661 2353 telum
2720 2300 2773 2353 in
2823 2316 2947 2355 eum
2990 2302 3203 2357 mittere
3255 2318 3410 2359 auso.
3468 2302 3561 2359 His
3601 2319 3697 2371 pro

2126 2389 2280 2444 libito
2315 2391 2585 2460 peractis,
2622 2400 2676 2446 et
2727 2408 2847 2460 qua:
2898 2393 3216 2447 decreverat
3265 2395 3453 2464 gestis,
3505 2396 3694 2451 urbem

2125 2484 2411 2538 obsidione
2460 2484 2650 2549 cinxit,
2698 2496 2751 2539 et
2811 2485 3177 2554 undequaque
3227 2488 3692 2551 circumvallavit,

2125 2576 2347 2647 diesque
2381 2577 2648 2646 plurimos
2678 2586 2942 2641 moratus,
2973 2577 3135 2649 432
3165 2588 3219 2633 et
3258 2578 3411 2633 urbis
3461 2580 3579 2633 loca
3614 2581 3696 2632 vi-

2126 2669 2247 2724 cina
2287 2669 2657 2739 depraedatus,
2689 2671 2808 2725 auri
2840 2686 3068 2740 pensum
3104 2687 3368 2734 annuum,
3405 2671 3697 2727 vestimen-

2128 2770 2415 2832 tdt‘umque
2446 2778 2732 2844 numerum
2768 2778 2873 2820 non
2907 2763 3390 2831 contemnendum,
3422 2774 3475 2818 et
3502 2764 3697 2819 electa-

2125 2870 2245 2909 rum
2272 2856 2543 2926 virginum
2567 2872 2785 2926 gregem
2810 2873 2918 2912 non
2951 2857 3224 2912 modicum
3248 2857 3489 2926 expetiit.
3519 2855 3716 2923 Quare-

2124 2950 2353 3005 cousilio
2382 2966 2506 3005 cum
2534 2950 2859 3019 proceribus
2886 2951 3096 3015 habito,
3128 2951 3335 3007 Crumo
3372 2951 3697 3021 signiﬁcavit

2126 3042 2237 3097 Leo
2285 3061 2299 3096 :
2333 3042 2467 3097 Cum
2506 3043 2693 3113 paucis
2723 3044 3054 3113 quibusdam
3083 3060 3233 3099 arma
3263 3059 3369 3099 non
3398 3043 3696 3099 ferentibus

2125 3136 2191 3189 ad
2237 3113 2407 3189 maris
2456 3150 2631 3205 usque
2682 3135 2833 3192 littus
2893 3137 3125 3204 procede
3176 3152 3189 3188 :
3240 3152 3451 3207 nosque
3495 3139 3697 3205 pariter

444 3245 555 3295 γων
584 3226 746 3279 τινῶν
783 3227 857 3296 μὴ
887 3225 1303 3295 ἐπιφερομένων
1332 3224 1493 3289 ὅπλα,
1542 3225 1637 3278 καὶ
1672 3226 1834 3295 ήμεῖς
1864 3222 2019 3292 ἐξερ-
2045 3230 2086 3287 c
2120 3238 2206 3278 nat

1934 3239 2019 3292 ερ-
2045 3230 2086 3287 c
2120 3224 2370 3278 navicula
2422 3223 2540 3280 sine
2574 3223 2742 3277 armis
2801 3225 2936 3278 mari
2994 3225 3359 3306 prodibimus,
3387 3225 3696 3293 -habitoque

442 3320 650 3389 χόμεθα
678 3318 766 3371 διὰ
808 3318 905 3387 τῆς
942 3318 1215 3387 θαλάσσης
1282 3317 1474 3371 ἄοπλοι
1529 3316 1670 3386 μετὰ
1724 3316 2021 3386 χελανδίου,

444 3410 539 3464 καὶ
570 3409 958 3480 συλλαλοῦμενο
991 3412 1085 3463 καὶ
1119 3411 1264 3481 ἅπερ
1316 3412 1506 3482 ᾐτήσω
1538 3410 1717 3465 πάντα
1741 3410 2021 3481 ποιοῦμεν.

430 3502 553 3572 ,Καὶ
587 3499 763 3554 ταῦτα
790 3499 1151 3569 δηλώσαντες,
1193 3501 1281 3555 διὰ
1304 3503 1401 3575 τῆς
1433 3502 1629 3565 νυκτὸς
1657 3501 2024 3570 ἐξαγαγόντες

441 3593 591 3655 τινας
665 3592 1103 3662 ἐνωπλισμένους
1167 3593 1272 3655 ἕως
1346 3594 1627 3664 ὀνομάτων
1678 3594 1872 3665 τριῶν,
1931 3597 2023 3646 καὶ

443 3684 792 3754 κατέκρυψαν
822 3684 1020 3746 αὐτοὺς
1066 3685 1124 3735 ἐν
1174 3684 1471 3752 δωματίοις
1505 3684 1649 3737 τισὶν
1680 3684 1787 3738 τῶν
1817 3684 1855 3735 Γ
1859 3683 2024 3752 ἄλλης

442 3774 641 3839 ἔξωθεν
667 3775 767 3842 τῆς
805 3776 1012 3845 πόρτης
1043 3774 1151 3828 τῶν
1185 3776 1356 3845 Βλαχε
1370 3776 1529 3845 ρνῶν,
1554 3774 1824 3839 δώσαντες
1845 3776 2025 3839 αὐτοῖς

443 3868 738 3937 σύσσημον,
761 3868 842 3920 ὃτι
886 3868 1299 3937 Διαλεγομένων
1328 3868 1486 3938 ήμῶν
1534 3868 1672 3939 μετὰ
1699 3868 1796 3922 τοῦ
1840 3872 1882 3922 Κ
1896 3869 2021 3939 ρού-

449 3973 573 4026 μου,
613 3959 838 4025 σημεῖόν
892 3974 944 4009 τι
1002 3957 1198 4027 ἔχομεν
1239 3959 1486 4027 ποιῆσαι,
1519 3960 1663 4031 ὅπερ
1694 3960 2023 4030 θεασάμενοι

441 4051 717 4116 ἐξέλθατε,
751 4054 843 4105 καὶ
888 4052 1247 4105 ἀποκτείνατε
1288 4053 1475 4106 αὐτόν.
1512 4054 1626 4107 Καὶ
1656 4056 1721 4121 τῇ
1760 4052 2020 4123 ἐπαύριον

440 4142 606 4196 ὄντων
669 4143 779 4195 τῶν
834 4144 1160 4215 Βουλγάρων
1216 4145 1309 4197 ἐπί⁵
1358 4145 1419 4198 τὸ
1480 4145 1647 4215 μέρος
1691 4144 1800 4197 τῶν
1826 4145 2020 4212 ’Λγέων

455 4235 805 4305 Ἀνσργύρων
848 4234 1051 4300 ἔξωθεν
1085 4236 1186 4305 τῆς
1229 4237 1459 4299 πόλεως,
1485 4236 1755 4306 κατῆλθεν
1783 4239 1810 4289 ὀ
1838 4236 2020 4305 K905-

444 4344 543 4395 μος
599 4331 691 4382 ἐπὶ
739 4328 839 4399 τὴν
891 4329 1166 4383 θάλασσαν
1218 4329 1361 4382 κατὰ
1409 4328 1506 4399 τὴν
1567 4329 1843 4397 συνταγὴν
1880 4328 2019 4399 μετᾶ

439 4421 615 4474 ἄλλων
655 4418 822 4489 τριῶν
839 4419 929 4472 τὸν
954 4418 1243 4488 λογοθέτην
1270 4417 1463 4480 αὑτοῦ,
1491 4418 1580 4471 και
1609 4418 2017 4471 Κωνσταντῖνον

440 4515 529 4565 τὸν
558 4512 851 4581 λεγόμενον
886 4511 1001 4584 [τοῦ
1034 4511 1323 4579 λογοθέτου
1345 4510 1442 4564 καὶ
1474 4511 1888 4564 Κωνσταντίνου
1919 4511 2012 4564 τοῦ

2125 3315 2419 3386 colloquio,
2455 3330 2577 3384 quae
2603 3315 2899 3385 expetiisti,
2933 3325 3130 3371 cuncta
3166 3317 3572 3387 pmslabimus.
3602 3316 3696 3372 His

2126 3410 2199 3463 ita
2231 3407 2573 3478 signiﬁcatis,
2606 3408 2885 3462 nonnullis
2911 3410 2976 3462 ad
3003 3410 3166 3463 trium
3194 3425 3485 3463 numerum
3519 3425 3698 3464 arma-

2126 3501 2196 3555 tis
2234 3510 2507 3570 nocluque
2536 3498 2770 3564 eductis,
2810 3501 2877 3555 ad
2929 3500 3259 3556 Blachernas
3298 3503 3351 3555 in
3398 3502 3697 3556 domuncu-

2124 3592 2191 3646 lis
2239 3590 2404 3647 Gallae
2458 3590 2872 3647 occultaverunt
2928 3606 3019 3655 se,
3057 3593 3385 3661 signumque
3447 3592 3693 3647 dedere:

2122 3684 2293 3741 Nobis
2338 3702 2461 3741 cum
2495 3686 2699 3740 Crumo
2730 3685 3167 3754 colloquentibus
3209 3685 3424 3754 signum
3474 3684 3694 3754 aliquod

2122 3778 2368 3842 edemus,
2393 3777 2539 3847 quod
2587 3776 2888 3847 conspicati
2927 3775 3072 3831 foras
3121 3777 3411 3843 erumpite,
3464 3786 3519 3831 et
3568 3792 3692 3831 eum

2124 3866 2429 3922 interﬁcite.
2450 3868 2674 3922 Postero
2694 3868 2780 3923 die
2804 3866 3051 3936 Bulgaria
3076 3866 3141 3921 ad
3171 3878 3485 3922 sanctorum
3517 3868 3695 3922 Anar-

2122 3975 2374 4031 gyrorum
2413 3959 2584 4014 aedem
2615 3960 2887 4015 stantibus
2916 3968 3068 4014 extra
3098 3960 3337 4016 civitatis
3368 3970 3598 4031 portam,
3628 3977 3694 4017 ex

2121 4052 2380 4107 condicto
2414 4051 2651 4107 Crumus
2698 4067 2888 4106 versus
2931 4067 3080 4107 mare
3123 4054 3402 4122 prolectus
3455 4064 3538 4109 est
3571 4068 3694 4108 cum

2124 4143 2295 4198 tribus
2326 4142 2485 4208 aliis;
2514 4142 2788 4212 logotheta
2814 4143 3063 4198 videlicet
3083 4142 3223 4211 ejus,
3249 4154 3303 4197 et
3327 4143 3694 4199 Constantino

2123 4235 2343 4298 Patzici,
2370 4236 2464 4305 qui
2504 4244 2629 4290 ante
2659 4228 3050 4303 plures‘annos
3078 4237 3129 4289 in
3166 4235 3477 4304 Bulgariam
3532 4235 3692 4307 fuge-

2121 4336 2227 4391 rat,
2266 4327 2397 4391 lilio,
2431 4326 2596 4380 alium
2637 4326 2805 4381 ﬁlium
2841 4335 3162 4397 praesentem
3198 4343 3263 4382 ex
3288 4327 3475 4382 Crumi
3504 4342 3695 4383 sorore

2122 4420 2374 4474 habente.
2413 4408 2661 4485 Quatuor
2704 4418 2793 4471 isti
2820 4419 3028 4487 reliquo
3061 4418 3301 4473 exercitu
3352 4418 3693 4474 discedentes

2118 4524 2172 4568 et
2207 4514 2442 4567 inermes
2489 4527 2609 4566 cum
2665 4512 2790 4565 aliis
2843 4511 3016 4565 tribus
3058 4511 3215 4580 juxta
3265 4510 3576 4565 condictum
3625 4510 3693 4564 ad

440 4576 758 4676 λεγομένου]
791 4576 904 4658 τοῦ-
926 4576 1201 4668 Πατζιέιοῦ
1240 4603 1506 4672 φυγόντος
1557 4604 1638 4665 εἰς
1672 4602 2011 4672 Βουλγαρίαν
2040 4576 2091 4633 D
2120 4620 2202 4659 ma

1929 4603 2011 4655 ίαν
2040 4576 2091 4633 D
2120 4620 2270 4659 mare
2301 4602 2911 4668 devenerunt,insidias
2940 4602 3043 4657 sibi
3080 4611 3298 4671 paratas
3347 4601 3689 4672 ignorantes.

442 4697 548 4763 πρὸ
582 4695 793 4748 πολλῶν
825 4694 982 4759 ἐτῶν,
1020 4694 1210 4763 ἔχοντα
1240 4691 1501 4764 [ἔχοντος]
1533 4691 1627 4745 καὶ
1644 4692 1734 4744 τὸν
1769 4694 1883 4745 υἱὸν
1917 4693 2016 4745 at}.

438 4789 530 4841 τοῦ
576 4789 706 4841 ὄντα
740 4789 798 4853 ἐξ
828 4787 1063 4856 ἀδελφῆς
1097 4786 1190 4839 τοῦ
1224 4786 1507 4856 Κρούμου.
1542 4777 1705 4839 Οὗτοι
1746 4785 2014 4855 τέσσαρες

439 4878 748 4943 ἐξελθόντες
776 4878 869 4931 τοῦ
896 4878 1025 4931 λαοῦ
1062 4878 1236 4930 αὐτῶν
1261 4877 1452 4930 ἄοπλοι
1486 4874 1754 4944 κατῆλθον
1780 4875 1884 4940 ἓως
1915 4876 2014 4947 τῆς

438 4968 715 5038 θαλάσσης
748 4969 891 5022 κατὰ
942 4968 1040 5039 τὴν
1098 4968 1382 5039 συνταγὴν
1430 4967 1569 5037 μετὰ
1600 4967 1775 5022 ἄλλων
1816 4968 2005 5039 τριῶν,

440 5062 515 5132 μὴ
552 5062 913 5129 γινώσκοντες
943 5062 999 5114 δὲ
1037 5062 1097 5114 τὸ
1131 5062 1342 5133 ἐνεδρον
1374 5061 1575 5115 αὐτῶν.
1602 5062 1805 5115 Λοιπὸν
1831 5061 1887 5115 δὲ
1915 5062 2009 5115 καὶ

436 5156 486 5206 οἱ
523 5157 586 5206 ἐκ
613 5158 707 5224 τῆς
740 5155 949 5218 πόλεως
978 5153 1203 5223 ἐξῆλθον
1256 5154 1398 5224 μετὰ
1433 5153 1714 5224 χελανδίου
1748 5154 2009 5224 βουλόμε-

441 5263 513 5299 νοι
576 5245 897 5316 συλλαλῆσαι
935 5247 1073 5316 μετὰ
1121 5246 1211 5300 τοῦ
1263 5246 1546 5317 Κρούμου,
1607 5245 1702 5300 καὶ
1750 5245 2008 5309 λαόόντες

2119 4696 2335 4767 Egressi
2368 4704 2496 4749 sunt
2525 4696 2728 4763 pariter
2762 4709 2828 4748 ex
2867 4693 3002 4748 urbe
3032 4694 3195 4749 lintre
3229 4695 3393 4751 vecti.
3427 4694 3519 4764 qui
3563 4708 3689 4748 cum

2116 4791 2320 4845 Crumo
2356 4788 2687 4855 colloquium
2715 4786 2948 4840 habituri
2978 4795 3137 4839 erant
3176 4803 3189 4839 :
3226 4793 3281 4839 et
3309 4795 3525 4855 accepta
3566 4784 3690 4851 ﬁde,

2119 4897 2149 4937 e
2180 4882 2301 4937 navi
2328 4881 2660 4951 prodierunt.
2695 4878 2932 4932 Crumus
2969 4894 3111 4947 equo
3141 4878 3478 4933 descendens
3502 4894 3554 4931 In
3579 4886 3692 4931 ter-

2116 4990 2229 5029 ram
2259 4973 2468 5028 desedit
2502 4989 2515 5026 :
2550 4971 2672 5040 ejus
2731 4985 2872 5040 equo
2910 4970 3041 5025 sella
3089 4969 3365 5037 frenisque
3418 4970 3691 5024 instructo

2115 5063 2456 5121 Constantini
2520 5061 2615 5116 ﬁlii
2669 5077 2836 5116 manu
2887 5062 3124 5116 detento.
3184 5059 3690 5131 Ipsis-adinvicem

2117 5158 2536 5221 disserentibus,
2566 5172 2672 5211 non
2718 5171 2877 5211 nemo
2927 5155 3144 5224 signum
3197 5170 3262 5210 ex
3305 5154 3440 5208 urbe
3492 5153 3686 5207 dedit;

2118 5252 2221 5308 fuit
2244 5252 2293 5308 is
2327 5250 2623 5315 Exabules,
2651 5234 2936 5320 quimanu
2964 5259 3129 5318 caput
3161 5251 3394 5320 aperuit.
3435 5247 3691 5303 Animad-

1613 5384 1866 5443 FRANC.
1904 5387 2292 5446 COMBEFISII
2331 5388 2565 5445 ΝΟΤᾸΞ.

504 5470 581 5547 (8)
635 5469 828 5526 Vocem
863 5473 1242 5547 ἄγουρονιρτο
1259 5475 1489 5547 ephebo,
1533 5480 1916 5547 atquejuvene
1943 5481 1997 5534 in

433 5545 554 5614 aula
586 5552 824 5614 merente
843 5546 1072 5614 exponit
1096 5543 1379 5599 Possinius
1418 5546 1470 5599 iu
1500 5543 1656 5602 Anna
1690 5543 1994 5614 Comnena,

433 5611 590 5679 cujus
625 5612 871 5665 Alexiad.
902 5611 997 5666 l..7
1026 5630 1089 5668 ea
1139 5617 1244 5668 vdx
1283 5625 1479 5670 exstat.
1510 5617 1579 5671 At
1600 5633 1785 5672 vocem
1838 5611 1997 5672 ἐπιάὲ

444 5684 857 5758 ξουρονιξμειξιξηι
888 5685 1105 5758 invenio
1136 5685 1186 5738 in
1204 5685 1393 5741 “Leone
1420 5686 1786 5742 Grammatico
1816 5704 1869 5758 p.
1889 5690 1994 5745 460

444 5698 629 5802 (0·δῦον
661 5698 857 5735 iterum
889 5699 1103 5737 invenio
1136 5701 1186 5738 in
1204 5698 1393 5741 Leone
1420 5698 1786 5742 Uranimatico
1816 5704 1869 5758 p.
1889 5698 1992 5745 460

433 5754 498 5801 de
574 5752 728 5804 asilio
748 5751 1037 5827 Macedone
1057 5755 1279 5827 dictam.
1300 5773 1433 5827 cum,
1456 5759 1713 5814 robustus
1738 5775 1992 5827 procero-

434 5834 538 5885 que
577 5835 803 5890 corpore
830 5824 1046 5896 juvenis
1078 5823 1469 5896 Theophilitzis
1508 5823 1791 5883 comitatui
1842 5831 1988 5885 adle-

434 5899 553 5945 ctus
588 5902 688 5954 est,
721 5904 881 5963 quem
940 5895 1335 5953 CouStantinus
1372 5899 1424 5951 in
1455 5897 1635 5956 Basilii
1674 5899 1794 5956 Vita
1845 5901 1991 5967 clus-

2102 5484 2245 5537 modi
2270 5483 2557 5549 juvenum,
2582 5497 2647 5537 ac
2671 5480 2763 5550 qui
2804 5481 3016 5549 pulchri
3053 5489 3260 5535 essent.
3310 5466 3555 5550 ερειδείς,
3600 5465 3687 5550 at?

2103 5548 2283 5625 fuisse:
2302 5548 2787 5625 studiosissimum.
2806 5548 2944 5604 Non
2969 5552 3106 5625 male
3137 5550 3225 5604 hic
3320 5548 3485 5612 Goar,
3510 5548 3685 5625 virili;

2106 5634 2163 5677 at
2185 5624 2389 5689 malim,
2413 5624 2604 5693 grandi
2629 5621 2958 5690 robustaque.
2981 5621 3066 5693 Ibi!
3087 5636 3189 5673 non
3212 5620 3406 5688 placet,
3430 5620 3685 5693 agrestem

2093 5694 2337 5763 juvenem
2370 5690 2625 5763 ,‘potius.
2682 5693 2977 5763 robustum,
3012 5691 3250 5763 fortem,
3289 5690 3582 5763 grandem;
3618 5690 3686 5745 de

2105 5779 2213 5832 quo
2257 5760 2463 5828 statim,
2539 5760 2651 5816 οἷον
2707 5762 2940 5832 ἄγουρον
2976 5760 3073 5832 νῦν
3114 5760 3510 5832 ἀπελαϐόμηνς
3553 5775 3658 5829 qua

2101 5830 2202 5889 lem
2247 5852 2385 5891 nunc
2448 5833 2741 5889 masculum
2801 5830 3076 5887 comitatui
3115 5830 3336 5901 adlegi?
