4462 6446
746 425 881 487 1019

1994 425 2074 485 IN
2083 426 2277 486 CERT
2283 428 2309 486 l
2336 418 2731 489 ~AUC’I‘ORIS

3877 424 4013 487 1020

744 538 901 593 wrtit
932 536 1193 601 Crumus,
1240 543 1296 590 et
1320 536 1507 590 animo
1541 550 1864 606 percussus,
1892 536 2120 593 exsiliit.
2159 536 2225 591 Et
2271 537 2324 591 in
2357 539 2403 600 Α
2431 538 2506 590 λό·

2271 537 2324 591 in
2357 539 2403 600 Α
2431 538 2616 605 λόγον,
2647 532 2877 604 ἐξῆλθον
2908 534 3002 588 τοῦ
3029 534 3324 606 καραὸίου.
3356 535 3465 589 Kal
3503 533 4011 600 άποκαδαλικεύσας

742 647 947 700 equum
1004 629 1115 699 jam
1154 618 1424 697 ~paratum
1486 644 1517 682 a
1567 628 1735 683 sociis
1790 637 2018 684 evectus
2079 630 2332 698 equitare

743 723 909 791 cmpit
942 738 956 775 :
989 735 1113 774 ηιοι
1147 719 1381 788 populus
1420 735 1451 773 e
1482 720 1758 775 inmnibus
1785 721 1841 774 in
1874 721 2172 775 clamorem
2203 736 2332 775 eru-

745 818 823 887 pit
856 831 872 870 :
907 816 1050 870 Crux
1085 815 1236 868 vicit.
1280 815 1403 883 ipso
1435 813 1619 883 fugam
1650 814 1969 884 arripiente,
2001 817 2196 870 annali
2228 815 2332 869 viri

745 924 810 963 ex
830 907 1168 961 domuuculis
1188 908 1413 976 egressi,
1441 916 1587 961 retro
1613 907 1840 962 insecuti
1860 916 2009 972 sunt,
2030 917 2081 962 et
2116 909 2334 965 emissis

743 1003 867 1056 telis
900 1002 1124 1054 vulnera
1148 999 1350 1055 inferre
1402 1001 1829 1055 meditabantur.
1858 999 1906 1055 Is
1931 1002 2157 1056 omnino
2183 1002 2333 1056 solus

747 1095 803 1148 in
846 1094 1147 1149 exercitum
1181 1079 1240 1147 se
1267 1092 1490 1161 recepit,
1528 1093 1617 1145 alii
1650 1102 1760 1147 tres
1814 1093 1909 1161 qui
1972 1094 2025 1147 in
2083 1094 2333 1148 navicula

746 1197 1133 1243 remanserant
1162 1186 1364 1241 detenti
1393 1193 1543 1239 sunt.
1580 1186 1879 1255 Logotheta
1906 1185 2201 1241 confestim
2232 1202 2329 1241 oc—

748 1283 898 1337 cisus
941 1291 1045 1344 est,
1097 1280 1493 1335 Constantinus
1540 1290 1719 1333 autem
1766 1291 1820 1334 et
1856 1280 1977 1359 ejus
2020 1281 2165 1335 ﬁlius
2225 1281 2334 1335 vivi

750 1376 971 1431 servati.
1014 1374 1109 1431 llis
1144 1377 1213 1429 ita
1243 1378 1433 1443 gestis,
1465 1375 1637 1428 iratus
1677 1374 1916 1428 Crumus
1955 1375 2169 1431 incendi
2204 1375 2333 1430 sub-

750 1468 999 1537 vertique
1046 1469 1224 1521 lorum
1269 1482 1485 1521 omnem
1524 1478 1743 1536 postero
1786 1469 1873 1522 die
1901 1469 2085 1534 jussit.
2118 1467 2335 1524 Posito-

750 1576 859 1628 que
897 1560 1167 1622 incendio,
1201 1569 1430 1613 cunctas
1462 1560 1726 1614 ρουιιιεὶειε
1759 1569 1911 1613 trans
1938 1561 2178 1615 civitatis
2208 1578 2335 1633 por-

754 1661 864 1704 tam
907 1652 1195 1720 prmclnras
1226 1653 1469 1721 quasvis,
1494 1655 1643 1706 etab
1678 1653 1853 1717 lrene,
1896 1652 2230 1723 Nicephoro,
2281 1664 2335 1709 et

754 1745 1021 1800 Michaclo
1089 1754 1393 1815 reparatus,
1451 1762 1661 1799 net-lion
1704 1747 2060 1811 monasteria,
2113 1748 2333 1816 palatia,

752 1838 969 1901 domos,
1034 1837 1351 1891 suburbana
1422 1837 1867 1891 combusserunt.
1939 1837 2019 1891 Ad
2088 1848 2333 1893 sanctum

2434 636 2463 687 ό
2510 632 2775 704 Κροῦμος
2808 632 3065 687 ἐκάθισεν
3111 631 3203 685 ἐπὶ
3250 632 3345 686 τοῦ
3395 632 3650 702 ἐδάφους,
3684 633 3778 687 καὶ
3807 635 3899 686 τὸν
3927 633 4015 686 ῖπο

2436 746 2538 781 πον
2572 726 2738 780 αὑτοῦ
2774 728 2998 797 ἐκράτει
3032 727 3060 779 ὁ
3113 726 3229 791 υἱδς
3260 727 3675 781 Κωνσταντίνου
3710 731 4020 796 στωμένον

2435 818 2832 889 χαλινωμένον.
2882 818 2991 871 Kal
3039 817 3440 888 διαλεγομένων
3484 818 3665 870 αὐτῶν
3692 818 3951 887 ἐποίησεν
3991 819 4021 870 ό

2436 906 2519 975 εἷς
2568 911 2751 965 αὐτῶν
2797 913 2861 964 ἐκ
2892 911 2991 980 τῆς
3027 909 3238 973 πόλεως
3285 909 3347 961 τὸ
3395 910 3643 979 σημεῖον,
3667 908 3724 973 ὂς
3746 904 3815 979 ἦν
3842 911 3870 962 ό
3902 908 4022 973 Ἐξ-

2437 1005 2698 1073 α6ούλης,
2739 1008 2805 1074 τῇ
2860 1005 3007 1075 χειρὶ
3051 1007 3150 1076 τήν
3183 1006 3428 1076 κεφαλὴν
3468 1006 3885 1069 ἁποσκεπάσας.
3923 1007 4021 1058 Ὃν

2442 1098 2565 1153 ἰδὼν
2594 1099 2623 1150 ὁ
2645 1097 2907 1169 Κρρῦμος
2940 1098 3035 1150 καὶ
3084 1097 3501 1161 σκανδαλισθεὶς
3528 1096 3894 1168 ἀνεπήδησεν,
3926 1100 4021 1152 καὶ

2443 1189 2584 1259 ἔχων
2623 1188 2845 1257 ἕτοιμον
2874 1188 2966 1241 τὸν
3007 1188 3196 1253 ἵππον,
3228 1187 3583 1256 σήκὼσαντες
3615 1187 3780 1241 αὑτὸν
3820 1189 3870 1241 οἰ
3905 1189 4021 1259 μετ’

2440 1278 2605 1334 αὐτοῦ
2666 1280 3150 1346 ἐκαῦαλλίκευσεν,
3209 1283 3302 1334 καὶ
3337 1281 3643 1349 ἀνέκραξεν
3675 1283 3702 1333 ό
3735 1280 3863 1343 λαὸς
3916 1279 4024 1333 ἀπὸ

2438 1373 2547 1425 τῶν
2574 1372 2790 1443 τειχῶν·
2824 1373 3064 1442 Σταυρὸς
3117 1374 3390 1445 ἐνίκησεν.
3456 1374 3565 1427 Kal
3613 1373 3776 1436 αὐτὸς
3820 1373 4024 1444 ἤρξατο

2441 1466 2687 1534 φεύγειν.
2747 1466 2857 1517 Kal
2908 1465 3219 1530 ἐξελθόντες
3266 1468 3316 1519 οἰ
3366 1466 3761 1536 ἐνωπλισμένοι
3805 1466 3867 1517 ἐκ
3918 1465 4024 1517 τῶν

2438 1558 2710 1628 δωμάτων
2743 1557 3080 1624 κατεδίωξαν
3110 1558 3287 1612 ὀπίσω
3322 1558 3417 1611 τοῦ
3452 1557 3735 1627 Κρούμου,
3762 1557 3854 1608 καὶ
3884 1557 4023 1608 ἀπο-

2438 1651 2702 1715 λύσαντες
2750 1651 2933 1705 αὐτῶν
2982 1652 3050 1705 τὰ
3087 1651 3235 1722 βέλη,
3268 1652 3342 1715 ὠς
3373 1650 3637 1722 ᾠήθησαν
3674 1651 3754 1703 ὅτι
3778 1649 4025 1718 ἐπλήγω-

2441 1760 2539 1796 σαν
2575 1742 2760 1796 αὐτόν.
2794 1742 2967 1806 Αὐτὸς
2995 1742 3050 1795 δὲ
3084 1741 3397 1813 μονώτατος
3433 1742 3636 1810 ἔφυγεν
3664 1742 3742 1805 εἰς
3774 1740 3862 1793 τὸν
3899 1740 4028 1792 λαὸν

2442 1832 2630 1890 αὐτοῦ.
2657 1836 2720 1888 Οἱ
2751 1834 2809 1888 δὲ
2845 1834 2995 1889 ἄλλοι
3024 1836 3174 1905 τρεῖς
3217 1832 3563 1904 ἐπιάσθησαν
3594 1833 3698 1887 ὑπὸ
3724 1831 3833 1885 τῶν
3858 1832 4027 1885 όντων

754 1925 1086 1980 Mamantem
1118 1927 1325 1996 pariter
1374 1926 1671 1995 pregressi,
1716 1927 1930 1996 palatiis
1972 1927 2172 1983 ibidem
2208 1943 2336 1983 cou-
2372 1908 2410 1962 υ
2440 1929 2498 1981 ἐν

2265 1947 2336 1983 m-
2372 1908 2410 1962 υ
2440 1929 2498 1981 ἐν
2520 1926 2597 1997 τῷ
2623 1926 2907 1998 χελανδίῳ.
2929 1927 3040 1980 Kal
3067 1929 3094 1979 ὁ
3120 1926 3219 1996 μὲν
3248 1924 3545 1995 λογοθέτης
3569 1925 3826 1996 πάραυτα
3856 1924 4027 1991 ἐσφάο

759 2020 987 2083 stitutis,
1040 2019 1387 2089 geminisque
1415 2018 1686 2074 cubiculis
1717 2019 2073 2089 subjecerunt
2131 2020 2336 2092 ignem,

754 2112 1045 2168 columnas
1094 2110 1503 2181 confregerunt,
1559 2122 1610 2166 et
1646 2112 1924 2180 plumbum
1959 2111 2120 2183 433
2154 2127 2339 2181 reper-

760 2217 875 2260 tmn
938 2216 1264 2275 rapuerunt,
1309 2205 1779 2274 animautiumque
1821 2213 2034 2260 statuas
2079 2208 2130 2257 in
2180 2203 2341 2259 Circo

757 2296 968 2365 positas
1016 2296 1259 2351 tulerunt
1304 2310 1515 2360 secum,
1550 2296 1796 2364 captivos
1830 2309 2024 2349 omnes
2068 2294 2341 2350 dederunt

758 2387 902 2451 neci,
933 2387 1318 2456 necjumentis
1352 2387 1485 2457 ipsis
1535 2397 1590 2442 et
1630 2386 1960 2441 animalibus
2021 2402 2337 2456 pepercere.

760 2480 900 2535 llinc
940 2490 1152 2551 portus,
1190 2480 1279 2536 cui
1336 2479 1485 2537 Steui
1522 2496 1743 2544 nomen,
1794 2480 1996 2543 littore.
2051 2490 2343 2551 tractuque

759 2571 1045 2641 superiore
1080 2579 1369 2641 peragrato
1424 2570 1637 2625 navalia
1685 2571 2114 2637 succenderunt,
2157 2574 2345 2628 subla-

762 2666 940 2734 tisque
986 2680 1173 2720 secum
1206 2666 1399 2734 spoliis
1443 2665 1687 2733 pluribus
1746 2666 2139 2722 discesserunt.
2202 2667 2341 2722 Tum

757 2767 1025 2826 occupata
1088 2758 1311 2812 dextera
1372 2758 1609 2813 civitatis
1683 2769 1859 2828 parte,
1939 2762 2007 2813 ad
2073 2761 2343 2816 orientem

761 2845 941 2915 ignem
977 2864 1009 2904 a
1048 2857 1205 2918 porta
1236 2847 1446 2918 Chryse
1471 2848 1535 2902 ad
1565 2847 1795 2916 Regium
1827 2865 2004 2920 usque
2049 2851 2341 2906 miserunt.

761 2941 967 3012 Athyra
994 2942 1191 2996 demde
1221 2940 1473 3010 profeCti,
1504 2950 1745 2995 castrum
1772 2941 1845 2995 ibi
1880 2952 2123 2997 erectum
2157 2943 2347 2996 demu-

764 3032 986 3086 Iitisunt
1002 3049 1014 3084 :
1030 3040 1084 3085 et
1113 3030 1433 3098 praeclarum
1463 3028 1615 3083 illum
1637 3037 1855 3098 pontem
1877 3030 2130 3097 quamvis
2146 3029 2345 3083 firmis-

762 3126 963 3178 simum
1000 3123 1339 3192 deiecerunt.
1375 3121 1681 3193 Selybriam
1710 3123 2060 3191 postmodum
2093 3119 2342 3189 profecti,

2438 2039 2532 2091 γη·
2561 2023 2974 2084 Κωνσταντῖνος
3001 2022 3057 2076 δὲ
3089 2022 3183 2075 καὶ
3216 2023 3245 2075 ό
3273 2021 3388 2084 υἱὸς
3418 2021 3583 2074 αὑτοῦ
3624 2021 3827 2086 ζῶντες
3857 2019 4018 2075 ἐπιά-

2444 2113 2674 2185 σθησαν.
2716 2114 2935 2167 Λοιπῶν
2994 2110 3087 2167 οὖν
3132 2114 3340 2168 τούτων
3389 2114 3721 2185 γενομένων,
3752 2114 4029 2185 θυμωθεὶς

2441 2205 2470 2258 ὀ
2496 2205 2757 2278 Κροῦμος
2789 2206 3075 2260 ἐκέλευσεν
3126 2206 3394 2277 ἐπαύριον
3425 2207 3731 2277 ἐμπυρίσαι
3787 2207 3881 2259 καὶ
3934 2223 4029 2258 κα-

2442 2297 2749 2367 ταστρέψαι
2786 2297 2967 2352 πάντα
2998 2297 3189 2352 τόπον.
3227 2299 3336 2353 Kal
3366 2299 3667 2369 ἀρξάμενοι
3703 2298 4029 2368 ἐμπυρίςειν

2444 2389 2795 2444 κατέκαυσαν
2830 2391 3011 2453 πάσας
3062 2392 3162 2453 τάς
3218 2391 3519 2457 ἐκκλησίας
3572 2389 3673 2454 τάς
3730 2390 4031 2459 ἀντέπεραν

2443 2475 2545 2545 τῆς
2578 2477 2787 2540 πόλεως
2837 2478 3078 2550 μεγάλας
3122 2477 3311 2543 οὔσας,
3352 2478 3419 2541 ἃς
3444 2479 3788 2533 ἀνεκαίνισεν
3822 2476 4028 2549 Εἰρήνη

2445 2568 2542 2622 καὶ
2570 2568 2885 2641 Νικηφόρος
2934 2571 3029 2624 καὶ
3068 2572 3312 2642 Μιχαήλο
3364 2572 3565 2642 ὁμοίως
3620 2572 3714 2625 καὶ
3746 2572 3814 2624 τά
3867 2588 4030 2640 μονα-

2447 2662 2668 2732 στήρια,
2702 2662 2896 2715 καὶτὰ
2933 2664 3190 2728 παλάτια,
3245 2665 3341 2717 καὶ
3391 2665 3521 2726 τοὺς
3564 2664 3771 2728 οἴκους,
3818 2666 3911 2716 καὶ
3961 2664 4030 2716 τὰ

2445 2754 2765 2824 προάστεια.
2802 2756 2912 2810 Καὶ
2958 2755 3207 2820 ἐλθόντες
3260 2759 3340 2820 εἰς
3373 2757 3464 2809 τὸν
3491 2757 3684 2825 ’Ἄγιον
3750 2756 4025 2826 Μάμαντα

2446 2848 2777 2919 ἐνεπύρισαν
2808 2849 2875 2902 τὰ
2900 2852 3078 2902 ἐκεῖσε
3117 2850 3376 2916 παλάτια,
3420 2850 3514 2903 καὶ
3545 2850 3672 2914 τοὺς
3702 2849 3795 2904 δύο
3832 2850 4029 2903 κοιτῶ-

2448 2959 2568 3002 νας,
2602 2943 2699 2995 καὶ
2748 2943 2875 3005 τοὺς
2928 2942 3116 3006 κίονας
3172 2942 3542 3007 κατέκλασαν,
3574 2945 3667 2996 καὶ
3713 2944 3838 3005 τοὺς
3867 2941 4031 3012 μολύ-

2448 3034 2607 3098 δδους
2636 3037 2873 3107 ἐπῆραν,
2926 3037 3022 3090 καὶ
3073 3037 3140 3090 τὰ
3176 3036 3344 3101 ζώδια
3371 3036 3466 3090 τοῦ
3519 3037 3902 3107 ἱπποδρομίον,
3941 3038 4036 3090 καὶ

2452 3130 2634 3180 πᾶσαν
2680 3129 2780 3197 τήν
2831 3130 3214 3199 αἰχμαλωσίαν
3264 3130 3634 3201 κατέσφαξαν,
3682 3131 3779 3184 καὶ
3836 3130 4036 3200 ὁμοίως

764 3218 830 3268 ad
858 3215 1033 3289 solum
1077 3228 1257 3284 usque
1290 3222 1538 3270 castrum
1575 3213 1778 3268 ibidem
1814 3221 2196 3268 constructum
2245 3210 2344 3265 de-
2375 3254 2419 3315 C
2453 3236 2523 3272 κα

2276 3228 2344 3315 ιυ-
2375 3254 2419 3315 C
2453 3220 2549 3272 καὶ
2576 3219 2646 3273 τά
2699 3222 2893 3292 κτήνη.
2927 3222 3039 3277 Kal
3066 3223 3371 3287 διελθόντες
3420 3226 3603 3278 πᾶσαν
3637 3224 3737 3295 τὴν
3789 3223 4038 3294 παραθα-

763 3309 1079 3373 turbarunt,
1114 3322 1216 3363 nec
1246 3322 1355 3361 non
1384 3306 1649 3361 ecclesias
1697 3305 2005 3375 domosque
2048 3304 2349 3360 succende-

766 3410 912 3456 runt.
940 3399 1072 3456 Post
1099 3400 1214 3455 hinc
1239 3408 1483 3455 castrum
1519 3398 1789 3453 Daonium
1819 3398 2250 3462 destruxerunt;
2295 3406 2350 3451 et

766 3494 1083 3550 Heracleam
1108 3492 1361 3563 profecti,
1385 3506 1509 3547 cum
1543 3506 1651 3545 non
1678 3499 1902 3561 possent
1932 3504 2225 3559 occupare,
2253 3488 2352 3543 do-

766 3604 886 3644 mos
937 3594 1169 3643 cunctas
1226 3585 1294 3640 ad
1349 3584 1499 3639 littus
1557 3584 1787 3653 positas,
1836 3580 2177 3650 aedificiaque
2229 3581 2351 3635 urbi

766 3681 947 3735 vicina
971 3678 1214 3733 flammis
1244 3683 1618 3733 vastaverunt.
1692 3673 1790 3729 llis
1830 3674 2174 3743 perpetratis,
2227 3672 2351 3727 Rm-

766 3772 985 3827 destum
1022 3777 1321 3833 venerunt,
1356 3776 1409 3822 et
1444 3777 1690 3822 castrum
1721 3766 1864 3820 istud
1899 3765 2167 3825 demoliti,
2211 3779 2349 3820 con-

769 3867 963 3921 fertam
994 3863 1205 3934 plebem
1233 3861 1609 3918 internecione
1633 3858 1952 3915 deleverunt
1984 3875 1998 3911 :
2034 3872 2270 3928 cumque
2298 3858 2350 3911 in

767 3958 1045 4014 civitatem
1067 3971 1179 4011 non
1221 3955 1642 4018 invalescerent,
1668 3966 1861 4023 sparso
1891 3951 2068 4006 ubivis
2098 3950 2352 4006 incendio

767 4051 1067 4108 intulerunt
1080 4049 1410 4106 vastitatem.
1424 4044 1558 4102 Inde
1574 4048 1776 4115 Aprum
1792 4060 2005 4108 versus,
2025 4044 2170 4113 quod
2187 4044 2352 4099 etiam

766 4154 1009 4201 castrum
1022 4151 1128 4205 est.
1152 4141 1604 4205 direxeruutiter,
1617 4153 1792 4208 eoque
1807 4133 2000 4194 everso
2022 4148 2076 4191 et
2106 4137 2350 4203 incenso,

768 4248 832 4294 ut
880 4238 1002 4292 aliis
1055 4235 1305 4306 pluribus
1357 4233 1576 4296 castris,
1638 4229 1850 4285 dierum
1916 4231 2103 4285 decem
2158 4226 2361 4283 itinere

769 4332 1113 4387 diverterunt
1143 4328 1273 4383 inde
1301 4326 1367 4382 ad
1398 4326 1536 4382 Gani
1580 4336 1815 4389 montes,
1850 4325 1904 4378 in
1935 4324 2134 4394 quibus
2160 4322 2355 4377 delite-

769 4435 1013 4482 scentem
1044 4421 1383 4493 plebeculam
1413 4419 1706 4491 plurimam
1760 4418 2100 4488 reperientes
2129 4427 2184 4471 et
2234 4416 2373 4489 an_i—_

770 4517 937 4571 malia
976 4512 1228 4570 Thracia:
1258 4511 1430 4566 ferme
1466 4517 1686 4573 cuncta,
1724 4507 1979 4562 homines
2018 4516 2072 4561 et
2104 4507 2354 4576 jumenta

2456 3311 2683 3365 λασσίαν
2712 3312 2807 3366 τοῦ
2838 3312 3033 3367 Στενοῦ
3056 3316 3151 3368 καὶ
3181 3315 3279 3386 τὴν
3324 3316 3457 3383 ἄνω,
3492 3318 3667 3370 πάντα
3695 3317 3762 3369 τά
3797 3316 4040 3387 ἐμπόρια

2458 3404 2840 3457 κατέκαυσανο
2890 3406 2983 3460 καὶ
3036 3405 3274 3476 ἄραντες
3322 3407 3496 3461 σκῦλα
3552 3407 3753 3472 πολλὰ,
3811 3409 4034 3479 ᾤχοντο.

2459 3494 2570 3548 Kal
2621 3496 2920 3559 πιάσαντες
2979 3496 3041 3550 τὸ
3100 3495 3275 3562 δεξιόν
3312 3498 3477 3570 μέρος
3508 3499 3603 3569 τῆς
3654 3499 3863 3564 πόλεως
3904 3500 4038 3570 πρὸς

2458 3586 2750 3651 ἀνατολὰς,
2778 3588 3132 3643 κατέκαυσαν
3176 3591 3238 3642 τὸ
3282 3588 3483 3654 ἔξωθεν
3516 3592 3616 3661 τῆς
3646 3592 3869 3663 Χρυσῆς
3908 3594 4042 3663 πόρ-

2459 3695 2585 3748 της,
2613 3678 2720 3742 ἕως
2742 3678 2836 3731 τοῦ
2872 3679 3117 3749 Ῥηγίουο
3166 3680 3263 3734 καὶ
3298 3680 3544 3746 ἐλθόντες
3587 3684 3667 3745 εἰς
3700 3682 3791 3735 τὸν
3838 3682 4042 3755 Ἀθύρα

2460 3770 2842 3840 κατέστρεψαν
2880 3771 2943 3825 τὸ
2973 3774 3155 3825 ἐκεῖσε
3204 3775 3467 3843 κάστρον,
3505 3775 3602 3828 καὶ
3643 3776 3744 3846 τήν
3774 3761 4046 3846 γέφυραν,

2463 3862 2765 3934 παράξενον
2808 3864 2977 3918 οὖσαν
3028 3864 3125 3917 καὶ
3184 3865 3324 3918 πάνυ
3388 3864 3463 3935 (9)
3524 3866 3898 3936 ὀχυρωτάτην.
3936 3866 4045 3919 Kal

2460 3955 2707 4019 ἐλθόντες
2750 3957 2832 4019 εἰς
2878 3953 3175 4027 Σιλυόρίαν
3210 3954 3392 4028 [Σηλ]
3425 3957 3807 4026 κατέστρεψαν
3858 3956 3918 4010 τὸ
3948 3957 4046 4009 αὖ-

2460 4047 2576 4101 τόθι
2607 4050 2853 4120 κάστρον.
2877 4050 2984 4114 ’ἐως
3032 4050 3128 4104 τοῦ
3170 4050 3425 4119 ἐδάςρους,
3460 4051 3554 4104 καὶ
3599 4049 3697 4113 τὰς
3728 4047 4046 4117 ἐκκλησίας,

2463 4139 2719 4201 καὶτοὺς
2764 4138 2952 4203 οἴκους
3005 4142 3378 4193 κατέκαυσαν*
3420 4141 3516 4193 καὶ
3571 4140 3709 4210 μετὰ
3768 4139 3931 4192 τοῦτο
3988 4140 4048 4191 τὸ

2462 4230 2653 4284 Δαόνιν
2683 4232 2922 4302 κάστρον
2952 4234 3199 4304 ὑπάρχον
3226 4232 3625 4302 κατέστρεψαν.
3664 4234 3773 4286 Καὶ
3804 4232 4051 4295 ἐλθόντες

2463 4325 2541 4387 εἰς
2570 4324 2673 4392 τήν
2716 4323 2873 4377 πόλιν
2916 4325 3271 4396 Ἡρακλείας,
3311 4325 3389 4396 μή
3427 4325 3717 4395 δυνάμενοι
3746 4328 3825 4389 εἰς
3882 4326 4050 4393 αὐτὴν

2462 4415 2749 4481 εἰσελθεῖν,
2780 4417 3113 4487 ἐνεπύρισαν
3161 4418 3342 4471 πάντα
3376 4418 3443 4471 τά
3487 4418 3767 4487 οἰκήματα
3807 4418 3873 4469 τὰ
3920 4417 4049 4469 ἰἄντα

2464 4509 2547 4570 εἰς
2601 4507 2695 4561 τὸν
2750 4508 2969 4579 λιμένα,
3008 4510 3105 4563 καλ.
3148 4510 3217 4563 τὰ
3247 4509 3413 4580 πέριξ
3460 4510 3561 4580 τῆς
3616 4509 3786 4577 αὐτῆς
3819 4509 4048 4571 πόλεως.

771 4611 1058 4667 innumera
1108 4606 1555 4677 jugulaverunt:
1611 4608 1825 4672 partem
1890 4614 2024 4655 vero
2086 4599 2353 4670 reliquam
2388 4618 2433 4674 ο
2465 4601 2533 4653 Ka

2288 4615 2353 4653 un
2388 4618 2433 4674 ο
2465 4601 2575 4654 Kal
2596 4601 2736 4672 μετὰ
2762 4600 2921 4656 τοῦτο
2950 4603 3200 4666 ἐλθόντες
3227 4604 3308 4667 εἰς
3334 4602 3646 4657 Ῥαίδεστον
3670 4600 4050 4672 κατέστρεψαν

770 4718 899 4761 cum
942 4702 1236 4757 mulierum
1264 4710 1676 4770 puerorumque
1710 4694 2066 4749 multitudine
2117 4693 2174 4747 in
2228 4693 2395 4770 Bul-o

742 4795 986 4869 igariam
1032 4768 1463 4866 deportaverunt
1503 4789 1797 4860 captivam.
1853 4787 1983 4842 Inde
2025 4768 2363 4842 transierunt

771 4890 839 4943 ad
872 4886 1228 4950 Examilium,
1280 4892 1335 4939 et
1362 4881 1614 4952 Abydum
1663 4893 1882 4949 usque:
1912 4892 2247 4948 rursumque
2293 4876 2362 4933 ad

772 4980 999 5037 Eurium
1026 4977 1260 5049 regressi
1292 4985 1349 5032 et
1383 4974 1724 5045 superiorem
1755 4972 2033 5044 regionem
2061 5012 2077 5036 ,
2130 4980 2363 5029 cunctas

773 5076 937 5132 urbes
961 5089 992 5129 a
1016 5073 1247 5129 minima
1281 5069 1349 5125 ad
1374 5068 1671 5123 maximam
1705 5066 2118 5137 Adrianopolim
2184 5080 2361 5135 usque

773 5170 1188 5225 destruxerunt.
1226 5148 1642 5233 Adrianopolim
1692 5174 1857 5230 porro
1901 5159 2169 5215 munitam
2206 5173 2358 5229 repe-

772 5261 977 5317 rientes
1025 5239 1365 5315 obsederunt
1402 5273 1416 5309 :
1450 5269 1617 5325 quam
1669 5268 1796 5309 cum
1866 5267 2186 5322 expugnare
2246 5267 2360 5306 non

775 5361 1029 5425 possent,
1098 5350 1399 5421 protractis
1454 5346 1762 5405 obsidionis
1821 5343 2019 5407 diebus
2072 5345 2360 5399 machinas

776 5449 1194 5509 instruxerunt,
1249 5453 1307 5499 et
1361 5451 1605 5499 castrum
1671 5446 2144 5509 Oppugnaverunt.
2204 5438 2363 5493 Cives

776 5540 938 5594 malis
985 5537 1284 5603 coarctati,
1344 5550 1449 5606 ope
1493 5534 1765 5600 destituti,
1800 5542 1856 5587 et
1882 5531 2029 5587 fame
2072 5540 2368 5601 pereuntes

776 5632 1031 5689 hostibus
1058 5631 1239 5689 fecere
1266 5628 1620 5687 deditionem.
1646 5625 1865 5700 Bulgari
1902 5624 2135 5695 captivis
2165 5623 2233 5679 ad
2266 5638 2369 5677 nu-

2460 4699 2555 4751 καὶ
2578 4697 2740 4751 τοῦτο
2769 4698 2828 4751 τὺ
2875 4698 3138 4769 κάστρον,
3181 4699 3592 4771 ἐμπυρίσαντες
3645 4698 3825 4752 πάντα
3864 4698 3933 4749 τά
3990 4696 4049 4747 ἐν

2461 4790 2608 4861 αὐτῇ
2632 4790 2912 4861 οἰκήματα
2943 4790 3039 4844 καὶ
3092 4790 3192 4855 τὰς
3228 4790 3529 4860 ἐκκλησίας
3549 4830 3562 4854 ,
3598 4787 4051 4857 κατασφάξαντες

2461 4881 2652 4936 αὐτόθι
2681 4882 2812 4937 λαὸν
2849 4881 3039 4937 πολύν.
3069 4884 3180 4936 Kal
3218 4881 3387 4953 μηδὲν
3429 4881 3753 4951 ἰσχύσαντες
3782 4881 3863 4943 εἰς
3897 4878 4047 4943 αὐτὸ,

2460 4976 2530 5029 τά
2571 4975 2679 5041 ἐξω
2710 4976 2891 5031 πάντα
2923 4976 3353 5047 ἐμπυρίσαντες,
3406 4975 3500 5027 καὶ
3548 4971 4050 5043 καταστρέψαντες,

2464 5067 2702 5139 ἀνῆλθον
2733 5070 2812 5134 εἰς
2846 5069 2939 5123 τδν
2972 5071 3189 5140 Ἀπρον
3212 5109 3226 5131 ,
3276 5070 3517 5140 κάστρον
3546 5066 3608 5119 δν
3643 5068 3737 5119 καὶ
3772 5064 3922 5118 αὑτό’
3961 5066 4055 5117 καὶ

2464 5160 2952 5232 καταστρέψαντες
3006 5162 3101 5215 καὶ
3159 5161 3320 5215 τοῦτο
3366 5161 3463 5213 καὶ
3497 5159 3927 5230 ἐμπνρίσαντες,
3962 5159 4055 5210 καὶ

2462 5254 2629 5324 ἔτερα
2651 5253 2881 5307 πλεῖστα
2913 5256 3153 5326 κάστρα,
3188 5253 3462 5324 κατῆλθον
3492 5253 3701 5305 ἐκεῖθεν
3730 5251 3799 5304 δι’
3830 5250 4057 5322 ἡμερῶν

2465 5346 2624 5412 δέκα,
2660 5348 2757 5402 xal
2786 5346 3041 5419 εἰσῆλθον
3087 5350 3169 5411 εἰς
3203 5346 3273 5400 τά
3312 5346 3414 5418 όρη
3464 5346 3559 5399 τοῦ
3607 5345 3801 5399 Γάνον·
3844 5347 3936 5397 καὶ
3966 5344 4056 5395 εὖ-

2472 5441 2659 5511 ρόντες
2709 5444 2829 5495 ἐκεῖ
2868 5441 2998 5494 λαὸν
3051 5441 3221 5495 πολὺν
3271 5439 3678 5511 κρυπτόμενον,
3717 5439 3814 5491 καὶ
3868 5437 4055 5505 σχεδξνι

2474 5533 2654 5587 πάντα
2690 5532 2763 5586 τὰ
2797 5534 2973 5605 κτήνη
3002 5534 3102 5604 τῆς
3127 5532 3376 5605 Θρᾴκης,
3409 5528 3764 5597 κατέσφαξαν
3798 5528 3925 5590 τοὺς
3963 5528 4058 5579 άν-

2473 5625 2730 5697 θρώπους
2757 5627 2853 5680 καὶ
2876 5626 2945 5681 τὰ
2973 5628 3145 5699 κτήνη
3171 5626 3300 5680 ὅντα
3329 5626 3410 5689 εἰς
3437 5623 3643 5694 πλήθη,
3675 5615 4057 5691 αἰχμαλωτεό-

1970 5739 2219 5797 FRANC.
2255 5740 2644 5800 COMBEFISII
2669 5744 2902 5803 NOTAE.

852 5844 930 5913 (9)
958 5843 1031 5895 Τὸ
1052 5839 1214 5897 πάνυ
1238 5841 1371 5895 nihil
1405 5850 1489 5897 est
1515 5856 1610 5895 cur
1646 5838 1947 5895 redundare
1974 5838 2353 5894 existimetur:
2393 5852 2490 5893 nec
2523 5840 2668 5896 enim
2700 5855 2925 5907 novum,
2996 5849 3052 5893 ut
3123 5847 3168 5893 ct
3226 5834 3573 5908 superlativis
3612 5832 3868 5889 adverbia
3930 5834 4045 5902 Qu.-

780 5916 923 5975 tnodi
968 5913 1355 5985 adiunguntur.
