4462 6446
458 418 591 483 1025

1644 414 1819 476 VITA
1858 411 2135 473 LEONIS
2172 412 2494 485 ARMENI.

3586 405 3724 473 1026

452 528 599 593 στοῦ,
632 529 782 592 ὅστις
820 528 883 582 ἐκ
906 526 1158 587 παιδόθεν
1193 525 1423 597 δαίμονα
1450 519 1596 597 εἶχεν
1643 526 1895 587 ἀτάκτως
1934 541 2030 592 φε-
2064 530 2110 580 Δ
2138 537 2214 579 cm

1963 541 2030 576 ιε-
2064 530 2110 580 Δ
2138 525 2420 581 consortio
2441 523 2707 594 privatus,
2742 535 2904 593 quem
2931 517 3163 591 llylilam
3192 516 3472 583 dicebant,
3500 515 3725 587 quique.

451 625 697 694 ρόμενος,
721 622 922 689 διάγων
954 622 1013 674 ἐν
1046 621 1330 691 ἀσυνεσίᾳ,
1363 620 1547 672 ὅντινα
1576 618 1795 672 Ὑλιλᾶν
1819 617 2030 672 ἐπωνό-

453 717 642 788 μαζον,
679 714 755 779 ὦς
789 715 935 778 τινές
997 732 1162 785 φασιν
1185 755 1223 779 ,η
1258 714 1696 784 ἑρμηνευόμενον
1756 711 2040 781 Ἐϐραϊστὶ

448 809 664 878 λέγεται
708 806 1045 878 πρόδρομος
1085 807 1178 860 καὶ
1237 804 1539 873 συνεργὸς
1578 803 1685 859 τοῦ
1729 803 2036 857 διαϐόλου.

451 902 650 955 Τοῦτον
702 899 1097 968 ἐπιλαϐόμενος
1150 897 1326 962 Λέων,
1369 896 1466 962 καὶ
1520 894 2035 966 ἀνακοινωσάμενος

447 992 598 1064 αὐτῷ
626 994 725 1063 τὴν
772 990 967 1045 ἑαυτοῦ
1002 989 1199 1061 βουλὴν
1248 988 1624 1061 προσελάϐετο
1652 987 1817 1041 αὑτὸν
1848 1003 2041 1055 συνερ-

447 1086 541 1155 γδν
572 1085 761 1151 αὐτοῦ,
799 1085 997 1153 λέγων,
1039 1085 1120 1137 ὅτι
1164 1082 1289 1137 Ἐἀν
1319 1082 1636 1156 συνδράμῃς
1666 1098 1757 1152 μοι
1786 1080 2040 1136 καθελεῖν

446 1179 545 1242 τὰς
575 1178 811 1240 εἰκόνας,
840 1176 1193 1246 πατριάρχην
1220 1192 1281 1227 σε
1313 1173 1473 1228 ποιῶ.
1506 1168 1619 1227 Keil.
1645 1174 1877 1244 αἰτήσας
1903 1173 2038 1244 παρ’

448 1271 614 1325 αὐτοῦ
646 1268 897 1335 ἐξουσίαν
918 1266 1013 1321 τοῦ
1044 1267 1368 1337 ψηλαφῆσαι
1393 1266 1463 1320 τά
1483 1265 1800 1337 ἁπανταχοῦ
1834 1265 2041 1319 παλαιά

451 1361 651 1431 βιϐλία,
680 1360 824 1429 ἅπερ
877 1359 1201 1413 ἀπόκεινται
1238 1362 1318 1423 εἰς
1348 1358 1416 1412 τὰ
1450 1360 1794 1430 μοναοτήρια
1820 1358 1916 1413 καὶ
1959 1359 2040 1421 είς

447 1453 548 1516 τὰς
603 1451 923 1522 ἐκκλησίας,
978 1452 1267 1523 ἐπετράπη
1318 1454 1459 1523 μετά
1510 1454 1607 1507 καί¹
1647 1453 1825 1515 ἄλλων
1875 1453 2039 1506 τινῶν

447 1547 701 1602 ἀτάκτων
736 1546 827 1599 καὶ
851 1544 1212 1600 ἀπαιδεύτων.
1239 1546 1347 1599 Καὶ
1382 1544 1445 1613 δὴ
1468 1546 1872 1613 συναγαγόντες
1904 1546 2040 1616 πλή-

450 1637 518 1708 θη
551 1637 721 1692 πολλά
756 1637 998 1706 βιϐλίων,
1023 1637 1307 1691 ἐποιοῦντο
1352 1639 1409 1691 ἐν
1440 1638 1626 1700 αὐτοῖς
1654 1637 1755 1709 τὴν
1787 1637 2038 1707 ἔρευναν,

451 1730 592 1800 πλὴν
619 1732 770 1785 οὐδὲν
789 1730 1044 1802 εὕρισκον
1064 1734 1112 1785 οἰ
1139 1732 1373 1802 ἄφρονες
1404 1725 1591 1801 ὧνπερ
1613 1732 1769 1786 αὐτοὶ
1795 1730 2039 1803 κακούρ-

452 1841 561 1892 γως
590 1824 914 1895 ἐπεζήτουν,
950 1825 1057 1886 ἓως
1084 1816 1145 1877 οὗ
1178 1826 1318 1894 μετά
1356 1827 1547 1897 χεῖρας
1582 1825 1778 1879 ἔλαϐον
1798 1825 1878 1895 τῷ
1910 1842 2037 1879 συν-

449 1914 613 1985 οδικῷ
649 1914 732 1987 [τὸ
783 1914 1087 1987 συνοδικὸν]
1154 1916 1574 1971 Κωνσταντίνου
1626 1916 1722 1971 τοῦ
1765 1916 2033 1987 Ἰσαύρου,

450 2006 545 2060 τοῦ
576 2007 671 2060 καί⁵
701 2007 1043 2061 Καϐαλλίνου
1078 2006 1188 2079 (12)
1211 2049 1224 2073 ,
1268 2009 1363 2062 καὶ
1392 2010 1457 2061 ἐκ
1509 2008 1702 2063 τούτου
1739 2010 1840 2073 τὰς
1866 2009 2040 2080 ἀρχὰς

448 2097 726 2165 λαϐόντες,
751 2101 985 2171 ἧρξαντο
1012 2102 1107 2153 καὶ
1136 2103 1194 2154 ἐν
1220 2104 1333 2161 τοῖς
1381 2101 1611 2173 βιϐλίοις
1640 2102 1919 2173 εὑρίσκειν
1943 2103 2040 2167 τὰς

450 2190 697 2263 χρήσεις,
722 2189 903 2260 ἇσπερ
927 2191 1081 2243 αὐτοί
1111 2190 1365 2261 ἀφρόνως
1404 2191 1499 2245 καὶ
1532 2190 1775 2263 ἀνοήτως
1802 2191 2039 2263 προέφεο

454 2298 566 2355 ρον,
593 2283 833 2353 σημάδια
861 2282 1150 2353 βάλλοντες
1197 2285 1278 2347 εἰς
1309 2285 1435 2346 τοὺς
1458 2285 1681 2349 τόπους,
1714 2285 1844 2339 ἔνθα
1879 2286 2042 2357 ηὕρι-

451 2388 602 2435 σκον,
658 2371 974 2442 βουλόμενοι
1024 2376 1211 2427 πεῖσαι
1256 2373 1348 2426 τὸν
1384 2373 1597 2446 ἄφρονα
1630 2374 1760 2429 λαὸν
1782 2418 1795 2441 ,
1833 2377 1916 2430 ὅτι
1954 2378 2042 2431 Ἐν

449 2464 699 2528 παλαιοῖς
728 2464 953 2534 βιϐλίοις
977 2464 1214 2536 εὕρομεν
1240 2465 1333 2518 τοῦ
1370 2464 1444 2537 μὴ
1468 2467 1899 2536 προσκυνεῖσθαι
1941 2471 2042 2532 τάς

449 2554 686 2617 εἰκόνας.
716 2555 825 2607 Καὶ
854 2555 1043 2608 λοιπὸν
1085 2554 1417 2625 ζητούντων,
1446 2557 1543 2610 καί⁹
1571 2556 1795 2629 ὕστερον
1826 2558 2042 2629 ἔχοντες

449 2645 786 2714 χειροτονίαν
810 2645 945 2713 (l5),
968 2647 1271 2699 ἐπίσκοπον
1297 2638 1456 2717 εὖρον
1487 2649 1903 2703 Κωνσταντῖνον
1926 2650 2042 2711 υἱὸν

449 2737 825 2808 πρεσϐυτέρου
872 2738 1017 2800 τινὸς
1044 2736 1407 2808 τζαγγαρίου,
1448 2740 1541 2792 καὶ
1588 2742 1903 2812 Κασυματᾶ
1940 2762 2043 2814 μα-

450 2828 615 2882 θόντα
645 2830 745 2899 τὴν
772 2830 1173 2900 γραμματικὴν
1226 2830 1364 2900 (14),
1398 2831 1496 2883 καί
1542 2832 1776 2903 γέροντα
1815 2836 2042 2905 νομικὸν

450 2922 531 2983 εἰς
594 2922 692 2985 τὰς
754 2922 1026 2992 Φορακίου
1059 2923 1152 2975 καὶ
1207 2923 1496 2990 διδάξαντα
1547 2925 1756 2989 παιδία,
1822 2928 1917 2981 καὶ
1970 2929 2041 2981 δι’

451 3013 775 3083 ἐγκλήματά
805 3030 929 3068 τινα
959 3015 1199 3083 φυγόντα
1244 3017 1301 3067 ἐν
1346 3020 1721 3089 μοναστηρίῳ,
1781 3020 1875 3073 καὶ
1906 3022 2043 3075 ἀπο-

448 3105 777 3174 κειρόμενον
811 3106 1056 3177 αἰσχρῶς
1094 3107 1192 3160 καὶ
1239 3108 1690 3180 ἐπονομασθέντα
1734 3111 2042 3178 Ἀντώνιον,

2144 626 2207 673 ut
2252 617 2344 672 alii
2387 615 2603 681 ferunt,
2662 614 2931 679 llehraice
2989 612 3237 667 redditur
3289 626 3612 679 prwcursor,
3676 616 3730 662 et

2141 711 2340 764 diaboli
2365 710 2605 781 adjutor.
2638 708 2805 781 5.36
2854 706 2991 762 lluic
3026 706 3131 765 sibi
3173 714 3481 775 assumpto,
3513 711 3569 757 et
3598 717 3730 757 con-

2143 807 2395 862 siliorum
2429 820 2656 860 suorum
2690 802 2942 874 participi
2981 800 3129 857 facto
3156 809 3211 855 et
3250 798 3595 868 cooperatori
3645 796 3730 851 in-

2144 902 2336 956 stituto
2363 900 2497 955 dicit
2533 900 2645 955 Leo
2675 915 2690 954 '.
2728 896 2786 953 Si
2821 896 3071 952 delendis
3104 893 3443 966 imaginibus
3492 892 3730 947 auxilia-

2142 1008 2258 1048 rem
2290 1008 2518 1047 manum
2543 990 2862 1062 praebueris,
2888 989 3261 1059 patriarcham
3295 997 3346 1041 te
3379 986 3730 1041 renuntiabo.

2142 1084 2239 1141 Ille
2261 1085 2612 1139 visendorum
2648 1083 3014 1153 undequaquc
3040 1089 3285 1136 veterum
3317 1080 3586 1134 librorum
3630 1094 3728 1147 per

2144 1176 2477 1232 monasteria
2497 1184 2551 1239 et
2572 1175 2834 1231 ecclesias
2853 1173 3222 1244 repositorum
3249 1171 3511 1228 facultate
3539 1170 3730 1239 petita,

2145 1284 2270 1325 cum
2307 1269 2430 1323 aliis
2455 1268 2787 1339 quibusdam
2815 1271 3015 1335 mentis
3048 1266 3426 1334 incompositae
3470 1274 3524 1319 et
3567 1265 3729 1318 illite—

2142 1364 2280 1419 ratis
2305 1364 2619 1427 comitibus,
2650 1361 2797 1432 quod
2829 1362 3082 1431 petierat,
3116 1359 3460 1429 impetravit.
3487 1358 3728 1412 Collecta

2144 1456 2331 1525 itaque
2374 1456 2639 1510 librorum
2681 1455 2950 1509 immensa
2994 1452 3371 1518 multitudine,
3405 1465 3633 1506 examen
3664 1450 3732 1504 de

2143 1548 2252 1605 illis
2277 1548 2633 1603 habuerunt:
2678 1562 2870 1603 verum
2912 1561 3103 1601 eorum
3154 1560 3278 1615 quae
3328 1544 3579 1615 nequiter
3629 1558 3729 1597 ex-

2144 1644 2451 1715 quisierant
2485 1641 2622 1696 nihil
2677 1641 2898 1712 penitus
2956 1637 3331 1709 imprudentes
3387 1644 3730 1706 repererunt,

2148 1738 2319 1800 donec
2366 1737 2419 1791 in
2468 1750 2668 1793 manus
2715 1734 2868 1788 venit
2920 1731 3163 1803 synodus
3220 1729 3322 1790 sub
3368 1728 3732 1784 Constantino

2146 1831 2333 1887 Isauro
2361 1838 2417 1884 et
2446 1828 2727 1885 Caballino
2764 1826 2973 1891 habita,
3029 1840 3097 1880 ex
3150 1838 3256 1893 qua
3300 1821 3595 1885 occasione
3641 1836 3734 1877 ac-

2142 1933 2297 1995 cepta
2338 1929 2627 1992 coeperunt
2657 1921 2711 1974 in
2737 1920 2900 1977 libris
2920 1918 3275 1974 auctoritates
3300 1896 3566 1979 invenire,
3590 1930 3731 1985 quas

2143 2016 2342 2088 synodi
2386 2024 2643 2070 auctores
2683 2012 3060 2082 imprudenter
3091 2018 3146 2065 et
3180 2008 3502 2077 insipienter
3529 2008 3731 2077 depro-

2145 2109 2385 2164 mehant.
2424 2107 2628 2162 Deinde
2658 2105 2831 2175 signis
2885 2104 2953 2158 ad
3006 2102 3126 2157 loca
3188 2109 3404 2171 reperta
3440 2099 3729 2169 appositis,

2144 2201 2451 2271 simplicem
2490 2200 2705 2254 turbam
2732 2198 2994 2254 seducere
3023 2196 3197 2253 moliti
3249 2204 3399 2259 sunt,
3439 2195 3686 2251 dicentes
3715 2214 3728 2248 :

2143 2294 2223 2350 Ex
2253 2294 2527 2350 veteribus
2556 2292 2715 2347 libris
2752 2306 2861 2345 non
2916 2291 3227 2346 adorandas
3259 2290 3528 2359 imagines
3573 2305 3730 2359 repe-

2140 2386 2339 2447 rimus.
2415 2383 2680 2439 Examine
2748 2381 3098 2454 postmodum
3175 2381 3398 2446 habito,
3460 2382 3506 2436 si
3566 2374 3728 2451 quem

2144 2477 2433 2534 ordinibus
2498 2477 2825 2546 insignitum
2894 2488 3064 2546 penes
3121 2489 3180 2530 se
3256 2473 3725 2535 nanciscerentur,

2144 2571 2464 2641 episcopum
2530 2575 2857 2636 repererunt
2908 2567 3206 2638 quemdam
3277 2565 3726 2629 Constantinum,

2146 2666 2454 2739 presbyteri
2506 2665 2735 2722 artificis
2781 2666 2992 2721 sutoris
3042 2664 3241 2729 tilium,
3298 2672 3354 2720 et
3391 2664 3726 2719 Cazimatam

2146 2760 2526 2830 grammatica:
2579 2759 2976 2830 professorem,
3017 2769 3070 2813 et
3116 2757 3490 2829 legisperitum
3540 2772 3733 2828 quem-

2145 2852 2271 2907 dam
2301 2851 2371 2907 ad
2412 2850 2666 2907 Phoracii
2697 2852 2842 2907 aedes
2868 2851 3234 2906 diversantem
3266 2849 3747 2920 ludimagistrnm,’

2146 2943 2241 3014 qui
2266 2943 2560 2999 criminum
2592 2944 2696 2999 sibi
2742 2942 3089 3011 obiectorum
3142 2956 3361 3012 poenam
3414 2940 3630 3011 fugiens
3674 2935 3729 2994 in

2147 3037 2550 3093 monasterium
2600 3037 2925 3101 diverterat,
2973 3046 3027 3091 et
3078 3036 3344 3091 detonsus
3381 3051 3582 3091 nomen
3638 3050 3730 3090 as-

2149 3142 2461 3201 sumpserat
2513 3130 2741 3185 Antonii
2796 3139 2852 3185 et
2906 3131 3167 3199 deinceps
3221 3129 3276 3184 in
3331 3129 3727 3183 monasterium

450 3198 745 3292 Ts‘idps-vdv
774 3214 834 3250 τε
900 3196 1057 3292 αὖθι-ς
1093 3200 1400 3292 ἡγούμενον
1446 3204 1526 3265 εἰς
1558 3203 1620 3255 τὸ
1676 3206 2042 3276 μοναστήριον
2070 3223 2117 3287 C
2149 3221 2212 3276 Μ,

1968 3224 2042 3259 ιον
2070 3223 2117 3287 C
2149 3196 2625 3292 Metropolitanum
2664 3221 2881 3276 nomine
2909 3196 3239 3290 praepositus
3289 3219 3466 3275 fuerat
3510 3220 3730 3274 institu-

449 3286 510 3338 τδ
536 3284 825 3355 λεγόμενον
880 3288 947 3339 τὰ
981 3289 1435 3358 Μητροπολιτῶν.
1476 3293 1789 3361 Μυθολόγος
1828 3313 1914 3361 τις
1957 3296 2036 3369 [δέ

451 3372 641 3449 τις
673 3378 856 3445 γέλοια
900 3379 1132 3446 ἀγαπῶν
1164 3382 1271 3459 καὶ.
1309 3383 1613 3450 παιγνίδια,
1648 3387 1742 3438 καὶ
1790 3388 1919 3450 τοὺς
1951 3377 2049 3442 ὑπ’

451 3469 613 3522 αὐτοῦ
645 3472 913 3540 μοναχοὺς
936 3472 1089 3536 νέους
1117 3473 1279 3536 ὄντας
1302 3473 1476 3527 ταῦτα
1510 3479 1685 3529 ποιεῖν
1720 3478 2049 3547 ὑποτιθέμε-

453 3578 559 3622 νος.
594 3561 702 3613 Καὶ
744 3561 931 3625 ἁπλῶς
962 3564 1157 3627 εἰπεῖν,
1204 3566 1447 3636 αἰσχρῶς
1496 3568 1592 3621 καί
1621 3570 1877 3640 άσέμνως
1932 3574 2043 3644 βιο-

452 3653 676 3717 τεύσας,
716 3654 816 3706 οὐκ
869 3651 965 3707 οἶδ’
1014 3656 1162 3718 ὅπως
1203 3655 1429 3728 ὕστερον
1475 3661 1539 3713 ἐκ
1592 3666 2047 3735 παραχωρήσεως

452 3746 589 3800 Θεοῦ
622 3748 839 3815 ἐγένετο
882 3750 979 3802 καὶ
1008 3751 1308 3814 ἐπίσκοπος
1345 3754 1426 3817 εἰς
1455 3754 1515 3807 τὸ
1548 3755 1795 3811 Συλαῖον.
1839 3758 1913 3812 Τὸ
1947 3759 2047 3830 μὲν

454 3838 672 3907 πρῶτον
699 3841 763 3892 ἐκ
788 3839 1039 3893 παιδόθεν
1069 3841 1349 3911 όρθόδοξος
1372 3843 1471 3909 ὣν,
1508 3844 1736 3917 ὕστερον
1762 3848 1818 3902 δὲ
1840 3849 1927 3904 διὰ
1948 3851 2048 3924 τὴν

452 3929 609 3993 δόξαν
638 3930 736 3999 τὴν
762 3932 1116 4002 πρόσκαιρον,
1150 3936 1243 3987 καὶ
1263 3934 1325 3987 τὸ
1356 3936 1499 4005 ἔχειν
1524 3940 1839 4011 παρρησίαν
1867 3943 2047 4014 εἰσέρ-

455 4021 644 4089 χεσθαι
675 4024 757 4085 εἰς
810 4022 880 4075 τὰ
916 4022 1186 4092 βασίλεια,
1244 4027 1340 4078 καὶ
1384 4030 1862 4099 παρρησιάζεσθαι
1900 4035 2042 4103 μετά

454 4111 563 4165 τῶν
589 4114 958 4182 κρατούντων,
992 4116 1289 4171 ἐπελάϐετο
1315 4119 1415 4187 τὴν
1444 4120 1681 4190 αἵρεσιν.
1709 4124 1914 4179 Τοῦτον
1941 4145 2044 4181 κα-

453 4210 868 4279 ταμηνύσαντες
900 4209 1036 4277 πρὸς
1064 4209 1271 4263 Λέοντα
1304 4209 1395 4263 τὸν
1444 4210 1689 4280 βασιλέα,
1717 4216 1745 4269 ὃ
1784 4234 1843 4270 τε
1860 4219 2043 4273 Ἰωάν-

455 4314 572 4367 νης,
601 4301 629 4350 ό
654 4298 1138 4367 ἐπίκληνὙλιλᾶς,
1168 4300 1229 4353 δν
1255 4301 1485 4356 ἐκάλουν
1508 4305 1920 4377 Γραμματικὺν,
1951 4314 2043 4366 καὶ

454 4390 504 4442 οἰ
532 4391 630 4443 σὺν
656 4390 825 4460 αὐτῷ,
859 4390 987 4445 ὄντα
1016 4392 1076 4444 τὸ
1101 4394 1403 4461 τηνικαῦτα
1438 4396 1496 4449 ἐν
1521 4398 1601 4469 τῷ
1631 4400 1860 4474 Συλαίῳ,
1903 4407 2044 4477 πέμ-

454 4480 562 4551 ψας
597 4484 805 4552 ἤγαγεν
834 4486 1017 4539 αὐτόν.
1050 4487 1158 4539 Καὶ
1204 4487 1373 4540 εἰπὼν
1408 4490 1560 4560 αὐτῷ
1586 4492 1677 4545 τὸν
1709 4498 1912 4552 σκοπὸν
1945 4501 2044 4554 αὖ-

456 4573 575 4637 τοῦ,
606 4574 681 4645 μὴ
725 4575 864 4645 ἔχων
909 4579 1128 4647 καρπὸν
1189 4584 1562 4650 πνευματικὸν
1596 4585 1654 4637 ἐν
1707 4588 1905 4659 ἐαυτῷ,
1946 4594 2042 4646 καὶ

457 4663 687 4729 ἀγαπῶν
735 4667 834 4736 τὴν
890 4669 1226 4740 πρόσκαιρον
1287 4673 1470 4740 δόξαν,
1508 4681 1903 4750 καταπατήσας
1937 4685 2039 4755 τῂν

459 4756 654 4809 ἑαυτοῦ
682 4760 1006 4832 συνείδησιν,
1035 4765 1131 4816 καὶ
1158 4765 1430 4836 ἀθετήσας
1452 4769 1543 4822 τὸν
1571 4773 1804 4842 σταυρὸν
1835 4776 1929 4828 καὶ
1943 4778 2043 4848 τὴν

459 4849 796 4920 ἐπιγραφὴν,
849 4852 916 4922 ἢν
942 4854 1218 4923 ἐποίησεν,
1266 4859 1512 4932 ἐστράφη
1547 4863 1629 4925 εἰς
1683 4865 1744 4917 τὸ
1796 4867 2042 4922 ἐναντίον

460 4940 648 5011 μέρος.
698 4942 1031 5014 Ἐρωτηθεὶς
1065 4947 1174 5019 γὰρ
1207 4950 1313 5003 ὑπὸ
1364 4952 1461 5006 τοῦ
1496 4955 1725 5021 Λέοντος
1754 4960 1802 5011 εἰ
1840 4962 2041 5031 γέγρα-

460 5049 591 5086 πται
616 5037 1042 5101 προσκυνεῖσθαι
1065 5042 1163 5103 τὰς
1191 5042 1427 5110 εἰκόνας,
1458 5046 1560 5099 οὐκ
1592 5048 1864 5122 ἀπεκρίθη
1890 5053 2038 5125 αὺτῷ

457 5125 527 5179 τὰ
547 5126 737 5181 δέοντα
767 5129 986 5198 ῥήματα
1005 5130 1104 5200 τῆς
1128 5132 1404 5202 ἀληθείας,
1429 5138 1545 5192 ἀλλ’
1575 5134 1728 5196 εἶπεν
1747 5158 1762 5174 ο
1794 5145 1907 5198 Οὐκ
1928 5147 2043 5200 ἔστι

2155 3322 2244 3367 tus
2281 3331 2293 3366 :
2330 3311 2496 3366 homo
2520 3311 2770 3379 equidem
2813 3309 3016 3371 fabulis
3052 3308 3325 3375 addictus,
3378 3309 3525 3365 risus
3560 3318 3615 3364 et
3646 3309 3731 3363 lu-

2153 3404 2348 3458 dorum
2407 3412 2673 3467 sectator,
2726 3402 2821 3472 qui
2876 3402 3167 3460 monachis
3224 3402 3343 3458 suis
3394 3401 3628 3457 subditis
3676 3410 3731 3456 et

2148 3496 2377 3569 juvenili
2416 3507 2575 3555 aetate
2601 3495 2783 3551 adhuc
2831 3496 3095 3561 detentis,
3129 3495 3243 3551 haec
3284 3495 3475 3550 eadem
3530 3494 3729 3550 sectari

2152 3590 2516 3661 suggerebat;
2562 3590 2735 3644 verbo
2786 3589 2988 3652 dicam,
3040 3597 3256 3658 turpem
3291 3597 3347 3643 et
3382 3589 3727 3647 inhonestam

2152 3684 2321 3738 vitam
2373 3683 2581 3737 ducens
2618 3699 2632 3735 :
2676 3697 2783 3751 qua
2822 3683 3035 3737 ratione
3074 3680 3427 3751 postmodum
3468 3679 3558 3734 Dei
3608 3695 3731 3750 per-

2152 3774 2320 3828 missu
2347 3772 2524 3827 factus
2549 3771 2714 3827 fuerit
2744 3772 3037 3842 episcopus
3061 3770 3245 3841 Sylaei,
3270 3772 3489 3840 penitus
3512 3771 3726 3841 ignoro.

2150 3864 2373 3921 Rectam
2408 3876 2556 3921 certe
2591 3865 2748 3921 fidem
2782 3880 2812 3918 a
2840 3880 3010 3935 puero
3042 3865 3273 3920 edoctus
3295 3872 3433 3925 erat,
3462 3864 3723 3931 deinceps

2150 3965 2331 4013 autem
2363 3972 2430 4013 ex
2465 3972 2618 4013 vanae
2648 3957 2836 4024 gloriae
2867 3956 3117 4019 libidine,
3148 3963 3204 4010 et
3244 3955 3513 4011 libertatis
3549 3955 3602 4010 in
3640 3971 3728 4011 re-

2149 4051 2298 4123 gium
2330 4050 2672 4121 ingrediendi
2712 4050 2995 4120 captandas
3020 4064 3208 4115 causa,
3252 4056 3307 4103 et
3340 4059 3402 4103 ut
3432 4048 3721 4119 imperato.-

2148 4158 2270 4197 rum
2302 4144 2531 4211 gratiam
2578 4141 2765 4208 iniret,
2800 4140 3057 4197 haeresim
3094 4139 3381 4210 amplexus
3413 4149 3519 4197 est.
3572 4140 3729 4196 Hunc

2147 4250 2272 4290 cum
2314 4232 2482 4295 Leoni
2524 4232 2838 4303 imperatori
2896 4243 3087 4288 notum
3142 4232 3426 4298 fecissent,
3466 4241 3520 4287 et
3565 4230 3726 4302 Sylaej

2149 4325 2397 4381 habitare
2424 4325 2853 4389 renuntiassent,
2898 4322 3142 4380 Joannes
3176 4331 3546 4394 cognomento
3582 4322 3729 4394 Hyli;

2146 4418 2250 4487 las,
2282 4432 2445 4488 quem
2499 4416 2943 4472 Grammaticum
2998 4416 3277 4482 dicebant,
3332 4424 3386 4471 et
3444 4415 3729 4480 sententiae

2148 4509 2392 4579 ejusdem
2435 4507 2688 4569 comites,
2722 4506 2853 4570 Leo,
2899 4507 3069 4562 misso
3104 4507 3320 4570 nuntio,
3358 4506 3575 4561 vocavit
3617 4507 3720 4561 ho-

2150 4602 2353 4655 minem
2391 4620 2403 4653 :
2437 4608 2492 4654 et
2527 4600 2726 4653 exinde
2777 4598 2980 4653 mentis
3027 4599 3355 4654 sententiam
3396 4598 3444 4653 ei
3490 4598 3726 4674 aperuit,

2142 4708 2266 4747 cum
2301 4692 2509 4745 nullum
2548 4691 2786 4744 fructum
2808 4690 3155 4759 spiritualem
3181 4689 3235 4743 in
3269 4689 3450 4759 seipso
3472 4689 3722 4753 haberet,

2141 4784 2235 4839 sed
2268 4798 2467 4837 vanam
2500 4790 2713 4835 tantum
2763 4788 3072 4834 sectaretur
3099 4779 3354 4848 gloriam,
3406 4778 3726 4833 conculcata

2150 4876 2507 4948 projectaque
2605 4872 2944 4927 conscientia
2979 4911 2993 4935 ,
3051 4877 3474 4940 contemptaque
3541 4884 3723 4925 cruce.

2141 4984 2305 5040 quam
2331 4968 2384 5021 in
2418 4966 2882 5035 subscriptionem
2916 4963 3185 5025 exaravit,
3210 4963 3264 5017 in
3304 4972 3513 5033 partem
3551 4961 3692 5016 dccli

2149 5043 2299 5114 navit
2327 5059 2681 5113 contrariam.
2718 5055 3092 5125 Interrogatus
3121 5055 3267 5110 enim
3300 5069 3329 5109 a
3376 5052 3562 5110 Leone
3592 5070 3720 5109 num

2157 5150 2461 5207 adorandas
2502 5148 2765 5219 imagines
2799 5148 3083 5227 scriptum
3143 5146 3352 5217 legerit,
3388 5145 3523 5201 nihil
3574 5146 3720 5216 quod

1656 5276 1903 5337 FRANC.
1936 5282 2324 5340 COMBEFISII
2364 5280 2595 5338 NOTIE.

533 5377 644 5447 (12)
700 5377 859 5453 Fecit
898 5380 1097 5436 Leonis
1146 5382 1259 5438 haec
1298 5385 1601 5453 diligentia,
1650 5401 1710 5446 ut
1758 5403 1810 5447 et
1845 5394 2033 5452 Patres

455 5447 810 5530 Constantini
848 5449 1005 5504 istam
1039 5447 1514 5530 pseudosyjnodum
1552 5447 1805 5517 accurate
1828 5447 2030 5520 refota:

461 5522 639 5598 verint
671 5535 684 5570 :
720 5534 841 5585 qua:
869 5534 1057 5598 eorum
1088 5522 1367 5598 refutatio,
1398 5543 1491 5584 seu
1531 5531 1715 5598 potius
1765 5533 1819 5589 S.
1871 5533 2029 5591 Nice-

463 5588 619 5710 phori
650 5602 839 5641 eorum
880 5593 1101 5645 nomine
1153 5588 1425 5652 luculenta
1458 5588 1638 5655 exstat
1661 5602 1713 5657 in
1741 5620 1850 5658 uno
1900 5588 2024 5661 cod.

484 5658 652 5710 lenio.
691 5673 947 5710 perquam
978 5662 1137 5710 digna
1177 5664 1318 5710 luce-

484 5658 652 5723 legio,
691 5673 947 5726 perquam
978 5662 1137 5729 digna
1177 5664 1318 5719 luce.

2206 5397 2318 5467 (14)
2347 5396 2457 5465 Ego
2482 5396 2563 5451 sic
2588 5394 2834 5467 reddam,
2859 5394 2963 5460 Qui
2988 5391 3318 5467 Casymatha
3341 5390 3717 5467 Indimngjstro

2131 5461 2539 5538 grammaticam
2554 5466 2850 5538 didicisset,
2864 5479 3117 5538 senesque
3128 5463 3460 5532 legisperitus
3475 5464 3543 5515 ad
3558 5461 3721 5528 Spha-

2132 5536 2266 5591 racii
2295 5539 2455 5595 ardes.
2482 5539 2559 5599 εἰς
2582 5536 2910 5605 Σφορακίου,
2943 5536 3236 5605 diversatus
3263 5540 3413 5605 esset,
3445 5549 3507 5605 ac
3531 5547 3717 5605 pueros

2128 5609 2413 5663 docuisset.
2449 5601 2647 5676 Liquet
2685 5601 2827 5659 enim
2878 5620 3046 5659 unum
3105 5604 3194 5676 hic
3223 5602 3492 5676 designari
3536 5601 3712 5676 Sylaei,

2133 5680 2248 5732 sive
2280 5672 2601 5745 Pergeuscm
2633 5676 2945 5744 episcopum
2975 5675 3293 5745 Antonium,
3338 5672 3428 5745 qui
3458 5673 3713 5745 omnibus

535 5729 995 5817 Ξητοὲντων
1050 5732 1144 5784 καὶ
1183 5734 1390 5817 ’ἕτερον
1439 5738 1637 5817 ἔχοντα
1691 5745 2026 5817 χειροτονίαν
2136 5729 2297 5817 liis—gi

1951 5745 2026 5800 ἴαν
2136 5729 2680 5817 liis—gradihusneam'
2726 5746 2797 5799 sit
2821 5729 3056 5813 ladeptus
3088 5729 3329 5817 sedem,_
3357 5729 3713 5817 haeresimquc

459 5798 1073 5887 ιτέςκεντοῖεμδὲερςεηε
1096 5803 1221 5887 βοά·
1259 5798 1393 5875 ίιίεοο
1429 5798 1568 5865 Dim
1597 5821 1656 5869 ιε
1691 5798 1859 5871 διίίυη
1884 5798 1896 5800 ἡ
1917 5798 2027 5887 ἀβε-

464 5870 663 5939 κοραιὶ
694 5869 878 5925 ordine
905 5870 1190 5942 fulgentem
1225 5869 1493 5945 quarum,

2137 5811 2619 5873 icorfomacliorum
2640 5811 2983 5884 promoverit,
3011 5831 3116 5871 non
3142 5823 3251 5869 tres
3280 5814 3544 5879 diversos,
3567 5811 3710 5883 quod

2138 5897 2335 5946 sonant
2363 5889 2528 5947 verba
2576 5887 2901 5956 interpretis.
