4462 6446
464 398 602 466 1029

462 606 765 678 μονώτατος
790 604 1028 675 λαλήσας
1054 603 1310 673 ἐποίησεν
1334 602 1551 656 σύνοδον
1593 604 2040 675 συγκροτηθῆναι

456 698 522 750 δι’
556 700 756 752 αὐτόν·
811 701 905 748 καὶ
943 696 1163 748 πάντων
1197 694 1708 762 σκανδαλιζομένων
1754 696 1885 764 περὶ
1938 696 2040 765 τῆς

460 787 713 848 πίστεως,
748 786 894 847 τίνος
927 785 1113 836 ’ἐνεκεν
1136 785 1293 854 ὑμεῖς
1324 784 1386 837 οὐ
1412 783 1667 853 βούλεσθε
1694 785 2042 855 διαλεχθῆναι

459 882 555 934 καὶ
580 878 687 948 πλη
696 879 997 949 ροφορῆσαι
1039 878 1269 941 πάντας,
1296 878 1379 931 ὅτι
1401 878 1575 940 καλῶς
1609 879 2040 949 προσκυνοῦνται

461 972 517 1023 αἱ
550 970 787 1035 εἰκόνεςς
841 968 952 1021 Καὶ
979 968 1367 1035 ἑξουδενὼσας,
1401 971 1497 1021 καὶ
1525 969 2041 1041 ὲπαπειλησάμενος

460 1062 657 1125 αὐτοὺς
687 1060 979 1125 ἀπέλυσεν,
1008 1060 1198 1130 μείνας
1223 1063 1605 1131 κατασυρίζων
1628 1062 1725 1131 τῆς
1755 1062 1922 1133 ὀρθῆς
1954 1065 2041 1115 πί-

463 1170 657 1217 στεως,
684 1153 908 1222 ποιῆσαι
943 1151 1266 1222 βουλόμενος
1296 1153 1433 1221 ὅπερ
1467 1154 1683 1225 ἤθελεν.
1716 1154 1779 1210 Οἱ
1818 1156 1875 1209 δὲ
1904 1158 2040 1208 ἀπο-

462 1245 710 1308 λυθέντες
732 1244 1037 1313 συνείχοντο
1062 1244 1209 1316 λύπῃ
1236 1246 1327 1298 καὶ
1352 1244 1577 1315 ἀθυμίᾳ,
1607 1246 2039 1315 ἀπαγγείλαντες

460 1339 537 1406 τῷ
568 1339 885 1409 πατριάρχῃ
937 1340 1119 1401 πᾶσαν
1151 1337 1248 1407 τὴν
1291 1336 1486 1408 βουλὴν
1518 1338 1682 1392 αὑτοῦ
1732 1342 1831 1410 τὴν
1871 1359 2037 1410 πονη-

463 1431 580 1499 ράν.
620 1432 729 1484 Καὶ
772 1429 957 1483 λοιπὸν
1015 1428 1375 1499 συναχθέντες
1422 1428 1622 1493 πάντες
1670 1433 1719 1484 οί
1769 1431 2038 1500 ὀρθόδοξοι

460 1522 711 1592 κληρικοί
738 1539 795 1575 τε
856 1523 950 1574 καὶ
982 1522 1230 1591 μοναχοὶ,
1260 1521 1357 1575 καὶ
1384 1522 1585 1588 λαῖκοὶ,
1617 1524 1879 1595 ἐποίησαν
1903 1543 2038 1581 παν-

458 1614 646 1682 νυχίδα
674 1612 942 1673 ὀλονυκτὶ,
982 1614 1436 1683 παρακαλοῦντες
1484 1614 1576 1668 τὸν
1607 1615 1741 1669 Θεὸν
1793 1617 1876 1671 ἴνα
1920 1619 2037 1671 δια-

461 1704 691 1773 σκεδάσῃ
720 1703 817 1774 τὴν
846 1701 1042 1772 βουλὴν
1076 1703 1266 1756 αὑτοῦ.
1298 1704 1403 1757 Τοῦ
1434 1705 1491 1758 δὲ
1520 1708 1856 1777 πατριάρχου
1878 1708 2039 1761 τοῦτο

458 1794 782 1863 πράξαντος,
834 1794 971 1863 ὅπερ
1002 1792 1189 1862 μαθὼν
1224 1796 1253 1847 ὁ
1307 1793 1604 1866 ἀλητήριος
1638 1797 1786 1868 δηλοί
1820 1800 1912 1851 τὸν
1938 1800 2037 1871 ἀρ-

457 1886 675 1955 χιερὲα’
738 1884 803 1937 Τί
836 1883 997 1937 τοῦτο
1028 1886 1289 1955 ἐποίησας
1317 1901 1331 1951 ;
1362 1885 1534 1949 Αὐτὸς
1569 1888 1625 1943 δὲ
1654 1883 1838 1941 εἶπεν·
1873 1890 2037 1943 Οὐδὲν

457 1976 625 2028 κακὸν
655 1976 992 2046 ἐποιήσαμεν
1018 1993 1031 2007 ·
1075 1977 1168 2029 τὸν
1217 1976 1351 2030 Θεὸν
1383 1976 1765 2050 ίκετεύσαμεν,
1812 1979 1897 2033 ἵνα
1940 1982 2036 2053 τήν

469 2067 796 2140 Ἐκκλησίαν
847 2068 1146 2124 ἀσάλευτον
1194 2069 1427 2142 φυλάξῃ,
1481 2072 1530 2124 εί
1560 2070 1855 2141 ερἀρεστον
1887 2074 2036 2145 αὐτῷ

453 2161 622 2213 ἐστιν.
655 2158 838 2213 Ταῦτα
884 2160 940 2213 δὲ
973 2161 1216 2224 ἀκούσας
1271 2161 1433 2217 πλέον
1462 2163 1717 2233 ἐμαίνετο
1760 2165 1902 2219 κατά
1934 2165 2035 2235 τῆς

454 2250 731 2319 ἀληθείας.
768 2249 925 2321 Εἴχεν
952 2252 1009 2313 δὲ
1055 2253 1145 2305 καί
1174 2270 1327 2317 τινας
1358 2254 1576 2318 ἀσεϐεῖς
1614 2254 1812 2326 ἄνδρας
1843 2274 2034 2327 συνερ-

452 2344 682 2411 γοῦντας
745 2344 914 2415 αὐτῷ,
973 2346 1041 2398 δι’
1097 2340 1171 2399 ὦν
1228 2347 1481 2409 καὶτοὺς
1532 2347 1716 2411 δόλους
1775 2349 2033 2414 κρυπτῶς

453 2423 782 2491 ἐξέκταιῦεν.
801 2440 909 2491 Καὶ
937 2438 1426 2508 παρασκευάζειδι“
1448 2439 1648 2502 αὐτοὺς
1669 2440 1793 2503 τοὺς
1812 2436 2029 2506 ἀσεϐεῖς

453 2530 791 2600 στρατιώτας
822 2531 915 2584 τοῦ
947 2532 1163 2585 λιθάσαι
1188 2532 1285 2602 τὴν
1310 2534 1497 2585 εἰκόνα
1538 2531 1635 2585 τοῦ
1663 2533 1900 2603 Χριστοῦ
1932 2536 2031 2603 τὴν

451 2616 618 2673 οὖσαν
653 2623 710 2673 ἐν
736 2625 800 2691 τῇ
830 2621 1261 2691 Χαλκεπωνύμῳ
1299 2622 1443 2693 πύλῃ
1474 2620 1567 2674 τοῦ
1598 2621 1880 2674 παλατίου.
1919 2621 2030 2673 Καὶ

450 2710 634 2763 λοιπὸν
656 2712 888 2781 ἤρξαντο
923 2712 1139 2780 βάλλειν
1170 2713 1312 2765 κατὰ
1340 2714 1437 2783 τῆς
1461 2714 1665 2776 εἰκόνος
1707 2712 1909 2776 λίθους,
1937 2712 2030 2763 καὶ

452 2802 615 2870 πηλὰ,
653 2804 901 2869 λέγοντες
956 2806 1178 2875 ῥήματα
1208 2805 1387 2872 πάσης
1415 2805 1730 2875 ἀφροσύνης
1765 2805 1859 2856 καὶ
1902 2804 2030 2856 ἀσε-

452 2890 603 2953 ϐείας
635 2894 827 2961 μεστὰ.
864 2894 994 2963 ᾅδην
1050 2894 1452 2956 ἀποκαλοῦντες
1482 2894 1577 2946 καὶ
1621 2892 1885 2955 διάϐολον,
1934 2891 2027 2943 καὶ

450 2982 584 3035 ἄλλα
612 2985 751 3047 τινὰ,
787 2983 821 3036 ἀ
854 2985 927 3053 μὴ
964 2985 1119 3054 θέμις
1148 2988 1229 3047 εἰς
1256 2984 1419 3053 μέσον
1442 2985 1691 3052 ἀγαγεῖν.
1723 2983 1828 3036 Καί
1861 3000 2027 3053 φησιν

450 3076 478 3127 6
509 3074 765 3144 τύραννος
801 3078 934 3147 πρὸς
967 3078 1060 3129 τὸν
1088 3078 1215 3129 λαόν
1241 3093 1256 3108 ⁸
1286 3072 1388 3139 τΛς
1446 3077 1849 3145 καταϐάσωμεν
1878 3077 2026 3128 ἐκεῖ·

451 3163 546 3219 θεν
576 3165 673 3237 τὴν
705 3170 910 3231 εἰκόνα,
957 3169 1043 3220 ἵνα
1081 3167 1155 3239 μὴ
1190 3171 1216 3221 6
1257 3168 1485 3238 στρατὸς
1516 3166 1759 3237 ἀτιμάζῃ
1817 3166 2021 3236 αὐτήν·

455 3259 790 3328 μιμούμενος
828 3262 885 3314 ἐν
923 3261 1096 3330 τούτῳ
1121 3262 1326 3315 Λέοντα
1354 3264 1446 3314 τὸν
1482 3262 1757 3331 Ἴσαυρον,
1792 3259 1868 3322 ὡς
1897 3258 2021 3329 βου-

450 3350 671 3416 λόμενος
700 3351 824 3413 τοὺς
845 3350 1067 3418 χρόνους
1090 3351 1254 3404 αὐτοῦ
1292 3351 1624 3420 βασιλεῦσαι.
1674 3350 1888 3419 Ἐπειδὴ
1917 3351 2024 3419 γὰρ

447 3442 756 3510 ἐγέγραπτο
791 3443 977 3494 ἐπάνω
997 3443 1091 3511 τῆς
1126 3445 1355 3506 εἰκόνος,
1387 3446 1469 3497 ὄτι
1509 3446 1622 3496 “llr
1641 3443 1880 3497 καθεῖλε
1909 3443 2024 3494 πά-

443 3534 545 3584 λαι
598 3534 764 3587 Λέων
797 3538 829 3587 ό
890 3534 1228 3601 δεσπόζων,
1281 3537 1540 3590 ἐνταῦθα
1589 3536 2023 3603 ἀνεστήλωσεν

444 3621 688 3688 Εἰρήνη.
728 3616 895 3685 Οὗτος
926 3623 1035 3694 γὰρ
1074 3626 1102 3676 6
1138 3624 1290 3677 Λέων
1320 3626 1491 3696 αὐτὴν
1514 3626 1754 3688 καθεῖλε,
1780 3625 1901 3677 ἐπεὶ
1928 3625 2021 3691 ἀφ’

439 3707 565 3780 eiii;
618 3713 769 3774 πόλις
802 3713 1047 3783 ἐκτίσθη,
1085 3716 1290 3787 atith
1348 3716 1511 3769 εἰκὼν
1559 3711 1649 3788 ἦν.
1702 3715 1812 3769 Καὶ
1860 3715 2019 3769 τοῦτο

444 3802 673 3870 ποιήσας
708 3802 907 3856 ἔδωκεν
941 3806 1255 3876 παρρησίαν
1290 3811 1415 3872 τοὺς
1446 3807 1603 3881 [τοῖς]
1643 3811 1736 3861 τοῦ
1766 3808 2016 3861 διαϐόλου

1650 392 1826 453 VITA
1869 391 2146 455 LEONIS
2177 392 2494 453 ΑΒΜΕΝῘ.

460 534 561 571 στα
583 514 639 567 δὲ
672 513 769 567 καὶ
808 510 884 583 μὴ
924 508 1302 580 πειθομένους.
1358 510 1466 569 Καί
1502 527 1689 579 φασινθ
1727 510 1787 565 '0
1823 513 2042 583 ’Ἄρειος
2071 515 2116 571 Α
2149 518 2220 564 tat

1046 508 1302 580 ιομένους.
1358 510 1466 569 Καί
1502 527 1689 579 φασινθ
1727 510 1787 565 '0
1823 513 2042 583 ’Ἄρειος
2071 515 2116 571 Α
2149 518 2328 565 tamen
2398 509 2577 579 colligi
2634 509 2808 581 coegit

3589 393 3724 457 1030

2857 527 2869 563 :
2912 524 3055 565 nunc
3122 527 3250 567 vero
3298 527 3423 568 cum
3476 517 3721 572 omnium

2145 603 2313 657 animi
2354 604 2499 657 circa
2537 603 2695 657 ﬁdem
2722 603 3094 669 infunduntur,
3120 606 3278 674 cujus
3303 622 3470 662 causa
3499 623 3597 662 vos
3621 611 3725 662 dis-

2144 693 2499 748 sertationem
2544 694 2843 749 habendam
2883 695 3218 759 detrectatis,
3270 706 3325 751 et
3358 713 3517 767 aequo
3571 698 3721 752 cultu

2143 783 2399 840 colendas
2439 784 2705 855 imagines
2743 786 2923 854 palam
2950 800 3137 840 coram
3163 788 3419 843 omnibus
3442 789 3722 844 declarare

2143 875 2416 930 renuitis?
2453 875 2584 929 Eam
2618 876 2689 930 ob
2722 891 2833 929 rem
2865 876 2970 931 illis
3019 878 3370 946 contemptis,
3404 880 3559 947 plura
3612 879 3722 934 Leo

2142 971 2403 1036 minatus,
2437 970 2725 1024 discedere
2773 968 3075 1038 imperavit,
3109 979 3162 1024 et
3192 972 3459 1027 adversus
3515 984 3718 1028 rectam

2144 1062 2301 1117 ﬁdem
2334 1062 2628 1117 exsibilare
2655 1076 3028 1130 perseverans,
3065 1080 3186 1134 quae
3208 1065 3393 1119 animo
3436 1068 3721 1136 concepis-

2143 1163 2247 1216 set,
2294 1154 2524 1223 exsequi
2592 1154 2936 1209 moliebatur.
2992 1154 3074 1209 Illi
3130 1158 3340 1212 dimissi
3392 1174 3630 1214 mmrore
3668 1172 3720 1215 et

2144 1245 2363 1301 tristitia
2388 1245 2805 1309 detinebantur,
2836 1261 3071 1316 nequam
3100 1247 3223 1317 ejus
3245 1264 3406 1305 omne
3424 1254 3716 1307 consilium

2149 1338 2475 1407 patriarcha:
2529 1339 2936 1393 renuntiantes.
3000 1340 3357 1395 Postmodum
3423 1346 3717 1399 orthodoxi

2146 1428 2325 1482 cuncti
2358 1429 2562 1495 clerici,
2594 1432 2848 1486 monachi
2873 1441 2927 1485 et
2961 1431 3082 1486 laici
3139 1433 3352 1504 vigilias
3401 1450 3497 1505 per
3546 1448 3713 1491 totam

2140 1529 2357 1573 noctem
2398 1521 2726 1587 habuerunt,
2781 1530 2837 1576 ut
2872 1522 3014 1578 Deus
3035 1540 3224 1579 eorum
3273 1528 3563 1583 consilium
3600 1531 3716 1584 dis-

2141 1611 2364 1680 siparet,
2419 1614 2797 1684 deprecantes.
2863 1614 2987 1673 ﬂare
3039 1618 3109 1673 ita
3159 1621 3270 1688 geri
3328 1637 3355 1675 a
3405 1624 3716 1693 patriarcha

2140 1702 2357 1760 discens
2393 1706 2582 1761 infelix
2616 1708 2931 1777 imperator,
2973 1711 3251 1780 significat
3285 1714 3529 1781 pontiﬁci
3574 1734 3587 1768 ι
3622 1714 3716 1770 Ut-

2140 1795 2268 1864 quid
2304 1799 2406 1853 hoc
2437 1798 2598 1866 agis?
2628 1796 2940 1868 Respondet
2971 1801 3058 1853 ille
3089 1818 3101 1853 :
3132 1800 3276 1854 Nihil
3308 1801 3432 1856 mali
3458 1800 3712 1864 fecimus.

2072 1868 2112 1925 Β
2139 1884 2308 1941 Deum
2335 1896 2544 1942 tantum
2565 1892 2897 1961 rogavimus.
2930 1902 2989 1945 ut
3019 1891 3317 1949 Ecclesiam
3343 1912 3524 1959 suam,
3555 1900 3716 1951 modo

2140 1979 2239 2049 ipsi
2272 1979 2504 2052 placeat,
2546 1983 2996 2050 imperturbatam
3030 1996 3341 2042 conservet.
3374 1989 3470 2045 llis
3508 1991 3713 2045 auditis

2136 2072 2401 2129 adversus
2454 2077 2741 2131 veritatem
2800 2079 2973 2148 magis
3029 2096 3092 2136 ac
3145 2085 3319 2151 magis
3378 2084 3709 2142 insaniebat.

2136 2164 2374 2220 Aderant
2406 2183 2572 2237 porro
2603 2169 2854 2225 homines
2892 2172 3065 2242 impii,
3107 2190 3340 2245 quorum
3377 2193 3541 2247 opera
3569 2178 3709 2233 clam

2134 2258 2287 2314 dolos
2316 2260 2555 2325 texebat,
2587 2263 2682 2331 qui
2714 2264 2910 2333 emptis
2948 2264 3225 2332 favebant,
3257 2278 3311 2323 et
3363 2284 3552 2324 eorum
3609 2286 3712 2340 ope

2134 2353 2335 2405 milites
2360 2354 2724 2423 irreligiosos,
2755 2357 2847 2425 qui
2872 2357 3075 2413 Christi
3106 2360 3397 2433 imaginem
3426 2363 3492 2417 ad
3525 2364 3710 2434 palatii

2132 2456 2367 2512 portam,
2402 2446 2485 2499 eui
2518 2448 2768 2513 Chalces,
2810 2450 2924 2504 sive
2956 2450 3136 2507 Airea:
3175 2470 3392 2521 nomen,
3442 2458 3712 2525 lapidibus

2135 2536 2449 2601 tundet-ent,
2476 2550 2630 2608 parat
2653 2552 2706 2595 et
2742 2543 2988 2613 impellit.
3026 2546 3325 2615 Coeperunt
3354 2552 3541 2618 itaque
3571 2551 3711 2621 lapi-

2132 2627 2307 2681 chct
2360 2630 2531 2684 lutum
2587 2634 2639 2686 in
2694 2637 2985 2705 imaginem
3032 2641 3266 2705 mittere,
3324 2642 3485 2696 verba
3544 2646 3708 2699 totius

2131 2720 2372 2773 stultitia:
2405 2721 2809 2794 impietatisque
2830 2729 2983 2795 plena
3018 2731 3377 2799 proferentes,
3410 2746 3462 2788 et
3516 2751 3703 2791 orcum

2129 2809 2537 2879 diabolnmque,
2572 2823 2625 2867 et
2651 2815 2754 2868 alia
2791 2819 2968 2885 plura,
3018 2837 3138 2888 qua:
3179 2823 3229 2875 iu
3292 2825 3527 2877 medium
3583 2841 3679 2895 pro

2128 2901 2325 2955 ducere
2347 2904 2497 2958 nefas
2525 2917 2625 2965 est,
2650 2912 3090 2975 pronuntiantes.
3133 2912 3422 2982 Tyrannus
3447 2919 3702 2986 populum

2129 2992 2545 3057 allocutus,ait:
2581 2995 2876 3067 Imaginem
2912 3001 3036 3055 inde
3071 3004 3432 3073 iii-ponamus,
3474 3024 3539 3062 ne
3565 3008 3705 3065 forte

2129 3083 2325 3139 milites
2356 3100 2476 3140 eam
2511 3087 2910 3154 dehonestent;
2951 3092 3003 3146 in
3038 3094 3139 3147 llnt‘,
3174 3093 3409 3150 Leonem
3447 3098 3693 3154 lsaurum

2129 3173 2393 3239 imitatus,
2426 3189 2480 3233 et
2527 3183 2764 3249 :equales
2816 3183 3030 3253 imperii
3081 3186 3203 3253 ejus
3256 3205 3429 3243 annos
3478 3191 3706 3248 studens

2128 3270 2417 3337 consequi.
2466 3272 2545 3325 Ad
2597 3283 2759 3342 caput
2788 3276 2930 3329 enim
2978 3277 3227 3346 imaginis
3264 3280 3541 3350 legebatur
3568 3287 3705 3340 scri-

2129 3366 2323 3425 ptum:
2360 3360 2532 3423 Quam
2562 3364 2802 3433 deposuit
2848 3371 3113 3434 quondam
3178 3370 3283 3425 Leo
3345 3377 3700 3445 principatum

2126 3457 2419 3512 assecutus,
2446 3451 2547 3505 huc
2577 3457 2804 3509 restituit
2841 3456 3014 3512 Irene.
3052 3459 3200 3515 Illum
3229 3466 3430 3535 quippe
3468 3468 3577 3523 Leo
3602 3470 3699 3523 de-

2126 3552 2401 3606 posuerat,
2431 3554 2483 3597 et
2516 3547 2583 3599 ab
2616 3548 2733 3617 ipso
2769 3551 2917 3606 urbis
2952 3556 3173 3609 conditu
3208 3558 3278 3611 ibi
3311 3561 3492 3631 imago
3520 3561 3700 3619 fuerat

2126 3632 2382 3697 reposita.
2423 3633 2533 3690 Hoc
2564 3648 2783 3706 peracto
2822 3644 3021 3699 diaboli
3052 3650 3381 3715 auxiliariis,
3434 3654 3696 3722 AntOnio,

2128 3718 2373 3787 inquam,
2409 3738 2463 3780 et
2489 3727 2710 3792 Joanni,
2766 3744 2819 3787 et
2854 3735 3156 3793 facinorum
3211 3744 3397 3809 sociis,
3434 3718 3696 3816 quidquid

2125 3820 2465 3880 perpetrandi
2504 3819 2817 3879 facultatem
2850 3831 3115 3897 permisit.

445 3899 737 3964 συνεργοὺς
768 3898 1122 3972 [συνεργοῖς],
1154 3902 1296 3969 λέγω
1324 3904 1385 3973 δὴ
1430 3904 1709 3956 ’Λντώνιον
1737 3899 2089 3975 ι’ΛντωνίῳΊ,
2148 3908 2241 3957 καὶ
2278 3909 2528 3985 Ἰωάννην
2551 3916 2853 3994 [ἸωάννῃῙ.
2883 3925 3123 3989 καὶτοὺς
3155 3926 3310 4001 [τοῖς]
3345 3931 3463 4001 μετ’
3494 3934 3696 3991 αὐτῶν.

508 3992 616 4045 Καὶ
671 3993 854 4053 λοιπὸν
888 3997 1093 4052 τούτων
1142 3998 1451 4067 γενομένων
1482 4003 1779 4070 συνήγοντο
1812 4002 2013 4059 πάντες

436 4086 483 4134 οἱ
540 4086 843 4151 ἐπίσκοποι,
891 4090 984 4141 καὶ
1018 4090 1067 4141 οἱ
1127 4093 1352 4161 μοναχοὶ
1390 4095 1469 4157 είς
1497 4095 1557 4147 τὸ
1600 4099 2010 4166 πατριαρχείον,

437 4175 532 4225 καὶ
583 4177 947 4242 ἀνεγίνωσκον
1000 4180 1175 4245 πάσας
1216 4184 1314 4247 τὰς
1339 4186 1566 4256 χρήσεις
1587 4188 1696 4239 τῶν
1729 4190 2008 4260 Πατέρων,

436 4262 613 4331 ἇσπερ
645 4268 691 4317 οἱ
733 4269 963 4321 ἐναντίοι
999 4272 1315 4341 κακούργως
1351 4276 1444 4326 καὶ
1499 4276 1727 4345 ἀμαθῶς
1776 4280 2012 4347 προέφε-

440 4369 552 4422 ρον,
578 4355 971 4424 ἐρμηνεύοντος
997 4359 1165 4423 αὐτάς
1199 4362 1289 4414 τοῦ
1312 4367 1675 4437 πατριάρχου,
1698 4369 1792 4422 καὶ
1822 4370 2007 4437 λέγον-

435 4460 523 4504 τος
561 4447 696 4513 πρὸς
729 4448 932 4511 πάντας
953 4466 967 4479 ·
994 4452 1086 4520 Μὴ
1117 4454 1269 4522 ἔχετέ
1294 4472 1374 4516 τις
1401 4456 1693 4529 λεγόμενόν
1726 4478 1778 4512 τι
1808 4462 1864 4513 ἐν
1890 4461 2011 4514 τού⁹

433 4552 565 4596 τοις,
584 4538 833 4606 ἀδελφοίς
869 4542 977 4594 Καὶ
1009 4544 1335 4614 ἀνέκραξανο
1371 4549 1578 4613 Πάντες
1602 4552 1780 4621 ἴσμεν,
1806 4554 1898 4605 καὶ
1919 4572 2013 4605 πε-

2191 4000 2286 4058 llis
2337 4008 2407 4061 ita
2462 4014 2649 4079 gestis,
2712 4018 2952 4087 episcopi
3008 4032 3062 4074 et
3110 4024 3362 4078 monachi
3409 4029 3589 4082 cuncti
3642 4030 3695 4084 in

2117 4096 2507 4163 patriarchiuin
2540 4108 2955 4175 conveniebant,
3006 4122 3058 4166 et
3108 4113 3249 4167 dicta
3307 4114 3530 4172 Patrum
3574 4136 3697 4174 om-

2118 4188 2204 4240 nia
2235 4191 2600 4261 perlegebant,
2627 4214 2747 4265 quae
2778 4200 3073 4256 adversarii
3104 4206 3373 4263 malitiose
3400 4219 3455 4263 et
3509 4211 3697 4265 incru-

2116 4280 2225 4335 dite
2294 4284 2808 4353 interpretabantur.
2892 4292 3212 4366 Patriarcha
3281 4315 3410 4355 vero
3467 4318 3692 4360 sensum

2112 4475 2269 4534 gente
2307 4485 2320 4521 :
2348 4468 2488 4523 Num
2521 4474 2733 4528 habetis
2765 4474 2933 4553 439
2961 4480 3165 4551 aliquid
3189 4487 3331 4554 quod
3365 4489 3547 4545 verbis
3569 4490 3690 4548 istis

2109 4560 2463 4629 exprimatur,
2489 4563 2709 4621 fratres?
2726 4567 3116 4628 Exclamavere
3147 4579 3328 4632 cuncti
3360 4578 3684 4646 :Novimus.

436 4626 857 4698 πληιρορήμεθα,
883 4635 963 4687 ὅτι
1001 4636 1207 4707 ἀληθής
1237 4641 1351 4691 ἐστι
1385 4642 1417 4709 ὴ
1462 4641 1642 4703 πίστις
1684 4644 1873 4714 ήμῶν’
1914 4648 2009 4699 καὶ
2039 4691 2083 4745 D
2114 4666 2198 4708 eti

2181 4626 2191 4629 Ἴ
2452 4626 2458 4627 ί
3036 4626 3045 4627 ,
3096 4626 3109 4628 ο
3154 4626 3328 4632 -_-----
3360 4626 3372 4632 -
3397 4626 3684 4646 -.............

1923 4648 2009 4699 καὶ
2039 4691 2083 4745 D
2114 4666 2167 4708 et
2191 4656 2325 4709 certi
2356 4673 2549 4717 sumus
2594 4677 2777 4717 veram
2822 4680 2944 4719 esse
2986 4666 3145 4721 ﬁdem
3178 4682 3457 4740 nostram;
3502 4677 3555 4729 in
3588 4679 3685 4732 hac

436 4720 635 4782 παντες
664 4724 742 4784 εἰς
774 4725 929 4777 τοῦτο
982 4730 1420 4801 ἀποθνήσκομεν.
1449 4735 1558 4787 Καὶ
1594 4737 1622 4787 6
1661 4742 2006 4809 πατριάρχης

431 4811 567 4879 πρὸς
598 4814 826 4876 αὐτούς·
860 4818 1059 4872 Λοιπὸν
1089 4819 1204 4885 οὖν,
1238 4825 1475 4893 ἀδελφοὶ,
1522 4830 1579 4880 ἐν
1620 4830 1842 4902 ὁμονοία
1880 4834 2006 4888 ἐσό-

433 4901 571 4967 μεθα
601 4905 694 4956 καὶ
724 4910 1059 4977 συνημμένοι
1090 4914 1147 4964 ἐν
1170 4917 1271 4986 μιᾷ
1290 4916 1435 4988 ψυχῇ
1462 4920 1519 4971 ἐν
1539 4921 1709 4993 ταύτῃ
1729 4926 2007 4993 τῇλὸμολο-

429 4992 522 5062 γίςι
542 4994 881 5067 ἀδιαιρέτως,
902 5002 996 5054 καὶ
1028 5003 1102 5074 μὴ
1117 5004 1349 5075 εὖρωσίν
1380 5026 1499 5063 τινα
1529 5013 1586 5076 ἐξ
1613 4992 2006 5085 ήμῶνάποχωο

431 5083 576 5152 ρίσαι
600 5086 650 5138 οἱ
695 5089 789 5156 τῆς
844 5093 1087 5158 ἐναντίας
1115 5097 1327 5168 μοίρας,
1361 5104 1453 5154 καὶ
1479 5103 1540 5155 οὐ
1582 5105 1655 5174 μὴ
1688 5107 2002 5177 ἰσχύσωσιν.

433 5178 655 5242 Πλείους
704 5183 811 5253 γὰρ
864 5186 1044 5239 αὐτῶν
1089 5191 1255 5260 ἐσμεν
1305 5193 1485 5265 χάριτι
1542 5197 1893 5269 Χριστοῦ.οί
1946 5204 2003 5257 δὲ

434 5271 587 5323 πάλιν
614 5273 915 5345 ἀνέκραξαν
944 5279 1415 5352 διαϐεϐαιούμενοι
1438 5289 1541 5352 ἕως
1575 5289 1805 5347 θανάτου
1871 5299 2000 5351 ἀντ-

426 5364 668 5435 έχεσθαι,
696 5374 787 5425 καὶ
821 5374 1160 5447 ὑπερμαχεῖν
1175 5381 1314 5453 ὑπὲρ
1343 5385 1438 5454 τῆς
1481 5387 1808 5461 Ἐκκλησίας
1839 5396 1998 5465 ποιή-

426 5474 613 5522 σαντες
646 5466 930 5533 στανροὺς,
958 5468 1053 5521 καὶ
1082 5469 1332 5540 ἐγγραφα
1366 5476 1444 5538 εἰς
1470 5476 1756 5548 ἀλλήλους,
1788 5484 1882 5535 τοῦ
1921 5486 1995 5555 μὴ

420 5551 768 5618 χωρίζεσθαι.
801 5555 985 5610 Ταῦτα
1024 5563 1275 5633 ἐπράχθη
1308 5567 1411 5635 πρὸ
1442 5568 1552 5622 τῶν
1581 5574 1802 5642 ἑορτῶν.
1846 5551 1989 5633 eos;

422 5641 628 5695 σάντων
660 5645 717 5697 δὲ
749 5646 855 5700 τῶν
888 5650 1090 5720 ἑορτῶν
1127 5655 1239 5727 (16)
1271 5658 1422 5728 δηλοῖ
1452 5663 1477 5713 6
1523 5669 1865 5738 πατριάρχης
1897 5672 1987 5724 τὸν

2114 4747 2398 4801 morimur-
2438 4765 2651 4806 omnes.
2704 4754 2782 4808 Ad
2831 4755 2950 4810 illos
3000 4761 3313 4826 patriarcha
3354 4765 3683 4834 :Superest,

2108 4837 2325 4905 fratres,
2364 4852 2424 4896 ut
2454 4847 2754 4901 c0neordes
2780 4864 3216 4918 perseveremus,
3250 4863 3304 4909 et
3327 4857 3526 4911 animis
3554 4874 3687 4914 con-

2101 4930 2277 4999 juncti
2304 4933 2403 4987 hac
2427 4932 2477 4986 in
2506 4932 2853 4992 confessione
2875 4941 3082 5011 absque
3106 4941 3373 5001 dissensu
3401 4964 3683 5005 remanea-

2104 5038 2231 5077 mus
2259 5040 2270 5073 :
2310 5034 2368 5078 ut
2403 5025 2643 5082 adversae
2674 5031 2845 5099 partis
2872 5033 3119 5088 homines
3148 5037 3357 5092 nullum
3386 5044 3681 5110 reperiant,

2105 5126 2265 5181 quem
2311 5128 2563 5185 separent
2612 5134 2639 5172 a
2683 5122 2864 5183 nobis.
2927 5139 3025 5178 nec
3076 5124 3131 5180 id
3183 5131 3407 5197 exsequi
3444 5132 3679 5188 valeant.

2105 5202 2288 5259 Gratia
2320 5207 2465 5261 enim
2497 5207 2703 5269 Christi
2738 5208 2921 5281 plures
2960 5214 3067 5269 illis
3113 5231 3326 5271 sumus.
3375 5218 3450 5272 Illi
3484 5237 3679 5275 rursus

2103 5310 2227 5349 cum
2264 5300 2502 5354 clamore
2529 5302 2883 5357 ﬁrmaverunt
2921 5307 2986 5359 ad
3030 5318 3259 5365 mortem
3305 5325 3479 5380 usque
3506 5313 3677 5365 obsti-

2102 5401 2276 5455 turos,
2332 5404 2386 5446 et
2422 5411 2519 5459 pro
2572 5397 2812 5451 Ecclesia
2866 5400 3248 5467 dimicaturos,
3302 5406 3677 5475 appositisque

2102 5482 2359 5538 crucibus
2394 5486 2459 5538 ad
2490 5486 2945 5558 subscriptiones,
2990 5495 3210 5563 scriptis
3241 5496 3344 5549 sibi
3386 5505 3575 5549 mutuo
3609 5498 3673 5550 li~

2100 5579 2219 5632 deni
2276 5579 2471 5643 fecere,
2512 5598 2791 5651 nunquam
2836 5586 2904 5637 ab
2956 5588 3189 5642 invicem
3224 5605 3281 5644 se
3315 5591 3673 5659 separandos.

2099 5670 2221 5726 Haec
2256 5685 2378 5726 ante
2420 5673 2556 5729 festa
2608 5686 2825 5746 peracta
2861 5689 3010 5735 sunt.
3048 5680 3462 5740 [inminentibus
3512 5700 3676 5754 porro

1570 5774 1819 5834 FRANC.
1863 5783 2257 5841 COMBEFISII
2290 5786 2517 5844 NOT/E.

485 5844 597 5913 (16)
631 5848 816 5906 Amica
852 5858 1062 5912 auctori
1100 5875 1220 5927 vox,
1256 5877 1359 5933 qua
1403 5865 1606 5930 ubique
1649 5871 1849 5929 Christi
1881 5877 2126 5937 Natalem
2158 5881 2450 5945 significat.
