4462 6446
772 378 911 452 103i

2051 363 2364 443 INCERTi
2407 384 2785 449 AUCTORIS

3907 400 4040 465 1032

769 497 943 564 restis,
982 495 1150 555 variis
1179 494 1402 550 monitis
1432 507 1493 549 ac
1521 493 1881 549 sermonibus
1904 482 2238 564 imperatori
2256 496 2347 550 si-
2387 505 2428 559 Α
2465 500 2531 568 βα

2274 496 2347 550 si-
2387 505 2428 559 Α
2465 500 2688 568 βασιλέα
2715 504 2902 570 λόγους
2936 504 3215 569 νουθεσίας
3235 506 3351 576 ἅμα
3372 506 3467 571 καὶ
3494 510 3827 579 παρακαλῶν
3854 517 4036 587 αὐτὸν,

767 588 1365 663 gniﬁcat.et_preeibus
1398 587 1560 642 simul
1600 587 1859 645 sollicitat
1906 588 2237 657 patriarcha,
2276 602 2347 643 ne

766 660 1270 755 deprcdatidnibus
1321 693 1628 753 exponatur
1668 681 1936 746 Ecel'esia,
1970 699 2135 754 quam
2169 683 2355 739 labore

771 778 942 833 multo
978 775 1168 831 Patres
1202 777 1410 846 antiqui
1452 776 1853 831 mdilicaverant
1881 776 1932 829 in
1970 787 2117 832 recta
2148 777 2273 840 ﬁde,
2302 786 2356 831 et

767 871 835 924 ab
862 870 1009 924 omni
1062 870 1254 924 haeresi
1309 877 1665 938 expurgatam
1713 868 2080 938 reliquerant;
2108 870 2354 925 dicebat-

766 979 904 1031 que:
940 961 995 1016 Si
1029 971 1249 1031 pmpter
1269 976 1358 1022 me
1389 961 1651 1015 adversus
1674 960 1945 1015 sinceram
1979 959 2139 1015 fidem
2169 962 2355 1016 orian-

770 1062 858 1107 tur
891 1054 1171 1115 scandala,
1212 1053 1392 1122 ejicite
1417 1068 1525 1117 me,
1559 1064 1611 1107 et
1655 1053 1701 1107 si
1741 1069 1902 1123 quem
1943 1053 2110 1108 alium
2135 1055 2355 1109 deside-

768 1149 924 1211 ralis,
954 1143 1335 1216 patriarchai‘n»
1357 1147 1625 1205 instituite
1659 1165 1673 1202 :
1719 1156 1928 1202 tantum
1957 1148 2114 1203 iidem
2146 1158 2351 1203 sartam

768 1250 964 1294 tectam
992 1240 1285 1293 custodite.
1336 1238 1458 1294 Istis
1490 1248 1705 1294 versute
1738 1250 1792 1293 et
1823 1240 2033 1304 dolose,
2079 1239 2174 1311 qui
2221 1240 2356 1294 cha-

770 1330 1075 1391 rmeleontis
1129 1345 1326 1384 nomen
1390 1330 1586 1384 merito
1639 1331 1883 1401 gerebat,
1945 1333 2243 1401 respondit,
2300 1342 2354 1386 et

768 1423 941 1476 dixit:
979 1422 1177 1491 Ecquis
1204 1422 1368 1476 audet
1401 1422 1677 1491 deponere
1724 1425 2097 1492 patriarcham
2135 1422 2349 1479 Patrem

769 1522 1041 1575 nostrum,
1085 1522 1179 1566 aut
1219 1514 1436 1583 ejicere,
1472 1514 1551 1569 vel
1592 1514 1848 1579 Ecclesiae
1893 1525 2097 1575 statum
2158 1518 2355 1571 inmm-

768 1605 928 1658 tare?
962 1603 1233 1661 Modicum
1288 1604 1416 1674 quid
1456 1621 1587 1658 sane
1618 1607 2093 1675 investigavimus,
2127 1618 2353 1677 propter

774 1709 874 1748 eos
900 1695 992 1763 qui
1027 1694 1319 1763 superﬂuis
1350 1694 1697 1749 sermonibus
1732 1695 2033 1764 indulgent.
2056 1694 2349 1763 Caeterum,

771 1797 832 1840 ut
867 1786 1039 1840 credit
1084 1785 1325 1839 Ecclesia
1356 1827 1369 1849 ,
1410 1787 1479 1839 ita
1531 1788 1692 1840 credo
1720 1802 1821 1857 ego
1862 1805 1875 1841 :
1931 1787 2294 1857 cductamque
2322 1804 2351 1844 e

768 1879 894 1933 sinu
948 1893 1169 1933 crucem
1218 1878 1272 1933 in
1326 1894 1431 1948 qua
1475 1878 1654 1948 imago
1689 1880 1905 1949 depicta
1958 1890 2122 1948 esset,
2163 1897 2345 1936 coram

766 1971 1024 2027 omnibus
1091 1972 1339 2026 adoravit
1393 1990 1406 2027 :
1482 1972 1627 2027 istud
1673 1988 1801 2028 vero
1867 1975 2059 2044 gessit,
2123 1991 2229 2028 non
2290 1984 2348 2028 ut

767 2065 1051 2120 veritatem
1104 2073 1443 2126 testaretur,
1500 2065 1595 2119 sed
1668 2074 1726 2118 ut
1781 2064 1907 2120 festi
1974 2067 2345 2126 celebritatem

770 2167 1055 2227 perageret
1106 2156 1344 2211 facilius.
1381 2154 1575 2210 Nullus
1611 2156 1756 2210 enim
1788 2157 2074 2212 subdolam
2111 2160 2349 2214 hominis

770 2259 1015 2317 mentem
1043 2263 1241 2318 capere
1285 2257 1537 2318 poterat:
1570 2264 1761 2303 verum
1796 2265 1891 2304 ore
1943 2267 2110 2305 unum
2144 2251 2348 2320 aliquid

770 2341 1104 2410 publicante,
1131 2340 1275 2394 aliud
1308 2356 1406 2395 cor
1437 2341 1828 2405 meditabatur.
1863 2340 1960 2398 llis
1992 2344 2162 2412 igitur
2194 2345 2351 2397 audi-

767 2434 861 2498 tis,
896 2433 1207 2503 patriarcha
1237 2442 1289 2488 et
1316 2434 1554 2506 episc0pi
1584 2433 1752 2503 gavisi
1790 2445 1938 2502 sunt,
1967 2452 2152 2505 verum
2177 2452 2347 2493 enun-

772 2528 919 2609 tiarL
952 2536 1228 2597 putantes.
1273 2526 1518 2581 Solemni
1576 2529 1770 2583 deinde
1810 2543 2003 2599 pompa
2042 2529 2095 2583 in
2150 2528 2349 2584 Christi

771 2619 1034 2674 natalitiis
1061 2619 1362 2688 procedens
1393 2619 1682 2675 ecclesiam
1719 2620 2001 2690 ingressus
2042 2630 2146 2684 est,
2170 2631 2228 2676 et
2259 2637 2353 2677 co-

772 2726 890 2766 ram
922 2713 1078 2767 altari
1112 2727 1176 2767 ex
1211 2713 1598 2781 imperatorum
1640 2716 2039 2771 consuetudine
2071 2714 2258 2768 stetit:
2301 2724 2355 2768 et

772 2801 1079 2871 corporale.
1110 2816 1264 2855 sacra
1301 2801 1511 2857 Domini
1564 2803 1733 2858 nostri
1762 2801 1891 2858 Jesu
1922 2804 2126 2859 Christi
2159 2805 2355 2858 nativi-

774 2901 882 2946 tate
918 2893 971 2946 in
1015 2908 1080 2947 eo
1129 2893 1342 2960 depicta
1397 2894 1608 2964 insigne
1648 2894 1896 2950 adoravit
1963 2905 2017 2951 et
2078 2898 2357 2952 osculatus

773 2992 880 3040 est.
918 2982 1034 3039 Tali
1084 2985 1421 3055 spectaculo,
1462 2986 1677 3041 cunctis
1727 2986 1912 3040 dolum
1968 2998 2021 3040 et
2064 2987 2355 3042 versotiam

774 3076 897 3143 ejus
930 3076 1329 3146 ignorantibus,
1360 3075 1561 3131 factum
1606 3078 1762 3131 satis.
1794 3078 2123 3148 lnsequentc
2156 3080 2358 3148 pariter

2461 595 2537 665 μὴ
2576 595 2844 665 σκυλῆναι
2889 596 3003 663 (17)
3034 599 3134 670 τὴν
3182 598 3529 672 Ἐκκλησίαν,
3564 604 3631 674 ἣν
3676 606 3852 678 πολλῷ
3887 612 4040 684 κόπῳ

2457 686 2506 737 οἱ
2568 686 2806 756 Πατὲρες
2853 689 3284 762 ἐπῳκοδόμησαν
3338 695 3397 748 ἐν
3425 699 3488 767 τῇ
3532 696 3798 771 ὀρθοδόξῳ
3856 704 4035 760 πίστει

2456 777 2859 843 ἁποδιὼξαντες
2899 782 3080 834 πᾶσαν
3131 784 3365 853 αἵρεσιν,
3400 786 3594 856 λέγων,
3636 789 3718 843 ὅτι
3745 793 3805 845 El
3835 793 3899 847 δι’
3937 798 4036 866 ἐμὲ

2457 866 2697 934 γίνονται
2714 869 2888 923 ταῦτα
2912 872 2981 925 τὰ
3002 874 3276 928 σκάνδαλα
3296 879 3435 932 κατὰ
3455 880 3555 949 τῆς
3582 883 3748 954 ὀρθῆς
3773 887 4029 954 πίστεως,

2456 959 2555 1027 ἐμὲ
2585 961 2914 1028 ἐξεώσασθε,
2974 966 3068 1018 καὶ
3120 968 3174 1020 εἴ
3230 986 3353 1023 τινα
3397 972 3688 1041 βούλεσθε,
3737 982 4033 1049 ποιήσατε·

2456 1051 2620 1118 μόνον
2649 1054 2746 1123 τὴν
2768 1056 2951 1108 πίστιν
2986 1058 3061 1129 μὴ
3124 1063 3601 1133 παρασαλεύσητε.
3651 1069 3759 1122 Καὶ
3806 1070 4037 1143 ἀποκρι-

2458 1144 2567 1209 θεὶς
2626 1146 2876 1213 ὑπούλως
2923 1153 3013 1202 καὶ
3066 1151 3300 1223 δολερῶς
3352 1156 3379 1208 ὁ
3432 1158 3657 1223 δικαίως
3715 1164 4036 1236 ἐπικληθεῖς

2456 1240 2805 1308 Χαμαιλέων,
2844 1239 2996 1298 εἶπεν
3017 1262 3029 1274 ·
3085 1245 3195 1298 Καὶ
3226 1249 3330 1311 τίς,
3362 1253 3549 1319 φησιν,
3582 1255 3755 1326 τολμᾷ
3783 1260 4033 1314 καθελεῖν

2456 1329 2736 1399 ἧέξεῶσαι
2766 1330 2858 1383 τὸν
2895 1336 3241 1405 πατριάρχην
3279 1340 3369 1392 τὸν
3410 1344 3622 1413 πατέρα
3664 1348 3842 1417 ἡμῶν,
3881 1352 4034 1422 ἧτην

2469 1418 2797 1490 Ἐκκλησίαν
2872 1426 3322 1494 παρασαλεῦσαι;
3394 1433 3607 1502 Μικρὸν
3656 1418 4034 1511 ᾑρευνήσαμεν

2454 1509 2543 1562 διὰ
2584 1513 2708 1575 τοὺς
2742 1513 3056 1579 λαλοῦντας,
3100 1519 3223 1571 ἐπεὶ
3251 1519 3324 1582 ὡς
3363 1525 3665 1596 πιστεύειὴ
3716 1509 4027 1601 Ἐκκλησία,

2458 1603 2611 1671 κάγὼ
2664 1606 2924 1662 πιστεύω.
2969 1611 3078 1662 Ka‘t
3126 1612 3373 1666 ἐκϐαλὼν
3405 1616 3468 1667 ἐκ
3514 1618 3606 1671 τοῦ
3640 1620 3841 1675 κόλπου
3870 1626 4029 1679 αὑτοῦ

2458 1694 2688 1765 σταυρὸν
2718 1696 2856 1766 ἔχων
2899 1697 3178 1772 [ἔχουσαν]
3227 1704 3410 1758 εἰκόνα
3460 1706 3573 1777 (l8)
3627 1715 4030 1785 προσεκύνησεν

2455 1786 2685 1839 ἐνώπιον
2716 1789 2953 1846 πάντων.
3011 1792 3299 1864 Ἐποίησεν
3328 1797 3383 1849 δὲ
3416 1798 3573 1851 τοῦτο
3592 1801 3695 1857 οὐκ
3726 1804 4030 1875 ἀληθεύων,

3190 1846 3200 1864 ι
3337 1846 3379 1849 __
3592 1846 3695 1857 ,--.
3726 1846 4029 1875 -...,.....υι,

2384 1846 2425 1900 Β
2453 1876 2567 1928 ἀλλ’
2596 1879 2653 1929 ἐν
2686 1880 2969 1951 ὑποκρίσει
3019 1883 3339 1954 βουλόμενος
3389 1888 3643 1944 διαϐᾶσαι
3682 1896 3781 1965 τὴν
3818 1898 4029 1968 ἑορτήν.

2453 1970 2641 2034 Οὐδεὶς
2684 1973 2793 2043 γὰρ
2841 1975 3071 2045 ἠδύνατο
3102 1980 3507 2035 καταλαόἐσθαι
3556 1985 3656 2056 τὴν
3700 1994 4032 2060 πανουργίαν

2452 2062 2618 2115 αὑτοῦ
2647 2080 2659 2093 ·
2693 2065 2828 2119 ἄλλα
2860 2068 2970 2138 γὰρ
3002 2072 3063 2123 τὸ
3089 2072 3264 2142 στόμα
3314 2074 3481 2127 αὐτοῦ
3514 2076 3712 2145 ἐλάλει,
3751 2081 3842 2133 καὶ
3876 2082 4034 2154 ἕτερα

2450 2154 2483 2223 ἡ
2516 2156 2715 2223 καρδία
2752 2158 2914 2212 αὑτοῦ
2944 2160 3213 2218 ἐϐούλετο.
3254 2165 3437 2220 Ταῦτα
3486 2169 3665 2222 τοίνυν
3703 2172 4033 2239 ἀκούσαντες

2452 2247 2479 2300 ὃ
2512 2265 2570 2300 τε
2600 2251 2950 2324 πατριάρχης
2977 2255 3072 2309 καὶ
3116 2257 3166 2309 oi
3206 2258 3522 2324 ἐπίσκοποι,
3556 2262 3839 2333 ἐχάρησαν
3879 2269 4031 2337 νομί-

2454 2338 2638 2403 ζοντες
2662 2341 2955 2413 ἀληθεύειν
3003 2347 3186 2404 αὐτόν.
3220 2350 3329 2405 Καὶ
3373 2353 3649 2423 προελθὼν
3687 2360 3747 2425 τῇ
3793 2357 4033 2427 Χριστοῦ

2452 2435 2703 2503 γεννήσει
2733 2437 2789 2490 ἐν
2817 2439 2883 2508 τῇ
2932 2436 3197 2511 ἐκκλησίᾳ
3228 2442 3476 2511 εἰσῆλθεν
3542 2446 3599 2497 ἐν
3635 2447 3709 2516 τῷ
3742 2449 4032 2518 θυσιαστη-

2453 2524 2579 2594 ρίῳ,
2610 2527 2752 2581 κατὰ
2796 2528 2857 2581 τὸ
2888 2527 3010 2592 ἱθος
3051 2530 3161 2584 τῶν
3193 2531 3476 2601 βασιλέων,
3516 2537 3610 2588 καὶ
3630 2540 4034 2609 προσεκύνησεν

2454 2617 2553 2687 τὴν
2590 2618 2817 2688 ἐνδυτὴν
2856 2620 2973 2690 τὴν
3020 2620 3252 2690 ἔχουσαν
3303 2627 3402 2694 τὴν
3455 2626 3617 2693 ἁγίαν
3662 2630 3913 2699 γέννησιν
3940 2609 4036 2683 τοῦ

2458 2709 2663 2779 Κυρίου
2717 2710 2876 2780 ἡμῶν
2912 2713 3088 2780 Ἰησοῦ
3159 2712 3418 2785 Χριστοῦ.
3453 2719 3561 2771 Καὶ
3603 2720 3788 2773 λοιπίν
3834 2722 4035 2784 ἰδόντες

2457 2804 2659 2867 πάντες
2686 2806 3239 2879 ἐπληροφορήθησαν,
3278 2810 3352 2881 μὴ
3400 2812 3601 2877 ίδὸντες
3646 2814 3735 2868 τὸν
3768 2816 3915 2869 δόλον
3946 2820 4039 2873 καὶ

2456 2895 2555 2963 τὴν
2587 2898 2927 2968 πανουργίαν
2952 2899 3139 2954 αὑτοῦ.
3174 2901 3465 2973 Φθασάσης
3495 2905 3667 2959 δὲκαὶ
3711 2907 3809 2977 τῆς
3842 2909 4034 2979 ἑορτῆς

2460 2983 2570 3037 τῶν
2596 2985 2795 3039 Φὼτων
2828 2988 3099 3059 προῆλθεν
3115 2991 3339 3061 ὁμοίως,
3366 2995 3459 3046 καὶ
3491 2994 3747 3049 εἰσελθὼν
3772 2999 3828 3051 οὐ
3869 3018 4038 3070 πρισ-

2461 3075 2761 3148 εκύνησενο
2790 3080 2887 3133 καὶ
2925 3080 3171 3149 ἔγνωσαν
3220 3084 3419 3150 πάντες
3444 3086 3525 3140 ὅτι
3558 3089 3615 3146 ἐν
3648 3089 3936 3160 ὑποκρίσει
3977 3096 4039 3148 τὸ

774 3165 1072 3221 Luminum
1112 3165 1255 3221 festo
1292 3167 1487 3236 azquali
1523 3169 1686 3222 modo
1722 3170 2027 3238 processit,
2065 3180 2118 3223 et
2149 3171 2355 3240 ingres-
2385 3178 2431 3238 c
2463 3183 2536 3236 πρ

2279 3187 2355 3225 es-
2385 3178 2431 3238 ο
2463 3166 2678 3236 πρῶτον
2705 3168 2984 3239 ἐποίησεν,
3033 3171 3129 3222 καὶ
3153 3170 3253 3223 οὐκ
3301 3171 3358 3222 ἐν
3400 3172 3645 3245 ἀληθεία.
3672 3176 3779 3227 Καὶ
3801 3176 3864 3246 δὴ
3909 3177 4041 3248 πλη-

777 3272 871 3313 sus
922 3273 1027 3313 non
1076 3259 1363 3312 adoravit:
1415 3260 1764 3329 primumque
1819 3260 1946 3325 illud
1998 3262 2351 3328 simulanter,

779 3346 925 3402 haud
978 3364 1101 3403 vere
1153 3349 1457 3402 exbibitum
1513 3358 1890 3417 cognoverunt
1945 3367 1958 3403 :
2016 3354 2356 3421 peractisque

778 3444 1011 3515 proinde
1047 3443 1312 3499 festorum
1358 3445 1696 3505 solemnibus
1728 3445 1893 3515 coepit
1938 3446 2181 3516 aggredi,
2212 3447 2358 3503 velut

779 3534 994 3591 Pharao
1026 3535 1305 3599 Israelem,
1339 3545 1394 3590 et
1420 3535 1802 3605 episcopormn
1835 3536 2105 3606 quosdam
2148 3537 2358 3592 blandi-

780 3628 873 3682 tiis
931 3627 1333 3696 promissisque
1383 3626 1803 3681 suﬂurabatur:
1871 3626 1964 3695 qui
2009 3635 2063 3685 et
2101 3628 2203 3696 ipsi
2236 3643 2354 3694 mo-

782 3733 897 3773 rem
942 3728 1269 3789 gesserunt,
1311 3733 1374 3771 ex
1410 3716 1575 3789 440
1623 3733 1687 3773 eo
1748 3732 1909 3789 quem
1968 3718 2235 3773 habebant
2291 3719 2357 3774 ad

781 3825 1026 3881 presens
1057 3810 1314 3864 saeculum
1362 3808 1580 3875 aﬂectu,
1618 3809 1817 3879 quippe
1852 3810 2003 3879 prius
2048 3810 2359 3877 iuramento

782 3905 1109 3975 interposito
1135 3912 1190 3958 et
1217 3905 1477 3959 crucibus
1507 3905 1790 3973 appositis,
1810 3918 1910 3974 pro
1934 3904 2159 3959 veritate
2190 3904 2358 3958 mori-

784 4003 942 4050 turos
965 4010 1024 4049 se
1052 3992 1419 4060 aﬂirmabant,
1470 3995 1669 4066 singuli
1720 3993 1893 4049 ferme
1927 3993 2177 4049 conversi
2233 4002 2363 4048 sunt

786 4089 840 4142 in
892 4094 1100 4159 partem
1132 4086 1439 4143 adversam.
1476 4087 1611 4143 Eam
1658 4087 1729 4143 ob
1759 4102 1874 4142 rem
1915 4102 2012 4157 per
2056 4087 2363 4149 desertores

783 4182 1073 4251 epise0pos
1096 4181 1421 4251 patriarcha:
1449 4179 1723 4251 signiﬁcat
1753 4196 1770 4235 :
1802 4180 2192 4236 Condescende
2237 4192 2364 4234 mo-‘

784 4274 1175 4339 dictumnobis,
1213 4284 1265 4327 et
1292 4273 1466 4328 iutilia
1494 4287 1724 4344 quaeque
1757 4272 2164 4328 resecabimus:
2199 4270 2243 4343 si
2265 4286 2363 4323 no-

785 4365 991 4430 lueris,
1045 4366 1102 4421 in
1162 4366 1358 4421 throno
1419 4376 1470 4421 le
1540 4367 1778 4421 residere
1838 4380 1945 4419 non
1996 4363 2362 4434 permissuros

786 4460 948 4513 scito.
982 4458 1079 4515 His
1119 4459 1318 4525 spretis
1358 4468 1615 4527 tanquam
1658 4456 1895 4525 periuris
1936 4464 1985 4509 et
2044 4446 2375 4509 cruciculeis.

2461 3256 2736 3325 ρωθεισῶν
2764 3257 2874 3311 τῶν
2902 3259 3125 3328 ἑορτῶν,
3156 3259 3363 3329 spem
3386 3261 3549 3316 πάλιν
3587 3263 3947 3329 ἐπιτίθεσθαι,
3968 3267 4040 3329 ὡς

2454 3349 2482 3401 ὁ
2510 3348 2708 3418 Φαραὼ
2731 3351 2823 3404 τὸν
2862 3351 3100 3421 Ἰσραὴλ,
3130 3353 3223 3404 καί
3258 3370 3411 3416 τινας
3440 3355 3778 3418 ἐπισκόπους
3814 3357 4042 3411 ὑπέκλε-

2456 3457 2590 3494 πτεν
2614 3443 2934 3504 κολακείαις
2969 3443 3070 3496 καὶ
3103 3444 3433 3513 ὑποσχέσεσι
3464 3444 3674 3515 δώρων,
3713 3450 3907 3512 οἵτινες
3949 3452 4045 3506 καὶ

2459 3533 2733 3604 ὑπήκουον
2758 3535 2920 3587 αὑτὸν
2948 3532 3185 3605 [αὐτοῦ],
3214 3535 3538 3602 ἀγαπῶντες
3582 3540 3672 3590 τὸν
3704 3538 3798 3592 νῦν
3847 3543 4040 3603 αἰῶνα,

2458 3627 2554 3679 καὶ
2579 3629 2629 3683 oi
2670 3629 2800 3697 πρὶν
2840 3626 3316 3697 διαῦεὸαιούμενοι
3365 3629 3730 3700 ἀποθνήσκειν
3762 3634 3900 3703 ὑπὲρ
3946 3636 4046 3704 τῆς

2460 3715 2738 3787 ἀληθείας,
2794 3718 2889 3771 καὶ
2936 3717 3207 3788 πήξαντες
3250 3720 3541 3790 σταυροὺς,
3601 3721 3787 3790 σχεδὸν
3846 3725 4044 3787 πάντες

2460 3807 2812 3877 ἐστράφησαν
2832 3810 2912 3873 εἰς
2929 3809 2990 3862 τὸ
3009 3810 3270 3864 ἐναντίον.
3290 3812 3400 3864 Καὶ
3417 3812 3564 3881 δηλοῖ
3586 3812 3676 3866 τὸν
3701 3816 4044 3886 πατριάρχην

2459 3898 2549 3953 διά
2578 3894 2742 3953 τινων
2787 3900 2897 3954 τῶν
2931 3902 3430 3971 ἀποστατησάντων
3460 3904 3796 3969 ἐπισκόπων,
3831 3908 3912 3960 ὅτι
3938 3908 4042 3960 Μι-

2463 3990 2596 4061 κρὸν
2628 3990 2853 4044 σύνελθε
2911 3993 3065 4062 ἡμῖν,
3124 3993 3212 4045 ἵνα
3263 3994 3607 4065 περιέλωμεν
3645 3998 3822 4050 πάντα
3854 4000 3919 4050 τα
3948 4013 4045 4065 χα-

2468 4083 2634 4154 μηλά.
2681 4084 2834 4136 Ἐπεὶ
2863 4084 2912 4136 εί
2942 4084 3002 4137 οὐ
3036 4083 3240 4154 βούλει,
3269 4085 3438 4152 γνῶθι
3460 4086 3541 4140 ὅτι
3572 4085 3743 4149 οὕτως
3775 4087 3835 4139 οὐ
3870 4103 4043 4154 παρα-

2463 4174 2750 4246 χωροῦμεν
2776 4174 2962 4229 αὐτόθι
2996 4193 3055 4228 σε
3077 4170 3265 4244 εἷναιί·
3291 4175 3383 4237 οὓς
3401 4178 3429 4230 ὁ
3462 4178 3802 4247 πατριάρχης
3833 4178 4046 4244 ἐξουθε-

2465 4267 2664 4329 νὼσας,
2695 4267 2770 4330 ὡς
2819 4267 3106 4338 ἐφιόρκους
3140 4266 3478 4340 [ἐπιόρκους]
3514 4272 3923 4338 σταυροπατας,
3954 4268 4045 4320 τὶν

2471 4358 2698 4428 βασιλέα
2725 4358 3023 4428 ἐμήνυσεν,
3050 4360 3134 4413 ὄτι
3179 4361 3247 4412 'U
3294 4359 3471 4428 βούλει
3504 4359 3730 4429 ποίησον
3751 4377 3763 4390 ·
3802 4359 3909 4427 ἐγὼ
3942 4362 4048 4429 γαρ

2471 4439 2537 4503 ἐκ
2566 4448 2676 4503 τῶν
2701 4450 3034 4519 ὁρισθέντων
3082 4449 3321 4511 εὐσεϐῶς
3362 4451 3465 4502 ὑπὸ
3499 4452 3607 4503 τῶν
3634 4454 3893 4520 Πατέρων
3925 4452 4047 4505 οῑτε

788 4549 1098 4620 patriarcha
1140 4520 1771 4617 inrperatori'denuntiat
1797 4563 1809 4599 :
1838 4545 1995 4611 Quod
2027 4544 2175 4600 lubet
2203 4558 2364 4599 exse-
2398 4520 2444 4580 θ
2472 4542 2550 4594 ἐπι

2288 4558 2364 4597 ;θ-
2398 4520 2444 4580 D
2472 4541 2930 4610 ἐπιδιατάσσομαι
2955 4540 3092 4613 (19),
3131 4539 3255 4594 οὔτε
3298 4541 3627 4612 συνέρχομαι
3660 4545 3769 4604 τοῖς
3797 4542 4050 4606 ἐναντίως

784 4623 981 4709 quere,
1024 4639 1371 4708 dogmatibus
1422 4638 1624 4708 quippe
1652 4653 1681 4691 a
1717 4635 1974 4692 Patribus
2001 4635 2087 4705 pie
2128 4632 2368 4697 deﬁnitis

2475 4631 2784 4703 φρονοῦσιν.

792 4751 1071 4806 numquam
1104 4736 1356 4791 nuntium
1390 4736 1683 4797 remittam,
1720 4749 1895 4803 neque
1917 4732 2252 4789 contrarium
2290 4729 2653 4787 sentientibus
2684 4727 3038 4798 astipulabor.

838 4824 991 4884 'llzec
1023 4830 1150 4884 dum
1180 4837 1523 4900 gererentur,
1549 4827 1603 4881 in
1638 4827 2011 4882 inlirmitatem
2045 4824 2247 4880 decidit
2274 4838 2372 4894 pa-

794 4919 1061 4983 triarcha,
1090 4921 1227 4976 adeo
1252 4932 1311 4975 ut
1333 4920 1526 4975 diebus
1552 4919 1738 4988 paucis
1765 4920 1914 4974 salus
1938 4918 2058 4986 ejus
2084 4932 2113 4971 a
2145 4916 2372 4971 medicis

794 5011 1179 5082 desperaretur
1215 5031 1229 5067 :
1264 5012 1425 5082 cujus
1452 5012 1749 5082 imperator
1773 5010 1971 5066 certior
1997 5010 2191 5075 factus,
2218 5008 2286 5062 de
2318 5008 2370 5063 vi

799 5103 941 5175 facta
968 5118 1082 5175 non
1113 5102 1245 5175 nihil
1285 5104 1531 5171 remisit;
1567 5118 1632 5157 eo
1660 5112 1895 5169 mortuo,
1925 5109 2117 5156 cuncta
2142 5115 2241 5171 pro
2269 5113 2364 5154 vo-

2552 4820 2661 4875 Καὶ
2690 4822 2748 4873 ἐν
2776 4821 2987 4882 τούτοις
3017 4819 3207 4883 ὄντων,
3239 4820 3435 4875 ἔπεσεν
3460 4821 3536 4883 εἰς
3567 4820 3853 4875 ἀσθένειαν
3886 4823 3911 4873 ὁ
3944 4836 4049 4873 πα-

2476 4914 2764 4986 τριάρχης,
2794 4912 2935 4966 ῶστε
2993 4914 3049 4966 ἐν
3095 4913 3305 4982 ὀλίγαις
3355 4915 3588 4985 ἡμέραις
3637 4913 4050 4982 ἀπογνωσθῆναι

2473 5007 2634 5061 αὐτὸν
2662 5004 2769 5059 ὑπὸ
2789 5005 2896 5058 τῶν
2920 5006 3141 5075 ίατρῶν.
3176 5006 3285 5059 Καὶ
3315 5006 3545 5075 μαθὼνὸ
3575 5006 3827 5077 βασιλεὺς
3862 5006 4053 5075 μικρὸν

2473 5099 2751 5171 ἡσύχασεν
2805 5098 3176 5167 λογιζόμενος,
3249 5100 3332 5152 ὅτι
3405 5100 3839 5169 ἀποθνήσκοντος
3892 5096 4055 5151 αὑτοῦ

1892 5241 2142 5299 ΠὶΑΝΟ.
2174 5240 2565 5296 COMBEFISII
2598 5238 2826 5297 ΝΟΤᾸΞ.

876 5370 989 5440 (17)
1044 5368 1192 5431 Νοίίι
1255 5348 1549 5440 Ecclesia»:
1608 5381 1845 5440 vexare:
1902 5364 2133 5420 habetur
2171 5380 2233 5421 ea
2262 5379 2364 5420 vox

802 5437 933 5498 Luc.
968 5437 1040 5493 vn
1070 5450 1261 5501 etvm,
1301 5439 1591 5491 molestiam
1624 5437 1670 5491 ei
1716 5437 1906 5504 facere.
2296 5441 2305 5447 “

874 5509 987 5579 (18)
1016 5510 1258 5578 Σταυρὸν
1287 5509 1429 5579 ἔχων
1481 5508 1687 5572 εἰκόνα,
1735 5523 1946 5579 crucem
1985 5507 2039 5559 in
2064 5522 2165 5576 qua
2189 5506 2370 5579 imago

805 5575 1010 5648 depicta
1049 5575 1183 5634 esset
1208 5597 1227 5643 ;
1252 5575 1388 5632 forte
1417 5577 1591 5646 ipsius
1616 5578 1819 5632 Christi
1854 5593 1922 5634 ex
1951 5592 2012 5631 ea
2064 5575 2371 5648 pendentis,

808 5645 971 5718 quam
1006 5651 1177 5718 ipsam
1242 5645 1589 5703 lconoclasta:
1628 5648 2027 5717 improbabant.
2073 5645 2208 5718 Non
2242 5646 2378 5718 bene

808 5714 1075 5795 interpres
1111 5728 1290 5782 antea,
1322 5719 1601 5795 imaginem
1628 5714 1883 5788 gerentem
1913 5734 2099 5795 manu.
2168 5714 2381 5795 Nudam

810 5804 1030 5846 erucem
1060 5792 1322 5844 hactenus
1359 5790 1392 5843 ii
1456 5791 1781 5851 tolerabant,
1806 5802 1873 5843 eo
1928 5788 2176 5842 mitiores
2212 5788 2385 5840 nostri

812 5861 919 5917 :cvi
953 5862 1197 5917 sectariis
1227 5879 1242 5929 ;
1274 5877 1379 5917 non
1405 5862 1480 5918 ita
1510 5874 1632 5931 quae
1666 5859 1951 5929 adjuncta:
2006 5859 2089 5914 vel
2141 5857 2385 5929 appictas

2476 5363 2741 5434 imagines
2775 5363 3018 5417 haberet.
3051 5361 3294 5434 iCrucem
3350 5376 3521 5431 nuper
3558 5361 3792 5434 ligneam
3853 5358 4057 5434 ferente

2475 5431 2664 5487 Graeco
2683 5432 3117 5485 Hieromonacho
3131 5432 3260 5493 vidi,
3281 5431 3453 5501 inqua
3478 5442 3585 5485 tota
3616 5432 3723 5483 fere
3741 5431 4057 5500 Evangelica

2481 5504 2703 5557 historia
2730 5502 2915 5557 subtili
2941 5503 3075 5556 satis
3101 5502 3366 5556 statuario
3402 5516 3561 5569 opere
3586 5501 3757 5555 dlicta
3790 5504 4056 5557 exstabat.

2557 5572 2666 5641 (19)
2701 5570 2855 5626 Nihil
2886 5572 2954 5625 ad
2983 5589 3042 5626 ea
3076 5589 3191 5641 (μίαν
3219 5590 3249 5624 a
3279 5570 3533 5625 Patribus
3564 5573 3644 5635 pie
3692 5572 3909 5638 deﬁnita
3937 5584 4059 5623 sunt

2482 5643 2705 5709 insuper
2745 5643 2912 5707 addo,
2949 5659 3010 5695 ac
3045 5654 3244 5696 statuo.
3278 5643 3493 5709 Ipsacst
3519 5644 3639 5695 aliis
3670 5642 3843 5695 verbis
3878 5641 4050 5709 prima

2486 5708 2919 5782 interrogatione
2951 5711 3009 5766 S.
3034 5708 3325 5780 Nicephori
3358 5714 3640 5780 responsio
3671 5728 3719 5780 ρ.
3756 5708 3889 5782 ιξῖζ
3910 5708 4061 5764 Nihil

2488 5799 2672 5838 eorum
2704 5778 2841 5853 qua,
2878 5793 2984 5838 etc.
3012 5823 3025 5846 ,
3057 5778 3187 5836 nora
3213 5778 3546 5837 ordinatione
3584 5778 3770 5838 ercrto.
3800 5778 3880 5836 Sit
3913 5794 4060 5836 scm-

2493 5869 2588 5926 per
2623 5862 2777 5911 vetus
2808 5853 2958 5927 lides.
2997 5869 3230 5925 unaque.
