4462 6446
433 440 565 508 ilHl

1727 436 1981 497 ΕΗΒοΝ
1987 436 2081 495 OG
2093 438 2138 496 ll
2149 441 2189 495 Α.
2198 438 2292 496 PH
2306 438 2322 495 l
2332 438 2368 495 Α
2382 484 2393 496 .

3554 414 3706 505 ιοιὶ

426 556 599 626 δωρον
629 553 739 607 τῶν
784 551 1032 606 Στουδίου
1065 549 1338 622 ἑξορίσας,
1383 549 1638 602 Θεόδοτον
1672 548 1763 599 τὸν
1800 548 2008 599 Κασσι-
2038 550 2081 605 Α
2113 549 2188 600 civ

1928 564 2008 598 σι-
2038 550 2081 605 Α
2113 547 2331 601 civitate
2363 547 2604 616 pulsum,
2639 559 2692 604 et
2726 549 3073 605 Theodorum
3104 549 3307 619 pariter
3348 549 3525 605 Studii
3554 567 3684 621 pra:-

428 646 593 715 τερᾶν
626 643 702 713 τῷ
736 641 1113 711 πατριαρχείῳ
1142 639 1613 709 ἀπεκατέστησεν.
1644 637 1867 689 Ἕκτοτε
1909 634 2001 689 οὖν

430 737 519 788 τον
548 734 719 803 θυμὸν
744 734 835 787 καὶ
856 734 947 785 τὸν
972 732 1119 785 δόλον
1142 734 1244 800 τῆς,
1266 731 1442 800 ψυχῆς
1474 729 1639 785 αὐτοῦ
1670 729 1867 799 ἐκχέας
1889 732 2003 791 τοῖς

431 827 782 896 συμμύσταις
813 826 979 878 αὐτοῦ
1012 823 1300 890 ἀσελγέσιν
1332 824 1524 877 ἑαυτὸν
1545 824 1999 877 κατεπίστευσεν·

430 918 625 981 οἵτινες
655 918 779 969 ἐπεὶ
818 916 968 985 αὑτῴ
1003 914 1529 986 προσῳκειώθησαν,
1563 914 1689 983 τρία
1724 913 2004 982 ὑπέθηκαν

430 1009 579 1078 αὐτῷ
610 1008 676 1061 τὰ
718 1007 1099 1077 ὑπεσχημένα,
1146 1007 1241 1057 καὶ
1294 1004 1443 1074 αὐτῷ
1490 1005 1862 1074 στεργόμενα·
1906 1004 2003 1073 τῆς

428 1100 715 1169 ὀρθοδὸξου
748 1101 986 1162 πίστεως
1038 1098 1195 1169 ὴμῶν
1248 1096 1346 1167 τὴν
1388 1099 1637 1167 ἄρνησιν,
1689 1097 1797 1148 τῶν
1846 1096 2005 1149 θείων

430 1193 655 1245 εἰκόνων
715 1192 814 1263 τὴν
883 1192 1244 1262 καθαίρεσιν,
1304 1189 1414 1242 τῶν
1482 1190 1854 1243 εὐσεϐούντων
1908 1190 2006 1259 τὴν

430 1284 631 1349 δίωξιν.
668 1284 909 1346 Ταύταις
948 1284 1042 1337 οὖν
1088 1286 1205 1346 ταῖς
1250 1281 1486 1344 ἀπάταις
1534 1282 1793 1351 προσθεὶς
1831 1282 1859 1333 6
1904 1298 2007 1350 μα-

428 1376 727 1444 ταιόφρων,
778 1373 1190 1444 ἀναπτερωθεὶς
1236 1374 1264 1428 6
1298 1373 1530 1434 δείλαιος
1575 1375 1639 1442 τῇ
1676 1371 2008 1442 ταλαιπώρῳ

430 1467 598 1535 ὁρμῇ,
638 1466 830 1534 πρῶτα.
866 1465 965 1533 μὲν
998 1464 1253 1534 καθαιρεῖ
1280 1466 1461 1517 πᾶσαν
1496 1464 1647 1533 ἱερὰν
1680 1465 1779 1532 τῆς
1810 1465 2009 1532 ὲκκληυ

434 1558 555 1618 σίας
595 1556 1011 1626 ἀναστήλωσιν·
1064 1555 1360 1607 κάντεῦθεν
1401 1555 1528 1614 τοὺς
1585 1556 2009 1625 εὑρισκομένους

431 1647 653 1716 ἔχοντας
666 1649 876 1711 εἰκόνας
907 1649 1143 1718 Χριστοῦ
1168 1650 1199 1718 ἦ
1223 1665 1367 1709 τινος
1397 1648 1578 1713 ἁγίου,
1610 1648 1810 1711 δειναῖς
1833 1667 2009 1717 τιμω-

437 1738 582 1806 ρίαις
619 1742 713 1791 καὶ
766 1739 984 1809 θανάτῳ
1029 1738 1405 1803 κατεδίκαζεν,
1441 1739 1538 1791 καὶ
1586 1739 1811 1802 πολλοὺς
1861 1741 2007 1794 ἐνδό-

434 1830 559 1893 ξους
592 1832 686 1883 καὶ
732 1834 1057 1902 περιφανεῖς
1101 1832 1454 1900 πεφόνευκεν.
1489 1832 1709 1902 Μιχαὴλ
1741 1833 1797 1885 δὲ
1840 1834 1869 1885 6
1912 1833 2009 1891 τὴν

432 1923 525 1974 τοῦ
564 1923 891 1987 ἐξκουϐίτων
929 1924 1209 1992 τάγματος
1256 1924 1430 1993 ἀρχὴν
1474 1923 1698 1989 διέπων,
1749 1924 2003 1995 διεϐλήθη

432 2015 511 2083 τῷ
542 2014 773 2084 βασιλεῖ,
806 2015 882 2079 ὡς
916 2015 1038 2068 κατ’
1076 2015 1241 2068 αὑτοῦ
1285 2015 1692 2085 βουλευόμενος,
1724 2016 1783 2069 ὃν
1814 2019 2003 2089 εἱρκτῇ

434 2108 624 2171 πέδαις
657 2104 803 2177 εἶχεν
834 2108 1192 2179 τηρούμενον.
1224 2109 1334 2177 Τῆς
1362 2109 1419 2161 δὲ
1446 2110 1722 2176 γενεθλίου
1768 2111 1861 2164 τοῦ
1893 2112 2007 2163 Σωο

431 2202 600 2269 τῆρος
652 2202 810 2270 ἡμῶν
856 2202 1121 2271 ἐνστάσης
1154 2199 1343 2253 τοῦτον
1403 2185 1678 2272 ἠϐουλήθη
1726 2207 1790 2273 τῇ
1852 2205 2008 2257 νυκτὶ

433 2294 665 2346 ἀνελεῖν.
704 2294 985 2357 Κωλυθεὶς
1013 2293 1069 2345 δὲ
1114 2294 1265 2365 παρὰ
1290 2295 1390 2362 τῆς
1423 2294 1555 2358 ιδίας
1587 2298 1840 2363 γυναικὸς
1862 2338 1876 2361 ,
1920 2298 2006 2351 διὰ

431 2384 531 2452 τὴν
561 2385 775 2455 ἑορτὴν,
797 2384 983 2437 εἴασεν
1012 2385 1193 2439 αὐτόν.
1234 2385 1291 2438 '0
1313 2385 1367 2437 δὲ
1394 2386 1611 2457 Μιχαὴλ
1639 2390 1695 2440 ὲν
1720 2390 1785 2457 τῇ
1813 2390 2003 2461 εἱρκτῇ

432 2475 530 2541 ὢν,
571 2477 731 2529 τοῦτο
766 2477 972 2547 μαθὼν,
1008 2481 1141 2530 πᾶσι
1173 2480 1285 2541 τοῖς
1329 2481 1444 2547 μετ’
1474 2478 1636 2532 αὐτοῦ
1686 2481 2006 2551 συμϐούλοις

432 2571 727 2640 ἐμήνυσεν,
767 2571 843 2633 ὼς
896 2573 958 2624 ΕΞ
1011 2573 1085 2642 μὴ
1142 2574 1485 2641 σπουδάσητε
1532 2574 1733 2638 ἐξελεῖν
1783 2594 1851 2646 με
1906 2578 2005 2646 τῆς

434 2664 695 2731 φρουρᾶς,
732 2663 938 2725 πὲκντας
982 2664 1123 2732 ὑμᾶς
1157 2667 1495 2735 καταμηνύω
1523 2666 1600 2734 τῷ
1635 2668 1864 2737 βασιλεῖ.
1898 2666 2006 2723 ΊΓΗν

432 2752 487 2803 δὲ
517 2752 633 2819 μετ’
670 2752 850 2804 αὐτῶν
874 2756 966 2804 καὶ
999 2756 1027 2805 6
1052 2754 1145 2807 τοῦ
1182 2756 1443 2808 παλατίου
1494 2760 1707 2821 παπίας
1740 2761 2008 2831 συγγενὴς

432 2842 508 2894 ὢν
537 2843 628 2895 τοῦ
658 2845 899 2914 Μιχαήλ.
930 2840 1089 2899 Οὗτοι
1115 2851 1178 2917 τῇ
1213 2849 1371 2900 νυκτὶ
1398 2850 1768 2915 ὁπλισθέντες,
1799 2853 2009 2907 ἔνδοθεν

432 2936 502 2987 τα
541 2934 664 3003 ξίφη
711 2937 1025 3007 φοροῦντες,
1065 2939 1157 2990 τοῦ
1209 2942 1419 2993 παπίου
1474 2942 1810 3008 ἁνοίξιιντος,
1847 2949 1923 3010 ὡς
1959 2949 2007 3001 οἱ

438 3028 601 3095 ἱερεῖς
636 3029 769 3096 μετᾶ
805 3030 1082 3097 φελωνίων
1116 3031 1384 3100 εἰσῆλθον,
1428 3034 1526 3087 τοῦ
1568 3035 1623 3088 δὲ
1656 3036 1921 3107 βασιλέως
1950 3042 2009 3095 ἐν

434 3122 500 3187 τῇ
535 3120 801 3190 ἐκκλησίᾳ
844 3122 1197 3187 εἰσελθόντος,
1228 3126 1658 3196 εἰσπηδήσαντες
1702 3131 1796 3183 καὶ
1821 3131 2008 3186 τοῦτον

2105 639 2362 707 positum,
2402 638 2456 693 in
2506 642 2765 696 exsilium
2819 642 2970 710 egit:
3006 639 3350 697 Theodotum
3386 658 3517 697 vero
3555 643 3688 699 Cas:
3782 696 3787 701 .

2106 728 2328 782 siteram
2364 730 2734 797 patriarcham
2773 731 3018 795 ordinari
3048 734 3324 803 praecepit.
3352 734 3434 788 Ab
3457 749 3523 789 eo
3550 741 3689 788 teni-

2106 832 2238 886 pore
2288 819 2454 873 animi
2493 822 2731 876 furorem
2767 823 3064 893 dolumque
3095 825 3430 894 profundens
3457 827 3690 897 impuris

2106 908 2376 976 sacrilegii
2401 909 2563 981 447
2588 912 2670 964 sui
2701 915 2937 969 consciis
2971 929 3031 969 se
3073 914 3252 984 ipsum
3276 916 3585 983 commisit;
3614 916 3689 971 ilbi

2105 998 2406 1055 familiares
2474 1002 2695 1065 redditi,
2758 1004 2860 1058 tria
2928 1005 3056 1059 olim
3134 1006 3237 1076 ipsi
3295 1008 3587 1075 promissa,
3637 1022 3691 1063 et

2106 1092 2281 1146 eidem
2348 1092 2591 1161 jucunda
2665 1105 3104 1164 suggesserunt:
3178 1096 3502 1152 orthodoxa:
3565 1097 3689 1153 fidei

2109 1194 2308 1237 nostra:
2338 1185 2780 1251 abnegarionem,
2829 1202 3108 1241 sacrarum
3139 1188 3441 1258 imaginum
3474 1190 3693 1260 deposi-

2110 1273 2338 1337 tionem,
2384 1283 2441 1328 et
2493 1276 2705 1343 piorum
2742 1278 3205 1346 persecutionem.
3260 1279 3357 1335 llis
3404 1280 3711 1337 fraudibus‘

2110 1375 2353 1419 attentus
2400 1381 2590 1422 vecors
2613 1405 2629 1430 ,
2684 1368 2895 1439 hocque
2935 1370 3139 1429 infelici
3171 1371 3431 1441 impulsu,
3465 1374 3692 1443 ignavus

2109 1456 2259 1524 licet,
2300 1458 2531 1512 multum
2577 1461 2839 1527 elatusﬂct
2877 1463 3177 1525 animatus,
3203 1465 3441 1530 primum
3470 1465 3691 1535 quidem

2109 1562 2321 1603 sacram
2354 1565 2569 1605 omnem
2599 1568 2663 1607 ex
2711 1553 2960 1608 ecclesiis
2989 1554 3210 1624 deponit
3234 1542 3461 1625 figuram
3488 1573 3503 1611 :
3538 1557 3693 1611 exin-

2110 1642 2177 1697 de
2239 1642 2467 1706 Christi,
2517 1644 2601 1697 vel
2656 1645 2828 1699 sancti
2880 1645 3113 1713 alicujus
3166 1646 3433 1716 imagines
3494 1648 3693 1702 habere

2110 1749 2353 1808 repertos
2396 1739 2551 1792 duris
2586 1740 2871 1808 suppliciis
2916 1749 2971 1794 et
3018 1750 3196 1794 morte
3242 1740 3559 1805 damnabat,
3616 1740 3691 1792 ita

2115 1841 2175 1884 ut
2228 1831 2440 1886 nobiles
2476 1832 2743 1901 plurimos
2775 1842 2829 1887 et
2870 1833 3112 1888 illustres
3152 1833 3301 1887 viros
3330 1824 3686 1887 interfecerit.

2110 1921 2282 1977 Porro
2332 1922 2555 1977 Michael
2602 1926 2981 1979 excubitorum
3031 1925 3278 1979 cohortis
3319 1940 3514 1994 gerens
3546 1925 3694 1991 prin-

2109 2014 2372 2084 cipatum,
2406 2017 2547 2085 apud
2580 2016 2965 2087 imperatorem
2999 2017 3330 2073 calumniam
3360 2031 3559 2087 passus
3585 2026 3689 2077 est,

2108 2106 2264 2175 quasi
2306 2106 2570 2179 adversus
2623 2122 2748 2161 eum
2814 2109 3217 2178 conspirasset:
3272 2122 3434 2178 quem
3491 2108 3693 2162 idcirco

2109 2198 2468 2268 compedibus
2524 2200 2768 2254 vinctum
2804 2201 2857 2255 in
2899 2216 3122 2257 carcere
3151 2212 3489 2257 asservatum
3536 2209 3693 2255 tene-

2111 2292 2222 2347 bat.
2257 2292 2498 2348 lnstante
2529 2294 2695 2363 igitur
2750 2293 3062 2350 Servatoris
3114 2296 3284 2351 nostri
3338 2294 3565 2349 natalitii
3618 2291 3694 2347 fe—

2107 2394 2192 2441 sto
2224 2394 2391 2439 noctu
2434 2386 2612 2439 voluit
2647 2402 2677 2441 e
2706 2388 2885 2443 medio
2918 2388 3153 2443 tollere:
3188 2404 3378 2444 verum
3410 2403 3441 2443 a
3474 2386 3691 2458 propria

2111 2491 2284 2531 uxore
2333 2478 2645 2544 prohibitus
2673 2489 2730 2533 et
2783 2478 2907 2535 festi
2942 2482 3247 2536 reverentia
3276 2490 3479 2536 motus.
3512 2481 3695 2535 vivere

2112 2570 2381 2639 permisit.
2429 2568 2661 2625 Michael
2708 2587 2931 2627 carcere
2977 2573 3248 2638 detentus,
3299 2573 3404 2628 hoc
3451 2572 3691 2641 cegnito,

2116 2663 2377 2718 omnibus
2432 2664 2644 2719 consilii
2720 2666 3079 2735 participibus
3131 2675 3340 2721 secreto
3390 2666 3692 2721 indicavit:

2113 2751 2236 2809 Nisi
2256 2754 2501 2809 custodia
2528 2756 2769 2811 eximere
2791 2770 2887 2829 me
2910 2757 3196 2821 studeatis,
3216 2772 3404 2811 omnes
3424 2770 3521 2809 vos
3550 2755 3691 2823 apud

2111 2846 2495 2913 imperatorem
2535 2846 2798 2901 deferam.
2850 2850 2977 2901 Erat
3028 2863 3152 2902 cum
3224 2849 3357 2917 ipsis
3399 2855 3454 2901 et
3504 2848 3691 2916 palatii

2116 2935 2339 3004 pappias
2372 2935 2650 2990 Michaelis
2694 2936 2891 2990 allinis.
2927 2936 3031 3005 Ipsi
3080 2938 3243 3007 igitur
3291 2933 3694 2991 noctuarmati

2112 3025 2212 3078 sub
2257 3024 2498 3079 vestibus
2542 3026 2752 3095 gladios
2791 3025 3048 3091 ferentes,
3120 3027 3314 3097 pappia
3350 3038 3535 3096 portas
3564 3042 3693 3095 ape-

2114 3118 2314 3183 riente,
2349 3132 2414 3172 ac
2460 3119 2505 3172 si
2536 3119 2847 3174 sacerdotes
2886 3119 3065 3175 forent
3101 3121 3305 3176 casulis
3350 3121 3557 3184 vestiti,
3611 3123 3694 3175 in-

436 3213 832 3281 χειρωσάμενοι
868 3214 1100 3283 μεληδὸν
1124 3215 1457 3285 κατέκοψαν,
1489 3219 1882 3290 ἀπορρήξαντα
1914 3225 2012 3295 τὴν
2037 3228 2081 3289 C
2114 3225 2198 3280 ὅτε

1929 3225 2081 3295 εὴνρ
2114 3211 2287 3280 gressi
2342 3219 2488 3265 sunt.
2538 3210 2872 3280 lmperatore
2910 3213 2964 3267 in
3015 3214 3302 3269 ecclesiam
3350 3215 3691 3282 adveniente,

438 3302 654 3355 ἀνόσιον
696 3304 862 3356 αὐτοῦ
911 3305 1087 3375 ψυχὴν
1121 3308 1180 3359 ὲν
1232 3307 1310 3377 τῷ
1340 3309 1608 3378 παλατίῳ,
1642 3314 1701 3364 ἐν
1839 3317 2012 3381 οὐδεὶς

436 3393 545 3445 τῶν
588 3393 689 3461 πρὸ
738 3394 906 3447 αὑτοῦ
944 3396 1415 3464 βεϐασιλευκότων
1454 3400 1717 3471 ἀνῄρητο.
1767 3405 1912 3476 Αὐτῇ
1956 3408 2012 3461 δὲ

438 3487 504 3554 τῇ
542 3485 660 3555 ὥρα
692 3488 750 3537 ἐν
778 3490 842 3557 τῇ
891 3490 1079 3559 εἱρκτῇ
1113 3490 1444 3555 ἀπελθόντες
1495 3494 1751 3561 ἐξάγουσι
1784 3498 1873 3550 τὸν
1907 3502 2011 3551 Μι-

439 3574 597 3643 χαὴλ,
630 3578 725 3628 καὶ
758 3578 1072 3643 εἰσάγουσιν
1114 3580 1171 3631 ἐν
1217 3582 1282 3648 τῇ
1316 3580 1476 3651 ἑορτῇ
1522 3583 1644 3635 ἀντὶ
1674 3584 2009 3658 δεσμοιρόρου

438 3667 801 3733 στεφηφόρον,
824 3667 900 3730 ὡς
924 3668 1273 3739 πληρωθῆναι
1298 3671 1385 3723 ἐπ’
1406 3672 1571 3725 αὐτοῦ
1598 3673 1658 3726 τὸ
1678 3675 1769 3727 τοῦ
1793 3677 2009 3746 ψαλμοῦ

440 3757 653 3822 λόγιον⁸
720 3759 789 3813 T6
855 3760 1122 3828 ἑσπέρας
1172 3763 1609 3828 αὑλισθήσεται
1669 3771 2008 3837 κλαυθμὸς,

440 3850 539 3903 καὶ
570 3854 659 3916 εἰς
707 3854 771 3905 τὸ
798 3854 949 3919 πρωῒ
984 3854 1367 3921 ἀγαλλίασις.
1405 3859 1559 3911 Μετὰ
1587 3858 1645 3911 δὲ
1684 3860 1855 3913 ταῦτα
1908 3866 2005 3933 ρα-

440 3942 579 4005 κίοις
601 3943 840 3995 εὐτελέσι
873 3943 1257 4013 περιϐαλόντες
1288 3946 1350 3998 τὸ
1375 3946 1469 3999 τοῦ
1504 3947 1672 4019 ἀλητη
1685 3950 1797 4018 ρίου
1827 3952 2008 4021 σῶμα,

440 4034 520 4095 είς
560 4035 784 4087 ἀκάτιον
832 4036 1159 4105 ἐμϐαλόντες
1198 4038 1266 4089 τά
1311 4041 1611 4110 παμμίαρα
1667 4042 1830 4095 αὑτοῦ
1874 4045 2008 4116 μέλη

442 4127 583 4179 κατὰ
630 4128 726 4197 τὴν
774 4127 1118 4198 καλουμένην
1159 4129 1388 4199 ῐῐρώτην
1438 4132 1601 4203 νῆσον
1658 4135 2008 4205 ἐκφέρουσιν,

440 4214 569 4267 ἔνθα
597 4219 691 4270 καὶ
716 4220 842 4280 τοὺς
876 4219 1069 4282 παῖδας
1100 4221 1491 4292 ἀποκείραντες
1526 4227 1757 4295 μονάσαι
1782 4231 2012 4300 πεποιή-

443 4323 621 4361 κασιν.

1070 4603 1371 4660 ΜΙΧΑΗΛ.

511 4687 727 4757 Μιχαὴλ
775 4690 803 4739 6
855 4691 1181 4761 ’Λμορραἶος
1220 4692 1579 4767 [Ἀμωραῖος]
1606 4694 1682 4767 (‘2)
1719 4697 2005 4751 ἐϐασίλευ-

443 4793 533 4829 σεν
558 4780 648 4848 ἐτη
678 4786 745 4849 η’,
784 4782 956 4849 μῆνας
978 4784 1154 4835 ἐννέα.
1193 4786 1289 4847 ’ος
1321 4787 1517 4855 μικρόν
1550 4805 1603 4840 τι
1632 4789 1731 4857 τῆς
1755 4807 2003 4859 προκατ-

441 4869 672 4941 εχούσης
704 4874 871 4925 αὑτὸν
900 4876 1101 4938 κακίας
1162 4876 1425 4941 ὑπενδοὺς
1450 4878 1548 4949 (5),
1607 4882 1733 4933 ὅσον
1777 4883 1902 4946 τοὺς
1950 4884 2009 4935 ὲν

515 5014 530 5045 ⁸
567 5013 709 5071 Psal.
746 5033 893 5083 xm,
928 5016 982 5071 6.

2045 4566 2093 4622 D

2119 3302 2432 3367 cxisiliunt;
2482 3316 2718 3372 eumque
2758 3305 3214 3374 comprehensum
3269 3296 3696 3363 membratim‘ct

2122 3393 2173 3446 in
2225 3392 2396 3449 frusta
2436 3405 2645 3460 secant,
2693 3397 3069 3466 projicientem
3102 3399 3423 3469 sacrilegam
3455 3401 3692 3454 animam

2121 3483 2175 3536 in
2237 3484 2439 3552 palatio
2506 3485 2561 3538 in
2622 3476 2731 3554 quo
2790 3487 3249 3556 praedecessorum
3307 3489 3693 3558 imperatorum

2120 3575 2300 3629 nullus
2350 3576 2563 3631 occisus
2611 3576 2788 3632 fuerat
2820 3580 2991 3647 prius.
3022 3579 3291 3635 Caeterum
3341 3580 3529 3642 eadem
3560 3580 3693 3635 hora

2119 3668 2186 3720 ad
2240 3683 2513 3724 carcerem
2564 3670 2836 3727 irruentes
2875 3671 3191 3727 Michaelem
3222 3674 3482 3738 educunt,
3526 3682 3581 3728 et
3626 3675 3693 3729 ad

2118 3758 2484 3814 celebritatem
2536 3760 2826 3827 inducunt,
2863 3773 2918 3817 et
2963 3779 3060 3832 pro
3098 3765 3455 3834 compedibus
3504 3766 3695 3820 devino

2115 3863 2202 3905 cto
2260 3853 2419 3905 taenia
2462 3854 2729 3923 imperiali
2785 3855 3041 3910 cinctum
3089 3856 3405 3911 declarant:
3452 3858 3589 3911 adeo
3636 3867 3696 3912 ut

2118 3943 2170 3995 in
2210 3957 2277 3997 eo
2308 3944 2437 3997 illud
2468 3945 2658 4012 psalmi
2702 3946 2905 4000 dictum
2946 3946 3292 4015 impleretur:
3324 3947 3407 3999 Ad
3429 3964 3694 4015 vesperam

2118 4032 2532 4087 commorabitur
2587 4034 2763 4102 ﬂetus,
2816 4043 2864 4087 et
2905 4035 2972 4087 ad
3022 4036 3341 4088 matutinum
3402 4037 3592 4090 lwtt'tia
3651 4038 3691 4091 ’.

2122 4122 2247 4179 Post
2297 4125 2410 4179 haec
2476 4126 2710 4181 exitialis
2784 4126 2930 4180 illius
3002 4128 3233 4181 cadaver
3313 4128 3506 4184 vilibus
3562 4144 3694 4197 pan-

2121 4216 2208 4269 nis
2271 4215 2575 4270 involutum
2637 4217 2784 4270 lintri
2835 4218 3185 4287 impositum,
3253 4222 3695 4290 exsecrandaque

2122 4308 2271 4363 illius
2336 4310 2582 4363 membra
2640 4311 2706 4362 ad
2761 4310 2992 4364 insulam
3053 4310 3251 4367 Proteu
3307 4312 3510 4368 dictam
3566 4312 3695 4368 επο-

2122 4409 2286 4455 runt:
2322 4402 2412 4456 ubi
2443 4402 2585 4457 ﬁlios
2626 4401 2744 4470 ejus
2775 4403 3105 4469 tondentes,‘
3138 4405 3498 4461 monasticum
3544 4404 3699 4463 habt-

2124 4502 2237 4547 tum
2267 4492 2543 4562 suscipere
2573 4504 2884 4564 coegerunt.

2736 4607 3096 4663 MICIIAEL.

2190 4698 2357 4770 “8
2390 4699 2613 4755 Michael
2656 4699 2940 4756 Amoraeus
2975 4700 3135 4756 annis
3161 4710 3285 4756 octo
3317 4714 3371 4759 et
3412 4702 3693 4759 mensibus

2124 4807 2315 4851 novem
2348 4790 2650 4861 imperavit.
2680 4789 2777 4845 Hic
2810 4792 3057 4846 nonnihil
3096 4792 3164 4848 de
3181 4793 3409 4858 malitia,
3438 4808 3561 4864 quae
3580 4792 3707 4848 ani:

2122 4901 2264 4940 mam
2284 4886 2403 4953 ejus
2421 4885 2625 4955 pridem
2648 4894 2961 4956 occuparat,
2983 4885 3285 4957 remittens,
3320 4890 3587 4959 quantum
3604 4886 3697 4943 vin

1610 5111 1858 5169 FRANC.
1888 5113 2271 5173 COMBEFISII
2308 5118 2535 5176 ΝΟΤιΕ.

513 5223 589 5295 (2)
630 5220 746 5277 Non
786 5235 960 5293 pzacet
1004 5244 1063 5281 ea
1116 5243 1252 5290 vox,
1310 5245 1408 5281 nec
1441 5231 1583 5295 quod
1641 5232 2010 5288 emendatum.

445 5294 635 5370 Melius
676 5295 1187 5370 eritttiiittat01'_Vat.
1222 5309 1326 5370 etc.
1360 5302 1386 5351 ὁ
1425 5300 1483 5366 ἐξ
1537 5301 1816 5370 Ἀμορίου,
1854 5305 2014 5355 Amo-

446 5366 522 5416 rio
557 5364 830 5439 oriundus,
863 5367 1209 5439 Amoriensis.
1242 5367 1394 5432 Quod
1426 5364 1613 5423 statim
1660 5374 1905 5439 sequitur
1942 5374 2008 5426 de

449 5436 675 5507 remissa
728 5439 993 5503 tantisper
1051 5437 1307 5491 Michaele
1362 5440 1686 5507 imperatore
1719 5436 2004 5496 excitataa

443 5502 624 5577 Leone
658 5502 1053 5572 persecutione,
1085 5522 1296 5576 egregie
1334 5502 1575 5577 lgnatins
1600 5512 1651 5563 in
1680 5509 1797 5564 Vita
1831 5510 2002 5565 S.Ni-

446 5574 665 5644 cephori
685 5579 923 5642 exponit,
944 5580 1033 5643 qui
1063 5574 1393 5631 et'navatam
1420 5582 1537 5634 viro
1568 5592 1757 5635 sancto
1779 5597 1998 5644 Operam

445 5659 502 5719 ιιι
535 5643 844 5719 Μίρξ.ιιοιειιι
871 5648 1123 5701 Ecclesia:
1152 5647 1445 5719 addiceret,
1468 5651 1693 5719 pulchre
1712 5643 2002 5714 deseribit;

445 5715 767 5769 tl"lCl'rCllll0
807 5718 1065 5771 nimirum
1121 5718 1189 5772 ab
1241 5718 1430 5773 haeresi
1468 5715 1773 5776 decessoris
1823 5738 2006 5775 exem-

448 5786 555 5860 plu,
600 5786 690 5851 qui
722 5786 789 5860 ita
851 5787 1048 5860 misere
1087 5788 1157 5860 in“
1194 5791 1405 5860 templo
1462 5790 1625 5843 vitam
1677 5792 2005 5860 abrupisset.

450 5857 577 5914 Quae
594 5866 739 5906 ataui
774 5856 896 5908 item
919 5856 1159 5911 Mirhacli
1182 5856 1519 5929 ἁδιαέςορίσιν,
1540 5871 1590 5915 ct
1619 5870 1675 5914 ut
1692 5856 1833 5931 quod
1855 5864 2008 5915 vellet

2116 5236 2349 5303 quisque
2382 5244 2707 5299 sectaretur.
2754 5255 2852 5294 nec
2898 5240 2984 5293 alii
3032 5240 3156 5295 aliis
3202 5238 3631 5307 obloquerentur
3669 5253 3687 5303 ;

2113 5322 2285 5371 eaque
2321 5307 2519 5379 silentii
2555 5309 3234 5379 conditioneélicephorus
3260 5312 3440 5364 sedem
3486 5308 3686 5379 recipe-

2114 5386 2212 5438 ret;
2260 5392 2443 5429 verum
2465 5378 2579 5432 haec
2612 5383 2876 5445 tantisper
2898 5378 3285 5447 exspectanda,
3330 5386 3465 5431 utet
3498 5378 3690 5447 lauda-

2112 5455 2196 5499 tus
2230 5447 2599 5520 continuator,
2642 5451 2732 5517 ιιιιί
2770 5452 2884 5520 ipse
2910 5446 3260 5520 prosequitur
3294 5463 3415 5519 quae
3439 5447 3550 5502 Leo
3580 5446 3684 5502 vel-

2109 5527 2167 5568 ut
2199 5517 2373 5569 solum
2406 5533 2504 5571 acu
2540 5528 2710 5573 notat.

2178 5587 2251 5658 (ὅ)
2293 5586 2429 5641 Male
2458 5590 2783 5643 exscribenti
2838 5590 3046 5658 adjecta
3096 5606 3198 5645 vox
3236 5590 3419 5651 αὐτόν.
3467 5602 3533 5642 ex
3578 5601 3685 5656 qua

2114 5656 2247 5733 nihil
2276 5661 2562 5712 commode
2584 5660 2876 5733 redditum.
2906 5656 3189 5733 Tantisper
3213 5662 3481 5715 remittens
3522 5673 3681 5733 uexa-

2116 5727 2307 5799 tionem
2370 5745 2486 5797 quae
2548 5729 2643 5781 sub
2700 5733 2967 5785 decessore
3036 5732 3374 5792 obtinuerat;
3425 5730 3683 5799 quantum

2119 5798 2314 5850 scilicet
2348 5809 2428 5852 sat
2454 5810 2597 5863 «at,
2630 5812 2684 5852 ut
2717 5802 2807 5871 qui
2844 5803 2897 5853 in
2925 5802 3230 5871 ergastulis,
3265 5812 3368 5856 etc.
