4462 6446
418 388 554 456 1045

1014 506 1278 561 ΟΕΟΦΙΛ
1289 507 1400 559 ΟΣ.

486 612 745 684 Θεόφιλος
775 614 1127 669 ιδασίλευσεν
1158 616 1252 686 ἔτη
1281 615 1367 686 ιβ’.
1412 616 1479 670 ἰι
1509 616 1566 670 δὲ
1613 616 1797 689 μήτηρ
1829 616 1996 670 αὑτοῦ

418 707 738 779 Εύφροσύνη
783 708 1155 763 ἀποστείλασα
1188 710 1245 775 ὲν
1278 708 1413 762 πᾶσι
1442 710 1557 772 τοῖς
1593 708 1832 780 θέμασιν
1862 710 1991 780 ᾕγασ

416 816 512 865 γεν
541 799 710 870 κόρας
740 800 1041 871 εὐπρεπεῖς
1074 802 1212 873 πρὸς
1246 801 1307 855 τὸ
1338 801 1784 873 νυμφοστολῆσαι
1806 802 1999 870 Θεόφι-

418 890 570 958 ῳιλον
595 891 687 944 τὸν
714 892 830 947 υἱὸν
866 893 1070 962 αὐτῆς,
1104 893 1395 962 ἀγαγοῦσα
1427 894 1597 958 αὐτὰς
1628 897 1686 948 ὲν
1720 896 1797 966 τῷ
1824 895 1999 949 παλα-

416 984 516 1054 τίῳ
547 986 627 1048 είς
654 984 746 1037 τὶν
776 984 1074 1056 λεγόμενον
1091 987 1459 1057 Μαργαρίτην
1486 987 1781 1058 τρίκλινον,
1800 988 1998 1041 δέδωκε

416 1077 662 1145 θεοφίλῳ
684 1076 921 1147 χρυσοῦν
948 1078 1117 1147 μῆλον
1148 1077 1405 1144 εἰποῦσα,
1429 1080 1511 1132 ὅτι
1545 1078 1639 1143 Εἰς
1664 1082 1729 1150 ἦν
1760 1079 2000 1151 ἀρεσθῇς

418 1168 599 1229 ὶπίδος
628 1170 786 1225 τοῦτο
819 1172 978 1241 αὐτῇ.
1014 1167 1124 1224 Ἦν
1153 1171 1210 1225 δέ
1241 1189 1326 1236 τις
1364 1172 1421 1239 ἐξ
1450 1173 1694 1241 εὐγενῶν
1719 1176 1776 1225 έν
1808 1172 2000 1235 αὑταῖς

421 1261 555 1331 κόρη
612 1262 838 1330 ὀνόματι
896 1262 1107 1316 Ἱκασία
1159 1263 1473 1335 ὡραιοτάτη
1534 1265 1699 1329 πάνυ,
1750 1266 1818 1333 ἦν
1877 1264 2000 1319 ίδὼν

417 1353 674 1421 Θεόφιλος
706 1354 1110 1424 ὑπεραγασθεὶς
1137 1356 1308 1425 αὐτὴν
1342 1356 1437 1411 τοῦ
1475 1357 1729 1423 κάλλους,
1774 1357 1899 1427 ἔφη.
1923 1358 2000 1422 ὡς

418 1447 525 1512 ἄρα
548 1445 635 1498 διὰ
670 1446 926 1513 γυναικὸς
954 1447 1125 1518 ἐρρύη
1153 1448 1221 1501 τὰ
1256 1447 1458 1517 φαῦλα.
1499 1450 1563 1503 Ἦ
1591 1450 1646 1502 δὲ
1682 1450 1798 1520 μετ’
1819 1449 2001 1514 αἰδοῦς

421 1554 537 1600 πως
560 1538 767 1606 ἀντέφη
786 1554 799 1567 ·
844 1539 1003 1592 Ἀλλὰ
1039 1539 1127 1593 διὰ
1157 1541 1419 1608 γυναικὸς
1452 1540 1695 1612 πηγάζει
1724 1542 1793 1596 τὰ
1819 1543 2001 1612 κρείτ·

419 1648 570 1684 τονα.
622 1631 678 1683 Ὀ
715 1630 772 1683 δὲ
820 1631 1074 1701 τῷλόγῳ
1122 1635 1222 1704 τὴν
1269 1634 1501 1704 καρδίαν
1535 1634 1766 1704 πληγεὶς
1795 1635 2000 1706 ταύτην

423 1723 523 1789 μὲν
546 1722 753 1787 εἴασεν,
780 1722 1033 1794 Θεοδώρᾳ
1057 1725 1113 1777 δὲ
1138 1724 1199 1778 τὸ
1233 1725 1403 1795 μῆλον
1435 1724 1734 1789 ἐπέδωκεν,
1771 1724 1906 1798 οὔσῃ
1936 1728 2001 1781 ἐκ

1731 388 2402 453 CHRONOGHAPHIA.

2027 502 2075 561 Δ

3546 391 3678 457 1056

2675 500 3183 559 THEOPUILL'S.

2174 618 2510 689 Theophilus
2541 633 2715 675 annos
2748 618 3039 675 duodecim
3080 620 3388 690 imperavit.
3429 619 3682 692 Euphro-

2102 724 2242 781 syna
2296 725 2429 765 vero
2475 718 2651 765 mater
2677 711 2800 781 ejus
2834 712 3058 767 mittens
3086 712 3139 765 in
3171 726 3362 768 omnes
3407 714 3681 784 regiones,

2101 804 2383 874 elegantes
2416 802 2593 859 forma
2629 805 2860 873 puellas,
2896 814 2956 859 ut
3001 819 3187 858 earum
3219 804 3459 874 aliquam
3498 804 3679 861 Theo-

2103 896 2254 966 philo
2286 897 2399 951 lilio
2430 911 2533 953 suo
2564 898 2946 966 desponsaret,
2974 897 3231 968 collegit:
3264 898 3467 953 coactis
3500 899 3682 970 itaque

2101 988 2318 1043 cunctis
2353 989 2407 1042 in
2441 987 2701 1057 palatium
2735 987 2804 1042 ad
2839 988 3155 1053 triclinium,
3191 988 3278 1043 cui
3315 1004 3511 1044 nomen
3546 990 3684 1045 Mar-

2101 1080 2325 1151 garitcs,
2362 1082 2563 1134 malum
2596 1095 2822 1135 aureum
2849 1080 3152 1150 Theophila
3182 1082 3426 1145 tradidit,
3449 1082 3639 1138 dicens
3669 1100 3680 1137 :

2103 1172 2257 1228 Dona
2284 1173 2418 1236 illud
2445 1174 2493 1228 ei
2518 1188 2639 1243 quae
2668 1173 2935 1244 placuerit
2969 1174 3162 1242 magis.
3192 1173 3319 1228 Erat
3352 1191 3517 1245 porro
3545 1177 3686 1231 inter

2104 1266 2226 1322 illas
2259 1267 2448 1336 puella
2480 1266 2701 1321 nomine
2736 1265 2903 1320 lcasia
2937 1266 3360 1329 formosissima,
3392 1284 3501 1337 qua
3548 1268 3683 1335 visa,

2103 1359 2459 1429 TheOphilus,
2501 1359 2619 1429 ejus
2671 1359 2980 1415 delectatus
3024 1352 3449 1427 pulchritudine,
3502 1360 3682 1415 dixit:

2101 1446 2205 1503 Per
2250 1447 2533 1504 mulierem
2591 1464 2755 1519 quam
2789 1448 2957 1502 multa
2998 1459 3294 1503 manarunt
3325 1448 3559 1503 damna!
3593 1449 3686 1502 Illa

2102 1539 2313 1610 pudore
2364 1540 2583 1610 perfusa
2606 1581 2620 1605 ,
2663 1542 2945 1610 respondit
2977 1560 2991 1595 :
3028 1540 3231 1596 Verum
3269 1558 3364 1612 per
3402 1542 3686 1597 mulierem

2103 1630 2417 1685 scaturiunt
2448 1630 2695 1685 meliora.
2719 1628 2799 1684 0b
2821 1646 3143 1700 responsum
3178 1631 3341 1685 corde
3370 1645 3687 1700 percussus,

2102 1738 2222 1778 cam
2258 1724 2477 1794 quidem
2509 1724 2748 1791 dimisit;
2771 1725 3117 1779 Theodoram
3137 1740 3265 1780 vero
3280 1725 3687 1809 Paphlagonum

424 1813 813 1880 Παφλαγόνων.
854 1814 1050 1882 Στέφει
1091 1815 1148 1867 δὲ
1196 1814 1483 1885 Θεοδὼραν
1517 1817 1575 1868 ὲν
1605 1816 1879 1887 εύκτηρῐῳ
1907 1817 1999 1870 τοῦ
2036 1851 2077 1906 Β
2109 1825 2186 1871 tcr

1927 1817 1999 1870 τοῦ
2036 1851 2077 1906 Β
2109 1818 2267 1872 terris
2302 1829 2479 1872 ortam
2540 1818 2683 1872 malo
2739 1817 2984 1873 donavit.
3023 1818 3266 1872 C'oronat
3294 1828 3473 1872 autem
3512 1817 3689 1873 Theol

420 1904 579 1969 ἁγίου
618 1903 920 1972 Στεφάνου,
970 1905 1225 1974 στεφθεὶς
1261 1907 1355 1958 καὶ
1384 1907 1548 1970 αὐτὸς
1580 1907 1698 1978 ἅμα
1724 1910 1861 1979 αὐτῇ
1901 1910 2004 1962 ὑπὸ

433 1996 719 2049 Ἀντωνίου
754 1998 1097 2068 πατριάρχου
1120 2002 1184 2069 τῇ
1210 1999 1341 2070 ἁγίᾳ
1360 2000 1707 2071 Πεντηκόστη
1736 2001 2005 2072 προῆλθεν

424 2090 482 2140 ἑν
506 2092 569 2160 τῇ
596 2090 725 2161 ἁγίᾳ
762 2090 1073 2163 Ἐκκλησία
1116 2095 1181 2163 τῇ
1235 2093 1485 2165 Μεγάλῃ,
1511 2093 2005 2170 φιλοτιμησάμενος

429 2185 676 2251 χρήμασι
695 2182 909 2246 πολλοῖς
922 2184 1012 2237 τὸν
1032 2185 1401 2257 πατριάρχην,
1420 2186 1532 2255 ἅμα
1547 2185 1738 2256 τῷξκλή
1750 2205 1825 2257 ρῳ
1842 2205 1897 2240 τε
1912 2187 2005 2241 καὶ

419 2277 484 2344 τῇ
520 2276 825 2347 συγκλήτῳ.
855 2279 1019 2347 Καὶὴ
1060 2278 1159 2348 μὲν
1191 2279 1457 2349 εἰρημένη
1500 2279 1706 2333 Ἰκασία
1734 2281 1834 2350 τῆς
1903 2280 2002 2350 βα-

425 2367 630 2430 σιλείας
683 2368 1033 2439 ἀποτυχοῦσα
1097 2372 1267 2441 μονὴν
1319 2371 1755 2438 κατεσκεύασεν,
1811 2374 1891 2435 είς
1938 2373 2006 2443 ἣν

422 2463 867 2533 ἀποκειραμένη,
898 2464 1167 2523 ἀσκοῦσα,
1199 2465 1293 2518 καὶ
1334 2464 1724 2534 φιλοσοφοῦσα,
1759 2468 1853 2518 καὶ
1887 2466 2005 2536 Θεῷ

426 2552 574 2621 μόνῳ
608 2552 755 2616 ζῶσα
780 2554 1084 2607 διετέλεσεν
1115 2555 1277 2625 μέχρι
1308 2556 1494 2619 τέλους
1528 2556 1672 2624 ζωῆς
1712 2556 1907 2625 αὐτ-ἧς’
1971 2559 2003 2627 ἢ

427 2646 517 2694 καὶ
550 2645 962 2714 συγγράμματα
992 2646 1163 2716 αὐτῆς
1215 2648 1449 2699 πλεῖστα
1488 2648 1898 2701 καταλέλοιπεν.
1942 2647 2006 2701 Ἥ

422 2740 475 2791 ἐξ
510 2739 605 2793 τοῦ
655 2740 925 2809 βασιλέως
978 2744 1163 2812 μήτηρ
1199 2742 1528 2813 Εὐφροσύνη
1572 2745 1839 2808 ἑκουσίως
1872 2762 2007 2798 xu:-

424 2831 581 2884 ελθού
594 2850 655 2887 σα
683 2833 779 2886 τοῦ
812 2835 1074 2888 παλατίου
1103 2838 1161 2887 ἐν
1181 2838 1247 2906 τῇ
1276 2838 1410 2907 μονῇ
1444 2836 1637 2905 αὐτῆς,
1721 2837 2009 2906 ἐπώνυμον

426 2926 492 2976 τὰ
519 2926 791 2995 Γαστρία,
832 2927 1127 2998 ἡσύχαζεν.
1170 2930 1427 2999 Ἐποίησε
1459 2930 1515 2983 δὲ
1550 2931 1779 2983 ἱππικὸν
1814 2931 2009 2999 Θεόφι-

427 3019 544 3081 λος,
602 3020 696 3072 καὶ
747 3022 1049 3091 προσέταξε
1085 3022 1163 3090 τῷ
1195 3024 1617 3093 Χαμοδράκοντι
1674 3024 1867 3077 Λέοντι
1927 3024 2005 3094 τῷ

429 3113 914 3185 πρωτοϐεστιαρίῳ
964 3115 1132 3168 αὑτοῦ
1162 3118 1394 3183 ἀγαγεῖν
1421 3116 1482 3180 τὸ
1516 3116 1921 3186 πολυκάνδηλον
1946 3118 2006 3170 τὸ

2108 1910 2296 1964 doram
2329 1909 2383 1963 in
2411 1908 2583 1965 sancti
2614 1909 2873 1980 Stephani
2905 1910 3169 1976 oratorio,
3199 1911 3312 1980 ipse
3346 1911 3587 1967 vicissim
3622 1915 3690 1966 ab

2106 2000 2345 2055 Antonio
2402 2000 2718 2071 patriarcha
2773 2001 3111 2069 nuptialibus
3145 2002 3365 2057 corollis
3401 2004 3691 2059 decomtus

2108 2102 2304 2149 sancto
2336 2092 2802 2147 Pentecostcs'die
2834 2093 2899 2146 ad
2941 2102 3190 2146 sanctam
3227 2094 3472 2163 Magnam
3514 2096 3689 2150 eccle-

2106 2189 2244 2242 siam
2300 2187 2621 2242 muneribus
2672 2186 2923 2257 plurimis
2981 2187 3349 2255 patriarcham
3407 2204 3513 2242 una
3565 2204 3687 2245 cum

2108 2281 2257 2335 clero
2308 2289 2363 2335 et
2412 2289 2602 2335 srnalu
2665 2278 3044 2333 cunmlaturus
3116 2280 3400 2348 processit.
3459 2279 3689 2336 Praelata

2107 2386 2272 2441 porro
2325 2371 2495 2425 lcasia
2549 2369 2760 2439 imperii
2804 2384 2900 2439 spe
2958 2369 3223 2425 frustrata
3286 2372 3687 2427 monasterium

2107 2463 2418 2527 aediﬁcavit,
2464 2464 2515 2517 in
2570 2477 2678 2532 quo
2704 2464 2930 2517 detonsa
2990 2463 3156 2517 vitam
3205 2465 3693 2535 contemplativarn

2111 2566 2167 2612 et
2199 2556 2632 2628 philosophicam
2668 2570 2953 2619 exercens,
2983 2555 3202 2626 Deoque
3229 2557 3331 2612 soli
3376 2559 3583 2624 vivens,
3623 2560 3689 2613 ad

2108 2648 2237 2702 vitae
2286 2663 2399 2703 sua:
2441 2648 2626 2711 tinctu,
2659 2646 2819 2702 editis
2882 2646 3194 2715 relictisque
3243 2649 3449 2718 scripto
3489 2650 3700 2720 ingeni'r

2109 2738 2483 2795 monumentis
2514 2739 2799 2807 pluribus,
2836 2738 3229 2805 perseveravit.
3264 2739 3532 2793 Caeterum
3579 2738 3691 2794 Eu-

2110 2831 2384 2903 phrosyna
2403 2830 2750 2900 imperatoris
2777 2838 2971 2894 mater,
2997 2830 3203 2898 palatio
3226 2841 3420 2900 sponte
3451 2832 3688 2895 deserto,

2112 2923 2164 2977 in
2222 2922 2561 2977 monasterio
2612 2923 2701 2977 eui
2737 2936 3041 2993 cognomen
3084 2921 3322 2989 Gastria,
3373 2924 3543 2979 vitam
3582 2926 3696 2996 egit

2112 3015 2378 3085 quietam.
2420 3014 2773 3070 Circensibus
2816 3029 2948 3070 vero
2987 3015 3128 3070 ludis
3161 3017 3469 3083 celebratis,
3521 3016 3697 3074 Leoni

2116 3108 2562 3163 Cbamodraconi
2616 3109 3035 3179 protovestiario
3088 3124 3188 3165 suo
3219 3112 3473 3181 pracepit
3518 3110 3694 3168 Theo-

429 3207 488 3256 ἐν
518 3207 582 3275 τῇ
613 3209 793 3276 σφαγῇ
818 3207 913 3259 τοῦ
960 3208 1250 3277 Ἀρμενίου
1287 3207 1516 3271 Λέοντος
1548 3207 1691 3277 ξίφει
1727 3208 2005 3266 διακοπέν.
2039 3201 2079 3257 C
2116 3200 2184 3270 Ph

1930 3210 2005 3266 ἐν,
2039 3201 2079 3257 C
2116 3200 2301 3270 philus
2328 3200 2658 3255 multiﬁdum
2713 3199 2964 3271 proferre
3013 3202 3420 3267 candelabrum,
3461 3205 3605 3273 quod
3639 3206 3691 3259 in

429 3298 535 3351 Τού
570 3299 797 3353 ἱππικοῦ
830 3301 885 3353 δὲ
916 3301 1264 3361 τελεσθέντος
1309 3301 1755 3373 προσεκαλέσατο
1790 3302 1867 3373 (6)
1898 3304 2006 3356 πᾶ-

433 3403 531 3438 σαν
559 3386 656 3456 τὴν
693 3387 998 3458 σύγκλητον
1032 3390 1089 3441 έν
1116 3389 1194 3458 τῷ
1224 3389 1506 3461 λεγομένῳ
1538 3390 1877 3460 Καθίσματι,
1915 3393 2009 3447 καὶ

430 3478 489 3528 τδ
535 3479 936 3551 πολυκὰνδηλον
984 3480 1300 3548 ἐξαγαγὼν,
1353 3482 1447 3535 καὶ
1479 3482 1771 3549 ὑποδείξας
1802 3485 2005 3549 αὐτοῖς,

429 3572 563 3639 ἱ·;η’
609 3572 667 3625 '0
692 3574 773 3635 si;
799 3576 928 3626 ναὸν
966 3574 1176 3643 Κυρίου
1224 3574 1631 3645 εἰσερχόμενος,
1666 3575 1759 3628 καὶ
1789 3576 2009 3647 χριστὸν

438 3663 640 3734 Κυρίου
669 3665 934 3732 φονεύων,
953 3666 1095 3728 τίνος
1119 3666 1265 3719 ἐστὶν
1292 3666 1475 3735 ἔνοχος
1496 3683 1510 3732 ;
1531 3667 1594 3719 Ἦ
1627 3667 1684 3719 δὲ
1707 3667 2009 3738 σύγκλητος

431 3756 813 3824 ἁποκριθεῖσα,
869 3756 1010 3829 ἔφη·
1044 3759 1273 3828 Ἔνοχος
1322 3757 1558 3813 Θανάτου
1605 3760 1773 3826 ἐστὶν,
1828 3757 1873 3814 ὦ
1921 3761 2010 3813 δέ·

433 3861 624 3899 σποτα.
663 3847 774 3899 Καὶ
807 3848 970 3911 εὐθὺς
995 3849 1283 3902 ἐκέλευσεν
1315 3849 1443 3914 τοὺς
1487 3852 1585 3905 σὺν
1608 3850 1686 3921 τῷ
1716 3853 1882 3922 πατρὶ
1909 3854 2009 3908 αὐ-

431 3938 525 3991 τοῦ
558 3939 776 4010 Μιχαὴλ
802 3941 893 3992 τον
921 3941 1129 3995 Λέοντα
1147 3942 1435 4007 ἀνελόντας
1458 3944 1549 3997 τὸν
1566 3943 1813 4014 ὕπαρχον
1840 3962 2011 4000 κατα-
2054 4010 2057 4011 ν

433 4033 603 4095 σχεῖν.
641 4033 734 4084 καὶ
760 4033 860 4095 τὰς
892 4032 1133 4099 κεφαλὰς
1178 4035 1358 4087 αὐτῶν
1392 4036 1449 4087 ὲν
1480 4038 1545 4105 τῇ
1580 4037 1843 4110 σφενδόνῃ
1876 4039 2013 4091 ἀπο-

432 4127 622 4192 τεμεῖν
653 4125 824 4177 πολλὰ
866 4124 1346 4195 προϐαλλομένους
1375 4128 1468 4180 καὶ
1503 4128 1794 4196 λέγονταςο.
1826 4131 2011 4185 ἄδικον

434 4215 571 4269 εἶναι
596 4216 695 4287 τὴν
726 4219 985 4288 τοιαύτην
1013 4218 1223 4287 κρίσιν.
1260 4220 1371 4272 Καὶ
1401 4220 1511 4291 γὰρ
1542 4222 1591 4273 εί
1627 4221 1701 4293 μὴ
1732 4223 1807 4291 τῷ
1840 4224 2012 4294 πατρὶ

341 4380 347 4385 ὓ
437 4309 949 4379 συνηγωνισάμεθα,
982 4310 1235 4379 βασιλεὺς
1266 4313 1368 4365 οὐκ
1407 4312 1473 4364 ἂν
1506 4312 1667 4376 αὐτὸς
1693 4313 1789 4366 νῦν
1812 4310 2007 4385 ἦρξας.
2048 4318 2059 4327 ’

437 4404 541 4454 Καὶ
568 4400 742 4463 οὕτως
777 4400 865 4453 ἐπ’
905 4402 999 4471 όψε
1011 4419 1093 4455 σιν
1117 4403 1336 4455 πάντων
1360 4402 1459 4464 τὰς
1484 4405 1728 4471 κεφαλὰς
1757 4406 2008 4477 ἀπετμή-

2117 3294 2265 3349 caule
2298 3293 2497 3349 Leonis
2523 3293 2767 3349 Armenii
2817 3294 2999 3364 gladio
3030 3296 3429 3349 comminutum
3492 3295 3691 3352 fuerat.

2118 3383 2287 3441 Ludis
2317 3387 2575 3456 peractis,
2613 3386 2665 3440 in
2700 3386 2877 3441 locum
2937 3387 3161 3442 nomine
3214 3387 3408 3443 Sedem
3446 3398 3691 3443 senatum

2116 3493 2331 3534 onmem
2355 3479 2701 3544 convocavit,
2737 3488 2791 3533 et
2836 3479 3161 3549 productnm
3196 3478 3584 3534 candelabrum
3612 3481 3694 3534 eis

2117 3579 2303 3619 coram
2338 3567 2649 3630 ostendens,
2681 3565 2819 3619 dixit
2850 3585 2863 3621 :
2906 3566 3008 3632 Qui
3051 3568 3310 3638 templum
3366 3568 3580 3623 Domini
3612 3569 3695 3622 iu-

2117 3671 2339 3727 gressus
2374 3657 2638 3713 christum
2673 3657 2885 3712 Domini
2920 3659 3201 3727 interﬁcit,
3236 3661 3398 3730 cujus
3442 3661 3694 3716 criminis

2116 3766 2247 3805 reus
2276 3759 2361 3805 est
2389 3750 2412 3804 ’ί
2440 3748 2791 3819 Respondens
2821 3759 3044 3807 senatus
3072 3752 3149 3807 ait
3184 3772 3197 3809 :
3229 3755 3371 3809 Reus
3421 3763 3506 3809 est
3548 3768 3696 3809 mor-

2124 3847 2215 3914 tis,
2250 3847 2493 3902 domine.
2528 3846 2835 3918 Statimque
2869 3848 3034 3917 jussit
3068 3848 3380 3917 praefectum
3434 3866 3549 3917 eos,
3599 3853 3692 3922 qui

2120 3952 2227 3992 una
2262 3952 2386 3992 cum
2431 3945 2583 4007 patre
2610 3952 2708 3993 suo
2764 3937 3027 3993 Michaele
3081 3938 3317 3994 Leonem
3355 3940 3687 4007 occiderant,

2104 4032 2544 4100 apprehendere,
2577 4040 2631 4085 et
2666 4031 2830 4085 multa
2869 4032 2996 4086 licet
3025 4032 3490 4101 praetendentibus
3515 4043 3570 4090 et
3588 4036 3689 4089 ob-

2116 4125 2458 4193 jicientibus,
2513 4124 2868 4194 iniquamque
2923 4126 3280 4181 causantibus
3339 4126 3686 4192 sententiam,

2121 4215 2327 4271 Etenim
2360 4217 2462 4270 nisi
2496 4216 2633 4285 patri
2665 4225 2758 4270 luo
2794 4231 2948 4285 opem
2997 4217 3331 4283 tulissemus,
3366 4219 3529 4272 modo
3575 4232 3686 4272 non

2120 4308 2439 4379 imperares,
2465 4309 2531 4363 ad
2583 4309 2826 4363 Fundam
2880 4309 3052 4378 capita
3107 4310 3399 4377 amputari.
3438 4311 3496 4366 In
3544 4310 3690 4367 hunc

2121 4400 2342 4454 modum
2381 4401 2485 4455 sub
2514 4400 2759 4454 omnium
2785 4399 2949 4471 450
2994 4409 3292 4471 conspectu
3328 4401 3503 4472 capita
3558 4410 3688 4458 sunt

435 4494 629 4560 ίιησαν,
678 4495 1032 4564 προσχήματι
1069 4496 1166 4564 μὲν
1195 4494 1270 4557 ὡς
1298 4495 1376 4556 είς
1403 4496 1531 4549 ναὸν
1572 4497 1781 4566 Κυρίου
1830 4499 2011 4553 τετολ-
2044 4493 2087 4547 D
2116 4492 2189 4546 illi

1924 4499 2011 4553 ολ-
2044 4493 2087 4547 D
2116 4492 2223 4547 illis
2254 4493 2502 4561 praecisa,
2522 4501 2785 4563 praetextu
2820 4492 3063 4561 quidem,
3084 4492 3227 4562 quod
3257 4493 3310 4546 in
3344 4493 3547 4562 templo
3580 4493 3686 4548 Do-

440 4587 676 4654 μηκότες
711 4586 1040 4654 ποιήσασθαι
1075 4588 1175 4652 τὴν
1210 4587 1528 4657 ἀναίρεσιν·
1560 4591 1627 4659 τῇ
1668 4590 1896 4661 ἀληθείᾳ
1933 4592 2010 4655 ὡς

434 4682 523 4731 τὸν
555 4678 987 4749 συναιρεσιὼτην
1012 4680 1182 4733 αὑτοῦ
1213 4679 1307 4733 καὶ
1334 4681 1614 4751 ὁμόφρονα
1647 4683 1725 4745 είς
1754 4684 2010 4737 ἀσέῦειαν

436 4772 881 4835 ἀποκτείναντες,
927 4772 1121 4842 Εἴχετο
1143 4773 1252 4843 γὰρ
1283 4774 1313 4825 ὁ
1349 4772 1650 4842 ἀλητήριος
1668 4776 1770 4846 τῆς
1799 4776 2009 4831 ἐκείνου

437 4863 765 4931 (πεπηγώς
821 4864 1109 4934 αἱρέσεως,
1144 4864 1252 4916 τῶν
1288 4864 1463 4931 ἁγίων
1496 4864 1719 4918 εἰκόνων
1770 4868 1871 4930 τὰς
1911 4870 2010 4937 μὲν

439 4955 751 5017 κατασπῶν,
784 4956 881 5018 τὰς
908 4956 963 5008 δὲ
996 4957 1326 5027 ἀνορύττων.
1351 4955 1539 5027 Τούτῳ
1570 4956 1816 5029 Θεοφίλῳ
1841 4977 2009 5030 προσ-

437 5050 635 5115 έφυγεν
672 5048 943 5116 Θεόφοϐος
978 5050 1195 5119 Πέρσης
1222 5050 1338 5120 ἅμα
1369 5051 1444 5120 τῷ
1467 5049 1635 5120 πατρὶ
1666 5052 1831 5104 αὑτοῦ
1873 5055 2010 5122 μετὰ

438 5140 662 5210 Περσῶν
690 5141 943 5210 χιλιάδων
996 5141 1076 5194 ιδ’.
1130 5141 1240 5205 Οὓς
1291 5143 1566 5212 διένειμεν
1600 5136 1754 5206 οὗτος
1807 5146 1865 5197 ὲν
1896 5147 2010 5208 τοῖς

438 5236 636 5303 θέμασι
683 5233 1137 5303 κατασκηνὼσας,
1190 5235 1285 5288 καὶ
1331 5237 1412 5298 είς
1444 5234 1688 5305 τούρμας
1732 5238 2013 5290 ἀποκατα-

2119 4583 2252 4638 mini
2311 4586 2500 4639 eadem
2548 4593 2863 4654 perpetrare
2922 4585 3041 4638 ausi
3096 4583 3331 4649 inerant,
3396 4593 3451 4639 at
3494 4599 3687 4639 revera

2118 4679 2262 4749 quod
2290 4678 2536 4749 ejusdem
2562 4694 2746 4733 secum
2788 4678 3064 4747 opinionis
3090 4687 3144 4732 et
3178 4678 3290 4747 pari
3324 4678 3514 4752 haeresi
3550 4678 3689 4733 infe-

2116 4782 2263 4829 ctum
2289 4772 2658 4827 sustulissent.
2689 4770 2944 4839 Ejusdem
2969 4772 3167 4840 quippe
3190 4772 3300 4827 Deo
3334 4772 3559 4828 infensa:
3574 4774 3685 4827 ha!-

2118 4879 2305 4919 rcseos
2328 4864 2444 4917 labe
2469 4862 2736 4932 piaculum
2765 4861 2895 4916 illud
2917 4863 3221 4928 tenebatur,
3256 4865 3349 4932 qui
3370 4874 3683 4919 sanctarum

2119 4956 2418 5026 imaginum
2464 4955 2599 5009 alias
2625 4954 2956 5016 detraheret,
2986 4955 3123 5009 alias
3169 4955 3554 5026 disrumperet.
3606 4958 3687 5012 Ad

2122 5050 2267 5104 hunc
2279 5047 2635 5115 Theophilum
2663 5045 2928 5116 profugus
2943 5048 3089 5101 venit
3106 5028 3473 5117 Theoph’o'bus
3501 5049 3687 5116 Persa,

2121 5159 2225 5199 una
2249 5157 2371 5196 cum
2392 5152 2544 5209 patre
2574 5155 2674 5194 suo
2698 5149 2751 5193 et
2782 5140 3068 5195 Persarum
3108 5142 3347 5197 millibus
3370 5142 3693 5211 quatuorde-

2120 5238 2248 5298 cim,
2274 5235 2470 5305 quibus
2503 5249 2598 5303 per
2632 5238 2841 5287 turmas
2871 5234 3081 5298 divisis,
3110 5235 3162 5288 in
3192 5236 3422 5292 diversis
3455 5236 3689 5307 regioni-

1594 5374 1840 5429 FRANC.
1869 5370 2255 5432 COMBEFISII
2293 5365 2523 5424 ΝΟΤΕ.

512 5494 588 5558 (6)
620 5495 812 5565 Isthmc
852 5494 1039 5548 eadem
1104 5496 1349 5565 pluribus
1379 5500 1732 5553 continuator
1787 5499 1909 5554 Vat.
1950 5509 2005 5554 et

440 5582 501 5619 ev
536 5580 601 5619 eo
625 5564 785 5618 Cedr.
819 5566 909 5632 qui
962 5566 1102 5618 hanc
1154 5565 1442 5634 Theophili
1498 5572 1837 5625 severitatem
1896 5586 2005 5623 non

442 5635 818 5705 tamjustitize
858 5636 975 5688 zelo
1024 5636 1327 5700 ascribunt,
1358 5655 1516 5705 quam
1553 5650 1611 5695 ut
1663 5642 1751 5694 ille
1803 5640 1906 5693 sibi
1938 5641 2008 5694 ab

442 5704 657 5759 insidiis
691 5716 925 5763 caveret.
975 5704 1389 5775 subditosquea
1442 5711 1673 5765 violenta
1721 5711 1775 5765 in
1808 5710 2009 5777 princi-

444 5791 563 5843 pem
604 5791 764 5828 manu
825 5777 1145 5831 deterreret.
1205 5777 1401 5831 Leonis
1454 5780 1807 5835 Grammatici
1845 5782 2003 5844 ratio,

445 5857 501 5898 ut
539 5846 769 5902 voluerit
828 5846 1013 5901 ulcisci
1077 5848 1373 5917 principem
1416 5851 1806 5909 lconOclastam
1832 5852 2006 5907 eidem

2118 5500 2231 5567 ipse
2272 5493 2683 5567 addictissimus
2724 5489 2937 5567 haeresi,
2972 5489 3213 5567 jejunior
3269 5496 3543 5567 est,_c_um
3590 5505 3690 5567 nec

2118 5557 2275 5637 pater
2308 5566 2454 5637 illius
2506 5564 2573 5637 ab
2626 5576 2695 5637 ea.
2747 5557 3343 5637 abhorret-eLASummi
3398 5557 3688 5637 Theophili

2116 5629 2315 5705 rigoris
2339 5634 2464 5704 jure
2501 5630 2735 5705 dicendo
2766 5629 3239 5705 exemplaaﬂert,
3263 5629 3689 5705 plurimumque

2118 5694 2300 5762 laudat
2339 5694 2541 5758 'auctor
2574 5702 2839 5755 orationis
2894 5698 3173 5755 Dominica
3225 5694 3325 5768 τῆς
3377 5694 3688 5768 ὀρθοδοξιῖας

2118 5778 2275 5833 nobis
2303 5775 2444 5829 edita
2468 5777 2617 5826 Auct.
2638 5781 2767 5827 tom.
2806 5770 2871 5838 ll,
2905 5786 2932 5826 e
2957 5771 3153 5841 quibus
3188 5770 3271 5825 hic
3306 5771 3490 5840 aliqua
3519 5770 3683 5826 refert

2118 5849 2226 5905 Leo
2261 5857 2313 5904 et
2344 5844 2616 5916 suggillat.
