4462 6446
437 400 572 465 1057

1733 394 2408 456 (IHRONOGRAPIIH.

3571 398 3700 458 1053

433 510 689 581 ληθέντος
762 507 1121 580 ὑποχωρῆσαι
1186 511 1279 563 τοῦ
1364 506 1707 579 ἀμερουμνῆ,
1744 506 1830 558 δια
1868 522 2012 568 τινος
2043 510 2087 566 Α
2118 507 2195 560 rit:

1930 522 2012 568 νος
2043 510 2087 566 Α
2118 507 2254 560 ritus
2284 504 2610 576 signiticaxit
2646 524 2654 555 :
2689 504 2741 557 Si
2777 504 2893 556 dies
2934 514 3139 559 tantum
3164 505 3301 560 duo-1
3334 506 3400 558 ad
3449 521 3692 563 castrum

430 604 703 671 ἐμήνυσεν
736 603 763 653 ὁ
797 601 961 664 αὐτὸς
984 602 1337 672 ἀστρονόμος,
1371 602 1451 654 ὅτι
1485 601 1542 652 Εἰ
1587 597 2009 668 προσκαρτερή-

434 712 546 757 σεις
574 694 651 763 τῷ
676 695 898 765 κάστρῳ
926 695 1019 747 δύο
1048 695 1282 766 ἡμέρας,
1326 693 1688 764 έκπορθήσεις
1744 692 1916 760 ἡμᾶς.
1951 690 2016 742 Ὀ

437 785 530 837 καὶ
577 786 1120 861 γέγονεν.Προεδὸθη
1159 768 1268 859 γὰρ
1297 789 1402 841 ὐπὸ
1450 805 1510 839 τε
1560 787 1654 839 τοῦ
1719 785 2015 857 λεγομένου

435 878 679 948 Βοῖδὶτζη
712 880 805 932 καὶ
844 879 939 932 τοῦ
963 880 1362 949 Μανικοφάγου
1396 880 1451 949 (9.
1476 878 1531 949 ‘).
1590 877 2016 947 Κατεσχέθήσαν

430 971 486 1023 δὲ
545 970 654 1022 τῶν
713 970 1031 1041 ὀνομαστῶν
1106 971 1299 1042 ἄνδρες
1368 973 1469 1024 οὐκ
1529 972 1777 1039 ἀγεννεῖς
1849 968 2016 1021 ἀπελ-

434 1063 617 1125 θόντες
642 1063 699 1114 ἐν
732 1063 902 1132 Συρία
931 1062 1295 1133 αἰχμάλωτοι,
1344 1063 1607 1131 Θεόφιλος
1642 1067 1668 1117 ὁ
1703 1066 2011 1132 πατρίκιος,

433 1155 527 1207 καὶ
561 1157 882 1224 στρατηγοὶ,
911 1156 938 1207 ὃ
967 1172 1025 1207 τε
1056 1156 1419 1227 Μελισσηνὸς,
1464 1157 1558 1209 καὶ
1589 1158 1617 1208 ὁ
1640 1158 1843 1219 ’Λέτιος
1878 1158 2013 1227 (fil),

434 1248 524 1298 καὶ
544 1245 818 1316 Θεόδωρος
840 1248 1354 1318 πρωτοσπαθὰριος,
1379 1249 1407 1301 ὁ
1432 1250 1476 1302 Κ
1490 1266 1615 1317 ρατε
1626 1248 1736 1318 ρὸς,
1756 1250 1848 1302 καὶ
1867 1249 2014 1302 Κάλ-

434 1337 614 1399 λιστος
643 1338 1026 1408 τουρμάρχης,
1055 1339 1151 1392 καὶ
1180 1339 1450 1409 Κύριλλος
1476 1339 1591 1411 (2?)
1629 1341 2013 1410 ὁρουγγὰριος,

435 1428 527 1478 καὶ
558 1427 826 1497 Βασσιῦης,
852 1429 943 1480 καί
968 1447 1114 1492 τινες
1153 1428 1412 1502 ἄρχοντες
1443 1431 1552 1483 τῶν
1580 1431 1875 1499 ταγμάτων
1903 1447 1915 1461 '
1966 1432 2016 1483 οἳ

434 1517 583 1586 παρᾶ
612 1518 705 1570 τοῦ
739 1520 1243 1588 πρωτοσυμϐούλου
1278 1521 1721 1589 ἀναγκασθέντες
1772 1523 2018 1593 ἀρνήσα-

444 1608 568 1661 σθαι
595 1610 694 1675 τὴν
723 1611 904 1663 αὐτῶν
931 1613 1132 1674 πίστιν.
1187 1612 1283 1665 καὶ
1340 1613 1533 1667 τούτου
1573 1615 1646 1683 μὴ
1699 1615 2014 1679 πεισθέντος

436 1696 574 1764 ξίφει
603 1700 699 1759 τὰς
737 1701 948 1753 ἑαυτῶν
980 1701 1223 1769 κεφαλὰς
1255 1703 1677 1772 ἀπετμήθησαν,
1708 1705 1827 1756 ἀντὶ
1849 1721 2017 1774 προσ·

435 1790 626 1861 καίρου
662 1791 802 1860 ζωῆς
838 1792 937 1862 τὴν
998 1791 1218 1846 αἰώνιον
1269 1794 1675 1865 ἀγαπήσαντες.
1722 1796 1778 1848 Ὀ
1806 1796 1861 1848 δὲ
1918 1797 2015 1865 τὴν

2124 600 2420 655 stationem
2451 598 2730 661 habueris,
2767 597 3045 653 obtinebis
3085 613 3182 653 nos
3210 616 3223 662 ;
3252 599 3398 668 quod
3427 608 3479 653 et
3515 603 3693 655 conti-

2121 692 2217 762 git.
2278 692 2319 743 A
2358 689 2607 745 Boiditze
2665 692 2867 761 quippe
2928 700 3144 755 vocato,
3198 702 3249 745 et
3303 691 3702 763 .‘llanicophago

2120 785 2397 856 proditum
2432 795 2534 839 est.
2567 784 2721 853 Capti
2753 793 2883 838 sunt
2914 786 3079 838 etiam
3107 786 3351 838 virorum
3386 787 3701 838 nominato-

2119 893 2241 931 rum
2278 887 2330 931 et
2356 892 2463 929 non
2494 876 2813 946 ignobilium
2838 876 3079 943 plurimi,
3106 885 3158 929 et
3200 876 3252 929 in
3298 876 3509 945 Syriam
3541 875 3702 947 455

2118 969 2342 1023 abducti
2379 968 2599 1037 captivi.
2634 968 2973 1036 Theophilus
3016 968 3281 1036 patricius
3305 979 3355 1021 et
3386 968 3551 1023 duces
3589 970 3701 1033 isti,

2117 1060 2465 1125 Melissenus,
2498 1062 2704 1125 Aetius,
2732 1060 3054 1115 Theodorus
3080 1062 3579 1130 protospalharins,
3608 1063 3700 1131 qui

2118 1165 2172 1209 et
2210 1156 2493 1218 Craterus,
2524 1154 2785 1209 Callistus
2829 1155 3169 1218 turmarcha,
3204 1153 3440 1225 Cyrilius
3463 1156 3703 1224 drunga-

2122 1247 2258 1311 tius,
2294 1256 2343 1299 et
2378 1244 2629 1308 Bassoes,
2667 1256 2720 1299 et
2748 1245 2972 1314 quidam
3014 1245 3292 1313 agminum
3328 1262 3580 1315 proceres
3608 1246 3703 1316 qui

2118 1356 2145 1392 ιι
2182 1337 2595 1409 protosymbulo
2627 1338 2916 1390 tormentis
2958 1336 3160 1397 adacti,
3216 1346 3275 1390 ttt
3327 1337 3485 1391 fidem
3536 1355 3702 1408 nega-

2118 1442 2264 1495 rent,
2315 1430 2419 1501 ipsi
2449 1446 2654 1484 morem
2716 1444 2822 1482 non
2856 1440 3127 1498 gerentes,
3192 1429 3373 1499 gladio
3430 1430 3701 1499 capitibus

2118 1524 2331 1595 prmcisi
2367 1532 2515 1588 sunt,
2549 1523 2674 1576 vitae
2702 1524 3021 1591 temporalis
3055 1524 3169 1576 vice
3202 1534 3459 1577 :eternam
3492 1540 3691 1578 conse-

2119 1615 2252 1669 cuti.
2303 1614 2615 1684 Discipulus
2647 1624 2825 1667 autem
2866 1613 3064 1666 Leonis
3109 1612 3425 1682 Philosophi
3469 1614 3699 1667 salutem

2121 1709 2524 1763 honestissimae
2556 1715 2766 1774 turpem
2802 1704 3127 1776 przrferens,
3162 1721 3285 1759 cum
3314 1706 3378 1757 ad
3408 1706 3700 1758 Amerum-

2120 1817 2241 1855 nem
2270 1801 2599 1858 transiissct.
2630 1801 2699 1852 ah
2731 1815 2796 1853 co
2819 1798 2885 1852 de
2912 1798 3143 1851 scientia
3175 1813 3271 1850 sua
3304 1798 3696 1868 interrogatus,

436 1886 670 1953 αἰσχρὰν
704 1887 982 1957 σωτηρίαν
1015 1886 1114 1956 τῆς
1169 1887 1463 1955 καλλίστης
1520 1889 2015 1959 ἁνταλλαξὰμενος,
2052 1887 2093 1941 Β
2124 1892 2194 1946 Le

1928 1907 2015 1954 νος,
2052 1887 2093 1941 Β
2124 1892 2323 1947 Leonis
2360 1893 2687 1961 discipulunt
2726 1907 2845 1944 esse
2879 1888 3158 1959 professus
3186 1900 3288 1944 est.
3325 1893 3690 1947 Amerumnes

433 1979 461 2029 ὁ
494 1977 589 2029 τοῦ
631 1978 928 2044 Φιλοσόφου
989 1978 1218 2045 Λέοντος
1274 1980 1524 2051 μαθητὴς
1581 1983 1875 2051 προσρυεὶς
1939 1981 2017 2051 τῷ

440 2069 787 2139 ἀμερουμνῇ,
853 2070 1102 2139 ὲρωτήθη
1128 2070 1259 2136 παρ’
1291 2070 1457 2123 αὐτοῦ
1508 2072 1636 2142 περὶ
1662 2072 1760 2140 τῆς
1791 2073 2018 2141 ἐπιστή-

434 2177 541 2229 μης
571 2161 757 2215 αὐτοῦ.
822 2161 881 2214 Ὀ
911 2161 966 2214 δὲ
993 2157 1143 2214 εἶπεν
1167 2160 1415 2233 μαθητὴν
1464 2157 1619 2215 εἶναι’
1652 2164 1747 2216 τοῦ
1804 2164 2021 2217 Φιλοσό-

432 2268 530 2317 φου
557 2253 800 2315 Λέοντος.
830 2246 997 2314 Οὗτός
1019 2269 1077 2304 τε
1104 2253 1251 2315 ὅστις
1276 2255 1303 2306 ὁ
1333 2252 1507 2315 Λέων,
1540 2255 1632 2305 καὶ
1667 2256 1853 2306 ὁποῖον
1921 2255 2017 2306 αὖ·

430 2342 520 2395 τὸν
546 2344 812 2413 ἐπεθύμει
852 2344 1001 2397 ἰδεῖν.
1032 2343 1143 2397 Καὶ
1168 2344 1230 2415 δή
1262 2362 1383 2399 τινα
1408 2343 1559 2417 [τινι]
1593 2345 1698 2397 τῶν
1728 2346 2011 2415 σίχμαλὼο

428 2452 537 2486 των
601 2436 724 2498 δοὺς
787 2436 1100 2505 γράμματα
1155 2435 1294 2505 πρὸς
1338 2436 1545 2490 Λέοντα
1603 2437 1694 2489 τον
1718 2437 2012 2507 Φιλόσοφον

427 2524 749 2577 ἀπέστειλεν
825 2528 883 2578 ὲν
945 2526 1561 2588 Κωνσταντινουπόλει,
1642 2528 2011 2599 ὑποσχόμενος

430 2614 605 2685 αὐτῷ,
631 2618 712 2669 ὅτι
742 2619 785 2668 εἰ
812 2618 1019 2682 ἐξέλθοι
1047 2620 1143 2673 ἀπ’
1169 2618 1305 2692 [ἐπ’]
1335 2620 1566 2684 ἐκεῖνον,
1585 2620 1747 2673 αὐτὸν
1764 2616 1901 2674 εἶναι
1953 2624 2011 2675 ὲν

428 2710 581 2776 τιμῇ.
630 2707 691 2761 '0
723 2709 777 2761 δὲ
813 2710 965 2762 Λέων
994 2710 1061 2763 τὰ
1085 2712 1386 2781 γράμματα
1439 2710 1750 2775 ἀπολαϐὼν,
1784 2714 1879 2766 καὶ
1911 2730 2007 2783 φο-

428 2798 615 2868 ϐηθεὶς
650 2800 724 2870 μή
764 2818 881 2864 πως
908 2802 1243 2874 διαγνωσθῇ,
1269 2804 1549 2872 ἀνήγαγεν
1594 2802 1736 2857 αὐτὰ
1763 2802 2009 2875 Θεοφίλῳ

2120 1985 2243 2053 quis
2272 1991 2324 2037 et
2353 1983 2530 2051 qualis
2557 1991 2703 2035 esset
2733 1981 2833 2034 iste
2861 1979 2969 2033 Leo
3000 1981 3227 2049 probare
3246 1982 3495 2049 cupiens,
3530 1981 3701 2051 capti-

2119 2093 2311 2131 vorum
2346 2092 2453 2130 non
2485 2075 2690 2129 nemini
2724 2074 2871 2128 datis
2899 2073 3118 2136 litteris,
3154 2072 3219 2125 ad
3252 2072 3485 2127 Leonem
3514 2072 3701 2129 Philo-

2118 2167 2350 2237 sophunt
2382 2164 2916 2233 Constantinopolim
2952 2164 3120 2225 misit,
3149 2164 3448 2232 pollicitus,
3480 2166 3525 2218 si
3553 2165 3700 2219 veni-

2120 2269 2223 2321 ret,
2259 2259 2313 2312 in
2343 2259 2553 2312 honore
2597 2256 2863 2311 futurum.
2928 2256 3181 2323 Acceptis
3224 2256 3439 2319 litteris,
3490 2257 3699 2311 veritus

2120 2349 2229 2404 Leo
2257 2366 2325 2404 ne
2352 2350 2790 2418 dignosceretur,
2816 2346 3120 2416 'l'heOphilo
3149 2347 3463 2415 imperatori
3494 2358 3697 2401 cuncta

2119 2440 2337 2493 detulit.
2392 2438 2748 2508 Theophilus,
2778 2438 2898 2507 ejus
2947 2438 3129 2506 agnita
3160 2438 3406 2501 scientia,
3442 2448 3696 2491 vocatum

2121 2531 2358 2585 detinuit
2394 2532 2447 2585 in
2513 2530 2821 2600 Magnaura:
2874 2528 3098 2598 palatio,
3152 2528 3382 2582 docendi
3442 2528 3699 2584 facultate

2120 2624 2515 2694 discipulisque
2547 2634 2602 2678 et
2626 2622 2840 2678 cunctis
2879 2621 3205 2676 necessariis
3231 2622 3295 2675 ad
3332 2623 3695 2677 ministerium

2118 2717 2403 2781 exhibitis,
2440 2717 2530 2787 qui
2556 2717 2814 2785 deinceps
2856 2714 3203 2784 ntetropolita
3238 2712 3698 2770 Thessalonicen-

2117 2807 2194 2861 sis
2222 2808 2451 2862 exstitit.

426 2890 502 2959 τῷ
527 2890 752 2959 βασιλεῖ.
800 2893 855 2945 'U
907 2893 963 2945 δὲ
1021 2896 1183 2962 γνοὺς
1231 2894 1303 2948 τὰ
1342 2895 1442 2964 τῆς
1504 2895 1672 2948 αὐτοῦ
1731 2896 2064 2966 ἐπιστήμης,
2110 2901 2555 2970 προσλαϐόμενος
2610 2898 2774 2953 αὐτον
2832 2893 2978 2967 εἶχεν
3036 2899 3093 2949 ἐν
3150 2897 3229 2966 τῷ
3261 2896 3527 2966 ῑπαλατῖῳ
3591 2901 3693 2969 τῆς

427 2983 779 3054 δίη-λαύρας,
819 2987 1095 3055 παραδοὺς
1123 2985 1272 3055 αὐτῷ
1295 2986 1568 3039 διδάσκειν
1599 2988 1694 3041 καὶ
1730 2987 2000 3057 μαθητὰς,
2044 2992 2300 3063 παρέχων
2331 2992 2479 3063 αὐτῷ
2505 2994 2570 3045 τὰ
2635 2991 2770 3062 πρὸς
2836 2991 3143 3061 ὑπηρεσίαν
3226 2991 3461 3056 ἅπαντα,
3504 2991 3560 3055 ὃς
3602 2994 3696 3045 καὶ

430 3076 827 3147 μητροπολίτης
853 3079 909 3129 ἐν
944 3077 1315 3148 Θεσσαλονίκῃ
1346 3077 1591 3145 γέγονεν.

540 3170 581 3222 0
611 3168 667 3221 δὲ
691 3169 850 3231 αὐτὸς
875 3169 1127 3237 βασιλεὺς
1160 3170 1250 3222 τὸν
1287 3173 1577 3240 τρίκογχον
1607 3172 1664 3224 ὲν
1703 3171 1782 3243 τῷ
1825 3173 1993 3226 παλα-
2027 3177 2069 3235 C

425 3262 546 3330 τεῳ,
578 3260 673 3313 καὶ
710 3259 769 3311 τὸ
822 3260 1114 3328 λεγόμενον
1175 3261 1377 3331 Σῖγμα,
1434 3264 1529 3315 καὶ
1559 3264 1657 3325 τὰς
1690 3264 2006 3334 ἀναὸάθρας

426 3354 553 3406 ἔνθα
576 3355 622 3405 οἱ
658 3352 821 3420 δῆμοι
862 3352 1129 3417 ἵστανται,
1163 3354 1390 3422 στήσας,
1434 3354 1529 3407 καὶ
1560 3353 1756 3423 φιάλην
1780 3356 1837 3407 ἐν
1924 3356 2008 3421 τί-

424 3461 573 3496 νεται
609 3443 667 3494 τὸ
706 3440 1127 3511 Σαξιμοδέξιμον
1161 3441 1275 3510 (25)
1319 3442 1636 3511 λεγόμενον,
1682 3443 1789 3495 τῶν
1823 3444 2005 3496 ἵππων

423 3534 749 3605 ἀμφοτέρων
807 3533 914 3585 τῶν
968 3534 1149 3604 μερῶν
1192 3535 1556 3605 διερχομένων
1617 3535 1757 3604 μετὰ
1786 3536 2004 3606 χρυσῶν

426 3628 798 3698 σαγισμάτων.
870 3626 1004 3679 ’Υπδ
1060 3626 1117 3679 δὲ
1164 3627 1257 3679 τὸν
1308 3626 1608 3697 τρίκογχον
1641 3627 1886 3679 κάτωθεν
1918 3627 2005 3680 διὰ

425 3718 673 3787 μηχανῆς
704 3716 959 3786 ἐποίησεν
990 3716 1049 3769 τὸ
1081 3715 1375 3785 λεγόμενον
1412 3717 1730 3787 μυστήριον,
1787 3720 1844 3769 ὲν
1878 3710 1921 3784 ᾧ
1948 3718 2003 3769 ἐν

420 3813 485 3879 τῇ
513 3812 611 3880 μιᾷ
630 3809 821 3880 γωνία,
840 3809 869 3862 ὂ
888 3808 983 3861 ἐὰν
1008 3808 1135 3879 εἴπῃ
1158 3825 1262 3872 τις,
1293 3808 1610 3872 ἐξακούεται
1637 3812 1693 3862 ἐν
1720 3812 1786 3878 τῇ
1816 3810 1997 3880 ἑτέρᾳ.

422 3901 625 3955 Μαθὼν
655 3900 711 3952 δὲ
746 3900 906 3961 αὐτὸς
940 3899 1195 3968 Θεόφιλος
1224 3900 1306 3952 ὅτι
1337 3898 1620 3967 Θεοφάνης
1652 3901 1880 3970 ποιητὴς
1906 3900 1999 3952 καὶ

420 3993 689 4060 Θεόδωρος
723 3992 749 4043 ὀ
775 3991 1002 4059 ἀδελφὸς
1041 3990 1229 4054 αὐτοῦ,
1258 3990 1379 4044 καθ’
1405 3990 1635 4053 ἑαυτοὺς
1677 3991 1881 4055 ζῶντες
1900 3992 2001 4062 τὴν

419 4083 670 4137 assam;
710 4081 875 4135 αὖτοῦ
906 4081 1259 4152 κωμῳδοῦσιν
1290 4082 1383 4135 καὶ
1415 4082 1788 4151 διελέγχουσιν
1809 4121 1823 4145 ,
1866 4083 1999 4135 ἁπο-

420 4174 632 4236 στεΞλ-ις
667 4174 783 4242 μετ’
804 4175 973 4243 ὀργῆς
998 4175 1204 4244 ήγαγεν
1229 4174 1425 4237 αὐτοὺς
1454 4173 1589 4237 πρὸς
1624 4173 1807 4235 αὐτὸν,
1830 4172 1997 4225 εἰπὼν

418 4267 573 4319 τάδε’
613 4267 781 4319 Πόθεν
821 4266 983 4330 icti;
1026 4267 1086 4319 Οῑ
1121 4266 1178 4318 δὲ
1213 4260 1367 4318 εἷπον
1390 4282 1403 4294 ·
1457 4266 1662 4331 Πόθεν;
1699 4267 1763 4316 ἐκ
1794 4266 1997 4320 Παλαιν

419 4358 623 4426 στί-λης.
664 4358 721 4411 '0
749 4358 806 4411 δὲ
840 4358 1133 4428 ἀλητήριος
1160 4374 1172 4387 ·
1209 4357 1317 4410 Καὶ
1352 4357 1440 4410 διὰ
1497 4358 1549 4411 τί
1582 4358 1680 4428 τὴν
1709 4358 1813 4427 γῆν
1845 4357 1997 4425 ὑμῶν

417 4449 668 4515 ἀφέντες,
697 4450 787 4501 καὶ
830 4451 908 4511 εἰς
940 4448 1035 4519 τὴν
1065 4449 1342 4519 ἡμετέραν
1402 4448 1650 4513 ἐλθόντες
1683 4451 1742 4502 οὐ
1769 4453 1995 4520 πειθαρ-

2175 3171 2319 3226 Idem
2356 3171 2651 3240 imperator
2682 3170 3025 3225 trieonehum
3061 3170 3113 3221 in
3168 3168 3390 3237 palatio,
3445 3178 3496 3222 et
3545 3169 3691 3237 quod

2112 3264 2313 3319 dicitur
2338 3262 2542 3333 Signia,
2578 3264 2911 3332 gradusque,
2955 3264 3154 3333 quibus
3206 3263 3472 3317 factiones
3514 3266 3695 3318 consi-

2110 3364 2282 3419 stunt,
2322 3366 2373 3409 et
2396 3354 2603 3409 fontem
2640 3356 2943 3421 aedificavit,
2991 3371 3098 3423 quo
3130 3355 3406 3424 peragitur
3434 3356 3683 3409 Saximo-

2108 3448 2386 3501 deximum
2460 3447 2690 3510 dictum,
2738 3447 3025 3515 utriusque
3080 3446 3251 3515 partis
3299 3446 3455 3514 equis
3507 3447 3689 3500 aureis

2108 3539 2698 3610 stragulisinslructis,
2747 3548 2799 3592 et
2847 3539 3373 3607 pertranseuntibus.
3435 3537 3548 3591 Sub
3590 3540 3689 3591 tri-

2108 3631 2319 3684 concho
2347 3644 2475 3681 vero
2512 3644 2576 3682 ex
2613 3629 2864 3682 machina
2914 3639 3183 3682 secretum
3219 3628 3315 3695 (ita
3344 3628 3556 3693 vocant)
3591 3644 3689 3694 po-

2105 3723 2234 3786 suit,
2280 3723 2332 3774 in
2376 3724 2534 3788 cuius
2569 3722 2769 3790 angulo
2801 3722 2998 3791 quovis
3038 3720 3303 3789 quidquid
3342 3720 3535 3772 dixerit
3590 3721 3689 3771 ali-

2103 3809 2246 3878 quis,
2280 3809 2333 3861 in
2367 3809 2543 3861 altero
2572 3809 2882 3862 exauditur.
2950 3807 3287 3875 ΤΙιροιιΙιίΙιιε
3338 3816 3517 3860 autem
3562 3822 3684 3860 curn

2102 3902 2379 3957 didicisset
2415 3901 2801 3969 TheOphanem
2836 3912 3049 3969 poetam
3088 3909 3141 3953 et
3172 3899 3519 3953 Theodorum
3563 3899 3683 3964 eius

2104 3993 2326 4049 fratrem
2384 3995 2557 4062 ipsius
2618 3994 2954 4063 impietatem
3018 3991 3314 4061 suggillare
3338 3999 3389 4043 et
3436 4005 3685 4059 arguere.

2101 4085 2320 4138 ntittens
2343 4098 2463 4135 cum
2492 4082 2675 4135 furore
2706 4097 2799 4136 eos
2823 4082 2886 4134 ad
2910 4096 2969 4134 se
2991 4080 3282 4133 accersit-it
3316 4080 3537 4133 dicens:
3573 4077 3685 4131 Un-

2100 4176 2295 4230 denam
2324 4176 2509 4228 estis?
2566 4173 2822 4228 Dixerunt
2882 4174 2977 4225 illi.
3032 4171 3231 4225 Unde?
3275 4186 3338 4225 ex
3374 4170 3682 4225 Palaestina.

2100 4268 2373 4322 Scelestus
2406 4277 2633 4323 autem:
2693 4266 2866 4332 Quam
2904 4268 2973 4319 ob
3020 4281 3242 4319 causam
3287 4265 3456 4333 patria
3506 4273 3681 4317 vestra

2097 4362 2334 4422 deserta,
2379 4360 2430 4413 in
2463 4360 2724 4413 ditionem
2792 4368 3036 4410 nostram
3082 4357 3360 4410 venientes
3396 4372 3501 4409 non
3553 4356 3681 4409 ohe-

2097 4453 2223 4506 ditis
2266 4454 2494 4521 imperio
2563 4452 2794 4505 nostro?
2847 4449 2958 4502 illis
3017 4450 3148 4501 nihil
3208 4448 3679 4517 respondentibus.

418 4543 560 4607 χεῖτε
596 4542 660 4609 τῇ
689 4540 935 4610 βασιλεία
977 4540 1165 4610 ήμῶν;
1197 4541 1318 4593 Τῶν
1352 4542 1408 4593 δὲ
1461 4541 1628 4610 μηδὲν
1658 4542 1985 4612 ἁποκριθέν-
2024 4521 2067 4575 D
2090 4544 2180 4613 jus

1920 4544 1985 4593 ἱν-
2024 4521 2067 4575 D
2090 4543 2255 4613 jussit
2286 4558 2472 4595 eorum
2511 4542 2675 4595 facies
2703 4542 2835 4594 durc
2875 4540 3106 4609 percuti.
3136 4539 3395 4607 Deinceps
3424 4553 3551 4591 vero
3578 4540 3682 4590 eis-

414 4648 541 4694 των,
577 4632 877 4701 ἐπέτρεψεν
908 4632 1165 4685 παίεσθαι
1198 4631 1295 4694 τὰς
1326 4632 1477 4701 ἅψεις
1518 4633 1696 4685 αὐτῶν
1721 4632 1983 4702 σφοδρῶς.

418 4715 549 4774 Εἶτα
576 4722 714 4789 μετὰ
746 4722 906 4775 τοῦτο
938 4722 1306 4794 βουνευρήσας
1355 4724 1553 4785 αὖτοὺς
1603 4725 1795 4794 μέχρις
1826 4724 1989 4776 αὑτοῦ

414 4812 506 4863 τοῦ
536 4814 770 4866 θανάτου
799 4814 938 4883 μετὰ
965 4813 1163 4883 θυμοῦ,
1195 4813 1381 4885 [μετὰ]
1431 4816 1691 4885 τραχείας
1749 4815 1849 4884 τῆς
1881 4833 1993 4884 φω-

415 4904 509 4970 νῆς
549 4905 682 4973 πρὸς
725 4905 817 4957 τὸν
865 4906 1111 4976 ὓπαρχον
1166 4906 1307 4975 ἔφη’
1344 4902 1513 4976 Ἀρον
1571 4907 1768 4968 αὐτοὺς
1804 4910 1881 4967 εἰς
1935 4907 1991 4958 τὸ

2098 4636 2218 4689 dem
2272 4633 2338 4687 ad
2371 4643 2599 4687 mortem
2643 4634 2811 4687 ferme
2865 4635 3044 4686 nervis
3097 4632 3315 4684 bubulis
3350 4649 3446 4700 per
3477 4648 3681 4700 corpus

2098 4728 2279 4788 etesis,
2342 4743 2465 4780 cum
2524 4726 2709 4781 furore
2748 4738 2800 4779 et
2855 4740 3046 4793 aspera
3088 4739 3219 4777 voce
3274 4725 3505 4777 dixitad
3545 4740 3679 4793 prte-

2102 4816 2297 4871 fectmn
2338 4836 2349 4869 :
2402 4814 2717 4869 Tolleistos
2758 4815 2810 4866 in
2842 4814 3175 4882 przclot-ium,
3209 4822 3260 4865 et
3290 4827 3481 4865 versus
3518 4813 3678 4865 hosce

2105 4908 2276 4960 \ultui
2333 4922 2520 4960 eorum
2559 4905 2817 4967 inscribe,
2856 4904 2955 4956 hoc
2984 4904 3205 4965 addens,
3238 4900 3475 4953 Tametsi
3508 4902 3675 4952 incle-

1638 5022 1889 5079 FllANC.
1912 5022 2297 5079 COMBEFlSll
2343 5022 2575 5077 NO'f/E.

504 5115 597 5183 ΞΟ)
646 5117 796 5169 Hane
844 5116 1206 5185 proditionem
1246 5117 1493 5173 Boiditza
1544 5131 1791 5181 auctore,
1839 5130 1893 5173 et
1925 5129 1986 5174 ut

371 5197 377 5203 '
416 5187 551 5239 nihil
583 5187 894 5255 astrologia:
937 5188 990 5240 in
1038 5204 1100 5241 ea
1151 5190 1528 5253 intervenerit,
1571 5190 1663 5241 sed
1698 5190 1812 5242 sola
1853 5190 1986 5244 iudi-

414 5257 557 5328 catio
592 5257 761 5325 partis
810 5257 956 5310 illius
1006 5272 1285 5311 murorum
1348 5275 1454 5328 qua
1513 5259 1690 5312 facilis
1740 5270 1884 5312 esset
1916 5262 1981 5314 ad

416 5326 603 5379 urbem
638 5341 914 5392 accessus,
967 5329 1163 5395 sagitta
1218 5326 1623 5397 cunt'epistola
1654 5344 1683 5382 e
1716 5345 1872 5383 muro
1929 5331 1983 5384 in

417 5397 655 5450 hostium
694 5408 875 5450 castra
930 5400 1153 5463 emissa,
1206 5396 1439 5452 solidius
1472 5396 1763 5452 Vaticanus
1796 5398 1984 5453 Conti-

415 5475 629 5545 nuator,
660 5482 820 5545 quam
850 5467 931 5520 vel
970 5465 1099 5531 Leo,
1144 5468 1226 5521 vel
1257 5467 1538 5524 Cedrenus
1572 5468 1665 5539 qui
1695 5484 1805 5523 rem
1838 5484 1975 5539 pau-

414 5538 495 5591 cis
532 5538 866 5606 perstringit.

486 5608 600 5675 (2|)
635 5606 773 5660 Sunt
824 5608 873 5659 hi
919 5617 1109 5662 turmae
1139 5609 1208 5661 49.
1241 5618 1539 5677 martyrum
1588 5609 1841 5677 praecipui
1885 5610 1979 5663 he-

416 5692 799 5744 rues,quorum
840 5688 1116 5732 certamen
1148 5678 1515 5732 Continuator
1549 5680 1666 5733 Vat.
1698 5680 1976 5734 describit.

486 5747 597 5815 (ἐὲ)
629 5748 812 5809 Cedr.,
861 5752 1201 5817 Anonymus,
1236 5758 1343 5802 etc.
1404 5750 1837 5812 Κωνσταντίνος,
1878 5766 1978 5803 nec

413 5818 561 5871 aliud
596 5818 755 5872 habet
787 5818 911 5873 cod.
946 5817 1078 5889 Reg.
1110 5835 1173 5873 ex
1208 5835 1314 5887 quo
1344 5834 1451 5873 non
1478 5820 1615 5872 bene
1654 5835 1972 5888 expressum

2085 5119 2371 5187 Κύριλλος.
2422 5117 2596 5181 llujus
2654 5117 3003 5187 Constantini
3067 5116 3432 5169 constantiam
3495 5127 3665 5180 atque

2086 5186 2306 5257 Operam
2368 5189 2747 5242 eonlirmando
2788 5186 3109 5255 .The0philo
3161 5188 3389 5255 pulchre
3444 5196 3672 5237 enarrat

2088 5260 2340 5313 laudatus
2375 5268 2586 5312 auctor.

2162 5329 2274 5399 (25)
2319 5326 2939 5399 ExponitContinuator
2980 5326 3109 5396 quid
3144 5325 3285 5399 istud
3327 5325 3378 5399 in
3424 5323 3669 5399 colente

2091 5394 2275 5453 esset:
2324 5399 2386 5449 ἸΙ
2412 5399 2467 5451 δὲ
2498 5400 2561 5467 δὴ
2591 5398 2757 5465 φιάλη
2785 5399 2927 5449 κατὰ
2957 5394 3047 5448 τον
3072 5397 3261 5463 καιρὸν
3300 5395 3406 5467 τῶν
3437 5394 3668 5461 δεξὶμων

2094 5469 2400 5521 πιστακίων
2452 5464 2559 5520 καῖ
2584 5464 2931 5537 ἀμυγδάλων,
2964 5468 3101 5519 ἀλλὰ
3160 5467 3294 5537 μὴν
3323 5464 3418 5518 καὶ
3467 5480 3664 5537 κομνα-

2089 5541 2228 5609 ρίων
2275 5534 2681 5606 πεπληρωμένη
2718 5538 2958 5590 κονδίτου
2996 5540 3057 5588 ἐκ
3089 5534 3403 5609 στροϐελίου
3461 5534 3664 5609 {7.6350-

2160 5605 2674 5676 νου,πᾶσιν⁷εκξρνα
2725 5610 2819 5659 καὶ
2882 5611 3109 5675 παρεῖχε
3154 5608 3362 5676 τρυφᾷν
3411 5607 3521 5663 τοῖς
3548 5605 3663 5676 ᾅσοι

2118 5680 2151 5731 ι’
2186 5682 2426 5745 ἐφέσεως
2456 5672 2599 5745 εἶχον
2629 5677 2737 5729 τῶν
2766 5672 3079 5746 ἑστηκότων
3128 5672 3277 5727 ἐκεῖ(
3303 5672 3496 5728 Verum
3548 5672 3663 5746 haec.

2086 5750 2157 5802 ibi
2191 5749 2310 5804 fuse
2341 5751 2584 5813 exposita
2607 5788 2620 5808 ,
2657 5749 2870 5817 aliaque.
2904 5747 3190 5816 Theophili
3235 5746 3457 5801 zcdilicia
3494 5745 3665 5798 tribus

2087 5820 2173 5873 hic
2206 5820 2365 5874 lineis
2397 5820 2654 5871 indicata.
