  <div class='ocr_page' id='page_1' title='image "/cluster/home/n/w/nwhite01/storage/ocr_20150623/108/nnc1.0046979921/552.png"; bbox 0 0 4462 6446; ppageno 0'>
   <div class='ocr_carea' id='block_1_1' title="bbox 422 404 551 470">
    <p class='ocr_par' dir='ltr' id='par_1_1' title="bbox 422 404 551 470">
     <span class='ocr_line' id='line_1_1' title="bbox 422 404 551 470; baseline 0 0"><span class='ocrx_word' id='word_1_1' title='bbox 422 404 551 470; x_wconf 78' lang='grc' dir='ltr'><strong>1οΕ1</strong></span> 
     </span>
    </p>
   </div>
   <div class='ocr_carea' id='block_1_2' title="bbox 1716 383 2391 447">
    <p class='ocr_par' dir='ltr' id='par_1_2' title="bbox 1716 383 2391 447">
     <span class='ocr_line' id='line_1_2' title="bbox 1716 383 2391 447; baseline -0.012 0"><span class='ocrx_word' id='word_1_2' title='bbox 1716 383 2391 447; x_wconf 62' lang='grc' dir='ltr'>αιιιιοκοοιιΑΡΗιΑ.</span> 
     </span>
    </p>
   </div>
   <div class='ocr_carea' id='block_1_3' title="bbox 3534 377 3675 441">
    <p class='ocr_par' dir='ltr' id='par_1_3' title="bbox 3534 377 3675 441">
     <span class='ocr_line' id='line_1_3' title="bbox 3534 377 3675 441; baseline 0.007 -2"><span class='ocrx_word' id='word_1_3' title='bbox 3534 377 3675 441; x_wconf 68' lang='grc'><strong>1062</strong></span> 
     </span>
    </p>
   </div>
   <div class='ocr_carea' id='block_1_4' title="bbox 414 490 2176 579">
    <p class='ocr_par' dir='ltr' id='par_1_4' title="bbox 414 495 2145 579">
     <span class='ocr_line' id='line_1_4' title="bbox 414 495 2145 579; baseline -0.018 -3"><span class='ocrx_word' id='word_1_4' title='bbox 414 526 711 579; x_wconf 73' lang='grc' dir='ltr'>τέσσαρας.</span> <span class='ocrx_word' id='word_1_5' title='bbox 746 513 811 565; x_wconf 77' lang='lat' dir='ltr'><strong>&#39;ll</strong></span> <span class='ocrx_word' id='word_1_6' title='bbox 845 511 897 563; x_wconf 72' lang='grc' dir='ltr'>δὲ</span> <span class='ocrx_word' id='word_1_7' title='bbox 928 506 1179 578; x_wconf 76' lang='grc' dir='ltr'>Θεοδὼρα</span> <span class='ocrx_word' id='word_1_8' title='bbox 1214 503 1386 565; x_wconf 76' lang='grc' dir='ltr'>οὕτως</span> <span class='ocrx_word' id='word_1_9' title='bbox 1420 495 1485 572; x_wconf 73' lang='grc' dir='ltr'>ἦν</span> <span class='ocrx_word' id='word_1_10' title='bbox 1514 500 1678 571; x_wconf 76' lang='grc' dir='ltr'>πιστὴ</span> <span class='ocrx_word' id='word_1_11' title='bbox 1707 500 1801 551; x_wconf 71' lang='grc' dir='ltr'><strong>καὶ</strong></span> <span class='ocrx_word' id='word_1_12' title='bbox 1833 496 1971 567; x_wconf 66' lang='grc' dir='ltr'>ὀρθά·</span> <span class='ocrx_word' id='word_1_13' title='bbox 2017 499 2067 558; x_wconf 83' lang='grc' dir='ltr'><strong>Α</strong></span> <span class='ocrx_word' id='word_1_14' title='bbox 2093 506 2145 552; x_wconf 87' lang='lat' dir='ltr'><strong>ct</strong></span> 
     </span>
    </p>
   </div>
   <div class='ocr_carea' id='block_1_5' title="bbox 1921 490 3683 579">
    <p class='ocr_par' dir='ltr' id='par_1_5' title="bbox 1921 490 3683 563">
     <span class='ocr_line' id='line_1_5' title="bbox 1921 490 3683 563; baseline 0 -16"><span class='ocrx_word' id='word_1_15' title='bbox 1921 497 1971 549; x_wconf 59' lang='grc' dir='ltr'><strong>’ά</strong></span> <span class='ocrx_word' id='word_1_16' title='bbox 2017 499 2067 558; x_wconf 84' lang='grc' dir='ltr'><strong>Α</strong></span> <span class='ocrx_word' id='word_1_17' title='bbox 2093 506 2145 552; x_wconf 89' lang='lat' dir='ltr'><strong>et</strong></span> <span class='ocrx_word' id='word_1_18' title='bbox 2182 508 2400 550; x_wconf 77' lang='lat' dir='ltr'><strong>menses</strong></span> <span class='ocrx_word' id='word_1_19' title='bbox 2423 502 2679 563; x_wconf 85' lang='lat' dir='ltr'><strong>quatuor.</strong></span> <span class='ocrx_word' id='word_1_20' title='bbox 2722 490 3007 544; x_wconf 81' lang='lat' dir='ltr'><strong>&#39;l‘heodora</strong></span> <span class='ocrx_word' id='word_1_21' title='bbox 3032 505 3156 546; x_wconf 86' lang='lat' dir='ltr'><strong>vero</strong></span> <span class='ocrx_word' id='word_1_22' title='bbox 3195 490 3329 544; x_wconf 69' lang='lat' dir='ltr'><strong>adeo</strong></span> <span class='ocrx_word' id='word_1_23' title='bbox 3358 491 3459 545; x_wconf 73' lang='lat' dir='ltr'><strong>lida</strong></span> <span class='ocrx_word' id='word_1_24' title='bbox 3493 500 3683 548; x_wconf 83' lang='lat' dir='ltr'><strong>rectis—</strong></span> 
     </span>
    </p>
   </div>
   <div class='ocr_carea' id='block_1_6' title="bbox 415 589 1990 678">
    <p class='ocr_par' dir='ltr' id='par_1_6' title="bbox 415 589 1990 678">
     <span class='ocr_line' id='line_1_6' title="bbox 415 589 1990 678; baseline -0.02 -10"><span class='ocrx_word' id='word_1_25' title='bbox 415 615 586 678; x_wconf 77' lang='grc' dir='ltr'>δοξος,</span> <span class='ocrx_word' id='word_1_26' title='bbox 607 609 682 668; x_wconf 78' lang='grc' dir='ltr'>ὡς</span> <span class='ocrx_word' id='word_1_27' title='bbox 714 606 805 658; x_wconf 72' lang='grc' dir='ltr'><strong>καὶ</strong></span> <span class='ocrx_word' id='word_1_28' title='bbox 835 602 929 656; x_wconf 75' lang='grc' dir='ltr'><strong>τοῦ</strong></span> <span class='ocrx_word' id='word_1_29' title='bbox 970 598 1159 669; x_wconf 74' lang='grc' dir='ltr'>ἁνδρδς</span> <span class='ocrx_word' id='word_1_30' title='bbox 1194 596 1363 665; x_wconf 77' lang='grc' dir='ltr'><strong>αὐτῆς</strong></span> <span class='ocrx_word' id='word_1_31' title='bbox 1397 592 1475 646; x_wconf 78' lang='grc' dir='ltr'><strong>ἔτι</strong></span> <span class='ocrx_word' id='word_1_32' title='bbox 1507 592 1790 663; x_wconf 76' lang='grc' dir='ltr'>περιόντος</span> <span class='ocrx_word' id='word_1_33' title='bbox 1816 589 1990 661; x_wconf 72' lang='grc' dir='ltr'>λάθρα</span> 
     </span>
    </p>
   </div>
   <div class='ocr_carea' id='block_1_7' title="bbox 416 683 1988 772">
    <p class='ocr_par' dir='ltr' id='par_1_7' title="bbox 416 683 1988 772">
     <span class='ocr_line' id='line_1_7' title="bbox 416 683 1988 772; baseline -0.015 -12"><span class='ocrx_word' id='word_1_34' title='bbox 416 702 619 772; x_wconf 81' lang='grc' dir='ltr'><strong>ταύτην</strong></span> <span class='ocrx_word' id='word_1_35' title='bbox 665 698 763 761; x_wconf 75' lang='grc' dir='ltr'><strong>τὰς</strong></span> <span class='ocrx_word' id='word_1_36' title='bbox 824 692 983 762; x_wconf 81' lang='grc' dir='ltr'>ἁγίας</span> <span class='ocrx_word' id='word_1_37' title='bbox 1024 691 1238 750; x_wconf 81' lang='grc' dir='ltr'>είκόνας</span> <span class='ocrx_word' id='word_1_38' title='bbox 1286 688 1454 758; x_wconf 79' lang='grc' dir='ltr'>τιμᾷν</span> <span class='ocrx_word' id='word_1_39' title='bbox 1482 703 1542 739; x_wconf 86' lang='grc' dir='ltr'>τε</span> <span class='ocrx_word' id='word_1_40' title='bbox 1572 685 1667 739; x_wconf 76' lang='grc' dir='ltr'>καὶ</span> <span class='ocrx_word' id='word_1_41' title='bbox 1699 683 1988 737; x_wconf 71' lang='grc' dir='ltr'>σέϐεσθαιο</span> 
     </span>
    </p>
   </div>
   <div class='ocr_carea' id='block_1_8' title="bbox 415 775 1992 866">
    <p class='ocr_par' dir='ltr' id='par_1_8' title="bbox 415 775 1992 866">
     <span class='ocr_line' id='line_1_8' title="bbox 415 775 1992 866; baseline -0.024 -16"><span class='ocrx_word' id='word_1_42' title='bbox 415 796 535 866; x_wconf 76' lang='grc' dir='ltr'><strong>ἥτις</strong></span> <span class='ocrx_word' id='word_1_43' title='bbox 558 790 751 863; x_wconf 77' lang='grc' dir='ltr'>γνώμῃ</span> <span class='ocrx_word' id='word_1_44' title='bbox 778 786 873 856; x_wconf 81' lang='grc' dir='ltr'><strong>μὲν</strong></span> <span class='ocrx_word' id='word_1_45' title='bbox 896 783 1115 853; x_wconf 78' lang='grc' dir='ltr'><strong>ἑαυτῆς,</strong></span> <span class='ocrx_word' id='word_1_46' title='bbox 1165 777 1414 852; x_wconf 77' lang='grc' dir='ltr'>ὑποθήκῃ</span> <span class='ocrx_word' id='word_1_47' title='bbox 1443 778 1498 833; x_wconf 78' lang='grc' dir='ltr'>δὲ</span> <span class='ocrx_word' id='word_1_48' title='bbox 1545 776 1640 829; x_wconf 75' lang='grc' dir='ltr'>καὶ</span> <span class='ocrx_word' id='word_1_49' title='bbox 1673 775 1992 845; x_wconf 69' lang='grc' dir='ltr'><strong>παραινέσει</strong></span> 
     </span>
    </p>
   </div>
   <div class='ocr_carea' id='block_1_9' title="bbox 417 866 1993 940">
    <p class='ocr_par' dir='ltr' id='par_1_9' title="bbox 417 866 1993 940">
     <span class='ocr_line' id='line_1_9' title="bbox 417 866 1993 940; baseline -0.016 1"><span class='ocrx_word' id='word_1_50' title='bbox 417 883 739 940; x_wconf 76' lang='grc' dir='ltr'>Θεοκτίστου</span> <span class='ocrx_word' id='word_1_51' title='bbox 764 866 1071 931; x_wconf 84' lang='grc' dir='ltr'>κανικλείου</span> <span class='ocrx_word' id='word_1_52' title='bbox 1096 870 1189 925; x_wconf 71' lang='grc' dir='ltr'><strong>καὶ</strong></span> <span class='ocrx_word' id='word_1_53' title='bbox 1212 869 1497 938; x_wconf 79' lang='grc' dir='ltr'>λογοθέτου</span> <span class='ocrx_word' id='word_1_54' title='bbox 1520 866 1792 932; x_wconf 78' lang='grc' dir='ltr'><strong>ἐξελαύνει</strong></span> <span class='ocrx_word' id='word_1_55' title='bbox 1814 884 1871 919; x_wconf 81' lang='grc' dir='ltr'>τε</span> <span class='ocrx_word' id='word_1_56' title='bbox 1894 866 1993 933; x_wconf 77' lang='grc' dir='ltr'><strong>τῆς</strong></span> 
     </span>
    </p>
   </div>
   <div class='ocr_carea' id='block_1_10' title="bbox 418 957 1994 1046">
    <p class='ocr_par' dir='ltr' id='par_1_10' title="bbox 418 957 1994 1046">
     <span class='ocr_line' id='line_1_10' title="bbox 418 957 1994 1046; baseline -0.016 -15"><span class='ocrx_word' id='word_1_57' title='bbox 418 975 711 1046; x_wconf 69' lang='grc' dir='ltr'>ικκλησίας</span> <span class='ocrx_word' id='word_1_58' title='bbox 738 968 835 1023; x_wconf 71' lang='grc' dir='ltr'><strong>καὶ</strong></span> <span class='ocrx_word' id='word_1_59' title='bbox 860 967 961 1037; x_wconf 78' lang='grc' dir='ltr'><strong>τῆς</strong></span> <span class='ocrx_word' id='word_1_60' title='bbox 986 963 1194 1025; x_wconf 78' lang='grc' dir='ltr'>πόλεως</span> <span class='ocrx_word' id='word_1_61' title='bbox 1230 962 1324 1015; x_wconf 71' lang='grc' dir='ltr'><strong>τὸν</strong></span> <span class='ocrx_word' id='word_1_62' title='bbox 1367 958 1715 1029; x_wconf 80' lang='grc' dir='ltr'>πατριάρχην</span> <span class='ocrx_word' id='word_1_63' title='bbox 1739 957 1994 1025; x_wconf 82' lang='grc' dir='ltr'><strong>Ἰωάννην</strong></span> 
     </span>
    </p>
   </div>
   <div class='ocr_carea' id='block_1_11' title="bbox 421 1050 1993 1128">
    <p class='ocr_par' dir='ltr' id='par_1_11' title="bbox 421 1050 1993 1128">
     <span class='ocr_line' id='line_1_11' title="bbox 421 1050 1993 1128; baseline -0.012 -8"><span class='ocrx_word' id='word_1_64' title='bbox 421 1066 706 1120; x_wconf 80' lang='grc' dir='ltr'>σύντεκνον</span> <span class='ocrx_word' id='word_1_65' title='bbox 760 1061 928 1128; x_wconf 78' lang='grc' dir='ltr'>αὐτῆς</span> <span class='ocrx_word' id='word_1_66' title='bbox 984 1056 1112 1110; x_wconf 78' lang='grc' dir='ltr'><strong>ὄντα</strong></span> <span class='ocrx_word' id='word_1_67' title='bbox 1165 1054 1523 1125; x_wconf 78' lang='grc' dir='ltr'>περιορίσασα</span> <span class='ocrx_word' id='word_1_68' title='bbox 1574 1053 1763 1105; x_wconf 75' lang='grc' dir='ltr'>τοῦτον</span> <span class='ocrx_word' id='word_1_69' title='bbox 1816 1052 1874 1103; x_wconf 79' lang='grc' dir='ltr'>ἐν</span> <span class='ocrx_word' id='word_1_70' title='bbox 1918 1050 1993 1121; x_wconf 81' lang='grc' dir='ltr'><strong>τῷ</strong></span> 
     </span>
    </p>
   </div>
   <div class='ocr_carea' id='block_1_12' title="bbox 420 1142 1992 1227">
    <p class='ocr_par' dir='ltr' id='par_1_12' title="bbox 420 1142 1992 1227">
     <span class='ocr_line' id='line_1_12' title="bbox 420 1142 1992 1227; baseline -0.011 -15"><span class='ocrx_word' id='word_1_71' title='bbox 420 1156 618 1227; x_wconf 81' lang='grc' dir='ltr'><strong>Στενῷ,</strong></span> <span class='ocrx_word' id='word_1_72' title='bbox 670 1154 748 1217; x_wconf 80' lang='grc' dir='ltr'>είς</span> <span class='ocrx_word' id='word_1_73' title='bbox 799 1152 862 1204; x_wconf 73' lang='grc' dir='ltr'><strong>τὸ</strong></span> <span class='ocrx_word' id='word_1_74' title='bbox 914 1147 1159 1203; x_wconf 85' lang='grc' dir='ltr'>Κλειδίον</span> <span class='ocrx_word' id='word_1_75' title='bbox 1197 1144 1342 1199; x_wconf 72' lang='grc' dir='ltr'><strong>οὕτω</strong></span> <span class='ocrx_word' id='word_1_76' title='bbox 1376 1144 1731 1213; x_wconf 76' lang='grc' dir='ltr'>καλούμενον.</span> <span class='ocrx_word' id='word_1_77' title='bbox 1769 1142 1992 1209; x_wconf 84' lang='grc' dir='ltr'>Εἰσὰγει</span> 
     </span>
    </p>
   </div>
   <div class='ocr_carea' id='block_1_13' title="bbox 419 1236 1995 1321">
    <p class='ocr_par' dir='ltr' id='par_1_13' title="bbox 419 1236 1995 1321">
     <span class='ocr_line' id='line_1_13' title="bbox 419 1236 1995 1321; baseline -0.01 -19"><span class='ocrx_word' id='word_1_78' title='bbox 419 1246 519 1321; x_wconf 79' lang='grc' dir='ltr'><strong>[δὲ]</strong></span> <span class='ocrx_word' id='word_1_79' title='bbox 545 1247 636 1299; x_wconf 71' lang='grc' dir='ltr'>τδν</span> <span class='ocrx_word' id='word_1_80' title='bbox 665 1246 721 1297; x_wconf 83' lang='grc' dir='ltr'><strong>ὲν</strong></span> <span class='ocrx_word' id='word_1_81' title='bbox 756 1241 932 1308; x_wconf 80' lang='grc' dir='ltr'><strong>ἁγίοις</strong></span> <span class='ocrx_word' id='word_1_82' title='bbox 956 1239 1220 1294; x_wconf 83' lang='grc' dir='ltr'>Μεθόδιον</span> <span class='ocrx_word' id='word_1_83' title='bbox 1242 1236 1476 1307; x_wconf 81' lang='grc' dir='ltr'>μοναχὸν</span> <span class='ocrx_word' id='word_1_84' title='bbox 1503 1237 1653 1301; x_wconf 80' lang='grc' dir='ltr'>δντα,</span> <span class='ocrx_word' id='word_1_85' title='bbox 1682 1236 1776 1288; x_wconf 78' lang='grc' dir='ltr'>καὶ</span> <span class='ocrx_word' id='word_1_86' title='bbox 1800 1252 1995 1306; x_wconf 82' lang='grc' dir='ltr'>πατριο</span> 
     </span>
    </p>
   </div>
   <div class='ocr_carea' id='block_1_14' title="bbox 416 1325 1991 1406">
    <p class='ocr_par' dir='ltr' id='par_1_14' title="bbox 416 1325 1991 1406">
     <span class='ocr_line' id='line_1_14' title="bbox 416 1325 1991 1406; baseline -0.009 -16"><span class='ocrx_word' id='word_1_87' title='bbox 416 1338 593 1406; x_wconf 79' lang='grc' dir='ltr'>ἀρχην</span> <span class='ocrx_word' id='word_1_88' title='bbox 629 1330 1084 1400; x_wconf 81' lang='grc' dir='ltr'><strong>ἀποκαθίστησιν.</strong></span> <span class='ocrx_word' id='word_1_89' title='bbox 1127 1326 1238 1378; x_wconf 79' lang='grc' dir='ltr'><strong>Καὶ</strong></span> <span class='ocrx_word' id='word_1_90' title='bbox 1270 1326 1479 1389; x_wconf 83' lang='grc' dir='ltr'>πάντας</span> <span class='ocrx_word' id='word_1_91' title='bbox 1508 1329 1636 1389; x_wconf 78' lang='grc' dir='ltr'>τοὺς</span> <span class='ocrx_word' id='word_1_92' title='bbox 1662 1326 1766 1379; x_wconf 80' lang='grc' dir='ltr'><strong>ὑπὸ</strong></span> <span class='ocrx_word' id='word_1_93' title='bbox 1796 1325 1991 1393; x_wconf 74' lang='grc' dir='ltr'>Θεοφί-</span> 
     </span>
    </p>
   </div>
   <div class='ocr_carea' id='block_1_15' title="bbox 418 1413 1990 1492">
    <p class='ocr_par' dir='ltr' id='par_1_15' title="bbox 418 1413 1990 1492">
     <span class='ocr_line' id='line_1_15' title="bbox 418 1413 1990 1492; baseline -0.006 -14"><span class='ocrx_word' id='word_1_94' title='bbox 418 1426 509 1479; x_wconf 89' lang='grc' dir='ltr'>λου</span> <span class='ocrx_word' id='word_1_95' title='bbox 531 1420 907 1492; x_wconf 80' lang='grc' dir='ltr'>ὲξορισθέντας</span> <span class='ocrx_word' id='word_1_96' title='bbox 934 1416 1221 1489; x_wconf 78' lang='grc' dir='ltr'>μοναχοὺς,</span> <span class='ocrx_word' id='word_1_97' title='bbox 1245 1418 1339 1470; x_wconf 64' lang='grc' dir='ltr'><strong>καλ⁵</strong></span> <span class='ocrx_word' id='word_1_98' title='bbox 1363 1413 1693 1478; x_wconf 74' lang='grc' dir='ltr'><strong>ἐπισκόπους</strong></span> <span class='ocrx_word' id='word_1_99' title='bbox 1719 1416 1990 1481; x_wconf 78' lang='grc' dir='ltr'>ἑνώσασα,</span> 
     </span>
    </p>
   </div>
   <div class='ocr_carea' id='block_1_16' title="bbox 416 1505 1992 1583">
    <p class='ocr_par' dir='ltr' id='par_1_16' title="bbox 416 1505 1992 1583">
     <span class='ocr_line' id='line_1_16' title="bbox 416 1505 1992 1583; baseline -0.006 -15"><span class='ocrx_word' id='word_1_100' title='bbox 416 1517 518 1583; x_wconf 79' lang='grc' dir='ltr'><strong>τὴν</strong></span> <span class='ocrx_word' id='word_1_101' title='bbox 539 1511 815 1582; x_wconf 77' lang='grc' dir='ltr'>ὀροόδοξον</span> <span class='ocrx_word' id='word_1_102' title='bbox 837 1508 1169 1563; x_wconf 77' lang='grc' dir='ltr'>ἐϐεϐαίωσεν</span> <span class='ocrx_word' id='word_1_103' title='bbox 1182 1508 1389 1571; x_wconf 82' lang='grc' dir='ltr'>πίστιν,</span> <span class='ocrx_word' id='word_1_104' title='bbox 1416 1507 1511 1559; x_wconf 77' lang='grc' dir='ltr'><strong>καὶ</strong></span> <span class='ocrx_word' id='word_1_105' title='bbox 1540 1507 1639 1576; x_wconf 83' lang='grc' dir='ltr'>τὴν</span> <span class='ocrx_word' id='word_1_106' title='bbox 1662 1505 1992 1575; x_wconf 78' lang='grc' dir='ltr'>Ἐκκλησίαν</span> 
     </span>
    </p>
   </div>
   <div class='ocr_carea' id='block_1_17' title="bbox 417 1596 1989 1673">
    <p class='ocr_par' dir='ltr' id='par_1_17' title="bbox 417 1596 1989 1673">
     <span class='ocr_line' id='line_1_17' title="bbox 417 1596 1989 1673; baseline -0.004 -16"><span class='ocrx_word' id='word_1_107' title='bbox 417 1605 752 1673; x_wconf 82' lang='grc' dir='ltr'>εἰρὴνευσεν.</span> <span class='ocrx_word' id='word_1_108' title='bbox 790 1601 869 1670; x_wconf 79' lang='grc' dir='ltr'><strong>Τῇ</strong></span> <span class='ocrx_word' id='word_1_109' title='bbox 903 1599 960 1652; x_wconf 81' lang='grc' dir='ltr'>δὲ</span> <span class='ocrx_word' id='word_1_110' title='bbox 990 1596 1182 1669; x_wconf 82' lang='grc' dir='ltr'>πρώτῃ</span> <span class='ocrx_word' id='word_1_111' title='bbox 1211 1599 1466 1667; x_wconf 81' lang='grc' dir='ltr'>Κυριακῇ</span> <span class='ocrx_word' id='word_1_112' title='bbox 1504 1596 1615 1666; x_wconf 75' lang='grc'><strong>(27)</strong></span> <span class='ocrx_word' id='word_1_113' title='bbox 1661 1597 1771 1649; x_wconf 80' lang='grc' dir='ltr'><strong>τῶν</strong></span> <span class='ocrx_word' id='word_1_114' title='bbox 1820 1598 1989 1664; x_wconf 85' lang='grc' dir='ltr'>ἁγίων</span> 
     </span>
    </p>
   </div>
   <div class='ocr_carea' id='block_1_18' title="bbox 419 1688 1990 1763">
    <p class='ocr_par' dir='ltr' id='par_1_18' title="bbox 419 1688 1990 1763">
     <span class='ocr_line' id='line_1_18' title="bbox 419 1688 1990 1763; baseline -0.003 -16"><span class='ocrx_word' id='word_1_115' title='bbox 419 1694 701 1763; x_wconf 80' lang='grc' dir='ltr'>Νηστειῶν</span> <span class='ocrx_word' id='word_1_116' title='bbox 726 1689 1045 1745; x_wconf 81' lang='grc' dir='ltr'>ἀπέστειλεν</span> <span class='ocrx_word' id='word_1_117' title='bbox 1074 1690 1398 1743; x_wconf 84' lang='grc' dir='ltr'>Θεόκτιστον</span> <span class='ocrx_word' id='word_1_118' title='bbox 1419 1688 1706 1758; x_wconf 83' lang='grc' dir='ltr'>λογοθέτην</span> <span class='ocrx_word' id='word_1_119' title='bbox 1727 1688 1867 1742; x_wconf 77' lang='grc' dir='ltr'><strong>κατὰ</strong></span> <span class='ocrx_word' id='word_1_120' title='bbox 1889 1689 1990 1760; x_wconf 84' lang='grc' dir='ltr'><strong>τῆς</strong></span> 
     </span>
    </p>
   </div>
   <div class='ocr_carea' id='block_1_19' title="bbox 421 1780 1990 1855">
    <p class='ocr_par' dir='ltr' id='par_1_19' title="bbox 421 1780 1990 1855">
     <span class='ocr_line' id='line_1_19' title="bbox 421 1780 1990 1855; baseline -0.002 -17"><span class='ocrx_word' id='word_1_121' title='bbox 421 1787 665 1855; x_wconf 75' lang='grc' dir='ltr'><strong>Κρήτης,</strong></span> <span class='ocrx_word' id='word_1_122' title='bbox 717 1784 790 1846; x_wconf 80' lang='grc' dir='ltr'>ὡς</span> <span class='ocrx_word' id='word_1_123' title='bbox 842 1782 1093 1836; x_wconf 85' lang='grc' dir='ltr'>ἀπελθὼν</span> <span class='ocrx_word' id='word_1_124' title='bbox 1130 1781 1268 1851; x_wconf 83' lang='grc' dir='ltr'><strong>μετὰ</strong></span> <span class='ocrx_word' id='word_1_125' title='bbox 1316 1780 1516 1834; x_wconf 79' lang='grc' dir='ltr'>πολλοῦ</span> <span class='ocrx_word' id='word_1_126' title='bbox 1574 1780 1835 1851; x_wconf 81' lang='grc' dir='ltr'><strong>πλήθους,</strong></span> <span class='ocrx_word' id='word_1_127' title='bbox 1896 1783 1990 1835; x_wconf 82' lang='grc' dir='ltr'><strong>καὶ</strong></span> 
     </span>
    </p>
   </div>
   <div class='ocr_carea' id='block_1_20' title="bbox 421 1871 1995 1945">
    <p class='ocr_par' dir='ltr' id='par_1_20' title="bbox 421 1871 1995 1945">
     <span class='ocr_line' id='line_1_20' title="bbox 421 1871 1995 1945; baseline -0.004 -17"><span class='ocrx_word' id='word_1_128' title='bbox 421 1877 608 1928; x_wconf 80' lang='grc' dir='ltr'>στόλου</span> <span class='ocrx_word' id='word_1_129' title='bbox 640 1874 902 1945; x_wconf 78' lang='grc' dir='ltr'>μεγάλου,</span> <span class='ocrx_word' id='word_1_130' title='bbox 933 1872 1139 1944; x_wconf 63' lang='grc' dir='ltr'>σφόδρα</span> <span class='ocrx_word' id='word_1_131' title='bbox 1165 1873 1263 1941; x_wconf 83' lang='grc' dir='ltr'><strong>μὲν</strong></span> <span class='ocrx_word' id='word_1_132' title='bbox 1292 1871 1559 1939; x_wconf 75' lang='grc' dir='ltr'>ὲπτόησεν</span> <span class='ocrx_word' id='word_1_133' title='bbox 1588 1871 1713 1933; x_wconf 80' lang='grc' dir='ltr'><strong>τοὺς</strong></span> <span class='ocrx_word' id='word_1_134' title='bbox 1755 1871 1995 1940; x_wconf 72' lang='grc' dir='ltr'>Ἀγαρηο</span> 
     </span>
    </p>
   </div>
   <div class='ocr_carea' id='block_1_21' title="bbox 419 1962 1997 2038">
    <p class='ocr_par' dir='ltr' id='par_1_21' title="bbox 419 1962 1997 2038">
     <span class='ocr_line' id='line_1_21' title="bbox 419 1962 1997 2038; baseline -0.004 -17"><span class='ocrx_word' id='word_1_135' title='bbox 419 1970 561 2037; x_wconf 78' lang='grc' dir='ltr'>νοὺς,</span> <span class='ocrx_word' id='word_1_136' title='bbox 602 1968 961 2038; x_wconf 80' lang='grc' dir='ltr'>σφοδρότερον</span> <span class='ocrx_word' id='word_1_137' title='bbox 981 1965 1036 2018; x_wconf 83' lang='grc' dir='ltr'>δὲ</span> <span class='ocrx_word' id='word_1_138' title='bbox 1057 1963 1500 2034; x_wconf 72' lang='grc' dir='ltr'><strong>αὐτὸς-ἐπτοήθη,</strong></span> <span class='ocrx_word' id='word_1_139' title='bbox 1528 1964 1624 2016; x_wconf 59' lang='grc' dir='ltr'><strong>καὶ⁵</strong></span> <span class='ocrx_word' id='word_1_140' title='bbox 1652 1963 1751 2034; x_wconf 80' lang='grc' dir='ltr'><strong>τὴν</strong></span> <span class='ocrx_word' id='word_1_141' title='bbox 1783 1962 1997 2031; x_wconf 82' lang='grc' dir='ltr'><strong>φυγάδα</strong></span> 
     </span>
    </p>
   </div>
   <div class='ocr_carea' id='block_1_22' title="bbox 421 2053 1997 2135">
    <p class='ocr_par' dir='ltr' id='par_1_22' title="bbox 421 2053 1997 2135">
     <span class='ocr_line' id='line_1_22' title="bbox 421 2053 1997 2135; baseline -0.002 -24"><span class='ocrx_word' id='word_1_142' title='bbox 421 2060 862 2130; x_wconf 77' lang='grc' dir='ltr'>προεχειρίσατο,</span> <span class='ocrx_word' id='word_1_143' title='bbox 920 2057 1020 2135; x_wconf 59' lang='lat' dir='ltr'><strong>tripl</strong></span> <span class='ocrx_word' id='word_1_144' title='bbox 1065 2054 1397 2124; x_wconf 81' lang='grc' dir='ltr'>Αὑγοῦσταν</span> <span class='ocrx_word' id='word_1_145' title='bbox 1454 2053 1665 2125; x_wconf 82' lang='grc' dir='ltr'>μαθὼν,</span> <span class='ocrx_word' id='word_1_146' title='bbox 1718 2054 1795 2116; x_wconf 83' lang='grc' dir='ltr'><strong>ὠς</strong></span> <span class='ocrx_word' id='word_1_147' title='bbox 1841 2053 1997 2108; x_wconf 74' lang='grc' dir='ltr'>ἄλλον</span> 
     </span>
    </p>
   </div>
   <div class='ocr_carea' id='block_1_23' title="bbox 425 2147 1996 2222">
    <p class='ocr_par' dir='ltr' id='par_1_23' title="bbox 425 2147 1996 2222">
     <span class='ocr_line' id='line_1_23' title="bbox 425 2147 1996 2222; baseline -0.003 -18"><span class='ocrx_word' id='word_1_148' title='bbox 425 2153 649 2222; x_wconf 67' lang='grc' dir='ltr'>βασιλέα</span> <span class='ocrx_word' id='word_1_149' title='bbox 675 2150 1110 2221; x_wconf 82' lang='grc' dir='ltr'>προεχειρίσατο,</span> <span class='ocrx_word' id='word_1_150' title='bbox 1135 2150 1274 2220; x_wconf 82' lang='grc' dir='ltr'>ὅπερ</span> <span class='ocrx_word' id='word_1_151' title='bbox 1302 2147 1510 2218; x_wconf 85' lang='grc' dir='ltr'>μεθόδῳ</span> <span class='ocrx_word' id='word_1_152' title='bbox 1539 2147 1875 2218; x_wconf 71' lang='grc' dir='ltr'>Σαρακηνῶν</span> <span class='ocrx_word' id='word_1_153' title='bbox 1903 2148 1996 2200; x_wconf 78' lang='grc' dir='ltr'>καὶ</span> 
     </span>
    </p>
   </div>
   <div class='ocr_carea' id='block_1_24' title="bbox 421 2236 1997 2313">
    <p class='ocr_par' dir='ltr' id='par_1_24' title="bbox 421 2236 1997 2313">
     <span class='ocr_line' id='line_1_24' title="bbox 421 2236 1997 2313; baseline -0.003 -17"><span class='ocrx_word' id='word_1_154' title='bbox 421 2242 732 2313; x_wconf 65' lang='grc' dir='ltr'>δωροληψίᾳ</span> <span class='ocrx_word' id='word_1_155' title='bbox 754 2244 862 2295; x_wconf 84' lang='grc' dir='ltr'>τῶν</span> <span class='ocrx_word' id='word_1_156' title='bbox 899 2244 1015 2311; x_wconf 77' lang='grc' dir='ltr'><strong>μετ’</strong></span> <span class='ocrx_word' id='word_1_157' title='bbox 1038 2236 1206 2294; x_wconf 82' lang='grc' dir='ltr'>αὑτοῦ</span> <span class='ocrx_word' id='word_1_158' title='bbox 1233 2240 1511 2309; x_wconf 80' lang='grc' dir='ltr'>ὲκπλῆξαν</span> <span class='ocrx_word' id='word_1_159' title='bbox 1540 2238 1705 2292; x_wconf 82' lang='grc' dir='ltr'>αὑτὸν</span> <span class='ocrx_word' id='word_1_160' title='bbox 1734 2239 1997 2292; x_wconf 79' lang='grc' dir='ltr'><strong>πέπεικεν</strong></span> 
     </span>
    </p>
   </div>
   <div class='ocr_carea' id='block_1_25' title="bbox 422 2329 1996 2403">
    <p class='ocr_par' dir='ltr' id='par_1_25' title="bbox 422 2329 1996 2403">
     <span class='ocr_line' id='line_1_25' title="bbox 422 2329 1996 2403; baseline -0.001 -20"><span class='ocrx_word' id='word_1_161' title='bbox 422 2334 557 2403; x_wconf 69' lang='grc' dir='ltr'>πρὸς</span> <span class='ocrx_word' id='word_1_162' title='bbox 585 2334 683 2403; x_wconf 81' lang='grc' dir='ltr'><strong>τὴν</strong></span> <span class='ocrx_word' id='word_1_163' title='bbox 711 2333 863 2385; x_wconf 71' lang='grc' dir='ltr'>πόλιν</span> <span class='ocrx_word' id='word_1_164' title='bbox 890 2332 1228 2394; x_wconf 73' lang='grc' dir='ltr'>ἐπανελθεῖν,</span> <span class='ocrx_word' id='word_1_165' title='bbox 1260 2331 1355 2385; x_wconf 75' lang='grc' dir='ltr'>καὶ</span> <span class='ocrx_word' id='word_1_166' title='bbox 1375 2329 1696 2384; x_wconf 82' lang='grc' dir='ltr'>καταλιπεῖν</span> <span class='ocrx_word' id='word_1_167' title='bbox 1718 2331 1811 2383; x_wconf 78' lang='grc' dir='ltr'><strong>τὸν</strong></span> <span class='ocrx_word' id='word_1_168' title='bbox 1836 2347 1996 2398; x_wconf 88' lang='grc' dir='ltr'>στρα-</span> 
     </span>
    </p>
   </div>
   <div class='ocr_carea' id='block_1_26' title="bbox 424 2419 1997 2493">
    <p class='ocr_par' dir='ltr' id='par_1_26' title="bbox 424 2419 1997 2493">
     <span class='ocr_line' id='line_1_26' title="bbox 424 2419 1997 2493; baseline -0.001 -19"><span class='ocrx_word' id='word_1_169' title='bbox 424 2427 512 2474; x_wconf 71' lang='grc' dir='ltr'><strong>τὸν</strong></span> <span class='ocrx_word' id='word_1_170' title='bbox 547 2422 818 2491; x_wconf 80' lang='grc' dir='ltr'>μαχαίρας</span> <span class='ocrx_word' id='word_1_171' title='bbox 841 2423 998 2493; x_wconf 77' lang='grc' dir='ltr'>ἔργον</span> <span class='ocrx_word' id='word_1_172' title='bbox 1031 2426 1145 2486; x_wconf 78' lang='grc' dir='ltr'><strong>τοῖς</strong></span> <span class='ocrx_word' id='word_1_173' title='bbox 1172 2425 1229 2475; x_wconf 84' lang='grc' dir='ltr'><strong>ὲν</strong></span> <span class='ocrx_word' id='word_1_174' title='bbox 1261 2423 1453 2493; x_wconf 82' lang='grc' dir='ltr'><strong>Κρήτῃ</strong></span> <span class='ocrx_word' id='word_1_175' title='bbox 1482 2422 1771 2489; x_wconf 83' lang='grc' dir='ltr'>γενόμενος</span> <span class='ocrx_word' id='word_1_176' title='bbox 1791 2438 1806 2452; x_wconf 89' lang='grc'><strong>·</strong></span> <span class='ocrx_word' id='word_1_177' title='bbox 1856 2419 1997 2484; x_wconf 59' lang='grc' dir='ltr'><strong>οὕτω</strong></span> 
     </span>
    </p>
   </div>
   <div class='ocr_carea' id='block_1_27' title="bbox 422 2512 1994 2586">
    <p class='ocr_par' dir='ltr' id='par_1_27' title="bbox 422 2512 1994 2586">
     <span class='ocr_line' id='line_1_27' title="bbox 422 2512 1994 2586; baseline 0.001 -21"><span class='ocrx_word' id='word_1_178' title='bbox 422 2515 485 2583; x_wconf 69' lang='grc' dir='ltr'>δὴ</span> <span class='ocrx_word' id='word_1_179' title='bbox 516 2516 698 2579; x_wconf 83' lang='grc' dir='ltr'>κακῶς</span> <span class='ocrx_word' id='word_1_180' title='bbox 750 2518 806 2567; x_wconf 76' lang='grc' dir='ltr'><strong>ἐν</strong></span> <span class='ocrx_word' id='word_1_181' title='bbox 866 2516 1058 2586; x_wconf 81' lang='grc' dir='ltr'><strong>Κρήτῃ</strong></span> <span class='ocrx_word' id='word_1_182' title='bbox 1109 2514 1317 2582; x_wconf 78' lang='grc' dir='ltr'>φανείς.</span> <span class='ocrx_word' id='word_1_183' title='bbox 1361 2514 1450 2577; x_wconf 77' lang='grc' dir='ltr'><em>Ὠς</em></span> <span class='ocrx_word' id='word_1_184' title='bbox 1475 2516 1582 2586; x_wconf 76' lang='grc' dir='ltr'>γὰρ</span> <span class='ocrx_word' id='word_1_185' title='bbox 1611 2512 1844 2580; x_wconf 75' lang='grc' dir='ltr'>ἐξελθὼν</span> <span class='ocrx_word' id='word_1_186' title='bbox 1876 2514 1994 2567; x_wconf 90' lang='grc' dir='ltr'><strong>τότε</strong></span> 
     </span>
    </p>
   </div>
   <div class='ocr_carea' id='block_1_28' title="bbox 425 2604 1994 2678">
    <p class='ocr_par' dir='ltr' id='par_1_28' title="bbox 425 2604 1994 2678">
     <span class='ocr_line' id='line_1_28' title="bbox 425 2604 1994 2678; baseline -0.001 -19"><span class='ocrx_word' id='word_1_187' title='bbox 425 2607 567 2660; x_wconf 79' lang='grc' dir='ltr'><strong>κατὰ</strong></span> <span class='ocrx_word' id='word_1_188' title='bbox 611 2607 923 2678; x_wconf 81' lang='grc' dir='ltr'><strong>Ῥωμανίας</strong></span> <span class='ocrx_word' id='word_1_189' title='bbox 955 2610 983 2660; x_wconf 97' lang='lat'><strong>6</strong></span> <span class='ocrx_word' id='word_1_190' title='bbox 1027 2607 1203 2676; x_wconf 74' lang='grc' dir='ltr'>Ἀμὲρ</span> <span class='ocrx_word' id='word_1_191' title='bbox 1253 2604 1499 2674; x_wconf 76' lang='grc' dir='ltr'><strong>ὲληῖζετο</strong></span> <span class='ocrx_word' id='word_1_192' title='bbox 1537 2608 1646 2660; x_wconf 78' lang='grc' dir='ltr'>πᾶν</span> <span class='ocrx_word' id='word_1_193' title='bbox 1673 2607 1734 2659; x_wconf 82' lang='grc' dir='ltr'><strong>τὸ</strong></span> <span class='ocrx_word' id='word_1_194' title='bbox 1762 2608 1819 2659; x_wconf 85' lang='grc' dir='ltr'>ὲν</span> <span class='ocrx_word' id='word_1_195' title='bbox 1847 2607 1994 2672; x_wconf 69' lang='grc' dir='ltr'>ποσὶ,</span> 
     </span>
    </p>
   </div>
   <div class='ocr_carea' id='block_1_29' title="bbox 426 2697 1997 2768">
    <p class='ocr_par' dir='ltr' id='par_1_29' title="bbox 426 2697 1997 2768">
     <span class='ocr_line' id='line_1_29' title="bbox 426 2697 1997 2768; baseline 0 -17"><span class='ocrx_word' id='word_1_196' title='bbox 426 2701 520 2751; x_wconf 67' lang='grc' dir='ltr'><strong>καὶ</strong></span> <span class='ocrx_word' id='word_1_197' title='bbox 548 2699 937 2768; x_wconf 78' lang='grc' dir='ltr'><strong>κατέστρεφεν,</strong></span> <span class='ocrx_word' id='word_1_198' title='bbox 981 2699 1073 2752; x_wconf 76' lang='grc' dir='ltr'><strong>τὸν</strong></span> <span class='ocrx_word' id='word_1_199' title='bbox 1097 2698 1259 2753; x_wconf 78' lang='grc' dir='ltr'>αὑτὸν</span> <span class='ocrx_word' id='word_1_200' title='bbox 1299 2699 1463 2752; x_wconf 83' lang='grc' dir='ltr'>πάλιν</span> <span class='ocrx_word' id='word_1_201' title='bbox 1513 2697 1625 2766; x_wconf 70' lang='grc'><strong>(28)</strong></span> <span class='ocrx_word' id='word_1_202' title='bbox 1676 2699 1997 2752; x_wconf 80' lang='grc' dir='ltr'>Θεὸκτιστον</span> 
     </span>
    </p>
   </div>
   <div class='ocr_carea' id='block_1_30' title="bbox 424 2788 1998 2859">
    <p class='ocr_par' dir='ltr' id='par_1_30' title="bbox 424 2788 1998 2859">
     <span class='ocr_line' id='line_1_30' title="bbox 424 2788 1998 2859; baseline 0 -18"><span class='ocrx_word' id='word_1_203' title='bbox 424 2789 498 2852; x_wconf 79' lang='grc' dir='ltr'><strong>ὡς</strong></span> <span class='ocrx_word' id='word_1_204' title='bbox 528 2790 850 2842; x_wconf 84' lang='grc' dir='ltr'>πιστότατον</span> <span class='ocrx_word' id='word_1_205' title='bbox 882 2789 977 2842; x_wconf 73' lang='grc' dir='ltr'><strong>καὶ</strong></span> <span class='ocrx_word' id='word_1_206' title='bbox 1024 2789 1357 2842; x_wconf 82' lang='grc' dir='ltr'>οίκειότατον</span> <span class='ocrx_word' id='word_1_207' title='bbox 1383 2788 1510 2841; x_wconf 75' lang='grc' dir='ltr'>ὄντα</span> <span class='ocrx_word' id='word_1_208' title='bbox 1544 2790 1682 2859; x_wconf 85' lang='grc' dir='ltr'><strong>μετὰ</strong></span> <span class='ocrx_word' id='word_1_209' title='bbox 1717 2789 1998 2859; x_wconf 82' lang='grc' dir='ltr'>δυνάμεως</span> 
     </span>
    </p>
   </div>
   <div class='ocr_carea' id='block_1_31' title="bbox 425 2878 1997 2951">
    <p class='ocr_par' dir='ltr' id='par_1_31' title="bbox 425 2878 1997 2951">
     <span class='ocr_line' id='line_1_31' title="bbox 425 2878 1997 2951; baseline 0.001 -20"><span class='ocrx_word' id='word_1_210' title='bbox 425 2881 628 2951; x_wconf 78' lang='grc' dir='ltr'>πολλῆς</span> <span class='ocrx_word' id='word_1_211' title='bbox 672 2882 813 2935; x_wconf 84' lang='grc' dir='ltr'><strong>κατὰ</strong></span> <span class='ocrx_word' id='word_1_212' title='bbox 837 2881 930 2935; x_wconf 79' lang='grc' dir='ltr'><strong>τοῦ</strong></span> <span class='ocrx_word' id='word_1_213' title='bbox 962 2881 1135 2951; x_wconf 80' lang='grc' dir='ltr'><strong>Ἀμὲρ</strong></span> <span class='ocrx_word' id='word_1_214' title='bbox 1186 2878 1438 2951; x_wconf 84' lang='grc' dir='ltr'>Θεοδὼρα</span> <span class='ocrx_word' id='word_1_215' title='bbox 1491 2884 1583 2933; x_wconf 72' lang='grc' dir='ltr'>καὶ</span> <span class='ocrx_word' id='word_1_216' title='bbox 1621 2880 1841 2950; x_wconf 80' lang='grc' dir='ltr'><strong>Μιχαὴλ</strong></span> <span class='ocrx_word' id='word_1_217' title='bbox 1890 2881 1997 2933; x_wconf 82' lang='grc' dir='ltr'>ἁπ-</span> 
     </span>
    </p>
   </div>
   <div class='ocr_carea' id='block_1_32' title="bbox 428 2963 1998 3040">
    <p class='ocr_par' dir='ltr' id='par_1_32' title="bbox 428 2963 1998 3040">
     <span class='ocr_line' id='line_1_32' title="bbox 428 2963 1998 3040; baseline -0.001 -16"><span class='ocrx_word' id='word_1_218' title='bbox 428 2974 775 3027; x_wconf 74' lang='grc' dir='ltr'>εστὰλκασιν.</span> <span class='ocrx_word' id='word_1_219' title='bbox 831 2975 941 3027; x_wconf 70' lang='grc' dir='ltr'><strong>Καὶ</strong></span> <span class='ocrx_word' id='word_1_220' title='bbox 980 2970 1373 3040; x_wconf 75' lang='grc' dir='ltr'>παραγεγονὼς</span> <span class='ocrx_word' id='word_1_221' title='bbox 1417 2963 1574 3034; x_wconf 74' lang='grc' dir='ltr'>οὗτος</span> <span class='ocrx_word' id='word_1_222' title='bbox 1614 2972 1710 3024; x_wconf 72' lang='grc' dir='ltr'><strong>καὶ</strong></span> <span class='ocrx_word' id='word_1_223' title='bbox 1764 2970 1998 3039; x_wconf 83' lang='grc' dir='ltr'>πόλεμον</span> 
     </span>
    </p>
   </div>
   <div class='ocr_carea' id='block_1_33' title="bbox 430 3062 1997 3134">
    <p class='ocr_par' dir='ltr' id='par_1_33' title="bbox 430 3062 1997 3134">
     <span class='ocr_line' id='line_1_33' title="bbox 430 3062 1997 3134; baseline 0 -19"><span class='ocrx_word' id='word_1_224' title='bbox 430 3063 752 3133; x_wconf 78' lang='grc' dir='ltr'>προσϐαλὼν</span> <span class='ocrx_word' id='word_1_225' title='bbox 800 3065 878 3133; x_wconf 81' lang='grc' dir='ltr'><strong>τῷ</strong></span> <span class='ocrx_word' id='word_1_226' title='bbox 933 3065 1105 3134; x_wconf 78' lang='grc' dir='ltr'>Ἀμὲρ</span> <span class='ocrx_word' id='word_1_227' title='bbox 1137 3066 1256 3085; x_wconf 83' lang='lat'>““</span> <span class='ocrx_word' id='word_1_228' title='bbox 1289 3064 1378 3116; x_wconf 80' lang='grc' dir='ltr'><strong>διὰ</strong></span> <span class='ocrx_word' id='word_1_229' title='bbox 1417 3065 1516 3133; x_wconf 80' lang='grc' dir='ltr'><strong>τὴν</strong></span> <span class='ocrx_word' id='word_1_230' title='bbox 1566 3062 1661 3116; x_wconf 78' lang='grc' dir='ltr'><strong>τοῦ</strong></span> <span class='ocrx_word' id='word_1_231' title='bbox 1712 3062 1997 3131; x_wconf 84' lang='grc' dir='ltr'>λογοθέτου</span> 
     </span>
    </p>
   </div>
   <div class='ocr_carea' id='block_1_34' title="bbox 2094 581 3684 658">
    <p class='ocr_par' dir='ltr' id='par_1_34' title="bbox 2094 581 3684 658">
     <span class='ocr_line' id='line_1_34' title="bbox 2094 581 3684 658; baseline -0.003 -18"><span class='ocrx_word' id='word_1_232' title='bbox 2094 602 2202 658; x_wconf 90' lang='lat' dir='ltr'><strong>que</strong></span> <span class='ocrx_word' id='word_1_233' title='bbox 2231 588 2282 639; x_wconf 91' lang='lat' dir='ltr'><strong>in</strong></span> <span class='ocrx_word' id='word_1_234' title='bbox 2314 586 2610 640; x_wconf 65' lang='lat' dir='ltr'><strong>licclcsiam</strong></span> <span class='ocrx_word' id='word_1_235' title='bbox 2657 581 2911 636; x_wconf 85' lang='lat' dir='ltr'><strong>sensibus</strong></span> <span class='ocrx_word' id='word_1_236' title='bbox 2945 581 3261 651; x_wconf 67' lang='lat' dir='ltr'><strong>praestabat,</strong></span> <span class='ocrx_word' id='word_1_237' title='bbox 3296 591 3355 634; x_wconf 90' lang='lat' dir='ltr'><strong>ut</strong></span> <span class='ocrx_word' id='word_1_238' title='bbox 3407 582 3528 650; x_wconf 85' lang='lat' dir='ltr'><strong>ejus</strong></span> <span class='ocrx_word' id='word_1_239' title='bbox 3570 585 3684 636; x_wconf 86' lang='lat' dir='ltr'><strong>viro</strong></span> 
     </span>
    </p>
   </div>
   <div class='ocr_carea' id='block_1_35' title="bbox 2095 672 3686 745">
    <p class='ocr_par' dir='ltr' id='par_1_35' title="bbox 2095 672 3686 745">
     <span class='ocr_line' id='line_1_35' title="bbox 2095 672 3686 745; baseline -0.005 -14"><span class='ocrx_word' id='word_1_240' title='bbox 2095 677 2273 731; x_wconf 90' lang='lat' dir='ltr'><strong>adhuc</strong></span> <span class='ocrx_word' id='word_1_241' title='bbox 2303 675 2614 745; x_wconf 76' lang='lat' dir='ltr'><strong>superstite,</strong></span> <span class='ocrx_word' id='word_1_242' title='bbox 2649 682 2867 727; x_wconf 87' lang='lat' dir='ltr'><strong>sanctas</strong></span> <span class='ocrx_word' id='word_1_243' title='bbox 2908 672 3171 741; x_wconf 80' lang='lat' dir='ltr'><strong>imagines</strong></span> <span class='ocrx_word' id='word_1_244' title='bbox 3203 672 3403 726; x_wconf 89' lang='lat' dir='ltr'><strong>coleret</strong></span> <span class='ocrx_word' id='word_1_245' title='bbox 3440 683 3491 726; x_wconf 90' lang='lat' dir='ltr'><strong>et</strong></span> <span class='ocrx_word' id='word_1_246' title='bbox 3527 688 3686 727; x_wconf 67' lang='lat' dir='ltr'><strong>venr-</strong></span> 
     </span>
    </p>
   </div>
   <div class='ocr_carea' id='block_1_36' title="bbox 2097 760 3684 831">
    <p class='ocr_par' dir='ltr' id='par_1_36' title="bbox 2097 760 3684 831">
     <span class='ocr_line' id='line_1_36' title="bbox 2097 760 3684 831; baseline -0.004 -11"><span class='ocrx_word' id='word_1_247' title='bbox 2097 775 2338 820; x_wconf 84' lang='lat' dir='ltr'><strong>raretur.</strong></span> <span class='ocrx_word' id='word_1_248' title='bbox 2410 763 2535 816; x_wconf 51' lang='lat' dir='ltr'><strong>llaic</strong></span> <span class='ocrx_word' id='word_1_249' title='bbox 2590 771 2704 815; x_wconf 91' lang='lat' dir='ltr'><strong>tum</strong></span> <span class='ocrx_word' id='word_1_250' title='bbox 2734 762 2934 831; x_wconf 80' lang='lat' dir='ltr'><strong>proprii</strong></span> <span class='ocrx_word' id='word_1_251' title='bbox 2964 760 3130 814; x_wconf 88' lang='lat' dir='ltr'><strong>animi</strong></span> <span class='ocrx_word' id='word_1_252' title='bbox 3161 770 3331 826; x_wconf 91' lang='lat' dir='ltr'><strong>motu,</strong></span> <span class='ocrx_word' id='word_1_253' title='bbox 3382 770 3493 815; x_wconf 89' lang='lat' dir='ltr'><strong>tum</strong></span> <span class='ocrx_word' id='word_1_254' title='bbox 3523 763 3684 816; x_wconf 83' lang='lat' dir='ltr'><strong>etiam</strong></span> 
     </span>
    </p>
   </div>
   <div class='ocr_carea' id='block_1_37' title="bbox 2096 852 3684 929">
    <p class='ocr_par' dir='ltr' id='par_1_37' title="bbox 2096 852 3684 929">
     <span class='ocr_line' id='line_1_37' title="bbox 2096 852 3684 929; baseline -0.005 -16"><span class='ocrx_word' id='word_1_255' title='bbox 2096 859 2445 929; x_wconf 74' lang='lat' dir='ltr'><strong>suggestione</strong></span> <span class='ocrx_word' id='word_1_256' title='bbox 2476 864 2531 908; x_wconf 89' lang='lat' dir='ltr'><strong>et</strong></span> <span class='ocrx_word' id='word_1_257' title='bbox 2566 857 2834 909; x_wconf 88' lang='lat' dir='ltr'><strong>sententia</strong></span> <span class='ocrx_word' id='word_1_258' title='bbox 2859 852 3158 907; x_wconf 88' lang='lat' dir='ltr'><strong>Theoctisti</strong></span> <span class='ocrx_word' id='word_1_259' title='bbox 3192 852 3446 906; x_wconf 87' lang='lat' dir='ltr'><strong>Canicleo</strong></span> <span class='ocrx_word' id='word_1_260' title='bbox 3472 869 3684 923; x_wconf 73' lang='lat' dir='ltr'><strong>praepo-</strong></span> 
     </span>
    </p>
   </div>
   <div class='ocr_carea' id='block_1_38' title="bbox 2096 944 3684 1019">
    <p class='ocr_par' dir='ltr' id='par_1_38' title="bbox 2096 944 3684 1019">
     <span class='ocr_line' id='line_1_38' title="bbox 2096 944 3684 1019; baseline -0.003 -13"><span class='ocrx_word' id='word_1_261' title='bbox 2096 953 2183 1007; x_wconf 89' lang='lat' dir='ltr'><strong>siti</strong></span> <span class='ocrx_word' id='word_1_262' title='bbox 2226 961 2279 1005; x_wconf 90' lang='lat' dir='ltr'><strong>et</strong></span> <span class='ocrx_word' id='word_1_263' title='bbox 2314 950 2627 1019; x_wconf 88' lang='lat' dir='ltr'><strong>logothetae,</strong></span> <span class='ocrx_word' id='word_1_264' title='bbox 2650 965 2716 1003; x_wconf 77' lang='lat' dir='ltr'><strong>ex</strong></span> <span class='ocrx_word' id='word_1_265' title='bbox 2759 946 3004 1002; x_wconf 78' lang='lat' dir='ltr'><strong>Ecclesia</strong></span> <span class='ocrx_word' id='word_1_266' title='bbox 3032 954 3085 1000; x_wconf 89' lang='lat' dir='ltr'><strong>et</strong></span> <span class='ocrx_word' id='word_1_267' title='bbox 3120 946 3254 1000; x_wconf 85' lang='lat' dir='ltr'><strong>urbe</strong></span> <span class='ocrx_word' id='word_1_268' title='bbox 3279 944 3542 1001; x_wconf 82' lang='lat' dir='ltr'><strong>Joannem</strong></span> <span class='ocrx_word' id='word_1_269' title='bbox 3583 962 3684 1015; x_wconf 88' lang='lat' dir='ltr'><strong>pa-</strong></span> 
     </span>
    </p>
   </div>
   <div class='ocr_carea' id='block_1_39' title="bbox 2095 1038 3684 1112">
    <p class='ocr_par' dir='ltr' id='par_1_39' title="bbox 2095 1038 3684 1112">
     <span class='ocr_line' id='line_1_39' title="bbox 2095 1038 3684 1112; baseline -0.004 -14"><span class='ocrx_word' id='word_1_270' title='bbox 2095 1043 2389 1098; x_wconf 88' lang='lat' dir='ltr'><strong>triarcham</strong></span> <span class='ocrx_word' id='word_1_271' title='bbox 2414 1044 2690 1112; x_wconf 91' lang='lat' dir='ltr'><strong>proprium</strong></span> <span class='ocrx_word' id='word_1_272' title='bbox 2725 1049 3060 1109; x_wconf 87' lang='lat' dir='ltr'><strong>compatrem</strong></span> <span class='ocrx_word' id='word_1_273' title='bbox 3092 1039 3144 1093; x_wconf 91' lang='lat' dir='ltr'><strong>in</strong></span> <span class='ocrx_word' id='word_1_274' title='bbox 3172 1038 3355 1103; x_wconf 92' lang='lat' dir='ltr'><strong>Clidii,</strong></span> <span class='ocrx_word' id='word_1_275' title='bbox 3400 1049 3684 1093; x_wconf 78' lang='lat' dir='ltr'><strong>monaste-</strong></span> 
     </span>
    </p>
   </div>
   <div class='ocr_carea' id='block_1_40' title="bbox 2095 1130 3687 1201">
    <p class='ocr_par' dir='ltr' id='par_1_40' title="bbox 2095 1130 3687 1201">
     <span class='ocr_line' id='line_1_40' title="bbox 2095 1130 3687 1201; baseline -0.003 -12"><span class='ocrx_word' id='word_1_276' title='bbox 2095 1136 2233 1189; x_wconf 82' lang='lat' dir='ltr'><strong>rium</strong></span> <span class='ocrx_word' id='word_1_277' title='bbox 2256 1135 2327 1189; x_wconf 87' lang='lat' dir='ltr'><strong>ita</strong></span> <span class='ocrx_word' id='word_1_278' title='bbox 2350 1136 2576 1199; x_wconf 90' lang='lat' dir='ltr'><strong>dictum,</strong></span> <span class='ocrx_word' id='word_1_279' title='bbox 2607 1134 2671 1187; x_wconf 89' lang='lat' dir='ltr'><strong>ad</strong></span> <span class='ocrx_word' id='word_1_280' title='bbox 2694 1131 2919 1187; x_wconf 79' lang='lat' dir='ltr'><strong>Stenum</strong></span> <span class='ocrx_word' id='word_1_281' title='bbox 2957 1132 3209 1196; x_wconf 59' lang='lat' dir='ltr'><strong>exsulem,</strong></span> <span class='ocrx_word' id='word_1_282' title='bbox 3246 1131 3431 1201; x_wconf 88' lang='lat' dir='ltr'><strong>ejecit.</strong></span> <span class='ocrx_word' id='word_1_283' title='bbox 3474 1130 3529 1184; x_wconf 90' lang='lat' dir='ltr'><strong>In</strong></span> <span class='ocrx_word' id='word_1_284' title='bbox 3567 1132 3687 1201; x_wconf 78' lang='lat' dir='ltr'><strong>ejus</strong></span> 
     </span>
    </p>
   </div>
   <div class='ocr_carea' id='block_1_41' title="bbox 2097 1224 3686 1294">
    <p class='ocr_par' dir='ltr' id='par_1_41' title="bbox 2097 1224 3686 1294">
     <span class='ocr_line' id='line_1_41' title="bbox 2097 1224 3686 1294; baseline -0.003 -13"><span class='ocrx_word' id='word_1_285' title='bbox 2097 1235 2275 1288; x_wconf 84' lang='lat' dir='ltr'><strong>locum</strong></span> <span class='ocrx_word' id='word_1_286' title='bbox 2302 1227 2639 1281; x_wconf 79' lang='lat' dir='ltr'><strong>Methodium</strong></span> <span class='ocrx_word' id='word_1_287' title='bbox 2668 1225 2995 1280; x_wconf 86' lang='lat' dir='ltr'><strong>monachum</strong></span> <span class='ocrx_word' id='word_1_288' title='bbox 3018 1225 3293 1279; x_wconf 87' lang='lat' dir='ltr'><strong>inducitet</strong></span> <span class='ocrx_word' id='word_1_289' title='bbox 3318 1224 3686 1294; x_wconf 88' lang='lat' dir='ltr'><strong>patriarcham</strong></span> 
     </span>
    </p>
   </div>
   <div class='ocr_carea' id='block_1_42' title="bbox 2097 1316 3688 1385">
    <p class='ocr_par' dir='ltr' id='par_1_42' title="bbox 2097 1316 3688 1385">
     <span class='ocr_line' id='line_1_42' title="bbox 2097 1316 3688 1385; baseline -0.003 -13"><span class='ocrx_word' id='word_1_290' title='bbox 2097 1319 2353 1373; x_wconf 88' lang='lat' dir='ltr'><strong>instituit.</strong></span> <span class='ocrx_word' id='word_1_291' title='bbox 2383 1317 2671 1372; x_wconf 77' lang='lat' dir='ltr'><strong>Monachis</strong></span> <span class='ocrx_word' id='word_1_292' title='bbox 2717 1332 2849 1372; x_wconf 85' lang='lat' dir='ltr'><strong>vero</strong></span> <span class='ocrx_word' id='word_1_293' title='bbox 2890 1327 2953 1371; x_wconf 87' lang='lat' dir='ltr'><strong>et</strong></span> <span class='ocrx_word' id='word_1_294' title='bbox 3003 1316 3280 1385; x_wconf 82' lang='lat' dir='ltr'><strong>episcopis</strong></span> <span class='ocrx_word' id='word_1_295' title='bbox 3316 1330 3345 1369; x_wconf 90' lang='lat' dir='ltr'><strong>a</strong></span> <span class='ocrx_word' id='word_1_296' title='bbox 3383 1316 3688 1385; x_wconf 81' lang='lat' dir='ltr'><strong>&#39;llieophilo</strong></span> 
     </span>
    </p>
   </div>
   <div class='ocr_carea' id='block_1_43' title="bbox 2096 1407 3690 1478">
    <p class='ocr_par' dir='ltr' id='par_1_43' title="bbox 2096 1407 3690 1478">
     <span class='ocr_line' id='line_1_43' title="bbox 2096 1407 3690 1478; baseline -0.003 -12"><span class='ocrx_word' id='word_1_297' title='bbox 2096 1412 2150 1466; x_wconf 91' lang='lat' dir='ltr'><strong>in</strong></span> <span class='ocrx_word' id='word_1_298' title='bbox 2178 1412 2433 1466; x_wconf 80' lang='lat' dir='ltr'><strong>exsilium</strong></span> <span class='ocrx_word' id='word_1_299' title='bbox 2466 1409 2652 1465; x_wconf 91' lang='lat' dir='ltr'><strong>missis</strong></span> <span class='ocrx_word' id='word_1_300' title='bbox 2682 1408 3026 1478; x_wconf 87' lang='lat' dir='ltr'><strong>postliminio</strong></span> <span class='ocrx_word' id='word_1_301' title='bbox 3086 1407 3378 1473; x_wconf 80' lang='lat' dir='ltr'><strong>revocatis,</strong></span> <span class='ocrx_word' id='word_1_302' title='bbox 3413 1410 3570 1461; x_wconf 83' lang='lat' dir='ltr'><strong>fidem</strong></span> <span class='ocrx_word' id='word_1_303' title='bbox 3600 1424 3690 1461; x_wconf 84' lang='lat' dir='ltr'><strong>or—</strong></span> 
     </span>
    </p>
   </div>
   <div class='ocr_carea' id='block_1_44' title="bbox 2094 1498 3686 1568">
    <p class='ocr_par' dir='ltr' id='par_1_44' title="bbox 2094 1498 3686 1568">
     <span class='ocr_line' id='line_1_44' title="bbox 2094 1498 3686 1568; baseline -0.002 -11"><span class='ocrx_word' id='word_1_304' title='bbox 2094 1505 2389 1558; x_wconf 80' lang='lat' dir='ltr'><strong>thodoxam</strong></span> <span class='ocrx_word' id='word_1_305' title='bbox 2439 1502 2697 1566; x_wconf 88' lang='lat' dir='ltr'><strong>lirmavit,</strong></span> <span class='ocrx_word' id='word_1_306' title='bbox 2746 1510 2800 1555; x_wconf 93' lang='lat' dir='ltr'><strong>et</strong></span> <span class='ocrx_word' id='word_1_307' title='bbox 2866 1498 3122 1553; x_wconf 82' lang='lat' dir='ltr'><strong>Ecclesiae</strong></span> <span class='ocrx_word' id='word_1_308' title='bbox 3176 1513 3366 1568; x_wconf 87' lang='lat' dir='ltr'><strong>pacem</strong></span> <span class='ocrx_word' id='word_1_309' title='bbox 3420 1498 3686 1553; x_wconf 89' lang='lat' dir='ltr'><strong>restituit.</strong></span> 
     </span>
    </p>
   </div>
   <div class='ocr_carea' id='block_1_45' title="bbox 2091 1589 3686 1663">
    <p class='ocr_par' dir='ltr' id='par_1_45' title="bbox 2091 1589 3686 1663">
     <span class='ocr_line' id='line_1_45' title="bbox 2091 1589 3686 1663; baseline -0.004 -13"><span class='ocrx_word' id='word_1_310' title='bbox 2091 1596 2362 1650; x_wconf 60' lang='lat' dir='ltr'><strong>Caeterum</strong></span> <span class='ocrx_word' id='word_1_311' title='bbox 2420 1595 2595 1663; x_wconf 88' lang='lat' dir='ltr'><strong>prima</strong></span> <span class='ocrx_word' id='word_1_312' title='bbox 2630 1601 2948 1648; x_wconf 89' lang='lat' dir='ltr'><strong>sanctorum</strong></span> <span class='ocrx_word' id='word_1_313' title='bbox 3000 1590 3342 1657; x_wconf 84' lang='lat' dir='ltr'><strong>Jejuniorum</strong></span> <span class='ocrx_word' id='word_1_314' title='bbox 3399 1589 3686 1645; x_wconf 86' lang='lat' dir='ltr'><strong>Dominica</strong></span> 
     </span>
    </p>
   </div>
   <div class='ocr_carea' id='block_1_46' title="bbox 2094 1682 3687 1755">
    <p class='ocr_par' dir='ltr' id='par_1_46' title="bbox 2094 1682 3687 1755">
     <span class='ocr_line' id='line_1_46' title="bbox 2094 1682 3687 1755; baseline -0.002 -15"><span class='ocrx_word' id='word_1_315' title='bbox 2094 1687 2473 1744; x_wconf 84' lang='lat' dir='ltr'><strong>Theoctistum</strong></span> <span class='ocrx_word' id='word_1_316' title='bbox 2513 1687 2847 1755; x_wconf 85' lang='lat' dir='ltr'><strong>logothetam</strong></span> <span class='ocrx_word' id='word_1_317' title='bbox 2877 1687 2929 1739; x_wconf 93' lang='lat' dir='ltr'><strong>in</strong></span> <span class='ocrx_word' id='word_1_318' title='bbox 2959 1686 3174 1740; x_wconf 84' lang='lat' dir='ltr'><strong>Cretam</strong></span> <span class='ocrx_word' id='word_1_319' title='bbox 3216 1685 3385 1739; x_wconf 88' lang='lat' dir='ltr'><strong>misit.</strong></span> <span class='ocrx_word' id='word_1_320' title='bbox 3433 1682 3532 1738; x_wconf 87' lang='lat' dir='ltr'><strong>Hic</strong></span> <span class='ocrx_word' id='word_1_321' title='bbox 3562 1700 3687 1737; x_wconf 91' lang='lat' dir='ltr'><strong>cum</strong></span> 
     </span>
    </p>
   </div>
   <div class='ocr_carea' id='block_1_47' title="bbox 2096 1776 3691 1847">
    <p class='ocr_par' dir='ltr' id='par_1_47' title="bbox 2096 1776 3691 1847">
     <span class='ocr_line' id='line_1_47' title="bbox 2096 1776 3691 1847; baseline -0.004 -14"><span class='ocrx_word' id='word_1_322' title='bbox 2096 1780 2275 1835; x_wconf 83' lang='lat' dir='ltr'><strong>valido</strong></span> <span class='ocrx_word' id='word_1_323' title='bbox 2309 1780 2555 1835; x_wconf 75' lang='lat' dir='ltr'><strong>exercitu</strong></span> <span class='ocrx_word' id='word_1_324' title='bbox 2593 1788 2647 1833; x_wconf 91' lang='lat' dir='ltr'><strong>et</strong></span> <span class='ocrx_word' id='word_1_325' title='bbox 2706 1778 2912 1847; x_wconf 80' lang='lat' dir='ltr'><strong>ingenti</strong></span> <span class='ocrx_word' id='word_1_326' title='bbox 2968 1778 3145 1832; x_wconf 86' lang='lat' dir='ltr'><strong>classe</strong></span> <span class='ocrx_word' id='word_1_327' title='bbox 3212 1776 3529 1845; x_wconf 81' lang='lat' dir='ltr'><strong>profectus,~</strong></span> <span class='ocrx_word' id='word_1_328' title='bbox 3574 1791 3691 1829; x_wconf 81' lang='lat' dir='ltr'><strong>ma-</strong></span> 
     </span>
    </p>
   </div>
   <div class='ocr_carea' id='block_1_48' title="bbox 2098 1864 3690 1942">
    <p class='ocr_par' dir='ltr' id='par_1_48' title="bbox 2098 1864 3690 1942">
     <span class='ocr_line' id='line_1_48' title="bbox 2098 1864 3690 1942; baseline -0.003 -17"><span class='ocrx_word' id='word_1_329' title='bbox 2098 1887 2263 1942; x_wconf 84' lang='lat' dir='ltr'><strong>gnum</strong></span> <span class='ocrx_word' id='word_1_330' title='bbox 2296 1871 2566 1939; x_wconf 75' lang='lat' dir='ltr'><strong>Agarenis</strong></span> <span class='ocrx_word' id='word_1_331' title='bbox 2622 1879 2884 1923; x_wconf 87' lang='lat' dir='ltr'><strong>terrorem</strong></span> <span class='ocrx_word' id='word_1_332' title='bbox 2967 1866 3218 1921; x_wconf 80' lang='lat' dir='ltr'><strong>incussit.</strong></span> <span class='ocrx_word' id='word_1_333' title='bbox 3300 1864 3690 1921; x_wconf 77' lang='lat' dir='ltr'><strong>Vehementius</strong></span> 
     </span>
    </p>
   </div>
   <div class='ocr_carea' id='block_1_49' title="bbox 2097 1959 3694 2032">
    <p class='ocr_par' dir='ltr' id='par_1_49' title="bbox 2097 1959 3694 2032">
     <span class='ocr_line' id='line_1_49' title="bbox 2097 1959 3694 2032; baseline -0.004 -13"><span class='ocrx_word' id='word_1_334' title='bbox 2097 1974 2280 2019; x_wconf 90' lang='lat' dir='ltr'><strong>autem</strong></span> <span class='ocrx_word' id='word_1_335' title='bbox 2318 1963 2436 2032; x_wconf 89' lang='lat' dir='ltr'><strong>ipse</strong></span> <span class='ocrx_word' id='word_1_336' title='bbox 2474 1962 2699 2017; x_wconf 89' lang='lat' dir='ltr'><strong>territus</strong></span> <span class='ocrx_word' id='word_1_337' title='bbox 2725 1970 2827 2023; x_wconf 87' lang='lat' dir='ltr'><strong>est,</strong></span> <span class='ocrx_word' id='word_1_338' title='bbox 2863 1962 3164 2030; x_wconf 86' lang='lat' dir='ltr'><strong>Augustam</strong></span> <span class='ocrx_word' id='word_1_339' title='bbox 3189 1960 3324 2013; x_wconf 88' lang='lat' dir='ltr'><strong>urbe</strong></span> <span class='ocrx_word' id='word_1_340' title='bbox 3364 1959 3570 2029; x_wconf 80' lang='lat' dir='ltr'><strong>fugisse</strong></span> <span class='ocrx_word' id='word_1_341' title='bbox 3592 1974 3694 2014; x_wconf 89' lang='lat' dir='ltr'><strong>au-</strong></span> 
     </span>
    </p>
   </div>
   <div class='ocr_carea' id='block_1_50' title="bbox 2097 2051 3687 2121">
    <p class='ocr_par' dir='ltr' id='par_1_50' title="bbox 2097 2051 3687 2121">
     <span class='ocr_line' id='line_1_50' title="bbox 2097 2051 3687 2121; baseline -0.001 -13"><span class='ocrx_word' id='word_1_342' title='bbox 2097 2055 2273 2117; x_wconf 89' lang='lat' dir='ltr'><strong>diens,</strong></span> <span class='ocrx_word' id='word_1_343' title='bbox 2310 2053 2416 2107; x_wconf 90' lang='lat' dir='ltr'><strong>alio</strong></span> <span class='ocrx_word' id='word_1_344' title='bbox 2448 2052 2502 2106; x_wconf 89' lang='lat' dir='ltr'><strong>in</strong></span> <span class='ocrx_word' id='word_1_345' title='bbox 2538 2054 2921 2121; x_wconf 82' lang='lat' dir='ltr'><strong>imperatorem</strong></span> <span class='ocrx_word' id='word_1_346' title='bbox 2964 2052 3299 2106; x_wconf 84' lang='lat' dir='ltr'><strong>substituto:</strong></span> <span class='ocrx_word' id='word_1_347' title='bbox 3338 2051 3484 2121; x_wconf 81' lang='lat' dir='ltr'><strong>quod</strong></span> <span class='ocrx_word' id='word_1_348' title='bbox 3546 2052 3687 2107; x_wconf 89' lang='lat' dir='ltr'><strong>dolis</strong></span> 
     </span>
    </p>
   </div>
   <div class='ocr_carea' id='block_1_51' title="bbox 2096 2144 3689 2214">
    <p class='ocr_par' dir='ltr' id='par_1_51' title="bbox 2096 2144 3689 2214">
     <span class='ocr_line' id='line_1_51' title="bbox 2096 2144 3689 2214; baseline -0.002 -13"><span class='ocrx_word' id='word_1_349' title='bbox 2096 2159 2151 2201; x_wconf 91' lang='lat' dir='ltr'><strong>et</strong></span> <span class='ocrx_word' id='word_1_350' title='bbox 2188 2155 2301 2201; x_wconf 86' lang='lat' dir='ltr'><strong>arte</strong></span> <span class='ocrx_word' id='word_1_351' title='bbox 2322 2145 2722 2201; x_wconf 82' lang='lat' dir='ltr'><strong>Saracenorum</strong></span> <span class='ocrx_word' id='word_1_352' title='bbox 2755 2154 3004 2214; x_wconf 87' lang='lat' dir='ltr'><strong>paratum</strong></span> <span class='ocrx_word' id='word_1_353' title='bbox 3040 2144 3139 2199; x_wconf 89' lang='lat' dir='ltr'><strong>fuit</strong></span> <span class='ocrx_word' id='word_1_354' title='bbox 3174 2164 3187 2200; x_wconf 87' lang='lat'><strong>:</strong></span> <span class='ocrx_word' id='word_1_355' title='bbox 3246 2145 3570 2200; x_wconf 85' lang='lat' dir='ltr'><strong>muneribus</strong></span> <span class='ocrx_word' id='word_1_356' title='bbox 3608 2147 3689 2198; x_wconf 59' lang='lat' dir='ltr'><strong>vi.</strong></span> 
     </span>
    </p>
   </div>
   <div class='ocr_carea' id='block_1_52' title="bbox 2098 2237 3689 2307">
    <p class='ocr_par' dir='ltr' id='par_1_52' title="bbox 2098 2237 3689 2307">
     <span class='ocr_line' id='line_1_52' title="bbox 2098 2237 3689 2307; baseline -0.003 -14"><span class='ocrx_word' id='word_1_357' title='bbox 2098 2239 2289 2294; x_wconf 86' lang='lat' dir='ltr'><strong>delicet</strong></span> <span class='ocrx_word' id='word_1_358' title='bbox 2316 2238 2385 2293; x_wconf 89' lang='lat' dir='ltr'><strong>ab</strong></span> <span class='ocrx_word' id='word_1_359' title='bbox 2413 2239 2491 2292; x_wconf 90' lang='lat' dir='ltr'><strong>eis</strong></span> <span class='ocrx_word' id='word_1_360' title='bbox 2539 2238 2632 2307; x_wconf 91' lang='lat' dir='ltr'><strong>qui</strong></span> <span class='ocrx_word' id='word_1_361' title='bbox 2689 2237 2742 2291; x_wconf 92' lang='lat' dir='ltr'><strong>in</strong></span> <span class='ocrx_word' id='word_1_362' title='bbox 2775 2237 3035 2292; x_wconf 89' lang='lat' dir='ltr'><strong>comitatu</strong></span> <span class='ocrx_word' id='word_1_363' title='bbox 3095 2246 3254 2292; x_wconf 89' lang='lat' dir='ltr'><strong>erant</strong></span> <span class='ocrx_word' id='word_1_364' title='bbox 3306 2238 3559 2306; x_wconf 81' lang='lat' dir='ltr'><strong>acceptis,</strong></span> <span class='ocrx_word' id='word_1_365' title='bbox 3595 2237 3689 2307; x_wconf 87' lang='lat' dir='ltr'><strong>qui</strong></span> 
     </span>
    </p>
   </div>
   <div class='ocr_carea' id='block_1_53' title="bbox 2098 2330 3689 2397">
    <p class='ocr_par' dir='ltr' id='par_1_53' title="bbox 2098 2330 3689 2397">
     <span class='ocr_line' id='line_1_53' title="bbox 2098 2330 3689 2397; baseline -0.001 -11"><span class='ocrx_word' id='word_1_366' title='bbox 2098 2348 2236 2387; x_wconf 74' lang='lat' dir='ltr'><strong>vano</strong></span> <span class='ocrx_word' id='word_1_367' title='bbox 2262 2334 2366 2386; x_wconf 93' lang='lat' dir='ltr'><strong>hoc</strong></span> <span class='ocrx_word' id='word_1_368' title='bbox 2395 2340 2602 2386; x_wconf 82' lang='lat' dir='ltr'><strong>terrore</strong></span> <span class='ocrx_word' id='word_1_369' title='bbox 2628 2331 2848 2385; x_wconf 86' lang='lat' dir='ltr'><strong>incusso</strong></span> <span class='ocrx_word' id='word_1_370' title='bbox 2886 2330 2941 2384; x_wconf 92' lang='lat' dir='ltr'><strong>in</strong></span> <span class='ocrx_word' id='word_1_371' title='bbox 2976 2331 3165 2384; x_wconf 88' lang='lat' dir='ltr'><strong>urbem</strong></span> <span class='ocrx_word' id='word_1_372' title='bbox 3196 2330 3408 2397; x_wconf 80' lang='lat' dir='ltr'><strong>regredi</strong></span> <span class='ocrx_word' id='word_1_373' title='bbox 3447 2340 3499 2384; x_wconf 90' lang='lat' dir='ltr'><strong>et</strong></span> <span class='ocrx_word' id='word_1_374' title='bbox 3529 2345 3689 2385; x_wconf 84' lang='lat' dir='ltr'><strong>exer-</strong></span> 
     </span>
    </p>
   </div>
   <div class='ocr_carea' id='block_1_54' title="bbox 2096 2420 3690 2493">
    <p class='ocr_par' dir='ltr' id='par_1_54' title="bbox 2096 2420 3690 2493">
     <span class='ocr_line' id='line_1_54' title="bbox 2096 2420 3690 2493; baseline -0.001 -15"><span class='ocrx_word' id='word_1_375' title='bbox 2096 2423 2271 2478; x_wconf 87' lang='lat' dir='ltr'><strong>citum</strong></span> <span class='ocrx_word' id='word_1_376' title='bbox 2312 2423 2577 2493; x_wconf 78' lang='lat' dir='ltr'><strong>Agarenis</strong></span> <span class='ocrx_word' id='word_1_377' title='bbox 2616 2421 2799 2477; x_wconf 85' lang='lat' dir='ltr'><strong>Cretes</strong></span> <span class='ocrx_word' id='word_1_378' title='bbox 2833 2420 3050 2487; x_wconf 86' lang='lat' dir='ltr'><strong>incolis,</strong></span> <span class='ocrx_word' id='word_1_379' title='bbox 3106 2435 3203 2475; x_wconf 88' lang='lat' dir='ltr'><strong>ceu</strong></span> <span class='ocrx_word' id='word_1_380' title='bbox 3242 2421 3402 2491; x_wconf 79' lang='lat' dir='ltr'><strong>gladii</strong></span> <span class='ocrx_word' id='word_1_381' title='bbox 3431 2422 3690 2489; x_wconf 80' lang='lat' dir='ltr'><strong>pabulum</strong></span> 
     </span>
    </p>
   </div>
   <div class='ocr_carea' id='block_1_55' title="bbox 2096 2512 3689 2587">
    <p class='ocr_par' dir='ltr' id='par_1_55' title="bbox 2096 2512 3689 2587">
     <span class='ocr_line' id='line_1_55' title="bbox 2096 2512 3689 2587; baseline -0.002 -16"><span class='ocrx_word' id='word_1_382' title='bbox 2096 2517 2333 2587; x_wconf 74' lang='lat' dir='ltr'><strong>obiicere</strong></span> <span class='ocrx_word' id='word_1_383' title='bbox 2360 2523 2770 2585; x_wconf 86' lang='lat' dir='ltr'><strong>persuaserunt.</strong></span> <span class='ocrx_word' id='word_1_384' title='bbox 2823 2512 2900 2568; x_wconf 84' lang='lat' dir='ltr'><strong>Ita</strong></span> <span class='ocrx_word' id='word_1_385' title='bbox 2932 2528 3027 2584; x_wconf 91' lang='lat' dir='ltr'><strong>per</strong></span> <span class='ocrx_word' id='word_1_386' title='bbox 3043 2513 3261 2568; x_wconf 84' lang='lat' dir='ltr'><strong>Cretam</strong></span> <span class='ocrx_word' id='word_1_387' title='bbox 3300 2512 3487 2567; x_wconf 80' lang='lat' dir='ltr'><strong>infelix</strong></span> <span class='ocrx_word' id='word_1_388' title='bbox 3516 2514 3689 2570; x_wconf 86' lang='lat' dir='ltr'><strong>visus.</strong></span> 
     </span>
    </p>
   </div>
   <div class='ocr_carea' id='block_1_56' title="bbox 2098 2604 3691 2675">
    <p class='ocr_par' dir='ltr' id='par_1_56' title="bbox 2098 2604 3691 2675">
     <span class='ocr_line' id='line_1_56' title="bbox 2098 2604 3691 2675; baseline -0.001 -13"><span class='ocrx_word' id='word_1_389' title='bbox 2098 2610 2326 2663; x_wconf 83' lang='lat' dir='ltr'><strong>Ameras</strong></span> <span class='ocrx_word' id='word_1_390' title='bbox 2357 2616 2538 2661; x_wconf 89' lang='lat' dir='ltr'><strong>autem</strong></span> <span class='ocrx_word' id='word_1_391' title='bbox 2597 2605 2936 2675; x_wconf 82' lang='lat' dir='ltr'><strong>profectione</strong></span> <span class='ocrx_word' id='word_1_392' title='bbox 2986 2614 3237 2675; x_wconf 83' lang='lat' dir='ltr'><strong>suscepta</strong></span> <span class='ocrx_word' id='word_1_393' title='bbox 3289 2606 3549 2661; x_wconf 88' lang='lat' dir='ltr'><strong>adversus</strong></span> <span class='ocrx_word' id='word_1_394' title='bbox 3584 2604 3691 2660; x_wconf 84' lang='lat' dir='ltr'><strong>Ro-</strong></span> 
     </span>
    </p>
   </div>
   <div class='ocr_carea' id='block_1_57' title="bbox 2098 2700 3693 2772">
    <p class='ocr_par' dir='ltr' id='par_1_57' title="bbox 2098 2700 3693 2772">
     <span class='ocr_line' id='line_1_57' title="bbox 2098 2700 3693 2772; baseline -0.001 -14"><span class='ocrx_word' id='word_1_395' title='bbox 2098 2704 2358 2769; x_wconf 89' lang='lat' dir='ltr'><strong>maniam,</strong></span> <span class='ocrx_word' id='word_1_396' title='bbox 2393 2702 2617 2757; x_wconf 84' lang='lat' dir='ltr'><strong>obvium</strong></span> <span class='ocrx_word' id='word_1_397' title='bbox 2660 2716 2935 2772; x_wconf 89' lang='lat' dir='ltr'><strong>quemque</strong></span> <span class='ocrx_word' id='word_1_398' title='bbox 2974 2700 3155 2757; x_wconf 90' lang='lat' dir='ltr'><strong>locum</strong></span> <span class='ocrx_word' id='word_1_399' title='bbox 3182 2700 3612 2771; x_wconf 82' lang='lat' dir='ltr'><strong>depopulabatur</strong></span> <span class='ocrx_word' id='word_1_400' title='bbox 3639 2712 3693 2757; x_wconf 90' lang='lat' dir='ltr'><strong>et</strong></span> 
     </span>
    </p>
   </div>
   <div class='ocr_carea' id='block_1_58' title="bbox 2098 2793 3691 2863">
    <p class='ocr_par' dir='ltr' id='par_1_58' title="bbox 2098 2793 3691 2863">
     <span class='ocr_line' id='line_1_58' title="bbox 2098 2793 3691 2863; baseline -0.002 -13"><span class='ocrx_word' id='word_1_401' title='bbox 2098 2796 2367 2851; x_wconf 76' lang='lat' dir='ltr'><strong>vastabat.</strong></span> <span class='ocrx_word' id='word_1_402' title='bbox 2409 2793 2670 2848; x_wconf 86' lang='lat' dir='ltr'><strong>Eumdem</strong></span> <span class='ocrx_word' id='word_1_403' title='bbox 2696 2808 2862 2863; x_wconf 92' lang='lat' dir='ltr'><strong>porro</strong></span> <span class='ocrx_word' id='word_1_404' title='bbox 2885 2793 3259 2848; x_wconf 87' lang='lat' dir='ltr'><strong>Theoctistum</strong></span> <span class='ocrx_word' id='word_1_405' title='bbox 3294 2809 3390 2848; x_wconf 92' lang='lat' dir='ltr'><strong>seu</strong></span> <span class='ocrx_word' id='word_1_406' title='bbox 3434 2794 3691 2849; x_wconf 83' lang='lat' dir='ltr'><strong>fidelissi-</strong></span> 
     </span>
    </p>
   </div>
   <div class='ocr_carea' id='block_1_59' title="bbox 2100 2885 3690 2941">
    <p class='ocr_par' dir='ltr' id='par_1_59' title="bbox 2100 2885 3690 2941">
     <span class='ocr_line' id='line_1_59' title="bbox 2100 2885 3690 2941; baseline -0.001 0"><span class='ocrx_word' id='word_1_407' title='bbox 2100 2902 2250 2941; x_wconf 88' lang='lat' dir='ltr'><strong>mum</strong></span> <span class='ocrx_word' id='word_1_408' title='bbox 2279 2899 2333 2941; x_wconf 88' lang='lat' dir='ltr'><strong>et</strong></span> <span class='ocrx_word' id='word_1_409' title='bbox 2361 2886 2619 2941; x_wconf 89' lang='lat' dir='ltr'><strong>dilectum</strong></span> <span class='ocrx_word' id='word_1_410' title='bbox 2646 2901 2770 2940; x_wconf 89' lang='lat' dir='ltr'><strong>cum</strong></span> <span class='ocrx_word' id='word_1_411' title='bbox 2797 2885 2971 2938; x_wconf 87' lang='lat' dir='ltr'><strong>valida</strong></span> <span class='ocrx_word' id='word_1_412' title='bbox 2989 2888 3261 2941; x_wconf 84' lang='lat' dir='ltr'><strong>exercitus</strong></span> <span class='ocrx_word' id='word_1_413' title='bbox 3290 2902 3452 2939; x_wconf 89' lang='lat' dir='ltr'><strong>manu</strong></span> <span class='ocrx_word' id='word_1_414' title='bbox 3496 2888 3690 2940; x_wconf 88' lang='lat' dir='ltr'><strong>adver-</strong></span> 
     </span>
    </p>
   </div>
   <div class='ocr_carea' id='block_1_60' title="bbox 2100 2974 3679 3032">
    <p class='ocr_par' dir='ltr' id='par_1_60' title="bbox 2100 2974 3679 3032">
     <span class='ocr_line' id='line_1_60' title="bbox 2100 2974 3679 3032; baseline -0.001 0"><span class='ocrx_word' id='word_1_415' title='bbox 2100 2993 2196 3032; x_wconf 85' lang='lat' dir='ltr'><strong>sus</strong></span> <span class='ocrx_word' id='word_1_416' title='bbox 2222 2977 2472 3030; x_wconf 84' lang='lat' dir='ltr'><strong>Ameram</strong></span> <span class='ocrx_word' id='word_1_417' title='bbox 2504 2974 2790 3029; x_wconf 84' lang='lat' dir='ltr'><strong>Theodora</strong></span> <span class='ocrx_word' id='word_1_418' title='bbox 2831 2985 2885 3030; x_wconf 91' lang='lat' dir='ltr'><strong>et</strong></span> <span class='ocrx_word' id='word_1_419' title='bbox 2912 2975 3140 3031; x_wconf 83' lang='lat' dir='ltr'><strong>Michael</strong></span> <span class='ocrx_word' id='word_1_420' title='bbox 3194 2978 3481 3031; x_wconf 89' lang='lat' dir='ltr'><strong>miserunt.</strong></span> <span class='ocrx_word' id='word_1_421' title='bbox 3543 2976 3679 3031; x_wconf 77' lang='lat' dir='ltr'><strong>Pro~</strong></span> 
     </span>
    </p>
   </div>
   <div class='ocr_carea' id='block_1_61' title="bbox 2102 3061 3690 3125">
    <p class='ocr_par' dir='ltr' id='par_1_61' title="bbox 2102 3061 3690 3125">
     <span class='ocr_line' id='line_1_61' title="bbox 2102 3061 3690 3125; baseline -0.001 0"><span class='ocrx_word' id='word_1_422' title='bbox 2102 3071 2276 3125; x_wconf 89' lang='lat' dir='ltr'><strong>fectus</strong></span> <span class='ocrx_word' id='word_1_423' title='bbox 2302 3070 2391 3123; x_wconf 88' lang='lat' dir='ltr'><strong>ille</strong></span> <span class='ocrx_word' id='word_1_424' title='bbox 2421 3078 2470 3122; x_wconf 92' lang='lat' dir='ltr'><strong>et</strong></span> <span class='ocrx_word' id='word_1_425' title='bbox 2509 3068 2763 3122; x_wconf 88' lang='lat' dir='ltr'><strong>manibus</strong></span> <span class='ocrx_word' id='word_1_426' title='bbox 2812 3083 2936 3120; x_wconf 90' lang='lat' dir='ltr'><strong>cum</strong></span> <span class='ocrx_word' id='word_1_427' title='bbox 2989 3069 3184 3122; x_wconf 82' lang='lat' dir='ltr'><strong>Amcra</strong></span> <span class='ocrx_word' id='word_1_428' title='bbox 3231 3069 3499 3123; x_wconf 76' lang='lat' dir='ltr'><strong>consertis</strong></span> <span class='ocrx_word' id='word_1_429' title='bbox 3525 3073 3543 3088; x_wconf 87' lang='lat'>&#39;</span> <span class='ocrx_word' id='word_1_430' title='bbox 3574 3074 3592 3092; x_wconf 82' lang='lat'><strong><em>‘</em></strong></span> <span class='ocrx_word' id='word_1_431' title='bbox 3625 3071 3642 3089; x_wconf 80' lang='lat'><em>’</em></span> <span class='ocrx_word' id='word_1_432' title='bbox 3672 3061 3690 3081; x_wconf 84' lang='grc'><strong>’</strong></span> 
     </span>
    </p>
   </div>
   <div class='ocr_carea' id='block_1_62' title="bbox 430 3148 2192 3231">
    <p class='ocr_par' dir='ltr' id='par_1_62' title="bbox 430 3148 2192 3231">
     <span class='ocr_line' id='line_1_62' title="bbox 430 3148 2192 3231; baseline 0 -24"><span class='ocrx_word' id='word_1_433' title='bbox 430 3155 708 3224; x_wconf 75' lang='grc' dir='ltr'>βαρύτητα</span> <span class='ocrx_word' id='word_1_434' title='bbox 762 3156 857 3208; x_wconf 69' lang='grc' dir='ltr'><strong>καὶ</strong></span> <span class='ocrx_word' id='word_1_435' title='bbox 909 3155 1226 3225; x_wconf 80' lang='grc' dir='ltr'>ἀπέχθειαν,</span> <span class='ocrx_word' id='word_1_436' title='bbox 1263 3148 1338 3208; x_wconf 82' lang='grc' dir='ltr'><strong>ὧν</strong></span> <span class='ocrx_word' id='word_1_437' title='bbox 1368 3151 1445 3217; x_wconf 80' lang='grc' dir='ltr'><strong>εἷς</strong></span> <span class='ocrx_word' id='word_1_438' title='bbox 1481 3151 1549 3225; x_wconf 76' lang='grc' dir='ltr'><strong>ἦν</strong></span> <span class='ocrx_word' id='word_1_439' title='bbox 1577 3155 1858 3225; x_wconf 72' lang='grc' dir='ltr'><strong>Θεοφάνης</strong></span> <span class='ocrx_word' id='word_1_440' title='bbox 1885 3157 1912 3206; x_wconf 88' lang='lat'><strong>6</strong></span> <span class='ocrx_word' id='word_1_441' title='bbox 1939 3157 2003 3207; x_wconf 80' lang='grc' dir='ltr'>ἐκ</span> <span class='ocrx_word' id='word_1_442' title='bbox 2030 3173 2073 3231; x_wconf 75' lang='lat' dir='ltr'>c</span> <span class='ocrx_word' id='word_1_443' title='bbox 2107 3176 2192 3231; x_wconf 71' lang='grc' dir='ltr'>[πε</span> 
     </span>
    </p>
   </div>
   <div class='ocr_carea' id='block_1_63' title="bbox 1925 3148 3687 3231">
    <p class='ocr_par' dir='ltr' id='par_1_63' title="bbox 1939 3157 3687 3231">
     <span class='ocr_line' id='line_1_63' title="bbox 1939 3157 3687 3231; baseline 0.001 -18"><span class='ocrx_word' id='word_1_444' title='bbox 1939 3157 2003 3207; x_wconf 81' lang='grc' dir='ltr'>ἐκ</span> <span class='ocrx_word' id='word_1_445' title='bbox 2030 3173 2073 3231; x_wconf 78' lang='lat' dir='ltr'><strong>c</strong></span> <span class='ocrx_word' id='word_1_446' title='bbox 2107 3170 2326 3231; x_wconf 88' lang='lat' dir='ltr'><strong>propter</strong></span> <span class='ocrx_word' id='word_1_447' title='bbox 2355 3159 2627 3213; x_wconf 84' lang='lat' dir='ltr'><strong>infensum</strong></span> <span class='ocrx_word' id='word_1_448' title='bbox 2674 3159 2727 3212; x_wconf 94' lang='lat' dir='ltr'><strong>in</strong></span> <span class='ocrx_word' id='word_1_449' title='bbox 2764 3159 3095 3228; x_wconf 87' lang='lat' dir='ltr'><strong>logothetam</strong></span> <span class='ocrx_word' id='word_1_450' title='bbox 3132 3160 3373 3213; x_wconf 86' lang='lat' dir='ltr'><strong>animum</strong></span> <span class='ocrx_word' id='word_1_451' title='bbox 3404 3174 3457 3214; x_wconf 90' lang='lat' dir='ltr'><strong>et</strong></span> <span class='ocrx_word' id='word_1_452' title='bbox 3497 3160 3687 3214; x_wconf 65' lang='lat' dir='ltr'><strong>inimio</strong></span> 
     </span>
    </p>
   </div>
   <div class='ocr_carea' id='block_1_64' title="bbox 425 3246 2000 3319">
    <p class='ocr_par' dir='ltr' id='par_1_64' title="bbox 425 3246 2000 3319">
     <span class='ocr_line' id='line_1_64' title="bbox 425 3246 2000 3319; baseline -0.001 -20"><span class='ocrx_word' id='word_1_453' title='bbox 425 3248 724 3316; x_wconf 78' lang='grc' dir='ltr'>Φαργάνων</span> <span class='ocrx_word' id='word_1_454' title='bbox 775 3248 995 3319; x_wconf 77' lang='grc' dir='ltr'>ἀνδρεία</span> <span class='ocrx_word' id='word_1_455' title='bbox 1037 3264 1095 3300; x_wconf 85' lang='grc' dir='ltr'><strong>τε</strong></span> <span class='ocrx_word' id='word_1_456' title='bbox 1129 3248 1225 3301; x_wconf 75' lang='grc' dir='ltr'>καὶ</span> <span class='ocrx_word' id='word_1_457' title='bbox 1280 3246 1436 3317; x_wconf 76' lang='grc' dir='ltr'>ῥώμῃ</span> <span class='ocrx_word' id='word_1_458' title='bbox 1468 3246 1741 3315; x_wconf 70' lang='grc' dir='ltr'>διαφέρων</span> <span class='ocrx_word' id='word_1_459' title='bbox 1769 3246 2000 3310; x_wconf 78' lang='grc' dir='ltr'>πολλῶν,</span> 
     </span>
    </p>
   </div>
   <div class='ocr_carea' id='block_1_65' title="bbox 426 3337 2003 3409">
    <p class='ocr_par' dir='ltr' id='par_1_65' title="bbox 426 3337 2003 3409">
     <span class='ocr_line' id='line_1_65' title="bbox 426 3337 2003 3409; baseline -0.001 -18"><span class='ocrx_word' id='word_1_460' title='bbox 426 3339 485 3400; x_wconf 80' lang='grc' dir='ltr'><strong>ὃς</strong></span> <span class='ocrx_word' id='word_1_461' title='bbox 517 3338 743 3409; x_wconf 76' lang='grc' dir='ltr'>ὕστερον</span> <span class='ocrx_word' id='word_1_462' title='bbox 790 3340 947 3406; x_wconf 78' lang='grc' dir='ltr'>λόγον</span> <span class='ocrx_word' id='word_1_463' title='bbox 997 3338 1267 3401; x_wconf 81' lang='grc' dir='ltr'>ἀπαθείας</span> <span class='ocrx_word' id='word_1_464' title='bbox 1313 3340 1492 3390; x_wconf 74' lang='grc' dir='ltr'>λαϐὼν</span> <span class='ocrx_word' id='word_1_465' title='bbox 1524 3337 1865 3407; x_wconf 74' lang='grc' dir='ltr'>προσφεύγει</span> <span class='ocrx_word' id='word_1_466' title='bbox 1891 3341 2003 3400; x_wconf 81' lang='grc' dir='ltr'><strong>τοῖς</strong></span> 
     </span>
    </p>
   </div>
   <div class='ocr_carea' id='block_1_66' title="bbox 428 3430 2003 3501">
    <p class='ocr_par' dir='ltr' id='par_1_66' title="bbox 428 3430 2003 3501">
     <span class='ocr_line' id='line_1_66' title="bbox 428 3430 2003 3501; baseline 0.002 -19"><span class='ocrx_word' id='word_1_467' title='bbox 428 3431 793 3499; x_wconf 79' lang='grc' dir='ltr'>Χριστιανοίς.</span> <span class='ocrx_word' id='word_1_468' title='bbox 830 3432 965 3501; x_wconf 84' lang='grc' dir='ltr'><strong>Ἤδη</strong></span> <span class='ocrx_word' id='word_1_469' title='bbox 991 3430 1047 3483; x_wconf 81' lang='grc' dir='ltr'>δὲ</span> <span class='ocrx_word' id='word_1_470' title='bbox 1080 3433 1107 3484; x_wconf 88' lang='lat'><strong>6</strong></span> <span class='ocrx_word' id='word_1_471' title='bbox 1138 3430 1391 3500; x_wconf 74' lang='grc' dir='ltr'>βασιλεὺς</span> <span class='ocrx_word' id='word_1_472' title='bbox 1416 3431 1710 3499; x_wconf 72' lang='grc' dir='ltr'>ἀνδρωθεὶς</span> <span class='ocrx_word' id='word_1_473' title='bbox 1746 3432 2003 3501; x_wconf 73' lang='grc' dir='ltr'>ἐσχόλαζε</span> 
     </span>
    </p>
   </div>
   <div class='ocr_carea' id='block_1_67' title="bbox 425 3523 2004 3593">
    <p class='ocr_par' dir='ltr' id='par_1_67' title="bbox 425 3523 2004 3593">
     <span class='ocr_line' id='line_1_67' title="bbox 425 3523 2004 3593; baseline 0.001 -18"><span class='ocrx_word' id='word_1_474' title='bbox 425 3524 537 3584; x_wconf 77' lang='grc' dir='ltr'>τοῖς</span> <span class='ocrx_word' id='word_1_475' title='bbox 575 3540 632 3575; x_wconf 86' lang='grc' dir='ltr'><strong>τε</strong></span> <span class='ocrx_word' id='word_1_476' title='bbox 669 3523 971 3593; x_wconf 79' lang='grc' dir='ltr'>κυνηγίοις,</span> <span class='ocrx_word' id='word_1_477' title='bbox 1014 3523 1107 3575; x_wconf 80' lang='grc' dir='ltr'>καὶ</span> <span class='ocrx_word' id='word_1_478' title='bbox 1152 3525 1274 3586; x_wconf 79' lang='grc' dir='ltr'><strong>ταῖς</strong></span> <span class='ocrx_word' id='word_1_479' title='bbox 1298 3524 1405 3576; x_wconf 82' lang='grc' dir='ltr'><strong>τῶν</strong></span> <span class='ocrx_word' id='word_1_480' title='bbox 1452 3524 1633 3576; x_wconf 74' lang='grc' dir='ltr'>ἵππων</span> <span class='ocrx_word' id='word_1_481' title='bbox 1662 3524 1916 3593; x_wconf 80' lang='grc' dir='ltr'>ἁμίλλαις</span> <span class='ocrx_word' id='word_1_482' title='bbox 1946 3526 2004 3577; x_wconf 81' lang='grc' dir='ltr'><strong>ὲν</strong></span> 
     </span>
    </p>
   </div>
   <div class='ocr_carea' id='block_1_68' title="bbox 427 3612 2005 3684">
    <p class='ocr_par' dir='ltr' id='par_1_68' title="bbox 427 3612 2005 3684">
     <span class='ocr_line' id='line_1_68' title="bbox 427 3612 2005 3684; baseline 0.003 -20"><span class='ocrx_word' id='word_1_483' title='bbox 427 3614 504 3681; x_wconf 81' lang='grc' dir='ltr'><strong>τῷ</strong></span> <span class='ocrx_word' id='word_1_484' title='bbox 544 3613 741 3681; x_wconf 76' lang='grc' dir='ltr'>διαύλῳ</span> <span class='ocrx_word' id='word_1_485' title='bbox 771 3612 865 3665; x_wconf 79' lang='grc' dir='ltr'><strong>τοῦ</strong></span> <span class='ocrx_word' id='word_1_486' title='bbox 894 3612 1143 3674; x_wconf 79' lang='grc' dir='ltr'>ἱππικοῦ,</span> <span class='ocrx_word' id='word_1_487' title='bbox 1185 3614 1279 3666; x_wconf 69' lang='grc' dir='ltr'>καὶ</span> <span class='ocrx_word' id='word_1_488' title='bbox 1333 3616 1453 3677; x_wconf 82' lang='grc' dir='ltr'><strong>ταῖς</strong></span> <span class='ocrx_word' id='word_1_489' title='bbox 1486 3614 1701 3677; x_wconf 79' lang='grc' dir='ltr'>λοιπαῖς</span> <span class='ocrx_word' id='word_1_490' title='bbox 1754 3616 2005 3684; x_wconf 78' lang='grc' dir='ltr'>ἀκαθαρο</span> 
     </span>
    </p>
   </div>
   <div class='ocr_carea' id='block_1_69' title="bbox 432 3702 2007 3776">
    <p class='ocr_par' dir='ltr' id='par_1_69' title="bbox 432 3702 2007 3776">
     <span class='ocr_line' id='line_1_69' title="bbox 432 3702 2007 3776; baseline 0.003 -20"><span class='ocrx_word' id='word_1_491' title='bbox 432 3705 591 3766; x_wconf 77' lang='grc' dir='ltr'>σίαις.</span> <span class='ocrx_word' id='word_1_492' title='bbox 631 3704 833 3772; x_wconf 78' lang='grc' dir='ltr'>Βουλὴν</span> <span class='ocrx_word' id='word_1_493' title='bbox 859 3702 950 3755; x_wconf 83' lang='grc' dir='ltr'>οὖν</span> <span class='ocrx_word' id='word_1_494' title='bbox 974 3705 1208 3756; x_wconf 76' lang='grc' dir='ltr'>ποιεῖται</span> <span class='ocrx_word' id='word_1_495' title='bbox 1245 3703 1496 3772; x_wconf 82' lang='grc' dir='ltr'>Θεοδὼρα</span> <span class='ocrx_word' id='word_1_496' title='bbox 1528 3704 1813 3771; x_wconf 75' lang='grc' dir='ltr'>Αὐγοῦστα</span> <span class='ocrx_word' id='word_1_497' title='bbox 1869 3707 2007 3776; x_wconf 82' lang='grc' dir='ltr'><strong>μετὰ</strong></span> 
     </span>
    </p>
   </div>
   <div class='ocr_carea' id='block_1_70' title="bbox 428 3795 2003 3869">
    <p class='ocr_par' dir='ltr' id='par_1_70' title="bbox 428 3795 2003 3869">
     <span class='ocr_line' id='line_1_70' title="bbox 428 3795 2003 3869; baseline 0.003 -21"><span class='ocrx_word' id='word_1_498' title='bbox 428 3796 747 3849; x_wconf 81' lang='grc' dir='ltr'>Θεοκτίστου</span> <span class='ocrx_word' id='word_1_499' title='bbox 778 3795 1063 3861; x_wconf 72' lang='grc' dir='ltr'>λογοθέτου</span> <span class='ocrx_word' id='word_1_500' title='bbox 1088 3795 1273 3847; x_wconf 76' lang='grc' dir='ltr'>δοῦναι</span> <span class='ocrx_word' id='word_1_501' title='bbox 1302 3799 1536 3862; x_wconf 74' lang='grc' dir='ltr'>γυναῖκα</span> <span class='ocrx_word' id='word_1_502' title='bbox 1583 3795 1660 3867; x_wconf 82' lang='grc' dir='ltr'>τῷ</span> <span class='ocrx_word' id='word_1_503' title='bbox 1691 3796 1791 3866; x_wconf 79' lang='grc' dir='ltr'><strong>υίῷ</strong></span> <span class='ocrx_word' id='word_1_504' title='bbox 1814 3800 2003 3869; x_wconf 76' lang='grc' dir='ltr'><strong>αὐτῆς.</strong></span> 
     </span>
    </p>
   </div>
   <div class='ocr_carea' id='block_1_71' title="bbox 432 3886 2004 3960">
    <p class='ocr_par' dir='ltr' id='par_1_71' title="bbox 432 3886 2004 3960">
     <span class='ocr_line' id='line_1_71' title="bbox 432 3886 2004 3960; baseline 0.001 -20"><span class='ocrx_word' id='word_1_505' title='bbox 432 3888 614 3955; x_wconf 85' lang='grc' dir='ltr'>Ἔγνω</span> <span class='ocrx_word' id='word_1_506' title='bbox 637 3890 743 3957; x_wconf 73' lang='grc' dir='ltr'><strong>γὰρ</strong></span> <span class='ocrx_word' id='word_1_507' title='bbox 772 3887 847 3947; x_wconf 80' lang='grc' dir='ltr'><strong>ὼς</strong></span> <span class='ocrx_word' id='word_1_508' title='bbox 882 3886 1241 3955; x_wconf 78' lang='grc' dir='ltr'>συνεφιλιὼθη</span> <span class='ocrx_word' id='word_1_509' title='bbox 1274 3886 1507 3957; x_wconf 78' lang='grc' dir='ltr'>Εὐδοκίᾳ</span> <span class='ocrx_word' id='word_1_510' title='bbox 1536 3891 1601 3956; x_wconf 77' lang='grc' dir='ltr'><strong>τῇ</strong></span> <span class='ocrx_word' id='word_1_511' title='bbox 1633 3888 1727 3939; x_wconf 78' lang='grc' dir='ltr'>τοῦ</span> <span class='ocrx_word' id='word_1_512' title='bbox 1758 3890 2004 3960; x_wconf 85' lang='grc' dir='ltr'>Ἴγγερος</span> 
     </span>
    </p>
   </div>
   <div class='ocr_carea' id='block_1_72' title="bbox 433 3978 2006 4052">
    <p class='ocr_par' dir='ltr' id='par_1_72' title="bbox 433 3978 2006 4052">
     <span class='ocr_line' id='line_1_72' title="bbox 433 3978 2006 4052; baseline 0.004 -23"><span class='ocrx_word' id='word_1_513' title='bbox 433 3978 732 4049; x_wconf 79' lang='grc' dir='ltr'>μισουμένη</span> <span class='ocrx_word' id='word_1_514' title='bbox 764 3978 841 4048; x_wconf 83' lang='grc' dir='ltr'><strong>τῷ</strong></span> <span class='ocrx_word' id='word_1_515' title='bbox 873 3979 1131 4047; x_wconf 77' lang='grc' dir='ltr'>λογοθέτῃ</span> <span class='ocrx_word' id='word_1_516' title='bbox 1158 3980 1252 4030; x_wconf 73' lang='grc' dir='ltr'>καὶ</span> <span class='ocrx_word' id='word_1_517' title='bbox 1285 3981 1349 4048; x_wconf 64' lang='grc' dir='ltr'><strong>τῇ</strong></span> <span class='ocrx_word' id='word_1_518' title='bbox 1380 3980 1635 4051; x_wconf 79' lang='grc' dir='ltr'>δεσποίνῃ</span> <span class='ocrx_word' id='word_1_519' title='bbox 1664 3980 1909 4052; x_wconf 77' lang='grc' dir='ltr'>σφοδρῶς</span> <span class='ocrx_word' id='word_1_520' title='bbox 1938 3982 2006 4035; x_wconf 78' lang='grc' dir='ltr'>δι’</span> 
     </span>
    </p>
   </div>
   <div class='ocr_carea' id='block_1_73' title="bbox 429 4068 2007 4141">
    <p class='ocr_par' dir='ltr' id='par_1_73' title="bbox 429 4068 2007 4141">
     <span class='ocr_line' id='line_1_73' title="bbox 429 4068 2007 4141; baseline 0.004 -22"><span class='ocrx_word' id='word_1_521' title='bbox 429 4068 722 4120; x_wconf 82' lang='grc' dir='ltr'>ἀναίδειαν.</span> <span class='ocrx_word' id='word_1_522' title='bbox 758 4068 847 4119; x_wconf 81' lang='grc' dir='ltr'><strong>Διὸ</strong></span> <span class='ocrx_word' id='word_1_523' title='bbox 872 4068 1296 4135; x_wconf 76' lang='grc' dir='ltr'>συζευγνυουσιν</span> <span class='ocrx_word' id='word_1_524' title='bbox 1320 4068 1469 4139; x_wconf 81' lang='grc' dir='ltr'>αὐτῷ</span> <span class='ocrx_word' id='word_1_525' title='bbox 1488 4069 1754 4123; x_wconf 83' lang='grc' dir='ltr'>Εὺδοκίαν</span> <span class='ocrx_word' id='word_1_526' title='bbox 1784 4072 1882 4141; x_wconf 77' lang='grc' dir='ltr'><strong>τὴν</strong></span> <span class='ocrx_word' id='word_1_527' title='bbox 1911 4072 2007 4125; x_wconf 83' lang='grc' dir='ltr'><strong>τοῦ</strong></span> 
     </span>
    </p>
   </div>
   <div class='ocr_carea' id='block_1_74' title="bbox 431 4154 2007 4230">
    <p class='ocr_par' dir='ltr' id='par_1_74' title="bbox 431 4154 2007 4230">
     <span class='ocr_line' id='line_1_74' title="bbox 431 4154 2007 4230; baseline 0.003 -21"><span class='ocrx_word' id='word_1_528' title='bbox 431 4159 820 4222; x_wconf 82' lang='grc' dir='ltr'>Δεκαπολίτου,</span> <span class='ocrx_word' id='word_1_529' title='bbox 855 4159 973 4228; x_wconf 79' lang='grc' dir='ltr'>μεθ’</span> <span class='ocrx_word' id='word_1_530' title='bbox 1002 4154 1068 4229; x_wconf 79' lang='grc' dir='ltr'><strong>ἦς</strong></span> <span class='ocrx_word' id='word_1_531' title='bbox 1104 4158 1463 4227; x_wconf 73' lang='grc' dir='ltr'>στεφανοῦται</span> <span class='ocrx_word' id='word_1_532' title='bbox 1500 4164 1558 4214; x_wconf 84' lang='grc' dir='ltr'><strong>ὲν</strong></span> <span class='ocrx_word' id='word_1_533' title='bbox 1603 4161 1680 4229; x_wconf 81' lang='grc' dir='ltr'>τῷ</span> <span class='ocrx_word' id='word_1_534' title='bbox 1711 4163 1849 4230; x_wconf 85' lang='grc' dir='ltr'>ἁγίῳ</span> <span class='ocrx_word' id='word_1_535' title='bbox 1880 4164 2007 4214; x_wconf 85' lang='grc' dir='ltr'>Στε-</span> 
     </span>
    </p>
   </div>
   <div class='ocr_carea' id='block_1_75' title="bbox 430 4250 2007 4322">
    <p class='ocr_par' dir='ltr' id='par_1_75' title="bbox 430 4250 2007 4322">
     <span class='ocr_line' id='line_1_75' title="bbox 430 4250 2007 4322; baseline 0.003 -19"><span class='ocrx_word' id='word_1_536' title='bbox 430 4252 582 4319; x_wconf 69' lang='grc' dir='ltr'><strong>φάνῳ</strong></span> <span class='ocrx_word' id='word_1_537' title='bbox 610 4251 688 4319; x_wconf 82' lang='grc' dir='ltr'><strong>τῷ</strong></span> <span class='ocrx_word' id='word_1_538' title='bbox 718 4254 797 4315; x_wconf 79' lang='grc' dir='ltr'>εἰς</span> <span class='ocrx_word' id='word_1_539' title='bbox 824 4250 921 4322; x_wconf 78' lang='grc' dir='ltr'>τὴν</span> <span class='ocrx_word' id='word_1_540' title='bbox 951 4252 1190 4320; x_wconf 71' lang='grc' dir='ltr'><strong>Δάφνην,</strong></span> <span class='ocrx_word' id='word_1_541' title='bbox 1217 4253 1512 4320; x_wconf 82' lang='grc' dir='ltr'>γενομένου</span> <span class='ocrx_word' id='word_1_542' title='bbox 1560 4251 1653 4305; x_wconf 77' lang='grc' dir='ltr'><strong>τοῦ</strong></span> <span class='ocrx_word' id='word_1_543' title='bbox 1689 4253 1895 4307; x_wconf 78' lang='grc' dir='ltr'>παστοῦ</span> <span class='ocrx_word' id='word_1_544' title='bbox 1927 4255 2007 4319; x_wconf 84' lang='grc' dir='ltr'>είς</span> 
     </span>
    </p>
   </div>
   <div class='ocr_carea' id='block_1_76' title="bbox 429 4342 2007 4417">
    <p class='ocr_par' dir='ltr' id='par_1_76' title="bbox 429 4342 2007 4417">
     <span class='ocr_line' id='line_1_76' title="bbox 429 4342 2007 4417; baseline 0.004 -24"><span class='ocrx_word' id='word_1_545' title='bbox 429 4342 526 4412; x_wconf 80' lang='grc' dir='ltr'><strong>τὴν</strong></span> <span class='ocrx_word' id='word_1_546' title='bbox 561 4343 916 4411; x_wconf 72' lang='grc' dir='ltr'>Μαγναύραν,</span> <span class='ocrx_word' id='word_1_547' title='bbox 950 4343 1048 4411; x_wconf 78' lang='grc' dir='ltr'><strong>τῆς</strong></span> <span class='ocrx_word' id='word_1_548' title='bbox 1081 4343 1136 4395; x_wconf 82' lang='grc' dir='ltr'>δὲ</span> <span class='ocrx_word' id='word_1_549' title='bbox 1169 4343 1478 4412; x_wconf 78' lang='grc' dir='ltr'>συγκλήτου</span> <span class='ocrx_word' id='word_1_550' title='bbox 1535 4344 1919 4417; x_wconf 82' lang='grc' dir='ltr'>ἀνακλιθείσης</span> <span class='ocrx_word' id='word_1_551' title='bbox 1951 4348 2007 4399; x_wconf 86' lang='grc' dir='ltr'>ὲν</span> 
     </span>
    </p>
   </div>
   <div class='ocr_carea' id='block_1_77' title="bbox 432 4432 2008 4505">
    <p class='ocr_par' dir='ltr' id='par_1_77' title="bbox 432 4432 2008 4505">
     <span class='ocr_line' id='line_1_77' title="bbox 432 4432 2008 4505; baseline 0.004 -22"><span class='ocrx_word' id='word_1_552' title='bbox 432 4434 540 4494; x_wconf 80' lang='grc' dir='ltr'><strong>τοῖς</strong></span> <span class='ocrx_word' id='word_1_553' title='bbox 571 4432 704 4485; x_wconf 78' lang='grc' dir='ltr'>δέκα</span> <span class='ocrx_word' id='word_1_554' title='bbox 737 4433 892 4485; x_wconf 73' lang='grc' dir='ltr'>ἐννέα</span> <span class='ocrx_word' id='word_1_555' title='bbox 944 4432 1250 4494; x_wconf 79' lang='grc' dir='ltr'>Κουὸίτοις.</span> <span class='ocrx_word' id='word_1_556' title='bbox 1316 4434 1470 4487; x_wconf 79' lang='grc' dir='ltr'>Μετὰ</span> <span class='ocrx_word' id='word_1_557' title='bbox 1512 4434 1568 4486; x_wconf 84' lang='grc' dir='ltr'>δὲ</span> <span class='ocrx_word' id='word_1_558' title='bbox 1603 4435 1797 4505; x_wconf 73' lang='grc' dir='ltr'>μικρὸν</span> <span class='ocrx_word' id='word_1_559' title='bbox 1843 4437 1870 4489; x_wconf 88' lang='lat'><strong>6</strong></span> <span class='ocrx_word' id='word_1_560' title='bbox 1900 4436 2008 4489; x_wconf 81' lang='grc' dir='ltr'>τῶν</span> 
     </span>
    </p>
   </div>
   <div class='ocr_carea' id='block_1_78' title="bbox 2106 3246 3690 3321">
    <p class='ocr_par' dir='ltr' id='par_1_78' title="bbox 2106 3246 3690 3321">
     <span class='ocr_line' id='line_1_78' title="bbox 2106 3246 3690 3321; baseline 0.001 -16"><span class='ocrx_word' id='word_1_561' title='bbox 2106 3253 2263 3306; x_wconf 91' lang='lat' dir='ltr'><strong>citias</strong></span> <span class='ocrx_word' id='word_1_562' title='bbox 2297 3268 2309 3303; x_wconf 92' lang='lat'><strong>:</strong></span> <span class='ocrx_word' id='word_1_563' title='bbox 2352 3266 2587 3318; x_wconf 91' lang='lat' dir='ltr'><strong>quorum</strong></span> <span class='ocrx_word' id='word_1_564' title='bbox 2627 3246 2771 3304; x_wconf 77' lang='lat' dir='ltr'><strong>unus</strong></span> <span class='ocrx_word' id='word_1_565' title='bbox 2803 3250 2907 3303; x_wconf 91' lang='lat' dir='ltr'><strong>fuit</strong></span> <span class='ocrx_word' id='word_1_566' title='bbox 2936 3249 3297 3319; x_wconf 83' lang='lat' dir='ltr'><strong>Theophanes</strong></span> <span class='ocrx_word' id='word_1_567' title='bbox 3338 3250 3690 3321; x_wconf 82' lang='lat' dir='ltr'><strong>Phargancn-</strong></span> 
     </span>
    </p>
   </div>
   <div class='ocr_carea' id='block_1_79' title="bbox 2106 3338 3691 3410">
    <p class='ocr_par' dir='ltr' id='par_1_79' title="bbox 2106 3338 3691 3410">
     <span class='ocr_line' id='line_1_79' title="bbox 2106 3338 3691 3410; baseline 0 -16"><span class='ocrx_word' id='word_1_568' title='bbox 2106 3340 2182 3395; x_wconf 89' lang='lat' dir='ltr'><strong>sis</strong></span> <span class='ocrx_word' id='word_1_569' title='bbox 2222 3340 2422 3394; x_wconf 89' lang='lat' dir='ltr'><strong>virtute</strong></span> <span class='ocrx_word' id='word_1_570' title='bbox 2461 3348 2515 3392; x_wconf 91' lang='lat' dir='ltr'><strong>et</strong></span> <span class='ocrx_word' id='word_1_571' title='bbox 2549 3339 2746 3393; x_wconf 86' lang='lat' dir='ltr'><strong>robore</strong></span> <span class='ocrx_word' id='word_1_572' title='bbox 2787 3338 3036 3407; x_wconf 89' lang='lat' dir='ltr'><strong>plurimis</strong></span> <span class='ocrx_word' id='word_1_573' title='bbox 3073 3349 3363 3409; x_wconf 72' lang='lat' dir='ltr'><strong>praestans,</strong></span> <span class='ocrx_word' id='word_1_574' title='bbox 3402 3341 3493 3409; x_wconf 89' lang='lat' dir='ltr'><strong>qui</strong></span> <span class='ocrx_word' id='word_1_575' title='bbox 3543 3354 3691 3410; x_wconf 86' lang='lat' dir='ltr'><strong>post-</strong></span> 
     </span>
    </p>
   </div>
   <div class='ocr_carea' id='block_1_80' title="bbox 2104 3431 3686 3500">
    <p class='ocr_par' dir='ltr' id='par_1_80' title="bbox 2104 3431 3686 3500">
     <span class='ocr_line' id='line_1_80' title="bbox 2104 3431 3686 3500; baseline 0 -13"><span class='ocrx_word' id='word_1_576' title='bbox 2104 3433 2326 3487; x_wconf 87' lang='lat' dir='ltr'><strong>modum</strong></span> <span class='ocrx_word' id='word_1_577' title='bbox 2359 3432 2671 3488; x_wconf 84' lang='lat' dir='ltr'><strong>securitatis</strong></span> <span class='ocrx_word' id='word_1_578' title='bbox 2708 3432 2813 3486; x_wconf 79' lang='lat' dir='ltr'><strong>ftde</strong></span> <span class='ocrx_word' id='word_1_579' title='bbox 2852 3441 3094 3500; x_wconf 83' lang='lat' dir='ltr'><strong>accepta,</strong></span> <span class='ocrx_word' id='word_1_580' title='bbox 3145 3431 3197 3485; x_wconf 90' lang='lat' dir='ltr'><strong>in</strong></span> <span class='ocrx_word' id='word_1_581' title='bbox 3247 3432 3686 3488; x_wconf 87' lang='lat' dir='ltr'><strong>Christianorum</strong></span> 
     </span>
    </p>
   </div>
   <div class='ocr_carea' id='block_1_81' title="bbox 2106 3523 3690 3597">
    <p class='ocr_par' dir='ltr' id='par_1_81' title="bbox 2106 3523 3690 3597">
     <span class='ocr_line' id='line_1_81' title="bbox 2106 3523 3690 3597; baseline 0.003 -20"><span class='ocrx_word' id='word_1_582' title='bbox 2106 3534 2288 3594; x_wconf 90' lang='lat' dir='ltr'><strong>partes</strong></span> <span class='ocrx_word' id='word_1_583' title='bbox 2335 3526 2617 3578; x_wconf 84' lang='lat' dir='ltr'><strong>remeavit.</strong></span> <span class='ocrx_word' id='word_1_584' title='bbox 2681 3523 2983 3592; x_wconf 91' lang='lat' dir='ltr'><strong>Imperator</strong></span> <span class='ocrx_word' id='word_1_585' title='bbox 3016 3538 3180 3593; x_wconf 82' lang='lat' dir='ltr'><strong>porro</strong></span> <span class='ocrx_word' id='word_1_586' title='bbox 3234 3524 3443 3579; x_wconf 74' lang='lat' dir='ltr'><strong>virilem</strong></span> <span class='ocrx_word' id='word_1_587' title='bbox 3483 3527 3690 3597; x_wconf 79' lang='lat' dir='ltr'><strong>ingrcs-</strong></span> 
     </span>
    </p>
   </div>
   <div class='ocr_carea' id='block_1_82' title="bbox 2108 3618 3692 3687">
    <p class='ocr_par' dir='ltr' id='par_1_82' title="bbox 2108 3618 3692 3687">
     <span class='ocr_line' id='line_1_82' title="bbox 2108 3618 3692 3687; baseline 0 -13"><span class='ocrx_word' id='word_1_588' title='bbox 2108 3636 2203 3674; x_wconf 85' lang='lat' dir='ltr'><strong>sus</strong></span> <span class='ocrx_word' id='word_1_589' title='bbox 2241 3627 2451 3674; x_wconf 61' lang='lat' dir='ltr'><strong>aetatem</strong></span> <span class='ocrx_word' id='word_1_590' title='bbox 2494 3618 2875 3673; x_wconf 88' lang='lat' dir='ltr'><strong>venationibus</strong></span> <span class='ocrx_word' id='word_1_591' title='bbox 2914 3629 2967 3672; x_wconf 90' lang='lat' dir='ltr'><strong>et</strong></span> <span class='ocrx_word' id='word_1_592' title='bbox 2999 3632 3261 3687; x_wconf 89' lang='lat' dir='ltr'><strong>equorum</strong></span> <span class='ocrx_word' id='word_1_593' title='bbox 3297 3620 3692 3674; x_wconf 82' lang='lat' dir='ltr'><strong>certaminibus</strong></span> 
     </span>
    </p>
   </div>
   <div class='ocr_carea' id='block_1_83' title="bbox 2108 3709 3688 3779">
    <p class='ocr_par' dir='ltr' id='par_1_83' title="bbox 2108 3709 3688 3779">
     <span class='ocr_line' id='line_1_83' title="bbox 2108 3709 3688 3779; baseline 0 -14"><span class='ocrx_word' id='word_1_594' title='bbox 2108 3712 2161 3765; x_wconf 90' lang='lat' dir='ltr'><strong>in</strong></span> <span class='ocrx_word' id='word_1_595' title='bbox 2195 3710 2335 3765; x_wconf 89' lang='lat' dir='ltr'><strong>Circi</strong></span> <span class='ocrx_word' id='word_1_596' title='bbox 2373 3709 2551 3764; x_wconf 87' lang='lat' dir='ltr'><strong>stadio</strong></span> <span class='ocrx_word' id='word_1_597' title='bbox 2601 3710 2833 3779; x_wconf 90' lang='lat' dir='ltr'><strong>aliisque</strong></span> <span class='ocrx_word' id='word_1_598' title='bbox 2903 3710 3137 3779; x_wconf 87' lang='lat' dir='ltr'><strong>impuris</strong></span> <span class='ocrx_word' id='word_1_599' title='bbox 3188 3712 3386 3765; x_wconf 87' lang='lat' dir='ltr'><strong>studiis</strong></span> <span class='ocrx_word' id='word_1_600' title='bbox 3442 3712 3688 3766; x_wconf 84' lang='lat' dir='ltr'><strong>vacabat.</strong></span> 
     </span>
    </p>
   </div>
   <div class='ocr_carea' id='block_1_84' title="bbox 2106 3802 3695 3874">
    <p class='ocr_par' dir='ltr' id='par_1_84' title="bbox 2106 3802 3695 3874">
     <span class='ocr_line' id='line_1_84' title="bbox 2106 3802 3695 3874; baseline 0 -17"><span class='ocrx_word' id='word_1_601' title='bbox 2106 3803 2373 3858; x_wconf 55' lang='lat' dir='ltr'><strong>Cmtcrum</strong></span> <span class='ocrx_word' id='word_1_602' title='bbox 2408 3802 2695 3856; x_wconf 87' lang='lat' dir='ltr'><strong>Theodora</strong></span> <span class='ocrx_word' id='word_1_603' title='bbox 2732 3805 2975 3871; x_wconf 84' lang='lat' dir='ltr'><strong>Augusta</strong></span> <span class='ocrx_word' id='word_1_604' title='bbox 3010 3803 3196 3857; x_wconf 82' lang='lat' dir='ltr'><strong>uxoris</strong></span> <span class='ocrx_word' id='word_1_605' title='bbox 3247 3803 3359 3857; x_wconf 81' lang='lat' dir='ltr'><strong>filio</strong></span> <span class='ocrx_word' id='word_1_606' title='bbox 3390 3819 3490 3857; x_wconf 91' lang='lat' dir='ltr'><strong>suo</strong></span> <span class='ocrx_word' id='word_1_607' title='bbox 3513 3807 3695 3874; x_wconf 87' lang='lat' dir='ltr'><strong>provi-</strong></span> 
     </span>
    </p>
   </div>
   <div class='ocr_carea' id='block_1_85' title="bbox 2108 3894 3689 3962">
    <p class='ocr_par' dir='ltr' id='par_1_85' title="bbox 2108 3894 3689 3962">
     <span class='ocr_line' id='line_1_85' title="bbox 2108 3894 3689 3962; baseline -0.003 -11"><span class='ocrx_word' id='word_1_608' title='bbox 2108 3896 2296 3951; x_wconf 71' lang='lat' dir='ltr'><strong>denda:</strong></span> <span class='ocrx_word' id='word_1_609' title='bbox 2323 3909 2446 3949; x_wconf 90' lang='lat' dir='ltr'><strong>cum</strong></span> <span class='ocrx_word' id='word_1_610' title='bbox 2486 3894 2806 3949; x_wconf 81' lang='lat' dir='ltr'><strong>Theoctisto</strong></span> <span class='ocrx_word' id='word_1_611' title='bbox 2838 3894 3112 3962; x_wconf 82' lang='lat' dir='ltr'><strong>logotheta</strong></span> <span class='ocrx_word' id='word_1_612' title='bbox 3142 3895 3434 3948; x_wconf 88' lang='lat' dir='ltr'><strong>consilhnn</strong></span> <span class='ocrx_word' id='word_1_613' title='bbox 3472 3895 3689 3959; x_wconf 87' lang='lat' dir='ltr'><strong>habuit;</strong></span> 
     </span>
    </p>
   </div>
   <div class='ocr_carea' id='block_1_86' title="bbox 2111 3981 3694 4053">
    <p class='ocr_par' dir='ltr' id='par_1_86' title="bbox 2111 3981 3694 4053">
     <span class='ocr_line' id='line_1_86' title="bbox 2111 3981 3694 4053; baseline 0.001 -15"><span class='ocrx_word' id='word_1_614' title='bbox 2111 3993 2335 4038; x_wconf 85' lang='lat' dir='ltr'><strong>noverat</strong></span> <span class='ocrx_word' id='word_1_615' title='bbox 2371 3984 2575 4053; x_wconf 88' lang='lat' dir='ltr'><strong>quippe</strong></span> <span class='ocrx_word' id='word_1_616' title='bbox 2626 3997 2751 4037; x_wconf 92' lang='lat' dir='ltr'><strong>cum</strong></span> <span class='ocrx_word' id='word_1_617' title='bbox 2808 3981 3047 4037; x_wconf 86' lang='lat' dir='ltr'><strong>Eudocia</strong></span> <span class='ocrx_word' id='word_1_618' title='bbox 3089 3982 3296 4053; x_wconf 84' lang='lat' dir='ltr'><strong>lngeris</strong></span> <span class='ocrx_word' id='word_1_619' title='bbox 3345 3984 3475 4048; x_wconf 84' lang='lat' dir='ltr'><strong>tilia,</strong></span> <span class='ocrx_word' id='word_1_620' title='bbox 3541 3986 3694 4053; x_wconf 80' lang='lat' dir='ltr'><strong>logo-</strong></span> 
     </span>
    </p>
   </div>
   <div class='ocr_carea' id='block_1_87' title="bbox 2110 4072 3693 4143">
    <p class='ocr_par' dir='ltr' id='par_1_87' title="bbox 2110 4072 3693 4143">
     <span class='ocr_line' id='line_1_87' title="bbox 2110 4072 3693 4143; baseline 0.003 -16"><span class='ocrx_word' id='word_1_621' title='bbox 2110 4076 2293 4139; x_wconf 73' lang='lat' dir='ltr'><strong>thetm,</strong></span> <span class='ocrx_word' id='word_1_622' title='bbox 2328 4085 2381 4129; x_wconf 90' lang='lat' dir='ltr'><strong>et</strong></span> <span class='ocrx_word' id='word_1_623' title='bbox 2433 4072 2766 4143; x_wconf 90' lang='lat' dir='ltr'><strong>imperatrici</strong></span> <span class='ocrx_word' id='word_1_624' title='bbox 2824 4083 3045 4142; x_wconf 87' lang='lat' dir='ltr'><strong>propter</strong></span> <span class='ocrx_word' id='word_1_625' title='bbox 3107 4073 3501 4143; x_wconf 87' lang='lat' dir='ltr'><strong>impudicitiam</strong></span> <span class='ocrx_word' id='word_1_626' title='bbox 3532 4076 3693 4131; x_wconf 77' lang='lat' dir='ltr'><strong>vehe-</strong></span> 
     </span>
    </p>
   </div>
   <div class='ocr_carea' id='block_1_88' title="bbox 2110 4162 3692 4225">
    <p class='ocr_par' dir='ltr' id='par_1_88' title="bbox 2110 4162 3692 4225">
     <span class='ocr_line' id='line_1_88' title="bbox 2110 4162 3692 4225; baseline 0.001 -6"><span class='ocrx_word' id='word_1_627' title='bbox 2110 4176 2321 4220; x_wconf 87' lang='lat' dir='ltr'><strong>menter</strong></span> <span class='ocrx_word' id='word_1_628' title='bbox 2359 4179 2557 4225; x_wconf 68' lang='grc' dir='ltr'><strong>ριοεαξ,</strong></span> <span class='ocrx_word' id='word_1_629' title='bbox 2592 4162 3016 4217; x_wconf 84' lang='lat' dir='ltr'><strong>familiaritatem</strong></span> <span class='ocrx_word' id='word_1_630' title='bbox 3054 4166 3393 4220; x_wconf 77' lang='lat' dir='ltr'><strong>contraxisse</strong></span> <span class='ocrx_word' id='word_1_631' title='bbox 3422 4182 3435 4219; x_wconf 92' lang='lat'>:</span> <span class='ocrx_word' id='word_1_632' title='bbox 3469 4180 3588 4219; x_wconf 85' lang='lat' dir='ltr'><strong>eam</strong></span> <span class='ocrx_word' id='word_1_633' title='bbox 3622 4166 3692 4220; x_wconf 92' lang='lat' dir='ltr'><strong>ob</strong></span> 
     </span>
    </p>
   </div>
   <div class='ocr_carea' id='block_1_89' title="bbox 2111 4254 3696 4322">
    <p class='ocr_par' dir='ltr' id='par_1_89' title="bbox 2111 4254 3696 4322">
     <span class='ocr_line' id='line_1_89' title="bbox 2111 4254 3696 4322; baseline 0.001 -13"><span class='ocrx_word' id='word_1_634' title='bbox 2111 4271 2223 4310; x_wconf 90' lang='lat' dir='ltr'><strong>rem</strong></span> <span class='ocrx_word' id='word_1_635' title='bbox 2266 4256 2562 4309; x_wconf 87' lang='lat' dir='ltr'><strong>Eudociam</strong></span> <span class='ocrx_word' id='word_1_636' title='bbox 2589 4254 2910 4322; x_wconf 74' lang='lat' dir='ltr'><strong>Decapolitze</strong></span> <span class='ocrx_word' id='word_1_637' title='bbox 2946 4255 3111 4309; x_wconf 85' lang='lat' dir='ltr'><strong>filiam</strong></span> <span class='ocrx_word' id='word_1_638' title='bbox 3145 4256 3318 4311; x_wconf 86' lang='lat' dir='ltr'><strong>eidem</strong></span> <span class='ocrx_word' id='word_1_639' title='bbox 3348 4258 3696 4313; x_wconf 79' lang='lat' dir='ltr'><strong>matrimonio</strong></span> 
     </span>
    </p>
   </div>
   <div class='ocr_carea' id='block_1_90' title="bbox 2112 4346 3691 4419">
    <p class='ocr_par' dir='ltr' id='par_1_90' title="bbox 2112 4346 3691 4419">
     <span class='ocr_line' id='line_1_90' title="bbox 2112 4346 3691 4419; baseline 0 -17"><span class='ocrx_word' id='word_1_640' title='bbox 2112 4346 2412 4417; x_wconf 77' lang='lat' dir='ltr'><strong>coniungit,</strong></span> <span class='ocrx_word' id='word_1_641' title='bbox 2446 4347 2611 4419; x_wconf 65' lang='grc'><strong>458</strong></span> <span class='ocrx_word' id='word_1_642' title='bbox 2656 4358 2780 4401; x_wconf 90' lang='lat' dir='ltr'><strong>cum</strong></span> <span class='ocrx_word' id='word_1_643' title='bbox 2813 4362 2917 4413; x_wconf 86' lang='lat' dir='ltr'><strong>qua</strong></span> <span class='ocrx_word' id='word_1_644' title='bbox 2946 4347 2999 4400; x_wconf 93' lang='lat' dir='ltr'><strong>in</strong></span> <span class='ocrx_word' id='word_1_645' title='bbox 3042 4349 3154 4402; x_wconf 58' lang='lat' dir='ltr'><strong>aede</strong></span> <span class='ocrx_word' id='word_1_646' title='bbox 3193 4354 3366 4403; x_wconf 88' lang='lat' dir='ltr'><strong>sancti</strong></span> <span class='ocrx_word' id='word_1_647' title='bbox 3409 4349 3691 4419; x_wconf 85' lang='lat' dir='ltr'><strong>Stephani,</strong></span> 
     </span>
    </p>
   </div>
   <div class='ocr_carea' id='block_1_91' title="bbox 2113 4439 3692 4509">
    <p class='ocr_par' dir='ltr' id='par_1_91' title="bbox 2113 4439 3692 4509">
     <span class='ocr_line' id='line_1_91' title="bbox 2113 4439 3692 4509; baseline 0.001 -17"><span class='ocrx_word' id='word_1_648' title='bbox 2113 4456 2231 4509; x_wconf 77' lang='lat' dir='ltr'><strong>qua:</strong></span> <span class='ocrx_word' id='word_1_649' title='bbox 2257 4440 2321 4494; x_wconf 89' lang='lat' dir='ltr'><strong>ad</strong></span> <span class='ocrx_word' id='word_1_650' title='bbox 2355 4439 2651 4508; x_wconf 86' lang='lat' dir='ltr'><strong>Daphnem,</strong></span> <span class='ocrx_word' id='word_1_651' title='bbox 2688 4440 2923 4494; x_wconf 85' lang='lat' dir='ltr'><strong>corollas</strong></span> <span class='ocrx_word' id='word_1_652' title='bbox 2956 4439 3227 4509; x_wconf 85' lang='lat' dir='ltr'><strong>nuptiales</strong></span> <span class='ocrx_word' id='word_1_653' title='bbox 3261 4440 3450 4504; x_wconf 84' lang='lat' dir='ltr'><strong>subiit,</strong></span> <span class='ocrx_word' id='word_1_654' title='bbox 3494 4441 3692 4495; x_wconf 91' lang='lat' dir='ltr'><strong>convi-</strong></span> 
     </span>
    </p>
   </div>
   <div class='ocr_carea' id='block_1_92' title="bbox 434 4503 2196 4597">
    <p class='ocr_par' dir='ltr' id='par_1_92' title="bbox 434 4503 2196 4596">
     <span class='ocr_line' id='line_1_92' title="bbox 434 4503 2196 4596; baseline 0.004 -21"><span class='ocrx_word' id='word_1_655' title='bbox 434 4524 842 4594; x_wconf 81' lang='grc' dir='ltr'>Βουκελλαρίων</span> <span class='ocrx_word' id='word_1_656' title='bbox 902 4525 1207 4594; x_wconf 81' lang='grc' dir='ltr'>στρατηγὸς</span> <span class='ocrx_word' id='word_1_657' title='bbox 1242 4526 1449 4595; x_wconf 75' lang='grc' dir='ltr'>ἤγαγεν</span> <span class='ocrx_word' id='word_1_658' title='bbox 1497 4526 1663 4579; x_wconf 83' lang='grc' dir='ltr'>ἵππον</span> <span class='ocrx_word' id='word_1_659' title='bbox 1693 4526 1768 4596; x_wconf 81' lang='grc' dir='ltr'><strong>τῷ</strong></span> <span class='ocrx_word' id='word_1_660' title='bbox 1798 4527 2009 4596; x_wconf 74' lang='grc' dir='ltr'>βασιλεῖ</span> <span class='ocrx_word' id='word_1_661' title='bbox 2040 4503 2085 4561; x_wconf 79' lang='lat' dir='ltr'><strong>D</strong></span> <span class='ocrx_word' id='word_1_662' title='bbox 2112 4530 2196 4582; x_wconf 62' lang='grc' dir='ltr'><strong>ι·ἱο</strong></span> 
     </span>
    </p>
   </div>
   <div class='ocr_carea' id='block_1_93' title="bbox 1932 4503 3694 4597">
    <p class='ocr_par' dir='ltr' id='par_1_93' title="bbox 1932 4503 3694 4597">
     <span class='ocr_line' id='line_1_93' title="bbox 1932 4503 3694 4597; baseline 0.002 -16"><span class='ocrx_word' id='word_1_663' title='bbox 1932 4529 2009 4582; x_wconf 80' lang='grc' dir='ltr'><strong>λεί</strong></span> <span class='ocrx_word' id='word_1_664' title='bbox 2040 4503 2085 4561; x_wconf 78' lang='lat' dir='ltr'><strong>D</strong></span> <span class='ocrx_word' id='word_1_665' title='bbox 2112 4503 2201 4582; x_wconf 74' lang='lat' dir='ltr'><strong>vio</strong></span> <span class='ocrx_word' id='word_1_666' title='bbox 2231 4529 2297 4583; x_wconf 90' lang='lat' dir='ltr'><strong>ad</strong></span> <span class='ocrx_word' id='word_1_667' title='bbox 2329 4503 2678 4597; x_wconf 79' lang='lat' dir='ltr'><strong>Magnauram</strong></span> <span class='ocrx_word' id='word_1_668' title='bbox 2703 4527 2976 4583; x_wconf 90' lang='lat' dir='ltr'><strong>celebrato</strong></span> <span class='ocrx_word' id='word_1_669' title='bbox 2993 4503 3047 4583; x_wconf 74' lang='lat' dir='ltr'><strong>et</strong></span> <span class='ocrx_word' id='word_1_670' title='bbox 3088 4539 3277 4583; x_wconf 86' lang='lat' dir='ltr'><strong>senatu</strong></span> <span class='ocrx_word' id='word_1_671' title='bbox 3303 4530 3367 4583; x_wconf 89' lang='lat' dir='ltr'><strong>ad</strong></span> <span class='ocrx_word' id='word_1_672' title='bbox 3398 4531 3694 4585; x_wconf 88' lang='lat' dir='ltr'><strong>novemde-</strong></span> 
     </span>
    </p>
   </div>
   <div class='ocr_carea' id='block_1_94' title="bbox 434 4613 2004 4690">
    <p class='ocr_par' dir='ltr' id='par_1_94' title="bbox 434 4613 2004 4690">
     <span class='ocr_line' id='line_1_94' title="bbox 434 4613 2004 4690; baseline 0.006 -26"><span class='ocrx_word' id='word_1_673' title='bbox 434 4613 807 4685; x_wconf 76' lang='grc' dir='ltr'>θυμοειδῆκαὶ</span> <span class='ocrx_word' id='word_1_674' title='bbox 840 4617 1105 4681; x_wconf 82' lang='grc' dir='ltr'>γενναῖον.</span> <span class='ocrx_word' id='word_1_675' title='bbox 1149 4617 1206 4667; x_wconf 86' lang='grc' dir='ltr'>Ὀ</span> <span class='ocrx_word' id='word_1_676' title='bbox 1231 4616 1285 4667; x_wconf 85' lang='grc' dir='ltr'>δὲ</span> <span class='ocrx_word' id='word_1_677' title='bbox 1320 4615 1509 4669; x_wconf 79' lang='grc' dir='ltr'><strong>τοῦτον</strong></span> <span class='ocrx_word' id='word_1_678' title='bbox 1531 4617 1610 4687; x_wconf 82' lang='grc' dir='ltr'><strong>τῷ</strong></span> <span class='ocrx_word' id='word_1_679' title='bbox 1637 4619 1847 4689; x_wconf 74' lang='grc' dir='ltr'>ἱππικῷ</span> <span class='ocrx_word' id='word_1_680' title='bbox 1878 4621 2004 4690; x_wconf 82' lang='grc' dir='ltr'><strong>βου·-</strong></span> 
     </span>
    </p>
   </div>
   <div class='ocr_carea' id='block_1_95' title="bbox 434 4702 2004 4775">
    <p class='ocr_par' dir='ltr' id='par_1_95' title="bbox 434 4702 2004 4775">
     <span class='ocr_line' id='line_1_95' title="bbox 434 4702 2004 4775; baseline 0.007 -22"><span class='ocrx_word' id='word_1_681' title='bbox 434 4702 658 4773; x_wconf 79' lang='grc' dir='ltr'>λόμενος</span> <span class='ocrx_word' id='word_1_682' title='bbox 714 4703 1029 4768; x_wconf 72' lang='grc' dir='ltr'>ὑποζεῦξαι,</span> <span class='ocrx_word' id='word_1_683' title='bbox 1083 4703 1345 4773; x_wconf 62' lang='grc' dir='ltr'><strong>ἠϐούλετο</strong></span> <span class='ocrx_word' id='word_1_684' title='bbox 1408 4707 1748 4775; x_wconf 82' lang='grc' dir='ltr'>καταμαθεῖν</span> <span class='ocrx_word' id='word_1_685' title='bbox 1797 4709 1921 4773; x_wconf 80' lang='grc' dir='ltr'>τούς</span> <span class='ocrx_word' id='word_1_686' title='bbox 1947 4729 2004 4765; x_wconf 82' lang='grc' dir='ltr'>τε</span> 
     </span>
    </p>
   </div>
   <div class='ocr_carea' id='block_1_96' title="bbox 2114 4620 3696 4690">
    <p class='ocr_par' dir='ltr' id='par_1_96' title="bbox 2114 4620 3696 4690">
     <span class='ocr_line' id='line_1_96' title="bbox 2114 4620 3696 4690; baseline 0.001 -13"><span class='ocrx_word' id='word_1_687' title='bbox 2114 4622 2219 4677; x_wconf 92' lang='lat' dir='ltr'><strong>cim</strong></span> <span class='ocrx_word' id='word_1_688' title='bbox 2252 4622 2499 4675; x_wconf 86' lang='lat' dir='ltr'><strong>accubita</strong></span> <span class='ocrx_word' id='word_1_689' title='bbox 2530 4623 2905 4677; x_wconf 87' lang='lat' dir='ltr'><strong>recumbente.</strong></span> <span class='ocrx_word' id='word_1_690' title='bbox 2938 4620 3150 4675; x_wconf 83' lang='lat' dir='ltr'><strong>Modico</strong></span> <span class='ocrx_word' id='word_1_691' title='bbox 3190 4631 3311 4690; x_wconf 90' lang='lat' dir='ltr'><strong>post</strong></span> <span class='ocrx_word' id='word_1_692' title='bbox 3358 4621 3696 4678; x_wconf 84' lang='lat' dir='ltr'><strong>Bucellario-</strong></span> 
     </span>
    </p>
   </div>
   <div class='ocr_carea' id='block_1_97' title="bbox 2116 4713 3698 4787">
    <p class='ocr_par' dir='ltr' id='par_1_97' title="bbox 2116 4713 3698 4787">
     <span class='ocr_line' id='line_1_97' title="bbox 2116 4713 3698 4787; baseline 0.002 -19"><span class='ocrx_word' id='word_1_693' title='bbox 2116 4729 2237 4768; x_wconf 91' lang='lat' dir='ltr'><strong>rum</strong></span> <span class='ocrx_word' id='word_1_694' title='bbox 2258 4713 2365 4766; x_wconf 74' lang='lat' dir='ltr'><strong>dux</strong></span> <span class='ocrx_word' id='word_1_695' title='bbox 2385 4728 2582 4780; x_wconf 87' lang='lat' dir='ltr'><strong>equum</strong></span> <span class='ocrx_word' id='word_1_696' title='bbox 2605 4714 2914 4769; x_wconf 88' lang='lat' dir='ltr'><strong>animosum</strong></span> <span class='ocrx_word' id='word_1_697' title='bbox 2945 4723 3001 4769; x_wconf 92' lang='lat' dir='ltr'><strong>et</strong></span> <span class='ocrx_word' id='word_1_698' title='bbox 3036 4714 3274 4768; x_wconf 82' lang='lat' dir='ltr'><strong>nobilem</strong></span> <span class='ocrx_word' id='word_1_699' title='bbox 3298 4715 3495 4771; x_wconf 88' lang='lat' dir='ltr'><strong>obtulit</strong></span> <span class='ocrx_word' id='word_1_700' title='bbox 3526 4716 3698 4787; x_wconf 82' lang='lat' dir='ltr'><strong>impe-</strong></span> 
     </span>
    </p>
   </div>
   <div class='ocr_carea' id='block_1_98' title="bbox 1548 4796 2488 4861">
    <p class='ocr_par' dir='ltr' id='par_1_98' title="bbox 1548 4796 2488 4861">
     <span class='ocr_line' id='line_1_98' title="bbox 1548 4796 2488 4861; baseline 0.012 -12"><span class='ocrx_word' id='word_1_701' title='bbox 1548 4796 1637 4851; x_wconf 79' lang='lat' dir='ltr'><strong>FR</strong></span> <span class='ocrx_word' id='word_1_702' title='bbox 1650 4796 1796 4853; x_wconf 77' lang='lat' dir='ltr'><strong>ANC.</strong></span> <span class='ocrx_word' id='word_1_703' title='bbox 1830 4799 2219 4861; x_wconf 81' lang='lat' dir='ltr'><strong>COMBEFISII</strong></span> <span class='ocrx_word' id='word_1_704' title='bbox 2259 4803 2488 4860; x_wconf 73' lang='lat' dir='ltr'><strong>NOTIE.</strong></span> 
     </span>
    </p>
   </div>
   <div class='ocr_carea' id='block_1_99' title="bbox 510 4883 2019 4957">
    <p class='ocr_par' dir='ltr' id='par_1_99' title="bbox 510 4883 2019 4957">
     <span class='ocr_line' id='line_1_99' title="bbox 510 4883 2019 4957; baseline 0.006 -19"><span class='ocrx_word' id='word_1_705' title='bbox 510 4886 622 4956; x_wconf 69' lang='lat'><strong>(27)</strong></span> <span class='ocrx_word' id='word_1_706' title='bbox 665 4883 890 4941; x_wconf 82' lang='lat' dir='ltr'><strong>Videtur</strong></span> <span class='ocrx_word' id='word_1_707' title='bbox 952 4886 1039 4939; x_wconf 85' lang='lat' dir='ltr'><strong>hic</strong></span> <span class='ocrx_word' id='word_1_708' title='bbox 1094 4888 1292 4947; x_wconf 83' lang='lat' dir='ltr'><strong>hiatus,</strong></span> <span class='ocrx_word' id='word_1_709' title='bbox 1354 4897 1412 4939; x_wconf 92' lang='lat' dir='ltr'><strong>ut</strong></span> <span class='ocrx_word' id='word_1_710' title='bbox 1462 4887 1687 4957; x_wconf 89' lang='lat' dir='ltr'><strong>incipiat</strong></span> <span class='ocrx_word' id='word_1_711' title='bbox 1717 4900 1906 4944; x_wconf 87' lang='lat' dir='ltr'><strong>auctor</strong></span> <span class='ocrx_word' id='word_1_712' title='bbox 1932 4910 2019 4947; x_wconf 90' lang='lat' dir='ltr'><strong>re-</strong></span> 
     </span>
    </p>
   </div>
   <div class='ocr_carea' id='block_1_100' title="bbox 439 4956 2016 5028">
    <p class='ocr_par' dir='ltr' id='par_1_100' title="bbox 439 4956 2016 5028">
     <span class='ocr_line' id='line_1_100' title="bbox 439 4956 2016 5028; baseline 0.006 -18"><span class='ocrx_word' id='word_1_713' title='bbox 439 4956 587 5028; x_wconf 70' lang='lat' dir='ltr'><strong>ferre</strong></span> <span class='ocrx_word' id='word_1_714' title='bbox 634 4956 916 5028; x_wconf 58' lang='lat' dir='ltr'><strong>histqriatn</strong></span> <span class='ocrx_word' id='word_1_715' title='bbox 955 4958 1319 5011; x_wconf 85' lang='lat' dir='ltr'><strong>restitutionis</strong></span> <span class='ocrx_word' id='word_1_716' title='bbox 1356 4956 1657 5026; x_wconf 82' lang='lat' dir='ltr'><strong>imaginum</strong></span> <span class='ocrx_word' id='word_1_717' title='bbox 1717 4962 1889 5028; x_wconf 88' lang='lat' dir='ltr'><strong>prima</strong></span> <span class='ocrx_word' id='word_1_718' title='bbox 1926 4964 2016 5019; x_wconf 84' lang='lat' dir='ltr'><strong>illa</strong></span> 
     </span>
    </p>
   </div>
   <div class='ocr_carea' id='block_1_101' title="bbox 440 5023 2017 5095">
    <p class='ocr_par' dir='ltr' id='par_1_101' title="bbox 440 5023 2017 5095">
     <span class='ocr_line' id='line_1_101' title="bbox 440 5023 2017 5095; baseline 0.006 -17"><span class='ocrx_word' id='word_1_719' title='bbox 440 5027 718 5095; x_wconf 79' lang='lat' dir='ltr'><strong>Dominica</strong></span> <span class='ocrx_word' id='word_1_720' title='bbox 748 5023 1217 5093; x_wconf 74' lang='lat' dir='ltr'><strong>Quadragesitnm,</strong></span> <span class='ocrx_word' id='word_1_721' title='bbox 1253 5043 1416 5095; x_wconf 86' lang='lat' dir='ltr'><strong>quam</strong></span> <span class='ocrx_word' id='word_1_722' title='bbox 1470 5023 1658 5082; x_wconf 70' lang='lat' dir='ltr'><strong>inultis</strong></span> <span class='ocrx_word' id='word_1_723' title='bbox 1708 5023 2017 5087; x_wconf 53' lang='lat' dir='ltr'><strong>Continuaa</strong></span> 
     </span>
    </p>
   </div>
   <div class='ocr_carea' id='block_1_102' title="bbox 442 5094 2016 5165">
    <p class='ocr_par' dir='ltr' id='par_1_102' title="bbox 442 5094 2016 5165">
     <span class='ocr_line' id='line_1_102' title="bbox 442 5094 2016 5165; baseline 0.007 -19"><span class='ocrx_word' id='word_1_724' title='bbox 442 5110 525 5147; x_wconf 90' lang='lat' dir='ltr'><strong>tor</strong></span> <span class='ocrx_word' id='word_1_725' title='bbox 573 5094 696 5149; x_wconf 76' lang='lat' dir='ltr'><strong>Vat.</strong></span> <span class='ocrx_word' id='word_1_726' title='bbox 734 5098 1101 5165; x_wconf 76' lang='lat' dir='ltr'><strong>prosequitur</strong></span> <span class='ocrx_word' id='word_1_727' title='bbox 1146 5114 1159 5150; x_wconf 88' lang='lat'>:</span> <span class='ocrx_word' id='word_1_728' title='bbox 1198 5094 1301 5151; x_wconf 81' lang='lat' dir='ltr'><strong>niSi</strong></span> <span class='ocrx_word' id='word_1_729' title='bbox 1363 5099 1691 5165; x_wconf 91' lang='lat' dir='ltr'><strong>compendio</strong></span> <span class='ocrx_word' id='word_1_730' title='bbox 1758 5103 1839 5154; x_wconf 91' lang='lat' dir='ltr'><strong>sic</strong></span> <span class='ocrx_word' id='word_1_731' title='bbox 1906 5104 2016 5159; x_wconf 86' lang='lat' dir='ltr'><strong>Leo</strong></span> 
     </span>
    </p>
   </div>
   <div class='ocr_carea' id='block_1_103' title="bbox 442 5164 2016 5245">
    <p class='ocr_par' dir='ltr' id='par_1_103' title="bbox 442 5164 2016 5245">
     <span class='ocr_line' id='line_1_103' title="bbox 442 5164 2016 5245; baseline 0.005 -27"><span class='ocrx_word' id='word_1_732' title='bbox 442 5166 687 5245; x_wconf 44' lang='lat' dir='ltr'><strong>scrip-sit,</strong></span> <span class='ocrx_word' id='word_1_733' title='bbox 716 5164 825 5245; x_wconf 49' lang='grc' dir='ltr'><strong>Τὴν</strong></span> <span class='ocrx_word' id='word_1_734' title='bbox 852 5164 1518 5245; x_wconf 36' lang='grc' dir='ltr'>Ἐκκλησίαν-,εἰρήν-ευσεν</span> <span class='ocrx_word' id='word_1_735' title='bbox 1560 5171 1626 5238; x_wconf 80' lang='grc' dir='ltr'><strong>τῇ</strong></span> <span class='ocrx_word' id='word_1_736' title='bbox 1658 5168 1704 5221; x_wconf 91' lang='grc' dir='ltr'><strong>α’</strong></span> <span class='ocrx_word' id='word_1_737' title='bbox 1779 5177 2016 5245; x_wconf 81' lang='grc' dir='ltr'>κυριακῇ</span> 
     </span>
    </p>
   </div>
   <div class='ocr_carea' id='block_1_104' title="bbox 438 5229 2015 5309">
    <p class='ocr_par' dir='ltr' id='par_1_104' title="bbox 438 5229 2015 5309">
     <span class='ocr_line' id='line_1_104' title="bbox 438 5229 2015 5309; baseline 0.008 -24"><span class='ocrx_word' id='word_1_738' title='bbox 438 5229 752 5309; x_wconf 34' lang='lat' dir='ltr'><strong>ciba—61‘in</strong></span> <span class='ocrx_word' id='word_1_739' title='bbox 779 5229 1102 5309; x_wconf 73' lang='grc' dir='ltr'>Νηστειῷν,</span> <span class='ocrx_word' id='word_1_740' title='bbox 1168 5229 1416 5292; x_wconf 66' lang='lat' dir='ltr'><strong>Ecclesiae</strong></span> <span class='ocrx_word' id='word_1_741' title='bbox 1478 5229 1661 5307; x_wconf 51' lang='lat' dir='ltr'><strong>pacein</strong></span> <span class='ocrx_word' id='word_1_742' title='bbox 1721 5229 2015 5309; x_wconf 48' lang='lat' dir='ltr'><strong>composui?</strong></span> 
     </span>
    </p>
   </div>
   <div class='ocr_carea' id='block_1_105' title="bbox 441 5304 2017 5379">
    <p class='ocr_par' dir='ltr' id='par_1_105' title="bbox 441 5304 2017 5379">
     <span class='ocr_line' id='line_1_105' title="bbox 441 5304 2017 5379; baseline 0.008 -24"><span class='ocrx_word' id='word_1_743' title='bbox 441 5304 736 5379; x_wconf 34' lang='lat' dir='ltr'><strong>gomiuica-</strong></span> <span class='ocrx_word' id='word_1_744' title='bbox 772 5307 959 5379; x_wconf 57' lang='lat' dir='ltr'><strong>prima</strong></span> <span class='ocrx_word' id='word_1_745' title='bbox 993 5304 1617 5379; x_wconf 40' lang='lat' dir='ltr'><strong>Quadragesimwﬁtum</strong></span> <span class='ocrx_word' id='word_1_746' title='bbox 1650 5304 1919 5379; x_wconf 82' lang='lat' dir='ltr'><strong>sequatur</strong></span> <span class='ocrx_word' id='word_1_747' title='bbox 1948 5314 2017 5368; x_wconf 91' lang='lat' dir='ltr'><strong>de</strong></span> 
     </span>
    </p>
   </div>
   <div class='ocr_carea' id='block_1_106' title="bbox 443 5373 1999 5447">
    <p class='ocr_par' dir='ltr' id='par_1_106' title="bbox 443 5373 1999 5447">
     <span class='ocr_line' id='line_1_106' title="bbox 443 5373 1999 5447; baseline 0.005 -20"><span class='ocrx_word' id='word_1_748' title='bbox 443 5373 741 5447; x_wconf 84' lang='lat' dir='ltr'><strong>Theoctisti</strong></span> <span class='ocrx_word' id='word_1_749' title='bbox 773 5376 1116 5447; x_wconf 59' lang='lat' dir='ltr'><strong>expeditione</strong></span> <span class='ocrx_word' id='word_1_750' title='bbox 1142 5417 1156 5440; x_wconf 93' lang='lat'><strong>,</strong></span> <span class='ocrx_word' id='word_1_751' title='bbox 1202 5373 1524 5430; x_wconf 75' lang='grc' dir='ltr'>ἀπέστειλεν</span> <span class='ocrx_word' id='word_1_752' title='bbox 1557 5378 1612 5431; x_wconf 81' lang='grc' dir='ltr'>δὲ</span> <span class='ocrx_word' id='word_1_753' title='bbox 1655 5373 1999 5447; x_wconf 71' lang='grc' dir='ltr'>Θεόκτιστον,</span> 
     </span>
    </p>
   </div>
   <div class='ocr_carea' id='block_1_107' title="bbox 441 5445 2012 5522">
    <p class='ocr_par' dir='ltr' id='par_1_107' title="bbox 441 5445 2012 5522">
     <span class='ocr_line' id='line_1_107' title="bbox 441 5445 2012 5522; baseline 0.005 -25"><span class='ocrx_word' id='word_1_754' title='bbox 441 5445 651 5514; x_wconf 78' lang='grc' dir='ltr'>καίτὴν</span> <span class='ocrx_word' id='word_1_755' title='bbox 677 5445 918 5522; x_wconf 65' lang='grc' dir='ltr'>φυγάδα,</span> <span class='ocrx_word' id='word_1_756' title='bbox 948 5447 1038 5508; x_wconf 85' lang='lat' dir='ltr'><strong>sit,</strong></span> <span class='ocrx_word' id='word_1_757' title='bbox 1066 5448 1158 5522; x_wconf 75' lang='grc' dir='ltr'>καὶ</span> <span class='ocrx_word' id='word_1_758' title='bbox 1199 5448 1297 5522; x_wconf 73' lang='grc' dir='ltr'><strong>τὴν</strong></span> <span class='ocrx_word' id='word_1_759' title='bbox 1348 5449 1527 5519; x_wconf 81' lang='grc' dir='ltr'>φυγὴν</span> <span class='ocrx_word' id='word_1_760' title='bbox 1577 5449 1651 5522; x_wconf 22' lang='lat' dir='ltr'><strong>se“</strong></span> <span class='ocrx_word' id='word_1_761' title='bbox 1675 5466 1891 5520; x_wconf 86' lang='grc' dir='ltr'>προεχ.,</span> <span class='ocrx_word' id='word_1_762' title='bbox 1921 5445 2012 5522; x_wconf 68' lang='lat' dir='ltr'><strong>fu-</strong></span> 
     </span>
    </p>
   </div>
   <div class='ocr_carea' id='block_1_108' title="bbox 440 5515 2007 5589">
    <p class='ocr_par' dir='ltr' id='par_1_108' title="bbox 440 5515 2007 5589">
     <span class='ocr_line' id='line_1_108' title="bbox 440 5515 2007 5589; baseline 0.006 -23"><span class='ocrx_word' id='word_1_763' title='bbox 440 5528 659 5582; x_wconf 79' lang='lat' dir='ltr'><strong>gamque</strong></span> <span class='ocrx_word' id='word_1_764' title='bbox 681 5515 962 5581; x_wconf 71' lang='lat' dir='ltr'><strong>expedivit,</strong></span> <span class='ocrx_word' id='word_1_765' title='bbox 990 5517 1213 5589; x_wconf 60' lang='lat' dir='ltr'><strong>audiens</strong></span> <span class='ocrx_word' id='word_1_766' title='bbox 1248 5515 1537 5587; x_wconf 65' lang='lat' dir='ltr'><strong>Augustam</strong></span> <span class='ocrx_word' id='word_1_767' title='bbox 1579 5515 1745 5572; x_wconf 71' lang='lat' dir='ltr'><strong>alium</strong></span> <span class='ocrx_word' id='word_1_768' title='bbox 1779 5515 2007 5589; x_wconf 67' lang='lat' dir='ltr'><strong>impera-</strong></span> 
     </span>
    </p>
   </div>
   <div class='ocr_carea' id='block_1_109' title="bbox 444 5585 2004 5660">
    <p class='ocr_par' dir='ltr' id='par_1_109' title="bbox 444 5585 2004 5660">
     <span class='ocr_line' id='line_1_109' title="bbox 444 5585 2004 5660; baseline 0.008 -25"><span class='ocrx_word' id='word_1_769' title='bbox 444 5595 607 5660; x_wconf 66' lang='lat' dir='ltr'><strong>torem</strong></span> <span class='ocrx_word' id='word_1_770' title='bbox 648 5599 885 5649; x_wconf 75' lang='lat' dir='ltr'><strong>creasse;</strong></span> <span class='ocrx_word' id='word_1_771' title='bbox 916 5586 1001 5660; x_wconf 79' lang='lat' dir='ltr'><strong>cui</strong></span> <span class='ocrx_word' id='word_1_772' title='bbox 1039 5585 1177 5639; x_wconf 86' lang='lat' dir='ltr'><strong>forte</strong></span> <span class='ocrx_word' id='word_1_773' title='bbox 1224 5585 1518 5656; x_wconf 73' lang='lat' dir='ltr'><strong>nupsisset,</strong></span> <span class='ocrx_word' id='word_1_774' title='bbox 1555 5592 1632 5642; x_wconf 91' lang='lat' dir='ltr'><strong>uti</strong></span> <span class='ocrx_word' id='word_1_775' title='bbox 1660 5590 1713 5643; x_wconf 90' lang='lat' dir='ltr'><strong>in</strong></span> <span class='ocrx_word' id='word_1_776' title='bbox 1757 5585 2004 5660; x_wconf 84' lang='lat' dir='ltr'><strong>superio-</strong></span> 
     </span>
    </p>
   </div>
   <div class='ocr_carea' id='block_1_110' title="bbox 447 5653 2003 5728">
    <p class='ocr_par' dir='ltr' id='par_1_110' title="bbox 447 5653 2003 5728">
     <span class='ocr_line' id='line_1_110' title="bbox 447 5653 2003 5728; baseline 0.006 -23"><span class='ocrx_word' id='word_1_777' title='bbox 447 5653 618 5728; x_wconf 74' lang='lat' dir='ltr'><strong>ribus,</strong></span> <span class='ocrx_word' id='word_1_778' title='bbox 648 5663 702 5707; x_wconf 90' lang='lat' dir='ltr'><strong>et</strong></span> <span class='ocrx_word' id='word_1_779' title='bbox 726 5657 1077 5728; x_wconf 80' lang='lat' dir='ltr'><strong>sequentibus</strong></span> <span class='ocrx_word' id='word_1_780' title='bbox 1106 5672 1227 5728; x_wconf 82' lang='lat' dir='ltr'><strong>non</strong></span> <span class='ocrx_word' id='word_1_781' title='bbox 1272 5653 1468 5712; x_wconf 77' lang='lat' dir='ltr'><strong>desunt</strong></span> <span class='ocrx_word' id='word_1_782' title='bbox 1502 5674 1623 5728; x_wconf 64' lang='lat' dir='ltr'><strong>quas</strong></span> <span class='ocrx_word' id='word_1_783' title='bbox 1668 5662 1748 5714; x_wconf 91' lang='lat' dir='ltr'><strong>sic</strong></span> <span class='ocrx_word' id='word_1_784' title='bbox 1787 5653 2003 5716; x_wconf 80' lang='lat' dir='ltr'><strong>assum-</strong></span> 
     </span>
    </p>
   </div>
   <div class='ocr_carea' id='block_1_111' title="bbox 446 5722 2003 5799">
    <p class='ocr_par' dir='ltr' id='par_1_111' title="bbox 446 5722 2003 5799">
     <span class='ocr_line' id='line_1_111' title="bbox 446 5722 2003 5799; baseline 0.006 -27"><span class='ocrx_word' id='word_1_785' title='bbox 446 5723 553 5799; x_wconf 84' lang='lat' dir='ltr'><strong>ptis</strong></span> <span class='ocrx_word' id='word_1_786' title='bbox 582 5722 632 5775; x_wconf 90' lang='lat' dir='ltr'><strong>in</strong></span> <span class='ocrx_word' id='word_1_787' title='bbox 664 5724 889 5799; x_wconf 73' lang='lat' dir='ltr'><strong>maritos</strong></span> <span class='ocrx_word' id='word_1_788' title='bbox 912 5725 1136 5799; x_wconf 76' lang='lat' dir='ltr'><strong>imperii</strong></span> <span class='ocrx_word' id='word_1_789' title='bbox 1156 5725 1305 5799; x_wconf 85' lang='lat' dir='ltr'><strong>faces</strong></span> <span class='ocrx_word' id='word_1_790' title='bbox 1326 5722 1564 5783; x_wconf 74' lang='lat' dir='ltr'><strong>detulere</strong></span> <span class='ocrx_word' id='word_1_791' title='bbox 1593 5746 1606 5780; x_wconf 95' lang='lat'>:</span> <span class='ocrx_word' id='word_1_792' title='bbox 1634 5730 1796 5799; x_wconf 88' lang='lat' dir='ltr'><strong>idque</strong></span> <span class='ocrx_word' id='word_1_793' title='bbox 1826 5731 2003 5787; x_wconf 85' lang='lat' dir='ltr'><strong>Theo-</strong></span> 
     </span>
    </p>
   </div>
   <div class='ocr_carea' id='block_1_112' title="bbox 446 5792 2003 5868">
    <p class='ocr_par' dir='ltr' id='par_1_112' title="bbox 446 5792 2003 5868">
     <span class='ocr_line' id='line_1_112' title="bbox 446 5792 2003 5868; baseline 0.007 -23"><span class='ocrx_word' id='word_1_794' title='bbox 446 5796 609 5847; x_wconf 74' lang='lat' dir='ltr'><strong>ctistu</strong></span> <span class='ocrx_word' id='word_1_795' title='bbox 672 5792 1034 5862; x_wconf 69' lang='lat' dir='ltr'><strong>formidabile,</strong></span> <span class='ocrx_word' id='word_1_796' title='bbox 1075 5798 1165 5865; x_wconf 91' lang='lat' dir='ltr'><strong>qui</strong></span> <span class='ocrx_word' id='word_1_797' title='bbox 1219 5799 1447 5866; x_wconf 89' lang='lat' dir='ltr'><strong>puerulo</strong></span> <span class='ocrx_word' id='word_1_798' title='bbox 1507 5792 1876 5868; x_wconf 70' lang='lat' dir='ltr'><strong>imperatore,</strong></span> <span class='ocrx_word' id='word_1_799' title='bbox 1942 5820 2003 5856; x_wconf 85' lang='lat' dir='ltr'><strong>ac</strong></span> 
     </span>
    </p>
   </div>
   <div class='ocr_carea' id='block_1_113' title="bbox 2126 4895 3693 4966">
    <p class='ocr_par' dir='ltr' id='par_1_113' title="bbox 2126 4895 3693 4966">
     <span class='ocr_line' id='line_1_113' title="bbox 2126 4895 3693 4966; baseline 0.002 -16"><span class='ocrx_word' id='word_1_800' title='bbox 2126 4905 2313 4966; x_wconf 10' lang='lat' dir='ltr'><strong>matre;</strong></span> <span class='ocrx_word' id='word_1_801' title='bbox 2340 4901 2602 4965; x_wconf 80' lang='lat' dir='ltr'><strong>Augusta,</strong></span> <span class='ocrx_word' id='word_1_802' title='bbox 2641 4911 2855 4951; x_wconf 88' lang='lat' dir='ltr'><strong>summa</strong></span> <span class='ocrx_word' id='word_1_803' title='bbox 2899 4895 2952 4949; x_wconf 88' lang='lat' dir='ltr'><strong>in</strong></span> <span class='ocrx_word' id='word_1_804' title='bbox 2994 4895 3116 4950; x_wconf 89' lang='lat' dir='ltr'><strong>aula</strong></span> <span class='ocrx_word' id='word_1_805' title='bbox 3148 4896 3474 4950; x_wconf 86' lang='lat' dir='ltr'><strong>auctoritate</strong></span> <span class='ocrx_word' id='word_1_806' title='bbox 3520 4896 3693 4966; x_wconf 84' lang='lat' dir='ltr'><strong>polle-</strong></span> 
     </span>
    </p>
   </div>
   <div class='ocr_carea' id='block_1_114' title="bbox 2127 4964 3695 5035">
    <p class='ocr_par' dir='ltr' id='par_1_114' title="bbox 2127 4964 3695 5035">
     <span class='ocr_line' id='line_1_114' title="bbox 2127 4964 3695 5035; baseline 0.003 -15"><span class='ocrx_word' id='word_1_807' title='bbox 2127 4977 2230 5022; x_wconf 90' lang='lat' dir='ltr'><strong>ret.</strong></span> <span class='ocrx_word' id='word_1_808' title='bbox 2271 4964 2417 5019; x_wconf 87' lang='lat' dir='ltr'><strong>Nihil</strong></span> <span class='ocrx_word' id='word_1_809' title='bbox 2440 4964 2577 5035; x_wconf 15' lang='lat' dir='ltr'><strong>rergn</strong></span> <span class='ocrx_word' id='word_1_810' title='bbox 2618 4983 2841 5022; x_wconf 87' lang='lat' dir='ltr'><strong>necesse</strong></span> <span class='ocrx_word' id='word_1_811' title='bbox 2871 4978 3061 5021; x_wconf 88' lang='lat' dir='ltr'><strong>contra</strong></span> <span class='ocrx_word' id='word_1_812' title='bbox 3107 4976 3286 5021; x_wconf 80' lang='lat' dir='ltr'><strong>textus</strong></span> <span class='ocrx_word' id='word_1_813' title='bbox 3318 4968 3474 5021; x_wconf 84' lang='lat' dir='ltr'><strong>lidetn</strong></span> <span class='ocrx_word' id='word_1_814' title='bbox 3502 4964 3695 5024; x_wconf 78' lang='lat' dir='ltr'><strong>redde-</strong></span> 
     </span>
    </p>
   </div>
   <div class='ocr_carea' id='block_1_115' title="bbox 2126 5037 2922 5105">
    <p class='ocr_par' dir='ltr' id='par_1_115' title="bbox 2126 5037 2922 5105">
     <span class='ocr_line' id='line_1_115' title="bbox 2126 5037 2922 5105; baseline 0 -15"><span class='ocrx_word' id='word_1_815' title='bbox 2126 5052 2203 5100; x_wconf 84' lang='lat' dir='ltr'><strong>re,</strong></span> <span class='ocrx_word' id='word_1_816' title='bbox 2242 5039 2534 5105; x_wconf 81' lang='lat' dir='ltr'><strong>Augustam</strong></span> <span class='ocrx_word' id='word_1_817' title='bbox 2554 5037 2677 5090; x_wconf 85' lang='lat' dir='ltr'><strong>urbe</strong></span> <span class='ocrx_word' id='word_1_818' title='bbox 2705 5038 2922 5105; x_wconf 78' lang='lat' dir='ltr'><strong>fugisse.</strong></span> 
     </span>
    </p>
   </div>
   <div class='ocr_carea' id='block_1_116' title="bbox 2196 5053 3694 5176">
    <p class='ocr_par' dir='ltr' id='par_1_116' title="bbox 2196 5053 3694 5176">
     <span class='ocr_line' id='line_1_116' title="bbox 2196 5053 2922 5105; baseline 0.003 -17"><span class='ocrx_word' id='word_1_819' title='bbox 2196 5077 2203 5099; x_wconf 88' lang='lat'><strong>,</strong></span> <span class='ocrx_word' id='word_1_820' title='bbox 2242 5053 2321 5088; x_wconf 79' lang='lat' dir='ltr'><strong>Au</strong></span> <span class='ocrx_word' id='word_1_821' title='bbox 2364 5053 2677 5090; x_wconf 82' lang='lat' dir='ltr'><strong>ustamuroe</strong></span> <span class='ocrx_word' id='word_1_822' title='bbox 2705 5053 2922 5105; x_wconf 67' lang='lat' dir='ltr'><strong>lnguae.</strong></span> 
     </span>
     <span class='ocr_line' id='line_1_117' title="bbox 2196 5053 3694 5176; baseline 0.001 -19"><span class='ocrx_word' id='word_1_823' title='bbox 2196 5053 2481 5176; x_wconf 59' lang='grc' dir='ltr'><strong>(28)ἵῚίΙιίΙ</strong></span> <span class='ocrx_word' id='word_1_824' title='bbox 2523 5107 2609 5161; x_wconf 91' lang='lat' dir='ltr'><strong>hic</strong></span> <span class='ocrx_word' id='word_1_825' title='bbox 2654 5108 2918 5169; x_wconf 89' lang='lat' dir='ltr'><strong>hiulcum,</strong></span> <span class='ocrx_word' id='word_1_826' title='bbox 2963 5108 3055 5160; x_wconf 88' lang='lat' dir='ltr'><strong>sed</strong></span> <span class='ocrx_word' id='word_1_827' title='bbox 3106 5116 3230 5174; x_wconf 90' lang='lat' dir='ltr'><strong>post</strong></span> <span class='ocrx_word' id='word_1_828' title='bbox 3259 5121 3447 5159; x_wconf 84' lang='lat' dir='ltr'><strong>vocem</strong></span> <span class='ocrx_word' id='word_1_829' title='bbox 3485 5107 3694 5174; x_wconf 75' lang='grc' dir='ltr'>φανεὶς,</span> 
     </span>
    </p>
   </div>
   <div class='ocr_carea' id='block_1_117' title="bbox 2124 5176 3696 5251">
    <p class='ocr_par' dir='ltr' id='par_1_117' title="bbox 2124 5176 3696 5251">
     <span class='ocr_line' id='line_1_118' title="bbox 2124 5176 3696 5251; baseline 0.001 -21"><span class='ocrx_word' id='word_1_830' title='bbox 2124 5187 2183 5230; x_wconf 92' lang='lat' dir='ltr'><strong>ut</strong></span> <span class='ocrx_word' id='word_1_831' title='bbox 2214 5176 2376 5251; x_wconf 85' lang='lat' dir='ltr'><strong>fuerit</strong></span> <span class='ocrx_word' id='word_1_832' title='bbox 2409 5178 2678 5251; x_wconf 82' lang='lat' dir='ltr'><strong>descripta</strong></span> <span class='ocrx_word' id='word_1_833' title='bbox 2700 5178 2836 5251; x_wconf 36' lang='lat' dir='ltr'><strong>_ejn‘s</strong></span> <span class='ocrx_word' id='word_1_834' title='bbox 2873 5178 2924 5229; x_wconf 92' lang='lat' dir='ltr'><strong>in</strong></span> <span class='ocrx_word' id='word_1_835' title='bbox 2975 5179 3164 5229; x_wconf 89' lang='lat' dir='ltr'><strong>urbem</strong></span> <span class='ocrx_word' id='word_1_836' title='bbox 3193 5178 3451 5244; x_wconf 87' lang='lat' dir='ltr'><strong>receptio,</strong></span> <span class='ocrx_word' id='word_1_837' title='bbox 3484 5179 3696 5251; x_wconf 84' lang='lat' dir='ltr'><strong>tametsi</strong></span> 
     </span>
    </p>
   </div>
   <div class='ocr_carea' id='block_1_118' title="bbox 2128 5248 3693 5316">
    <p class='ocr_par' dir='ltr' id='par_1_118' title="bbox 2128 5248 3693 5316">
     <span class='ocr_line' id='line_1_119' title="bbox 2128 5248 3693 5316; baseline 0 -16"><span class='ocrx_word' id='word_1_838' title='bbox 2128 5262 2240 5300; x_wconf 93' lang='lat' dir='ltr'><strong>rem</strong></span> <span class='ocrx_word' id='word_1_839' title='bbox 2275 5250 2354 5300; x_wconf 90' lang='lat' dir='ltr'><strong>sic</strong></span> <span class='ocrx_word' id='word_1_840' title='bbox 2390 5248 2529 5300; x_wconf 86' lang='lat' dir='ltr'><strong>male</strong></span> <span class='ocrx_word' id='word_1_841' title='bbox 2574 5248 2626 5301; x_wconf 92' lang='lat' dir='ltr'><strong>in</strong></span> <span class='ocrx_word' id='word_1_842' title='bbox 2688 5248 2848 5301; x_wconf 87' lang='lat' dir='ltr'><strong>Creta</strong></span> <span class='ocrx_word' id='word_1_843' title='bbox 2889 5256 3164 5315; x_wconf 78' lang='lat' dir='ltr'><strong>gesserat;</strong></span> <span class='ocrx_word' id='word_1_844' title='bbox 3202 5258 3574 5316; x_wconf 88' lang='lat' dir='ltr'><strong>sequaturque</strong></span> <span class='ocrx_word' id='word_1_845' title='bbox 3607 5248 3693 5300; x_wconf 85' lang='lat' dir='ltr'><strong>in-</strong></span> 
     </span>
    </p>
   </div>
   <div class='ocr_carea' id='block_1_119' title="bbox 2120 5316 3695 5386">
    <p class='ocr_par' dir='ltr' id='par_1_119' title="bbox 2120 5316 3695 5386">
     <span class='ocr_line' id='line_1_120' title="bbox 2120 5316 3695 5386; baseline -0.001 -17"><span class='ocrx_word' id='word_1_846' title='bbox 2120 5317 2309 5386; x_wconf 84' lang='lat' dir='ltr'><strong>juncta</strong></span> <span class='ocrx_word' id='word_1_847' title='bbox 2344 5316 2450 5370; x_wconf 90' lang='lat' dir='ltr'><strong>alia</strong></span> <span class='ocrx_word' id='word_1_848' title='bbox 2482 5318 2794 5385; x_wconf 68' lang='lat' dir='ltr'><strong>expeditio;</strong></span> <span class='ocrx_word' id='word_1_849' title='bbox 2834 5318 2886 5370; x_wconf 92' lang='lat' dir='ltr'><strong>in</strong></span> <span class='ocrx_word' id='word_1_850' title='bbox 2925 5332 3032 5385; x_wconf 86' lang='lat' dir='ltr'><strong>qua</strong></span> <span class='ocrx_word' id='word_1_851' title='bbox 3061 5318 3240 5386; x_wconf 89' lang='lat' dir='ltr'><strong>_etiam</strong></span> <span class='ocrx_word' id='word_1_852' title='bbox 3292 5317 3428 5370; x_wconf 90' lang='lat' dir='ltr'><strong>nihil</strong></span> <span class='ocrx_word' id='word_1_853' title='bbox 3480 5316 3695 5369; x_wconf 80' lang='lat' dir='ltr'><strong>felicius</strong></span> 
     </span>
    </p>
   </div>
   <div class='ocr_carea' id='block_1_120' title="bbox 2124 5384 3695 5453">
    <p class='ocr_par' dir='ltr' id='par_1_120' title="bbox 2124 5384 3695 5453">
     <span class='ocr_line' id='line_1_121' title="bbox 2124 5384 3695 5453; baseline -0.002 -10"><span class='ocrx_word' id='word_1_854' title='bbox 2124 5384 2355 5443; x_wconf 84' lang='lat' dir='ltr'><strong>cessisse</strong></span> <span class='ocrx_word' id='word_1_855' title='bbox 2378 5384 2693 5442; x_wconf 85' lang='lat' dir='ltr'><strong>Theoctisto</strong></span> <span class='ocrx_word' id='word_1_856' title='bbox 2736 5388 2850 5453; x_wconf 86' lang='lat' dir='ltr'><strong>ipsa</strong></span> <span class='ocrx_word' id='word_1_857' title='bbox 2893 5384 3008 5441; x_wconf 65' lang='lat' dir='ltr'><strong>haac</strong></span> <span class='ocrx_word' id='word_1_858' title='bbox 3058 5384 3258 5440; x_wconf 90' lang='lat' dir='ltr'><strong>Leonis</strong></span> <span class='ocrx_word' id='word_1_859' title='bbox 3305 5387 3493 5440; x_wconf 87' lang='lat' dir='ltr'><strong>mutila</strong></span> <span class='ocrx_word' id='word_1_860' title='bbox 3548 5385 3695 5440; x_wconf 84' lang='lat' dir='ltr'><strong>indi-</strong></span> 
     </span>
    </p>
   </div>
   <div class='ocr_carea' id='block_1_121' title="bbox 2123 5456 3697 5526">
    <p class='ocr_par' dir='ltr' id='par_1_121' title="bbox 2123 5456 3697 5526">
     <span class='ocr_line' id='line_1_122' title="bbox 2123 5456 3697 5526; baseline -0.002 -14"><span class='ocrx_word' id='word_1_861' title='bbox 2123 5469 2267 5521; x_wconf 86' lang='lat' dir='ltr'><strong>cant,</strong></span> <span class='ocrx_word' id='word_1_862' title='bbox 2294 5456 2362 5511; x_wconf 91' lang='lat' dir='ltr'><strong>ob</strong></span> <span class='ocrx_word' id='word_1_863' title='bbox 2389 5456 2536 5511; x_wconf 90' lang='lat' dir='ltr'><strong>illius</strong></span> <span class='ocrx_word' id='word_1_864' title='bbox 2565 5456 2932 5526; x_wconf 75' lang='lat' dir='ltr'><strong>severitatem,</strong></span> <span class='ocrx_word' id='word_1_865' title='bbox 2953 5457 3189 5526; x_wconf 87' lang='lat' dir='ltr'><strong>odioque</strong></span> <span class='ocrx_word' id='word_1_866' title='bbox 3227 5457 3278 5509; x_wconf 91' lang='lat' dir='ltr'><strong>in</strong></span> <span class='ocrx_word' id='word_1_867' title='bbox 3306 5471 3430 5510; x_wconf 91' lang='lat' dir='ltr'><strong>eum</strong></span> <span class='ocrx_word' id='word_1_868' title='bbox 3465 5457 3697 5526; x_wconf 78' lang='lat' dir='ltr'><strong>quibus-</strong></span> 
     </span>
    </p>
   </div>
   <div class='ocr_carea' id='block_1_122' title="bbox 2119 5525 3694 5596">
    <p class='ocr_par' dir='ltr' id='par_1_122' title="bbox 2119 5525 3694 5596">
     <span class='ocr_line' id='line_1_123' title="bbox 2119 5525 3694 5596; baseline -0.003 -14"><span class='ocrx_word' id='word_1_869' title='bbox 2119 5529 2242 5582; x_wconf 86' lang='lat' dir='ltr'><strong>dam</strong></span> <span class='ocrx_word' id='word_1_870' title='bbox 2281 5527 2601 5596; x_wconf 88' lang='lat' dir='ltr'><strong>proceribus</strong></span> <span class='ocrx_word' id='word_1_871' title='bbox 2635 5530 2701 5580; x_wconf 89' lang='lat' dir='ltr'><strong>ad</strong></span> <span class='ocrx_word' id='word_1_872' title='bbox 2742 5525 3049 5582; x_wconf 87' lang='lat' dir='ltr'><strong>Saracenos</strong></span> <span class='ocrx_word' id='word_1_873' title='bbox 3083 5525 3521 5596; x_wconf 20' lang='lat' dir='ltr'><strong>deficientibus“:</strong></span> <span class='ocrx_word' id='word_1_874' title='bbox 3562 5526 3694 5578; x_wconf 74' lang='grc' dir='ltr'><strong>’Λπ-</strong></span> 
     </span>
    </p>
   </div>
   <div class='ocr_carea' id='block_1_123' title="bbox 2126 5595 3693 5668">
    <p class='ocr_par' dir='ltr' id='par_1_123' title="bbox 2126 5595 3693 5668">
     <span class='ocr_line' id='line_1_124' title="bbox 2126 5595 3693 5668; baseline -0.001 -18"><span class='ocrx_word' id='word_1_875' title='bbox 2126 5595 2344 5667; x_wconf 82' lang='grc' dir='ltr'>ἐχθειαν</span> <span class='ocrx_word' id='word_1_876' title='bbox 2364 5598 2463 5665; x_wconf 83' lang='lat' dir='ltr'><strong>leg.</strong></span> <span class='ocrx_word' id='word_1_877' title='bbox 2487 5599 2807 5668; x_wconf 80' lang='lat' dir='ltr'><strong>Anonymus</strong></span> <span class='ocrx_word' id='word_1_878' title='bbox 2837 5597 2938 5668; x_wconf 79' lang='lat' dir='ltr'><strong>ista</strong></span> <span class='ocrx_word' id='word_1_879' title='bbox 2964 5597 3288 5667; x_wconf 87' lang='lat' dir='ltr'><strong>suppressit,</strong></span> <span class='ocrx_word' id='word_1_880' title='bbox 3320 5605 3378 5650; x_wconf 88' lang='lat' dir='ltr'><strong>ut</strong></span> <span class='ocrx_word' id='word_1_881' title='bbox 3406 5606 3458 5650; x_wconf 91' lang='lat' dir='ltr'><strong>et</strong></span> <span class='ocrx_word' id='word_1_882' title='bbox 3491 5595 3693 5650; x_wconf 86' lang='lat' dir='ltr'><strong>Cedre-</strong></span> 
     </span>
    </p>
   </div>
   <div class='ocr_carea' id='block_1_124' title="bbox 2119 5666 3690 5738">
    <p class='ocr_par' dir='ltr' id='par_1_124' title="bbox 2119 5666 3690 5738">
     <span class='ocr_line' id='line_1_125' title="bbox 2119 5666 3690 5738; baseline 0.001 -20"><span class='ocrx_word' id='word_1_883' title='bbox 2119 5666 2221 5722; x_wconf 85' lang='lat' dir='ltr'><strong>nus</strong></span> <span class='ocrx_word' id='word_1_884' title='bbox 2272 5669 2373 5722; x_wconf 84' lang='lat' dir='ltr'><strong>viri</strong></span> <span class='ocrx_word' id='word_1_885' title='bbox 2420 5667 2561 5723; x_wconf 82' lang='lat' dir='ltr'><strong>forte</strong></span> <span class='ocrx_word' id='word_1_886' title='bbox 2611 5666 2939 5732; x_wconf 84' lang='lat' dir='ltr'><strong>reverentia,</strong></span> <span class='ocrx_word' id='word_1_887' title='bbox 2993 5666 3155 5737; x_wconf 89' lang='lat' dir='ltr'><strong>quem</strong></span> <span class='ocrx_word' id='word_1_888' title='bbox 3222 5681 3361 5738; x_wconf 81' lang='lat' dir='ltr'><strong>pene</strong></span> <span class='ocrx_word' id='word_1_889' title='bbox 3415 5679 3690 5722; x_wconf 80' lang='lat' dir='ltr'><strong>auctorem</strong></span> 
     </span>
    </p>
   </div>
   <div class='ocr_carea' id='block_1_125' title="bbox 2115 5738 3191 5809">
    <p class='ocr_par' dir='ltr' id='par_1_125' title="bbox 2115 5738 3191 5809">
     <span class='ocr_line' id='line_1_126' title="bbox 2115 5738 3191 5809; baseline -0.002 -18"><span class='ocrx_word' id='word_1_890' title='bbox 2115 5740 2492 5793; x_wconf 80' lang='lat' dir='ltr'><strong>restitutarum</strong></span> <span class='ocrx_word' id='word_1_891' title='bbox 2530 5738 2830 5809; x_wconf 84' lang='lat' dir='ltr'><strong>imaginum</strong></span> <span class='ocrx_word' id='word_1_892' title='bbox 2867 5745 3191 5809; x_wconf 80' lang='lat' dir='ltr'><strong>agnoscunt.</strong></span> 
     </span>
    </p>
   </div>
  </div>
