4462 6446
759 397 897 463 1079

1989 396 2262 457 LEONIS
2299 396 2787 457 GRAMMATICI

3890 394 4026 466 1080

759 511 871 566 Leo
912 517 1097 578 Itaque
1125 522 1155 560 a
1195 504 1423 562 secretis
1453 504 1656 574 incepit
1693 506 1890 575 legere,
1933 506 2122 562 dicens
2153 524 2166 560 :
2212 502 2338 559 Bar-
2375 506 2417 562 Α
2450 523 2515 574 γο

2266 520 2338 559 ιι·-
2375 506 2417 562 Α
2450 506 2677 577 γούρης,
2701 510 2797 559 καὶ
2828 508 2877 560 οἱ
2913 507 3187 575 δήμαρχοι
3241 504 3357 576 ἅμα
3393 506 3504 567 τοῖς
3534 504 3748 573 δήμοις.
3786 506 4028 577 ’Ἤρξατο

751 603 850 656 das
880 598 1063 655 Czsar
1088 597 1219 650 mihi
1255 611 1443 652 necem
1472 596 1817 651 machinatus
1851 608 1955 661 est,
1988 595 2217 661 ideoque
2250 611 2341 649 nr-

754 696 819 749 l:e
865 710 951 748 me
998 692 1260 747 subduxit
1295 707 1309 742 :
1345 699 1397 745 et
1446 689 1552 744 nisi
1600 689 1733 743 mihi
1772 704 1866 758 per
1903 687 2245 759 Symhatium
2286 700 2337 743 ct

754 783 1013 839 Basilium
1053 782 1404 845 innotuisset,
1444 780 1594 834 vivos
1627 779 1766 833 inter
1800 794 1905 832 non
1938 779 2172 849 amplius
2214 794 2338 849 age-

752 890 865 929 rem
898 892 913 938 ;
967 884 1188 944 propter
1219 874 1421 928 scelera
1472 886 1602 926 vero
1634 887 1731 926 sua
1773 885 1965 938 ptenas
1994 880 2337 941 mortemque

752 967 1016 1036 pertulit:
1065 966 1319 1021 Basilium
1364 978 1493 1019 vero
1550 965 1941 1028 accubitorcm,
1981 978 2079 1018 ceu
2124 963 2333 1018 fidelem

750 1069 803 1115 ct
828 1060 1039 1130 imperii
1066 1068 1421 1123 servatorem,
1447 1059 1541 1127 qui
1570 1059 1724 1111 hoste
1754 1072 1841 1111 me
1870 1055 2138 1119 liberavit,
2165 1056 2337 1126 impe-

752 1154 819 1208 lii
847 1153 1129 1208 custodem
1160 1167 1282 1207 esse
1306 1152 1429 1206 volo
1454 1192 1468 1216 ,
1512 1162 1564 1205 et
1598 1152 1665 1204 ab
1691 1150 1946 1205 omnibus
1976 1150 2122 1204 velut
2163 1151 2333 1219 impc-

752 1253 988 1300 ratorem
1033 1246 1229 1316 excipi.
1270 1244 1490 1299 Interim
1522 1244 1755 1299 Basilius
1793 1245 2049 1315 lacrymis
2077 1245 2335 1314 oppleba-

751 1348 884 1391 tur:
929 1348 983 1390 et
1041 1339 1372 1407 imperatore
1437 1338 1631 1391 Photio
1705 1338 2031 1406 patriarcha:
2101 1347 2332 1391 stemma

748 1430 927 1501 capite
962 1432 1202 1485 ablatum
1255 1430 1518 1495 tradente,
1574 1437 1635 1484 ut
1692 1432 1745 1483 in
1789 1438 2037 1488 sanctam
2085 1445 2329 1484 mensam

751 1522 997 1588 inferret,
1037 1525 1152 1592 ipse
1192 1522 1418 1578 Plautius
1449 1538 1614 1591 super
1652 1538 1718 1577 eo
1757 1538 1949 1593 preces
1987 1522 2126 1576 fudit
2163 1543 2175 1576 :
2216 1533 2328 1576 tum

749 1632 879 1672 vero
923 1617 1196 1687 praepositi
1244 1616 1639 1687 insigniuribus
1677 1615 2040 1676 vestimentis,
2077 1630 2199 1684 quae
2246 1616 2331 1668 cli-

748 1708 956 1774 vitisia,
984 1719 1038 1762 et
1066 1708 1245 1763 ocreis
1274 1708 1648 1778 imperialibus
1688 1706 1950 1762 Basilium
1985 1706 2278 1761 induerunt
2316 1728 2326 1762 :

748 1801 841 1870 qui
869 1800 960 1854 ubi
1002 1798 1526 1871 chlamydeindutus
1553 1808 1659 1863 est,
1684 1797 1749 1852 ad
1780 1797 2129 1867 imperatoris
2164 1797 2330 1867 pedes

2449 595 2542 653 οὖν
2564 599 2715 652 Λέων
2736 602 2763 652 ὁ
2782 598 3087 668 ἀσηκρῆτις
3125 596 3524 665 ἀναγινώσκειν
3555 594 3750 663 λέγων,
3778 597 3859 651 ὅτι
3887 598 4021 668 Βαρσ

2450 694 2545 756 δας
2581 695 2609 746 δ
2634 693 2851 762 Καῖσαρ
2871 691 3233 746 ἐϐουλεύσατο
3258 694 3381 746 κατ’
3412 692 3548 758 ἐμοῦ
3572 691 3783 745 ἀνελεῖν
3819 711 3908 762 με,
3934 694 4027 747 καὶ

2448 788 2536 841 διὰ
2564 786 2725 840 τοῦτο
2756 786 3164 855 ὑπεξήγαγέμε
3204 790 3304 855 τῆς
3332 786 3567 849 πόλεως’
3612 789 3707 839 καὶ
3749 788 3796 839 εἰ
3831 788 3903 854 μὴ
3940 786 4027 839 διὰ

2449 878 2758 948 Συμόατίου
2794 878 2887 931 καὶ
2922 877 3209 930 Βασιλείου
3260 876 3506 946 ἐμηνύθη
3548 894 3659 945 μοι,
3710 878 3809 929 οὐκ
3862 876 3927 929 ἂν
3970 877 4027 928 ἐν

2446 973 2557 1031 τοῖς
2578 970 2746 1035 ζῶσιν
2763 969 2932 1041 ήμην.
2967 970 3322 1038 Ἐτελεύτησε
3340 969 3394 1021 δὲ
3428 969 3532 1022 ὑπὸ
3549 969 3649 1037 τῆς
3682 969 3816 1025 ἰδίας
3843 970 4023 1038 ἁμαρ-

2445 1064 2583 1126 τῖας.
2621 1062 2771 1115 Θέλω
2800 1062 2857 1115 δὲ
2891 1061 3173 1115 Βασίλειον
3207 1061 3703 1132 παρακοιμώμενον
3738 1061 3812 1124 ὡς
3836 1061 4024 1114 πιστὸν

2443 1157 2595 1220 ὅντα,
2631 1156 2727 1208 καὶ
2760 1155 3099 1223 φυλάττοντα
3158 1156 3256 1223 τὴν
3288 1154 3427 1223 ἐμὴν
3462 1153 3765 1220 βασιλείαν,
3800 1154 3893 1205 καὶ
3932 1151 4023 1205 τοῦ

2444 1248 2640 1321 ἐχθροῦ
2684 1246 3128 1317 ἐλευθερώσαντά
3167 1264 3232 1316 με
3269 1241 3409 1298 εἶναι
3462 1245 3681 1315 φύλακα
3738 1249 3833 1315 τῆς
3886 1245 4023 1314 ἐμῆς

2444 1342 2746 1413 βασιλείας,
2765 1340 2859 1394 καὶ
2889 1339 2994 1392 ὑπὸ
3020 1340 3237 1393 πάντων
3269 1339 3407 1405 εὺιρη
3420 1337 3638 1408 μεῖσθαι
3663 1336 3737 1399 ὡς
3775 1335 4023 1406 βασιλέα.

2442 1435 2722 1496 Βασίλειος
2751 1432 2808 1485 δὲ
2839 1430 3141 1499 ἐπληροῦτο
3196 1429 3468 1500 δακρύων,
3492 1430 3583 1482 καὶ
3604 1427 3852 1490 δεδωκὼς
3876 1429 3901 1480 ὁ
3924 1426 4028 1479 Βα-

2442 1530 2639 1591 σίλειος
2669 1524 2975 1599 [βασιλεὺς]
2996 1524 3186 1593 Φωτξῳ
3209 1524 3522 1593 πατριάρχη
3540 1522 3599 1575 τὸ
3635 1521 3851 1590 στέμμα
3886 1521 4027 1585 ἄρας

2439 1624 2503 1675 ἐκ
2526 1621 2624 1690 τῆς
2641 1618 2806 1672 αὑτοῦ
2835 1616 3100 1685 κεφαλῆς,
3120 1615 3194 1678 ὡς
3221 1617 3533 1682 εἰσαγαγεῖν
3562 1615 3618 1667 ἐν
3652 1616 3716 1682 τῇ
3742 1613 3873 1682 ἁγία
3894 1629 4025 1680 τρα-

2438 1711 2578 1781 πέζῃ
2600 1725 2613 1738 ⁸
2639 1706 2790 1779 [αάά.
2813 1707 2974 1769 αὐτὸς
2990 1705 3069 1778 δέ]
3091 1706 3346 1775 εποίησεν
3366 1705 3529 1774 εὐχὴν
3555 1705 3639 1756 ἐπ’
3666 1704 3835 1774 αὐτῷ,
3856 1704 3947 1756 καὶ
3977 1704 4024 1754 οἱ

2439 1802 2795 1873 πραιπόσιτοι
2823 1800 3153 1867 ἐνέγκαντες
3186 1796 3476 1851 δεόιτξσιον
3508 1799 3601 1849 καὶ
3628 1795 3864 1863 τζαγγία
3914 1794 4025 1865 (4η)

748 1893 1002 1961 procidit.
1048 1870 1274 1946 Demum
1329 1906 1586 1960 egressus
1634 1890 1943 1960 patriarcha
1989 1899 2221 1945 stemma
2266 1906 2331 1944 ex
2368 1870 2410 1925 Β
2443 1870 2510 1948 ὲνε

2266 1906 2331 1944 ex
2368 1870 2410 1925 Β
2443 1895 2700 1948 ἐνέδυσαν
2726 1892 3029 1952 Βασίλειον.
3053 1892 3203 1953 ὅστις
3230 1889 3405 1960 βαλὼν
3426 1889 3525 1959 τὴν
3560 1887 3803 1957 χλαμύδα
3832 1887 4026 1939 ἔπεσεν

749 1987 1100 2055 imperatoris
1119 1986 1295 2054 capite
1310 1985 1585 2039 sublatum
1613 1984 1713 2053 ipsi
1742 1984 2059 2053 imperatori
2091 1982 2335 2047 tradidit,

749 2079 1090 2148 sceptrisque
1129 2093 1228 2148 pro
1270 2092 1423 2132 more
1460 2076 1758 2137 inclinatis,
1790 2075 2053 2131 Basilinm
2099 2075 2332 2131 Michael

746 2172 1029 2226 coronavit
1057 2188 1070 2226 :
1098 2170 1397 2239 cunctique
1440 2168 1635 2224 faustis
1656 2168 1819 2241 487
1845 2170 2341 2225 acclamationibus

745 2264 1020 2333 prosecuti
1046 2272 1215 2318 sunt:
1272 2261 1521 2317 Michaeli
1550 2270 1603 2317 et
1644 2261 1849 2317 Basilio
1885 2262 2086 2318 multos
2123 2265 2334 2318 annos!

746 2357 919 2413 Porro
955 2356 1151 2413 Castor
1188 2372 1219 2412 a
1250 2357 1502 2421 secretis,
1538 2356 1628 2426 qui
1665 2365 1875 2411 tomum
1910 2357 2135 2427 legerat,
2172 2356 2338 2411 Nico-

749 2451 981 2505 mediam
1030 2464 1268 2519 pergens
1326 2448 1379 2503 iu
1426 2448 1821 2503 monasterium
1869 2448 2145 2518 quoddam
2185 2450 2340 2504 virile

747 2542 1051 2612 profectus,
1082 2542 1265 2596 medio
1298 2541 1350 2595 in
1371 2542 1604 2611 pratello
1635 2542 1856 2595 mansit.
1885 2539 2014 2595 Erat
2042 2550 2225 2595 autem
2262 2540 2336 2594 ibi

747 2643 963 2702 puteus,
984 2641 1036 2687 et
1059 2633 1111 2687 in
1136 2647 1261 2686 eum
1284 2632 1561 2697 decidens,
1582 2632 1904 2688 submersus
1920 2640 1973 2685 et
1988 2633 2233 2701 sepultus
2256 2640 2338 2686 est

750 2726 975 2780 ibidem.
1015 2722 1331 2795 Symbatius
1379 2739 1532 2787 vero,
1584 2724 1820 2779 Caesaris
1861 2739 2063 2793 gener,
2100 2723 2337 2779 Caesaris

747 2816 1013 2887 dignitate
1051 2814 1374 2879 frustratus,
1416 2829 1446 2869 a
1495 2813 1700 2870 Basilio
1735 2830 1795 2870 se
1826 2814 2076 2869 delusum
2108 2830 2336 2885 persen-

748 2909 912 2974 tiens,
962 2908 1227 2963 adversus
1260 2907 1522 2963 Basilium
1572 2906 1779 2962 exarsit
1807 2908 1934 2962 odio
1960 2947 1974 2971 ,
2012 2915 2066 2961 et
2102 2907 2336 2962 consilio

747 3017 873 3055 cum
900 2998 1132 3070 Georgio
1162 2999 1377 3069 chane
1397 3040 1414 3063 ,
1447 2997 1658 3052 militia:
1684 2999 1971 3067 magistro,
2002 3007 2247 3068 accepto,
2279 2998 2336 3053 in

744 3097 865 3163 ejus
886 3094 1067 3149 locum
1106 3093 1215 3149 dux
1251 3092 1463 3147 institui
1510 3092 1828 3161 postulavit.
1870 3090 2074 3145 Gumer
2114 3091 2332 3157 deinde,

746 3186 951 3256 Opsicii
974 3201 1184 3251 comes,
1202 3200 1401 3241 cursus
1424 3185 1625 3254 publici
1655 3186 1928 3255 logotheta
1946 3184 2176 3239 enectus
2206 3193 2290 3239 est
2315 3203 2328 3239 :
2360 3214 2403 3271 ο

744 3287 1206 3349 erumpentesque
1234 3276 1397 3331 simul
1433 3275 1751 3346 Symbatins
1771 3285 1824 3331 ct
1849 3275 2113 3345 Peganes,
2149 3278 2330 3347 regio-

746 3384 871 3423 nem
927 3382 1141 3421 omnem
1186 3366 1541 3429 subvertere,
1594 3374 1650 3419 ct
1696 3380 1861 3436 agros
1910 3366 2160 3435 vitesque
2209 3365 2333 3434 igne

745 3464 1028 3516 devastare
1083 3469 1410 3530 cmperunt:
1471 3468 1588 3514 erat
1642 3460 1786 3513 enim
1845 3460 2038 3515 messis
2092 3468 2329 3528 tempus,

747 3552 1039 3622 faustaque
1074 3551 1439 3622 precabantur
1468 3550 1570 3606 soli
1604 3548 1871 3613 Michaeli,
1904 3550 2163 3604 anilium
2201 3564 2331 3604 vero

747 3645 886 3700 diris
918 3643 1286 3699 devovebant.
1330 3642 1403 3697 De
1434 3658 1544 3712 quo
1576 3644 1840 3698 certiores
1868 3641 1992 3697 facti
2032 3642 2331 3712 imperato-

746 3752 858 3802 res,
891 3736 1132 3805 reliquos
1160 3734 1333 3790 duces
1376 3736 1431 3789 in
1454 3749 1552 3789 eos
1580 3749 1733 3788 arma
1768 3749 1987 3789 movere
2016 3734 2327 3803 jusserunt.

746 3830 921 3884 Porro
949 3828 1289 3899 Nicephorus
1332 3828 1604 3883 Maleinus
1643 3842 1989 3882 commentus
2032 3841 2117 3883 εει
2172 3830 2333 3883 sche~

747 3920 905 3975 dulas
939 3936 1034 3990 per
1077 3920 1377 3974 exercitum
1407 3919 1739 3988 dispergere,
1774 3927 1834 3971 ut
1873 3918 1939 3973 iis
1967 3917 2094 3973 dolo
2120 3927 2174 3973 et
2213 3928 2331 3973 arte

747 4013 1130 4083 deprehensis,
1175 4014 1227 4067 in
1272 4022 1518 4082 apertum
1552 4011 1713 4065 civile
1753 4011 1952 4065 bellum
1984 4012 2125 4065 haud
2164 4010 2331 4066 deﬂe-

747 4114 977 4160 cterent.
1009 4104 1457 4175 Comprehensus
1488 4112 1570 4158 est
1600 4104 1783 4173 itaque
1811 4102 2074 4173 Peganes,
2104 4111 2158 4157 et
2197 4104 2330 4159 sub-

748 4198 919 4251 latum
988 4198 1041 4251 in
1104 4198 1297 4251 urbem
1362 4197 1711 4265 imperatoris
1763 4196 1922 4264 jussu
1976 4194 2327 4249 induxerunt.

748 4285 1507 4357 (IonstantinusqueMyiares
1546 4286 1721 4341 oculis
1747 4302 1871 4340 eum
1896 4286 2176 4356 privavit_:
2214 4293 2331 4339 tum

748 4380 816 4433 ad
838 4380 1043 4434 Milium
1063 4380 1353 4434 considere
1376 4378 1535 4449 jusso
1551 4378 1835 4433 vasculum
1864 4380 2117 4434 manibus
2143 4387 2333 4457 tenen-

2443 1990 2523 2050 εἰς
2565 1986 2694 2050 τοὺς
2735 1985 2903 2047 πόδας
2939 1983 3035 2036 τοῦ
3080 1983 3369 2053 βασιλέως.
3418 1983 3530 2035 Καὶ
3573 1978 3797 2047 ἐξῆλθεν
3842 1981 3868 2030 ὁ
3920 1995 4026 2031 πα-

2442 2081 2733 2151 τριάρχης,
2767 2078 2865 2131 καὶ
2893 2073 3030 2147 ἦρεν
3061 2076 3170 2129 ἀπὸ
3200 2076 3299 2145 τῆς
3324 2074 3573 2143 κεφαλῆς
3601 2071 3711 2143 (aii)
3742 2070 3833 2124 τοῦ
3868 2068 4026 2141 βασι-

2442 2172 2604 2236 λέως,
2648 2172 2744 2225 καὶ
2763 2169 3041 2224 ἐπέδωκεν
3065 2167 3199 2220 αὐτὸ
3227 2166 3304 2236 τῷ
3341 2165 3585 2235 βασιλεῖ·
3623 2166 3718 2217 καὶ
3751 2162 3858 2215 τῶν
3902 2163 4027 2228 σκή-

2442 2281 2633 2335 πτρων
2674 2263 2974 2323 πεσόντων,
3008 2261 3083 2322 ὡς
3142 2259 3286 2323 ἔθος,
3337 2257 3565 2327 ἔστεψεν
3611 2256 3639 2308 ὁ
3679 2254 3897 2325 Μιχαὴλ
3936 2254 4026 2305 τὸν

2443 2357 2748 2417 Βασίλειον,
2780 2356 2877 2408 καὶ
2919 2355 3246 2424 εὐφήμησαν
3278 2352 3511 2414 πάντες
3546 2348 3766 2419 Μιχαὴλ
3795 2346 3889 2400 καὶ
3922 2346 4026 2398 Βα-

2442 2450 2645 2503 σιλείου
2683 2447 2855 2501 πολλὰ
2892 2447 2959 2499 τὰ
2990 2447 3118 2515 ἓτηῑ
3170 2445 3227 2497 Ὀ
3258 2444 3317 2496 δὲ
3355 2443 3448 2496 τὸν
3491 2442 3656 2511 τόμον
3689 2439 4028 2506 ἐπαειαγνοῦς

2442 2545 2681 2613 Κάστωρ
2716 2545 2745 2595 ὁ
2790 2540 3097 2611 ἀσηκρῆτις
3148 2536 3382 2601 ἐξελθὼν
3430 2539 3487 2589 ἐν
3522 2531 3885 2603 Νικομηδεξα,
3931 2530 4028 2582 καὶ

2440 2637 2611 2691 ἐλθὼν
2634 2638 2715 2699 εἰς
2740 2634 2908 2704 μονὴν
2926 2632 3179 2703 ἀνδρείαν
3209 2630 3425 2699 ἔμεινεν
3446 2628 3609 2699 μέσον
3635 2626 3729 2679 τοῦ
3759 2623 4024 2677 λιϐαδίον.

2437 2724 2550 2783 Ἦν
2576 2727 2634 2781 δὲ
2666 2727 2848 2778 ἐκεῖσε
2879 2724 3080 2795 φρέαρ,
3111 2722 3206 2776 καὶ
3235 2720 3419 2773 πεσὼν
3450 2721 3508 2772 ἐν
3542 2718 3690 2783 αὐτῷ
3718 2715 4022 2783 ἁπεπνῖγη,

2438 2823 2534 2875 καὶ
2562 2819 2736 2887 ἐτάφη
2766 2818 2969 2869 ἐκεῖσε.
3004 2814 3317 2883 Συμὸάτιος
3345 2813 3401 2866 δὲ
3426 2815 3452 2865 ὁ
3477 2810 3725 2882 γαμϐρὸς
3754 2809 3846 2861 τοῦ
3887 2810 4025 2861 Καῖ-

2441 2930 2609 2985 σαρος
2641 2909 2936 2979 ἀποτυχὼν
2992 2908 3089 2976 τῆς
3135 2909 3227 2958 τοῦ
3266 2907 3546 2974 Καίσαρος
3577 2904 3752 2968 ἀξίας,
3786 2901 3908 2953 ἰδὼν
3944 2902 4024 2953 ἔτι

2438 3006 2739 3075 ἐνεπαίχθη
2794 3002 2900 3054 ὑπό
2936 3000 3029 3053 τοῦ
3075 2999 3381 3059 Βασιλεεου,
3432 3000 3512 3060 εἰς
3548 2999 3703 3066 μῖσος
3754 2996 3895 3049 κατᾶ
3930 2993 4022 3046 τοῦ

2438 3097 2722 3152 Βασιλείου
2784 3096 3051 3147 κινεῖται·
3116 3092 3212 3144 καὶ
3278 3088 3821 3157 συμϐουλευσάμενος
3888 3085 4025 3153 μετὰ

2437 3189 2715 3258 Γεωργίου
2744 3184 3119 3256 στρατηλάτου
3150 3182 3247 3234 τοῦ
3286 3181 3514 3250 Πηγάνη
3550 3183 3615 3249 τῇ
3644 3179 3906 3248 ἐπαύριον
3936 3178 4020 3229 αξ-

2434 3283 2607 3335 τεῖται
2664 3276 2970 3349 στρατηγὸς
3046 3272 3427 3347 προϐληθῆναι
3486 3271 3599 3324 ἀντ’
3658 3269 3845 3324 αὖτοῦ.
3910 3269 4021 3321 Καὶ

2434 3369 2747 3444 προεϐλήθη
2771 3367 3063 3438 λογοθέτης
3087 3364 3181 3418 τοῦ
3215 3365 3418 3435 δρόμου
3446 3364 3473 3415 ὁ
3500 3361 3734 3430 Γοῦμερ,
3771 3360 4022 3420 κάκεῖνος

2433 3466 2614 3535 κόμης
2639 3464 2734 3517 τοῦ
2776 3461 3046 3531 Ὀψικξου.
3083 3459 3191 3513 Καὶ
3225 3456 3533 3521 ἐξελθόντες
3567 3456 3682 3525 ἅμα
3717 3458 3742 3508 Ξ
3786 3472 3841 3506 τε
3876 3456 4020 3523 Σαμ-

2434 3560 2620 3622 ϐατιος
2640 3557 2737 3611 καὶ
2755 3557 2782 3609 ὁ
2799 3554 3078 3624 Πηγάνης,
3092 3550 3326 3623 ἤρξαντο
3344 3548 3745 3620 καταστρέερειν
3769 3548 3861 3601 καὶ
3889 3564 4024 3615 πνρ-

2434 3652 2617 3704 πολείν
2648 3649 2745 3711 τάς
2773 3663 2832 3699 τε
2858 3644 3041 3717 χώρας
3074 3644 3170 3697 καὶ
3200 3642 3533 3713 ἀμπελῶνας
3581 3636 3671 3709 (ἦν
3698 3640 3808 3707 γὰρ
3830 3638 4021 3707 καιρίς

2432 3742 2528 3797 τοῦ
2562 3742 2811 3813 θέρους),
2838 3735 3216 3809 εὐφημοῦντες
3245 3733 3467 3805 Μιχαὴλ
3500 3734 3682 3803 μόνον,
3702 3732 3791 3784 τὸν
3824 3732 3879 3783 6'2
3914 3730 4021 3781 Βα-

2437 3837 2635 3890 σίλειον
2662 3831 3175 3892 ἀποὸδελύττοντες.
3199 3828 3390 3881 Ταῦτα
3416 3826 3680 3895 μαθόντες
3705 3827 3753 3878 οἱ
3783 3823 4021 3892 βασιλεῖς

2440 3930 2741 3984 ἐκέλευσαν
2772 3924 2899 3986 τοὺς
2929 3922 3149 3982 λοιποὺς
3183 3920 3567 3989 στρατηλάτας
3599 3918 3825 3977 τούτους
3858 3932 4022 3969 κατα-

2436 4018 2770 4088 πολεμῆσαι.
2810 4012 3249 4081 Βουλευσάμενος
3274 4010 3330 4063 δὲ
3361 4008 3675 4079 Νικηφόρος
3704 4011 3729 4060 ὁ
3756 4007 4022 4069 Μαλεῒνος

2434 4112 2658 4184 ἔρριψεν
2709 4108 2961 4177 ἐγγραφα
2997 4104 3160 4175 μέσον
3192 4103 3396 4164 παντὸς
3427 4100 3521 4153 τοῦ
3576 4099 3731 4161 λαοῦ,
3770 4100 3855 4151 ἵνα
3885 4098 4021 4162 δόλῳ

2432 4203 2656 4264 τούτους
2688 4199 3064 4270 κρατήσωσιν,
3098 4196 3193 4248 καὶ
3226 4195 3300 4263 μὴ
3324 4192 3478 4263 Ῐαάά.
3514 4192 3615 4262 τῷι
3653 4192 3903 4259 φανερῶς
3929 4207 4023 4242 πο-

2434 4297 2624 4366 λεμεῖν
2662 4295 2740 4357 εἰς
2777 4289 3017 4361 ἔμφυλον
3060 4288 3342 4356 ἐμπέσωσι
3399 4286 3656 4355 πόλεμον.
3711 4281 4019 4352 Ἐκρατήθη

2434 4390 2491 4447 δὲ
2523 4390 2550 4440 ό
2586 4388 2870 4454 Πηγάνης,
2910 4387 3004 4438 καί
3048 4382 3282 4451 ἄραντες
3326 4379 3489 4431 αὐτὸν
3530 4380 3823 4447 εἰσήγαγον
3867 4377 3922 4425 ἐν
3954 4376 4018 4443 τῇ

747 4476 878 4527 dum
910 4473 1267 4537 tradiderunt,
1299 4474 1352 4527 in
1387 4472 1532 4541 quod
1562 4472 1819 4534 viatores,
1857 4474 1999 4541 quod
2032 4458 2317 4540 placitum,
2350 4509 2403 4569 Ι)
2438 4480 2509 4534 πό

2260 4486 2317 4531 ll.
2350 4509 2403 4569 Ι)
2438 4480 2610 4545 πόλει,
2643 4478 2738 4531 καὶ
2769 4480 2833 4546 τῇ
2864 4475 3157 4545 προστάξει
3179 4471 3272 4524 τοῦ
3300 4470 3565 4539 βασιλέως
3590 4466 3890 4534 amca-sici
3927 4466 4020 4517 αὖ·

749 4564 1117 4635 projicichant
1149 4581 1162 4616 :
1215 4572 1269 4617 et
1306 4572 1427 4632 post
1457 4563 1575 4618 dies
1609 4562 1831 4631 triginta
1863 4560 2178 4633 Symbatius
2218 4564 2323 4615 Ar-

751 4657 969 4712 menius
998 4672 1028 4711 a
1065 4654 1299 4709 Maleino
1344 4656 1398 4709 in
1439 4654 1751 4710 Cheltsines
1799 4654 2038 4724 hospitio
2077 4655 2332 4712 detentus

749 4760 855 4815 cst,
893 4766 1054 4820 quem
1086 4750 1149 4804 ad
1182 4749 1566 4817 imperatorem
1595 4747 1661 4803 ad
1705 4745 1967 4802 Sanctum
2005 4740 2332 4801 Mama‘ntem

750 4857 883 4899 tunc
924 4844 1229 4913 profectum
1284 4839 1554 4896 Maleinus
1598 4842 1858 4896 induxit:
1905 4851 1960 4895 ct
2004 4841 2336 4910 imperatore

745 4938 973 5007 jubente
1009 4937 1060 4989 in
1101 4934 1364 5006 Symbatii
1418 4948 1709 4989 occursum
1754 4932 2025 5004 Peganem
2067 4933 2340 4988 advocant

751 5039 991 5083 testaceo
1020 5027 1322 5091 thuribulo,
1356 5035 1415 5081 ut
1436 5027 1485 5082 ei
1528 5028 1655 5083 thus
1684 5027 1948 5093 adoleret,
1974 5027 2205 5098 Peganis
2224 5042 2339 5081 ma-

751 5122 916 5175 nihus
954 5122 1157 5192 posito.
1204 5118 1561 5176 Postmodum
1601 5120 1886 5194 Symbatio
1917 5122 2136 5177 oculum
2168 5136 2337 5175 unum

750 5212 1035 5275 ell'odiunt,
1063 5223 1117 5268 et
1143 5213 1367 5268 dextera
1404 5215 1524 5281 ejus
1557 5229 1722 5267 manu
1754 5224 2049 5283 amputata,
2083 5216 2149 5269 ad
2178 5214 2339 5269 Lausi

753 5304 924 5359 aedem
952 5313 1218 5371 statuunt,
1261 5305 1314 5359 in
1351 5303 1473 5373 ejus
1509 5306 1688 5359 sinum
1719 5321 1845 5359 vase
1879 5307 2077 5368 locato,
2109 5307 2161 5359 in
2189 5305 2332 5374 quod

2427 4574 2520 4627 τὸ)
2560 4573 2971 4630 Κωνσταντῖνος
3002 4566 3240 4635 ἔπαρχος
3272 4563 3591 4631 ὀλΙυῖαρης,
3626 4566 3721 4612 καὶ
3756 4558 4019 4612 καθίσαν-

2434 4684 2527 4727 τες
2574 4666 2633 4717 ἐν
2686 4662 2765 4733 τῷ
2828 4660 3007 4729 Μιλίῳ
3060 4658 3343 4711 ἐπέδωκαν
3392 4654 3540 4722 αύτῷ
3588 4652 3777 4715 σκεῦος
3812 4654 3868 4705 ὲν
3900 4652 4021 4712 ταῖς

2436 4758 2626 4830 χερσὶν
2648 4755 2833 4815 αὐτοῦ,
2864 4754 2959 4807 καὶ
2984 4752 3243 4823 ερῤιπτον
3272 4750 3472 4811 πάντες
3494 4751 3541 4801 οἱ
3570 4747 4020 4816 διαπορευόμενοι

2439 4855 2496 4904 ἐν
2527 4847 2697 4920 αὐτῷ,
2722 4849 2838 4900 εἴτι
2863 4846 2926 4898 ἐκ
2944 4843 3317 4914 προαιρέσεως
3335 4836 3500 4909 εἶχον.
3519 4840 3631 4893 Καὶ
3664 4839 3782 4908 μεθ’
3805 4837 4023 4907 ἡμέρας

2440 4942 2482 4995 λ’
2517 4940 2800 5013 ἐκρατήθη
2834 4937 3142 5008 Συμὸάτιος
3162 4937 3189 4987 δ
3232 4934 3503 5003 Ἁρμένης
3533 4934 3637 4985 ὑπὸ
3665 4933 3933 4987 Μαλεῗνον
3964 4936 4021 4985 ἐν

2411 5031 2709 5100 ’Κελτζινῇ
2746 5032 2802 5082 ἐν
2834 5026 3137 5095 πανδοκείῳ
3159 5042 3171 5055 ·
3213 5024 3305 5077 καὶ
3335 5024 3629 5092 εἰσήγαγεν
3656 5022 3815 5075 αύτὶν
3846 5024 3871 5073 ὁ
3901 5022 4021 5074 Μα-

2438 5126 2611 5187 λεῖνος
2663 5126 2743 5185 εἰς
2773 5123 2864 5174 τὸν
2919 5119 3165 5190 βασιλέα,
3207 5117 3358 5179 ὄντος
3393 5114 3557 5167 αὐτοῦ
3596 5116 3671 5176 εἰς
3707 5115 3797 5166 τὶν
3827 5114 4022 5181 “Argo-2

2437 5218 2734 5286 Μαμαντα.
2769 5214 2880 5267 Καὶ
2910 5209 3204 5282 προστάξει
3236 5207 3328 5261 τοῦ
3365 5207 3633 5276 βασιλέως
3683 5207 3875 5271 ἄγοντι
3931 5205 4023 5257 τὸν

2441 5308 2701 5379 Πηγάνην
2723 5309 2803 5370 εἰς
2834 5305 3138 5358 ὑπάντησιν
3170 5300 3479 5367 Συμδατὲον
3514 5299 3694 5361 δόντες
3727 5301 3804 5361 εἰς
3831 5300 4019 5368 χεῖρας

1889 5421 2141 5477 FRANC.
2184 5422 2572 5480 COMBEFISII
2605 5422 2840 5479 ΝΟΤᾸΞ.

848 5510 941 5585 ιο)
993 5509 1188 5585 Putem
1243 5522 1467 5585 saccum
1518 5513 1868 5585 imperatoris
1924 5515 2143 5585 insigne
2204 5530 2329 5569 cum

757 5580 983 5648 calceis,
1018 5582 1221 5651 quibus
1258 5581 1491 5637 Basilius
1535 5580 1763 5640 indutus
1793 5586 1996 5639 dicitur
2027 5580 2063 5639 εἶ
2091 5586 2333 5641 cubicu-

757 5652 933 5725 lariis,
990 5653 1360 5725 superiniecta
1414 5653 1663 5725 elamyde
1704 5673 1718 5709 :
1756 5671 1867 5725 quo
1904 5657 2092 5711 habitu
2152 5656 2329 5711 Grreci

757 5721 1125 5846 impsrattores
1157 5723 1363 5796 passim
1418 5721 1598 5780 induti
1643 5721 1946 5782 cernuntur
1984 5726 2129 5799 apud
2163 5725 2334 5781 Chal-

757 5808 860 5846 con
908 5831 923 5845 .
956 5808 985 5846 e
1013 5808 1063 5846 c.

757 5808 897 5847 εοησ
908 5831 923 5845 .
956 5808 1063 5846 τις.

831 5863 944 5934 (Η)
975 5861 1133 5927 Illud,
1171 5865 1262 5919 καὶ
1291 5859 1424 5937 ἦρεν
1460 5865 1568 5921 ἀπὸ
1585 5866 1679 5936 τῆς
1719 5867 1980 5935 κεφαλῆς,
2012 5867 2334 5923 mendosum

2439 5523 2571 5585 puto
2605 5535 2619 5570 :
2654 5516 2762 5582 iam
2818 5515 2965 5569 enim
2993 5513 3109 5585 ipse
3156 5512 3525 5585 sibiAMichael
3568 5524 3797 5585 stemma
3834 5513 4016 5568 detra-

2441 5580 2597 5641 ierat
2627 5580 2781 5641 altari
2819 5580 3231 5653 imponendum.
3266 5582 3461 5652 Legam
3482 5600 3633 5653 ergo,
3662 5580 3798 5653 ἦρεν
3827 5584 3884 5636 τὸ
3917 5586 4025 5639 ἀπο

2441 5657 2686 5726 κεφαλῆς
2719 5656 2811 5709 τοῦ
2848 5654 3116 5724 βασιλέως
3162 5654 3402 5723 στέμμα,
3439 5667 3711 5723 acceptum
3751 5656 3814 5708 de
3862 5658 4024 5722 impe-

2441 5728 2642 5780 ratoris
2696 5729 2867 5794 capite
2899 5734 3147 5782 stemma,
3182 5726 3287 5778 sive
3335 5726 3537 5793 regium
3578 5727 3697 5778 tulit
3732 5726 3815 5791 (ex
3863 5727 4024 5779 altari

2443 5796 2673 5863 scilicet)
2706 5798 2907 5865 ipsique
2948 5795 3258 5862 imperatori
3305 5796 3551 5856 tradidit,
3608 5795 3758 5865 αὐτῷ
3815 5794 3891 5862 τῷ
3927 5794 4026 5863 βα-

2448 5868 2602 5933 σιλεῖ,
2636 5875 2694 5921 ιιι
2725 5881 2919 5936 nempe
2950 5866 3063 5935 ipse
3098 5866 3204 5919 ritu
3235 5866 3537 5921 coronandi
3566 5865 3982 5935 defungeretur.
