4462 6446
350 383 485 451 1081

1626 376 2188 438 CHRONOGRAPH
2204 376 2272 435 IA
2286 422 2300 437 .

3476 367 3622 431 108.2

338 503 433 557 τοῦ
464 498 691 571 Πηγάνη
723 496 1081 569 θυμιατήριον
1112 492 1435 565 οστράκινον
1487 494 1689 564 θυμιᾷν
1723 493 1918 546 αὐτόν·
1952 500 1997 554 Α
2026 509 2096 561 qu

1860 510 1918 544 ν·
1952 500 1997 554 Α
2026 493 2277 563 quisque,
2313 489 2461 561 quod
2505 495 2819 559 suggereret
2867 485 3088 540 animus
3117 526 3130 549 ,
3170 482 3457 538 mittebat:
3515 482 3618 535 tri—

343 594 437 647 καὶ
469 589 872 658 άποτυφλοῦσιν
905 588 1069 643 αὑτὸν
1098 586 1409 655 Συμϐάτιον
1436 583 1527 639 τὸν
1574 585 1672 637 ἕνα
1719 584 1921 653 ὀφθαλ-

348 685 467 755 μὸν,
497 684 590 736 καὶ
625 682 956 735 ἐκκόπτουσι
984 680 1077 735 καὶ
1102 679 1200 749 τὴν
1230 678 1411 743 δεξιάν
1438 676 1604 730 αὑτοῦ
1626 680 1805 747 χεῖρα,
1831 675 1927 728 καὶ

345 776 605 831 ἐκάθισαν
641 774 800 827 αὑτὸν
822 774 902 836 είς
931 772 999 825 τά
1029 772 1269 832 Λαύσου,
1307 772 1400 822 καὶ
1434 766 1701 821 δεδώκασι
1734 766 1928 829 σκεῦος

348 871 407 923 ἐν
438 869 516 938 τῷ
550 868 735 937 κόλπῳ
768 865 958 928 αὑτοῦ,
992 867 1082 917 ἵνα
1116 865 1172 927 ὃς
1203 864 1299 934 ἔχῃ
1336 862 1679 933 προαίρεσιν,
1711 858 1930 931 ἐπιρῤί-

348 978 458 1032 πτῃ
509 961 658 1029 αὑτῷ
695 978 765 1011 τι.
830 961 938 1012 Καὶ
999 959 1114 1027 μεθ’
1164 958 1381 1026 ἡμέρας
1444 956 1590 1023 τρεῖς
1644 954 1930 1019 ἀπήγαγον

350 1056 545 1117 αὐτοὺς
608 1058 664 1107 ἐν
727 1057 839 1115 τοῖς
904 1053 1055 1115 ἰδίοις
1115 1052 1287 1112 οἴκοις
1341 1049 1557 1118 ἔχοντες
1598 1050 1654 1099 ἐν
1696 1048 1927 1116 φρουρᾷ.

363 1147 421 1200 ’0
449 1148 503 1199 δὲ
550 1146 802 1215 βασιλεὺς
842 1144 1062 1213 Μιχαὴλ
1107 1142 1436 1204 ἀποστείλας
1470 1139 1791 1210 μηχανικὸν,
1843 1138 1933 1197 τὸν

352 1238 643 1305 λεγόμενον
674 1237 944 1305 Λάόαριν,
990 1235 1173 1302 ἐξάγει
1209 1235 1617 1288 Κωνσταντῖνον
1670 1231 1759 1283 τὸν
1818 1229 1932 1281 Κα-

353 1331 599 1383 ϐαλλῑνον
628 1332 689 1382 ἐκ
716 1328 809 1381 τοῦ
842 1329 1033 1395 τάφου,
1064 1328 1121 1380 ὃν
1150 1321 1304 1397 εὗρεν
1332 1326 1478 1393 ὑγιῆ-
1511 1325 1603 1376 καὶ
1622 1322 1789 1375 θέλων
1819 1322 1935 1373 εἱσ-

354 1426 581 1491 αγαγείν
616 1424 673 1473 ἐν
711 1423 900 1491 σάκκῳ
930 1421 1063 1490 (ιε),
1100 1421 1193 1472 καὶ
1231 1419 1304 1489 μὴ
1335 1417 1688 1486 χωρούμενον
1749 1412 1936 1467 ἐνετύ-

354 1514 499 1579 λιξεν
527 1515 690 1567 αὐτόν
753 1513 1015 1575 ὡσαύτως
1051 1512 1143 1564 καὶ
1184 1509 1397 1577 ἰαννῆν
1448 1508 1796 1578 πατριάρχην
1846 1505 1935 1571 ἐξ·

356 1605 564 1674 ἢγαγεν
602 1607 664 1658 ἐκ
687 1603 781 1656 τοῦ
808 1604 978 1671 τάφου
1020 1601 1135 1671 ἃμα
1170 1601 1246 1668 τῷ
1270 1598 1565 1670 ὠμοφορίῳ
1608 1596 1795 1650 αὑτοῦ.
1828 1597 1937 1649 Καὶ

355 1695 576 1758 τούτους
607 1694 900 1763 προστάξει
932 1693 1025 1747 τοῦ
1059 1690 1324 1762 βασιλέως
1349 1690 1675 1743 ἀπέκλεισεν
1703 1690 1729 1741 6
1758 1687 1935 1758 ὓπαρ-

358 1806 450 1857 χος
484 1790 540 1841 ἐν
574 1788 651 1858 τῷ
679 1788 1016 1858 πραιτωρίῳ,
1042 1786 1135 1839 καὶ
1157 1786 1214 1838 ἐν
1244 1788 1307 1854 τῇ
1339 1782 1522 1852 ἡμέρα
1553 1779 1777 1834 ἱππικοῦ
1801 1781 1934 1847 ἀγα-

2033 582 2242 650 husque
2285 582 2476 636 diebus
2527 580 2758 647 peractis
2791 576 2846 631 in
2884 578 3132 646 proprias
3182 578 3375 629 domos
3424 582 3614 629 custo-

2029 671 2257 726 diendos
2280 670 2640 724 adduxerunt.
2668 669 2839 723 Porro
2867 665 3095 720 Michael
3121 666 3418 735 imperator
3448 664 3618 719 misso

2034 765 2241 818 artifice
2276 764 2496 819 nomine
2523 761 2717 816 Labari
2753 760 3176 815 Constantinum
3210 759 3554 815 Cahallinum
3589 773 3620 811 e

2034 857 2285 925 sepulcro
2334 856 2547 919 eduxit,
2579 856 2736 922 cujus
2767 855 2998 908 cadaver
3027 869 3221 907 sanum
3265 862 3318 907 et
3346 852 3621 905 incolume

2038 955 2255 1021 reperit,
2310 952 2603 1017 volensque
2638 963 2797 1001 sacco
2841 949 3258 1013 circumponere
3284 985 3298 1008 ,
3336 960 3457 998 cum
3502 945 3622 1013 capi

2037 1060 2145 1098 non
2179 1052 2382 1113 posset,
2414 1041 2796 1096 circumvolvit
2828 1040 2979 1093 illud.
3017 1038 3210 1092 .lanem
3252 1037 3621 1107 patriarcham

2039 1137 2242 1204 pariter
2264 1149 2370 1188 uua
2400 1148 2522 1185 cum
2560 1133 2720 1200 pallio
2758 1141 3111 1183 monumento
3140 1130 3281 1184 eruit
3310 1144 3323 1180 :
3361 1144 3480 1183 mox
3521 1129 3624 1181 im—

2040 1226 2306 1294 peratoris
2336 1227 2605 1280 sententia
2636 1224 2930 1292 prazfectus
2959 1224 3010 1275 in
3039 1223 3276 1291 przetorii
3310 1221 3624 1276 carceribus

2041 1319 2284 1377 inclusit,
2319 1328 2369 1370 et
2406 1318 2645 1382 equestri
2680 1315 2981 1370 certamine
3010 1315 3288 1369 celebrato
3319 1314 3626 1368 denudatos

2040 1410 2359 1463 verberibus
2406 1408 2630 1469 alliixit,‘
2658 1420 2713 1463 et
2766 1411 2832 1464 ad
2890 1407 3227 1462 Amastriaui
3272 1407 3451 1459 locum
3500 1421 3626 1459 ossa

2040 1518 2231 1559 eorum
2272 1505 2438 1558 missa
2473 1503 2799 1557 combussit.
2837 1502 2877 1555 E
2914 1503 3093 1556 loculo
3131 1517 3261 1555 vero
3293 1501 3626 1571 Cepronymi

2044 1596 2200 1648 viridi
2248 1609 2519 1648 marmore
2561 1604 2680 1648 arte
2724 1595 2859 1648 mira
2897 1595 3220 1663 composito,
3256 1604 3312 1648 et
3355 1609 3502 1647 serra
3535 1608 3630 1662 per

2041 1689 2324 1742 columnas
2353 1688 2521 1759 468
2561 1686 2735 1741 scisso
2790 1687 3048 1757 repagula
3081 1687 3132 1741 in
3187 1686 3522 1763 monasterio
3560 1687 3629 1741 ab

2042 1796 2107 1833 eo
2139 1781 2203 1833 ad
2237 1780 2395 1834 Phari
2436 1780 2694 1849 palatium
2728 1780 2949 1834 condito
2979 1778 3234 1833 confecit.

356 1884 465 1953 γὼν
520 1884 737 1943 αὐτοὺς,
774 1883 866 1935 καὶ
902 1877 1305 1948 ἀπογυμνώσας
1364 1876 1525 1943 ἔτυψε
1576 1874 1913 1943 μαγγλάῆια,
1957 1874 2050 1924 καὶ
2092 1876 2160 1927 τά
2220 1875 2354 1927 ὀστᾶ
2390 1875 2568 1927 αὐτῶν
2604 1873 2931 1937 ἀποστείλας
2986 1875 3329 1926 κατέκαυσεν
3396 1873 3454 1925 ἐν
3518 1873 3630 1924 τοῖς

370 1975 792 2045 Ἀμαστριανοῦ.
812 1975 921 2043 Τὴν
944 1973 999 2026 δὲ
1022 1974 1265 2041 λάρνακα
1288 1970 1381 2022 τοῦ
1406 1968 1783 2038 Κοπρωνύμου
1839 1966 2103 2036 πράσινον
2121 1964 2289 2020 οὖσαν
2329 1968 2425 2020 καὶ
2466 1966 2786 2039 θαυμαστὴν
2816 1966 3110 2036 διαπρίσας
3141 1964 3397 2034 ἐποίησεν
3434 1961 3632 2030 στήθεα

356 2074 414 2125 ἐν
463 2071 541 2140 τῷ
590 2072 680 2123 ὑπ’
737 2070 901 2122 αὑτοῦ
956 2067 1228 2121 κτισθέντι
1276 2065 1387 2136 ναῷ
1441 2066 1500 2116 ἐν
1549 2064 1632 2140 *τῷ
1688 2061 1931 2129 παλατίῳ
1982 2064 2038 2115 ὲν
2088 2064 2168 2134 τῷ
2205 2063 2387 2135 Φάρῳ.

438 2138 738 2233 Ἐκεννήθη
760 2163 815 2216 δὲ
848 2162 1004 2216 Λέων
1033 2162 1062 2213 6
1096 2158 1348 2228 βασιλεὺς
1384 2159 1448 2210 ἐκ
1474 2138 1692 2225 Μιχαὴλ
1724 2156 1820 2209 καὶ
1845 2155 1947 2207 Εὐ·
1981 2160 2023 2216 Β
2122 2156 2200 2211 Ca

1867 2155 1947 2207 Εὐ·
1981 2160 2023 2216 Β
2122 2156 2389 2211 Caeterum
2425 2156 2720 2227 imperator
2752 2154 2861 2211 Leo
2899 2170 2963 2211 ex
3000 2155 3260 2211 Michaele
3305 2164 3359 2209 et
3390 2152 3629 2209 Eudoeiﬂ

356 2256 540 2318 ὃοκίας
587 2257 688 2323 τῆς
728 2252 1024 2321 Ίγγιρίνης
1076 2250 1157 2303 ἔτι
1183 2250 1467 2320 περιόντος
1498 2247 1665 2302 αὑτοῦ
1708 2246 1800 2300 τοῦ
1832 2247 1941 2301 Μι-

360 2348 521 2418 χαὴλ,
560 2346 731 2415 μηνὸς
786 2346 1047 2414 τετάρτου
1081 2343 1191 2411 (45)
1229 2341 1441 2413 πρώτῃ,
1481 2340 1813 2400 ίνδικτιῶνος
1855 2344 1937 2392 ιε’.

370 2440 660 2509 Ἐποίησεν
683 2438 740 2491 δὲ
791 2435 1016 2489 ἱππικὸν
1043 2435 1070 2487 6
1104 2432 1356 2503 βασιλεὺς
1400 2434 1456 2485 ἐν
1505 2432 1583 2499 τῷ
1613 2429 1778 2500 ’Λγίῳ
1822 2430 1942 2483 Md-

362 2551 524 2604 μαντι
552 2531 822 2592 ἱππεύσας
854 2530 1086 2599 βένετος.
1121 2527 1532 2587 Κωνσταντῖνος
1558 2525 1613 2577 δὲ
1660 2525 1689 2575 6
1718 2523 1777 2587 ἐξ
1822 2523 1945 2591 ’Δρ-

363 2626 582 2697 μενίων,
600 2626 627 2676 6
647 2624 824 2693 πατὴρ
841 2622 1011 2689 Θωμᾶ
1033 2620 1318 2689 πατρικίου
1346 2620 1440 2671 καὶ
1464 2618 1728 2685 γενεσίου,
1751 2617 1945 2688 δρουγ-

362 2720 553 2789 γάριος
588 2718 663 2769 ὢν
710 2717 806 2783 τῆς
840 2714 1029 2782 βίγλας
1066 2712 1266 2765 ἵππευε
1302 2710 1515 2773 λευκὸς,
1577 2708 1835 2777 πράσινος
1886 2705 1944 2759 δέ

365 2815 594 2866 ἵππευεν
641 2809 1011 2876 Ἀγαλλιανὸς,
1066 2806 1279 2877 ρουσίος
1331 2806 1439 2857 δέὁ
1472 2804 1718 2874 Κρασάς.
1767 2801 1942 2870 Νική-

366 2916 558 2961 σαντος
579 2898 635 2951 δὲ
664 2897 758 2949 τοῦ
787 2896 1075 2965 βασιλέως.
1107 2896 1199 2947 καὶ⁸
1228 2896 1317 2946 ἐπὶ
1340 2894 1555 2946 δείπνου
1587 2891 1945 2954 καθεσθέντος

366 2992 479 3058 ἃμα
497 2990 760 3057 Βασιλείῳ
779 2991 869 3041 καὶ
896 2988 1127 3057 Εὑόοκία
1155 2984 1570 3048 Βασιλεσκιανὺς
1601 2986 1628 3038 6
1656 2984 1945 3052 πατρίκιος

366 3082 553 3151 ἐπῄνει
586 3082 675 3133 τον
712 3080 936 3149 βασιλέα
986 3080 1061 3141 ὡς
1113 3078 1329 3145 εὐφυῶς
1359 3077 1629 3129 ἐλάσαντα
1664 3077 1721 3127 ἐν
1750 3073 1945 3143 τῴἆρ-

370 3188 519 3240 ματι.
558 3169 758 3221 Τοῦτον
811 3168 1112 3234 ἀναστῆναι
1166 3165 1430 3227 κελεύσας
1491 3166 1519 3217 6
1573 3162 1829 3232 βασιλεὺς
1880 3162 1946 3213 τά

365 3262 603 3329 τξαγγία
636 3260 801 3313 αὐτοῦ
853 3258 1156 3330 προσέταξε
1213 3257 1381 3325 σῦραι
1413 3257 1506 3308 καὶ
1551 3251 1945 3323 ὑποδήσασθαι.

368 3356 473 3407 Τοῦ
503 3356 557 3407 δὲ
575 3354 926 3414 ἀνανεύοντος
951 3353 1044 3403 καὶ
1062 3352 1196 3419 πρὸς
1218 3350 1498 3401 Βασίλειον
1519 3346 1945 3409 ἀποϐλέποντος,

368 3448 425 3499 ἐν
457 3446 613 3514 θυμῷ
644 3445 1013 3513 προσέταττεν
1038 3443 1066 3494 6
1095 3441 1346 3510 βασιλεὺς
1371 3438 1529 3492 τοῦτο
1560 3440 1805 3506 ποιῆσαι.
1839 3435 1946 3487 Tot";

2043 2246 2293 2318 lngeriua
2323 2257 2481 2301 natus
2501 2255 2607 2308 est.
2630 2239 2923 2316 superstite
2945 2246 3123 2301 adhuc
3141 2245 3427 2309 Michaele,
3458 2244 3634 2313 prima

2046 2341 2255 2396 mensis
2282 2340 2462 2410 quarti
2496 2340 2602 2404 die,
2628 2339 2930 2394 indictione
2960 2339 3173 2394 decima
3202 2338 3415 2408 quinta.
3450 2335 3633 2405 Eque-

2045 2444 2187 2489 stres
2217 2447 2380 2503 porro
2410 2433 2587 2495 ludos,
2634 2432 2748 2501 ipse
2803 2440 3012 2486 veneta:
3042 2431 3266 2485 factioni
3302 2446 3637 2485 annumera-

2046 2535 2154 2588 tus,
2188 2526 2252 2579 ad
2285 2535 2534 2579 sanctum
2571 2523 2902 2579 Mamantem
2951 2525 3244 2592 imperator
3274 2522 3465 2578 edidit.
3491 2522 3637 2577 Con-

2046 2620 2323 2674 stantinus
2367 2629 2571 2683 autem,
2616 2636 2680 2674 ex
2738 2620 2987 2674 Armenis
3041 2622 3354 2686 oriundus,
3410 2618 3637 2673 Thomze

2045 2712 2257 2781 patricii
2290 2722 2341 2765 et
2392 2712 2661 2781 generalis
2712 2712 2998 2780 lagothetae
3048 2722 3222 2781 pater,
3277 2712 3634 2767 excubiarum

2046 2804 2378 2873 drungarius
2422 2804 2563 2858 inter
2613 2804 2736 2859 illos
2784 2803 2959 2859 Albus
3008 2805 3295 2873 equitavit,
3338 2805 3636 2874 Agalianus

2046 2896 2312 2965 equitavit
2346 2895 2629 2958 Prasinus,
2670 2896 2773 2950 hoc
2820 2907 2905 2951 est
2941 2896 3154 2961 viridis,
3187 2896 3386 2951 Crasas
3416 2898 3633 2952 tandem

2050 2988 2660 3057 Russius.lmperatore
2679 2989 2955 3042 declarato
2988 2989 3215 3045 victore.
3249 3000 3299 3043 et
3327 2990 3391 3043 ad
3425 3005 3636 3043 caenam

2051 3098 2156 3139 una
2187 3098 2311 3135 cum
2343 3080 2546 3135 Basilio
2576 3090 2629 3136 et
2668 3080 2905 3135 Endocia
2953 3081 3209 3140 sedente.
3244 3081 3637 3137 Basiliscianus

2052 3175 2345 3243 patricius,
2384 3175 2455 3229 ob
2486 3190 2710 3229 currum
2766 3174 2835 3227 ub
2870 3190 2936 3228 co
2980 3176 3212 3229 solerter
3256 3184 3483 3237 rectum,
3536 3176 3640 3228 im-

2051 3276 2352 3337 peratorem
2406 3267 2679 3322 laudabat.
2748 3267 2885 3321 Eum
2938 3270 3236 3333 imperator
3286 3283 3532 3337 surgere,
3587 3278 3641 3321 et

2052 3360 2362 3428 imperiales
2397 3374 2587 3414 ocreas
2622 3359 2929 3423 detrahere,
2971 3369 3025 3412 et
3059 3358 3286 3412 induere
3322 3360 3507 3428 jussit.
3544 3358 3639 3413 Illo

2053 3460 2336 3515 renuente,
2372 3460 2426 3505 et
2472 3452 2524 3504 in
2566 3450 2832 3504 Basilium
2869 3453 3059 3506 oculos
3095 3452 3441 3520 conjiciente,
3469 3451 3638 3519 impe—

368 3540 421 3591 δέ
456 3538 736 3591 Βασιλείου
766 3534 1111 3596 ἐπινεύοντος
1150 3531 1321 3600 αὐτῷ,
1355 3531 1661 3601 ὑπεδήσατο
1694 3528 1764 3581 τά
1786 3526 1949 3595 τζαγ-
1975 3513 2019 3574 C
2056 3550 2130 3593 ml

1875 3544 1949 3595 ιγ·
1975 3513 2019 3574 C
2056 3550 2205 3593 rator
2240 3556 2363 3594 eum
2398 3539 2582 3593 furore
2628 3539 2700 3593 ita
2739 3540 2853 3594 fieri
2891 3542 3191 3594 mandavit.
3225 3545 3511 3596 Annuente
3534 3540 3637 3594 Ba-

370 3632 483 3699 τία.
519 3631 662 3697 "Em
694 3630 748 3681 δὲ
776 3630 803 3681 6
828 3627 1079 3696 βασιλεὺς
1115 3625 1231 3694 μεθ’
1260 3625 1426 3693 ὅρκου
1444 3623 1523 3693 τῷ
1555 3621 1842 3690 Βασιλείῳ,
1875 3619 1947 3682 ὡς

384 3726 554 3793 ’Υπὲρ
589 3726 645 3777 σὲ
677 3723 898 3776 κάλλιον
934 3721 1083 3789 αὐτῷ
1118 3720 1440 3790 πρέπουσιν.
1474 3720 1564 3785 Μὴ
1589 3719 1698 3788 γάρ
1724 3719 1824 3770 οὐκ
1842 3716 1950 3786 ἔχω

373 3815 731 3882 ἐξουσίαν,ὼς
760 3816 819 3866 σὲ
841 3813 1063 3882 βασιλέα
1094 3813 1349 3880 ἐποίησα,
1385 3812 1479 3863 καὶ
1507 3811 1665 3863 ἄλλον
1690 3814 1947 3881 ποιῆσαις

374 3913 465 3963 καὶ
502 3910 790 3978 ὠργίζετο.
826 3908 967 3959 κατά
1008 3905 1291 3957 Βασιλείου
1327 3903 1689 3972 θυμούμενος.
1736 3902 1950 3969 Δακρύ-

372 4020 504 4056 ουσα
529 4003 584 4054 δὲ
616 4004 647 4071 ἡ
686 4000 913 4053 Εὖδοκεα
950 4000 1054 4068 ἔφη
1089 3999 1164 4067 τῷ
1198 3998 1436 4067 βασιλεῖ·
1467 3998 1539 4049 Τὸ
1561 3997 1658 4066 τῆς
1676 3995 1951 4061 βασιλείας

374 4095 608 4163 ἀξίωμα,
654 4093 889 4145 δέσποτά
922 4109 1045 4161 μου,
1104 4091 1243 4160 μέγα
1267 4090 1435 4150 ἐστὶν,
1468 4089 1562 4141 καὶ
1593 4088 1826 4154 ἀναξίως
1858 4090 1951 4140 καὶ

374 4189 535 4254 ἡμεῖς
580 4184 944 4252 ἐτιμήθημεν,
976 4184 1069 4235 καὶ
1094 4183 1155 4234 οὐ
1184 4182 1393 4234 δίκαιον
1420 4183 1538 4233 ἐστι
1591 4182 1951 4251 καταφρονεί-

378 4286 499 4331 συαι
545 4280 692 4331 αὐτὸ.
738 4278 798 4330 Ὀ
833 4278 888 4329 δὲ
950 4275 1203 4343 βασιλεὺς
1236 4271 1418 4328 εἶπεν·
1476 4275 1565 4345 Μὴ
1610 4275 1779 4328 λυποῦ
1826 4275 1953 4345 περὶ

376 4371 564 4422 τούτου
586 4387 598 4399 °
623 4372 714 4421 καὶ
756 4368 863 4437 γάρ
894 4368 1097 4419 καὶτὸν
1127 4367 1545 4420 Βασιλισκιανὸν
1573 4366 1797 4435 βασιλέα
1816 4365 1954 4417 θέλω

377 4463 621 4530 ποιῆσαι.
662 4461 944 4522 Βασίλειος
992 4461 1047 4512 δέ
1085 4462 1142 4511 ἐν
1200 4458 1356 4527 θυμῷ
1402 4458 1495 4510 καὶ
1542 4458 1687 4526 λύπῃ
1741 4458 1953 4525 μεγάλῃ

378 4556 616 4620 γέγονεν.
657 4551 996 4615 Ἑξελθὸντος
1018 4551 1073 4602 δὲ
1101 4551 1191 4603 τοῦ
1212 4550 1479 4614 βασιλέως
1504 4552 1558 4600 ἐν
1589 4549 1665 4618 τῷ
1692 4549 1952 4617 κυνηγίῳ,

384 4646 611 4715 μοναχός
668 4662 751 4702 τις
783 4645 1102 4713 ὑπαντήσας
1146 4643 1378 4695 δέδωκεν
1409 4642 1559 4712 αὐτῷ
1612 4644 1821 4711 χάρτην
1858 4640 1954 4708 τὴν

380 4737 499 4788 κατ’
550 4734 714 4789 αὑτοῦ
771 4736 1151 4804 μελετωμένην
1184 4733 1477 4802 ἐπιϐουλὴν
1532 4733 1637 4784 ὑπὸ
1670 4732 1953 4784 Βασιλείου

2053 3631 2195 3695 silio,
2254 3645 2446 3685 ocreas
2498 3631 2810 3699 imposuit:
2882 3631 2956 3683 ait
2998 3646 3127 3683 vero
3177 3631 3398 3692 Basilio,
3462 3631 3632 3686 Deum

2053 3722 2357 3777 obtestatus
2403 3722 2743 3791 imperator:
2810 3720 3002 3777 Melius
3050 3723 3121 3776 illi
3161 3738 3326 3791 quam
3374 3724 3473 3777 tibi
3507 3739 3640 3778 cou-

2052 3823 2254 3883 gruunt
2284 3830 2297 3867 :
2330 3813 2597 3883 numquid
2620 3816 2785 3877 enim,
2821 3825 2880 3867 ut
2910 3825 2961 3867 te
2995 3815 3273 3878 constitui,
3309 3816 3475 3868 alium
3501 3816 3642 3883 puri-

2054 3916 2137 3960 ter
2186 3906 2568 3974 imperatorem
2616 3908 2837 3961 ercandi
2891 3908 3021 3960 mihi
3072 3917 3312 3977 potestas
3356 3907 3487 3962 est?
3520 3906 3643 3962 llaec

2053 4000 2241 4054 dicens
2266 4000 2345 4052 ira
2370 3999 2571 4054 sensim
2599 3999 2651 4052 in
2678 3998 2939 4053 Basilium
2968 4000 3376 4054 exardescehat.
3408 4000 3642 4054 Eudocia

2053 4109 2181 4148 vero
2213 4095 2523 4164 lacrymans
2554 4094 2874 4161 imperatori
2908 4093 3042 4148 dicit
3076 4112 3089 4146 :
3131 4094 3350 4162 Imperii
3383 4094 3642 4163 dignitas,

2053 4184 2273 4238 domine
2304 4184 2397 4248 mi,
2434 4194 2697 4253 przestans
2720 4194 2824 4244 est,
2851 4194 2904 4238 et
2933 4200 2994 4237 ea
3023 4200 3120 4239 uos
3150 4184 3355 4254 indigni
3389 4185 3639 4237 honorati

2055 4292 2247 4332 sumus
2273 4294 2285 4329 :
2312 4292 2487 4345 neque
2506 4277 2650 4329 illam
2678 4277 3246 4345 contemnerejustum
3271 4285 3373 4329 est.
3402 4275 3645 4346 Respon-

2054 4370 2131 4424 dit
2162 4371 2456 4438 imperator
2485 4376 2497 4422 ὲ
2531 4368 2605 4423 Ne
2625 4386 2786 4438 super
2812 4370 2915 4424 hoc
2946 4352 3199 4429 tristeris,
3226 4370 3641 4424 Basiliseianum

2056 4462 2121 4514 ad
2150 4461 2437 4528 imperium
2472 4476 2795 4529 promerere
2826 4463 3041 4516 animus
3064 4471 3166 4515 est.
3204 4464 3374 4519 Porro
3406 4461 3644 4517 Basilius

2058 4553 2136 4606 ira
2182 4563 2235 4605 et
2289 4568 2525 4607 maerore
2569 4569 2764 4621 magno
2820 4555 3119 4608 tenebatur.
3182 4554 3416 4623 Egresso
3462 4564 3643 4608 autem

2058 4645 2370 4714 imperatori
2410 4646 2473 4716 ad
2506 4647 2835 4710 venandum,
2879 4655 3180 4700 monachus
3217 4647 3441 4715 quidam
3476 4648 3643 4700 char-

2060 4746 2173 4798 tam
2201 4752 2305 4806 qua
2351 4738 2561 4792 insidiae
2593 4753 2621 4791 a
2669 4738 2868 4791 Basilio
2911 4747 3115 4803 parata:
3150 4738 3437 4807 descripta!
3488 4747 3647 4792 erant

384 4827 531 4899 [σίω-
566 4826 894 4897 μηνύθνταὶο
936 4829 999 4878 Ὃ
1034 4828 1300 4893 ἀναγνοὺς
1334 4829 1427 4877 καί
1458 4824 1733 4893 θυμωθεὶς
1757 4823 1957 4893 μελετίῖἰ
1992 4865 2034 4919 D
2062 4838 2143 4883 ira

1879 4823 1957 4893 ιτᾷ
1992 4865 2034 4919 D
2062 4830 2303 4885 tradidit.
2341 4830 2412 4884 Ea
2447 4831 2605 4890 lecta.
2636 4841 2689 4885 et
2712 4833 2763 4884 in
2786 4832 3026 4885 fin-orem
3060 4848 3268 4896 versus,
3296 4832 3346 4885 in
3385 4831 3641 4886 Basilium

381 4919 522 4970 κατά
555 4918 855 4971 Βασιλείου.
897 4918 1008 4985 Τῆς
1028 4918 1082 4969 δὲ
1127 4918 1332 4987 μητρὸς
1356 4916 1520 4970 αὑτοῦ
1553 4914 1835 4984 Θεοδώρας
1860 4932 1956 4965 κα-

383 5011 617 5078 λεσάσης
665 5008 1011 5078 τὸνβασιλέα
1062 5012 1143 5071 εἰς
1191 5010 1259 5061 τά
1297 5008 1601 5077 Ἀνθεμίου,
1633 5006 1952 5059 ἀπέστειλεν

383 5103 474 5153 τὴν
506 5103 816 5153 Ῥεντάκιον
843 5103 932 5153 τὸν
960 5101 1461 5171 πρωτοϐεστιάριον
1494 5100 1658 5154 αὑτοῦ
1690 5101 1826 5171 μετὰ
1861 5102 1957 5153 καὶ

386 5196 589 5264 ἐτέρων
629 5194 934 5265 ἀνθρώπων
963 5195 1179 5247 οίκείων
1215 5194 1403 5259 αὐτοῦ,
1443 5196 1578 5263 πρὸς
1604 5196 1663 5247 τὸ
1693 5193 1957 5265 θηρεῦσαί

386 5303 459 5349 τι,
489 5288 581 5339 καὶ
606 5287 923 5341 ἀποστεῖλαι
961 5291 1027 5357 τῇ
1053 5287 1223 5356 μητρὶ
1273 5286 1456 5340 αὑτοῦ.
1502 5288 1558 5339 '0
1583 5286 1639 5338 δὲ
1681 5286 1958 5349 Βασίλειος

2063 4921 2430 4975 machinatur.
2474 4921 2641 4976 Matre
2690 4932 2870 4976 autem
2914 4921 3199 4977 Theodora
3260 4923 3645 4991 imperatorem

2065 5012 2132 5066 ad
2176 5013 2448 5067 Anthemii
2481 5014 2622 5069 aedes
2667 5015 2989 5078 alvocante,
3030 5012 3349 5068 Rentacium
3389 5024 3650 5082 protere-

2064 5103 2310 5158 Stiarium
2361 5119 2488 5158 cum
2542 5106 2859 5160 domesticis
2904 5107 3045 5167 aliis,
3083 5115 3141 5159 ut
3190 5116 3539 5165 venarentur.
3593 5115 3647 5159 et

2067 5195 2184 5264 ipse
2208 5198 2368 5251 matri
2398 5199 2641 5265 oﬂ’erret,
2679 5200 2847 5254 misit.
2883 5199 3115 5255 Basilius
3153 5207 3333 5253 autem
3378 5199 3647 5253 adversus

2065 5286 2387 5344 Michaelem
2434 5290 2651 5346 facinus
2692 5293 2957 5355 strucbat,
2992 5302 3045 5346 et
3090 5291 3362 5361 profundo
3411 5304 3653 5346 maerore

1551 5424 1798 5481 FBANC.
1834 5425 2220 5486 COMBEFISII
2262 5432 2492 5487 NOTAE.

463 5538 571 5603 (ιῖ)
634 5538 820 5593 Valens
876 5556 1026 5594 sacco
1088 5542 1336 5596 indutum
1382 5542 1715 5607 producere;
1766 5544 1954 5598 tunica

392 5611 603 5681 scilicet
636 5608 927 5681 imperiali,
962 5612 1038 5665 uti
1078 5615 1241 5669 etiam
1282 5610 1488 5667 Janues
1520 5628 1644 5665 eum
1680 5615 1955 5681 archiepi-

394 5680 604 5753 scopali
664 5680 839 5753 pallio
869 5684 1078 5753 tumulo
1104 5687 1333 5738 eductus
1374 5694 1474 5747 εει,
1522 5681 1639 5752 ἅμα
1689 5683 1767 5753 τῷ
1805 5680 1955 5751 ὠμο-

394 5749 569 5820 φορίῳ
589 5766 602 5779 ·
641 5761 698 5802 ut
726 5751 812 5805 his
833 5752 884 5805 in
905 5752 1064 5808 Circo
1093 5755 1321 5809 solemni
1357 5754 1460 5807 ritu
1492 5749 1656 5806 exuta
1689 5749 1957 5809 cadavera

397 5820 734 5891 vapularent,
764 5837 829 5876 ac
855 5831 966 5877 tum
985 5837 1377 5891 cremarentur,
1404 5824 1480 5880 uti
1510 5822 1711 5879 factum
1737 5832 1840 5881 est.

2126 5550 2235 5619 (15)
2274 5548 2414 5611 Lege
2434 5550 2793 5620 Δεκεμϐρίου,
2821 5552 2993 5620 prium
3018 5550 3101 5604 die
3128 5546 3432 5620 Decembris
3455 5561 3474 5599 :
3506 5545 3645 5599 male

2056 5622 2225 5689 μηνὸς
2256 5622 2544 5691 τετάρτου,
2580 5618 2996 5691 αρίῖαιιειιιὶυιιε
3025 5621 3205 5673 oculis
3238 5638 3249 5671 :
3284 5618 3376 5687 qui
3412 5625 3467 5691 et.
3487 5629 3643 5691 com-

2057 5686 2175 5761 ptiti‘
2205 5686 2404 5745 modus
2434 5708 2595 5761 quam
2647 5690 2893 5747 Hehrreis
2930 5691 3240 5752 familiaris,
3279 5686 3388 5742 tam
3428 5686 3642 5741 Gracia

2060 5764 2302 5818 insolens
2333 5763 2568 5819 exsistit.
