4462 6446
395 408 526 476 1101

1678 409 2033 470 CHRONOG
2045 411 2353 471 RAPHIA.

3526 411 3665 476 “02

389 517 447 572 ξὲ
480 520 527 571 οἱ
556 517 814 591 Τοῦρκοι,
861 516 952 570 τοῦ
983 515 1210 587 Συμεὼν
1235 517 1330 571 ἐπὶ
1362 517 1424 570 τὸ
1458 517 1773 588 στράτευμα
1805 520 1972 572 Φωκᾶ
2007 524 2049 578 Α
2078 535 2151 574 cel

1899 521 1972 572 κᾶ
2007 524 2049 578 Α
2078 531 2357 575 certamen
2387 522 2600 586 ineunt,
2629 521 2854 592 ipseque
2881 520 3101 578 Simeon
3129 523 3180 576 in
3201 522 3382 596 fugam
3407 527 3661 595 vertitur,

392 609 828 680 ἀσχολουμένου,
877 608 1311 679 ᾑχμαλώτευσαν
1356 611 1540 662 πᾶσαν
1583 611 1681 681 τὴν
1731 610 1970 679 Βουλγα-

398 705 536 776 ρίαν.
603 703 788 757 Ταῦτα
841 703 1032 772 μαθὼν
1094 702 1322 772 Συμεὼν
1381 705 1613 757 κινεῖται
1667 704 1810 756 κατὰ
1863 705 1972 756 τῶν

397 798 676 869 Τούρκων.
727 799 790 851 Oi
823 798 878 851 δὲ
917 799 1380 868 ἀπιπεράσαντες
1413 798 1782 868 συμϐάλλουσι
1813 797 1972 851 πόλε-

400 909 499 964 μον
551 891 694 945 κατὰ
743 879 1094 960 Βουλγάρων,
1147 892 1241 944 καὶ
1270 890 1533 961 τρέπεται
1561 889 1786 961 Συμεὼν
1820 890 1974 955 μόλις

395 983 682 1047 διασωθεὶς
744 986 802 1037 ἐν
851 987 916 1054 τῇ
952 984 1176 1055 Δίστρα.
1233 984 1295 1036 Οἱ
1330 983 1388 1037 δὲ
1424 984 1664 1053 Τοῦρκοι
1702 985 1976 1055 ᾐτήσαντο

400 1075 624 1146 βασιλέα
659 1074 978 1128 ἀποστεῖλαι
1014 1075 1109 1127 καὶ
1141 1074 1414 1145 ἀγοράσαι
1442 1075 1540 1146 τὴν
1597 1076 1976 1145 αἰχμαλωσίαν

397 1167 506 1218 τῶν
544 1166 907 1236 Βουλγάρων’
963 1165 990 1218 ὃ
1017 1166 1081 1236 δή
1132 1166 1226 1218 καὶ
1267 1168 1570 1236 πεποίηκεν
1626 1168 1656 1219 ὁ
1700 1166 1975 1236 βασιλεὺς,

397 1257 526 1321 τοὺς
559 1257 783 1320 πολίτας
810 1258 1137 1320 ἀποστείλας
1163 1258 1256 1310 τοῦ
1282 1259 1552 1330 ἀγοράσαι
1577 1259 1792 1322 αὐτούς.
1831 1259 1888 1312 Ὀ
1922 1259 1976 1312 δὲ

401 1349 630 1420 Συμεὼν
659 1350 726 1402 δι’
755 1350 1057 1402 Εὑσταθίου
1105 1350 1471 1422 δρουγγαρίου
1518 1349 1715 1420 ἐδεήθη
1742 1351 1810 1403 τὰ
1853 1351 1979 1420 περὶ

398 1443 497 1512 τῆς
551 1444 792 1512 εἰρήνης,
826 1443 960 1512 πρὸς
1005 1443 1071 1511 ἢν
1100 1442 1319 1505 ὑπεῖξεν
1353 1445 1380 1494 6
1425 1441 1712 1512 βασιλεύς’
1747 1443 1841 1495 καὶ
1871 1442 1978 1494 ἁπ-

399 1533 636 1586 έστειλεν
669 1534 761 1587 τὸν
797 1535 1001 1586 Λέοντα
1030 1535 1121 1588 τὸν
1166 1534 1587 1605 Χοιροσφάκτην
1623 1534 1757 1604 πρὸς
1787 1534 1847 1586 τὸ
1885 1551 1978 1602 γε·

400 1623 586 1677 νέσθαι
616 1627 859 1695 εἰρήνην.
894 1626 1142 1692 Ἐδέξατο
1164 1627 1478 1696 Νικηφόρος
1511 1628 1620 1698 (67)
1643 1627 1981 1696 ὑποστρέψαι

403 1715 542 1784 μετὰ
569 1716 661 1768 τοῦ
700 1717 851 1780 λαοῦ,
876 1717 968 1769 καὶ
989 1721 1015 1770 ὁ
1045 1717 1406 1788 δρουγγάριος
1434 1718 1738 1781 Εὑστάθιος
1757 1720 1978 1788 ὁμοίως.

399 1808 604 1862 Λέοντα
637 1811 693 1863 δὲ
727 1810 849 1863 οὐδὲ
895 1809 1054 1877 λόγου
1095 1809 1328 1880 ἠξίωσεν
1360 1810 1621 1879 Συμεὼν,
1661 1810 1776 1864 ἀλλ’
1805 1813 1981 1881 ἠσφα-

399 1901 590 1956 λίσατο
639 1905 698 1955 ἐν
752 1905 969 1974 εἱρκτῇ.
1041 1904 1481 1974 Ἐκστρατεύσας
1547 1904 1606 1957 δὲ
1676 1907 1817 1958 κατὰ
1872 1906 1981 1958 τῶν

402 1994 661 2066 Τούρκων
723 1997 950 2048 ἐκείνων
996 1995 1266 2067 ὀχύρωμα
1316 1997 1569 2068 βοηθείας
1624 1998 1700 2067 μὴ
1749 1999 1980 2069 ἐχόντων

402 2087 554 2155 παρὰ
597 2085 906 2154 Ῥωμαίων,
930 2087 1046 2148 ἀλλ’
1075 2089 1434 2158 ἁπρονοήτων
1466 2088 1758 2152 ἐαθέντων,
1776 2091 1982 2154 πάντας

401 2177 766 2245 κατέσφαξεν,
805 2178 1052 2248 αὐξήσας
1093 2180 1191 2250 τήν
1228 2176 1637 2250 μεγαλοψυχίαν
1661 2180 1850 2243 αὑτοῦ,
1888 2182 1983 2234 καὶ

405 2271 748 2340 ὑποστρέψας
779 2266 941 2340 εὗρεν
972 2273 1182 2325 Λέοντα
1210 2276 1267 2326 ἐν
1313 2277 1377 2344 τῇ
1410 2273 1756 2345 Μουλδὰγρᾳ,
1789 2273 1883 2327 καὶ
1907 2270 1984 2327 εἴ·

404 2379 504 2414 πεν
538 2363 672 2432 πρὸς
703 2364 895 2415 αὐτόν·
955 2365 1029 2417 Οὐ
1087 2366 1225 2418 ποιῶ
1282 2366 1528 2436 εἰρήνην,
1561 2366 1655 2419 ἐὰν
1689 2367 1763 2436 μὴ
1802 2369 1983 2420 πᾶσαν

401 2459 502 2525 τὴν
534 2456 916 2526 αἰχμαλωσίαν
965 2456 1134 2511 λάϐω.
1170 2459 1473 2529 Διωρίσατο
1505 2456 1598 2513 οὖν
1647 2463 1674 2513 6
1727 2459 1982 2530 βασιλεὺς

403 2554 607 2620 ταύτην
638 2553 952 2606 ἀποδοῦναι.
1007 2555 1117 2607 Καὶ
1148 2549 1315 2624 ἦλθεν
1343 2554 1481 2622 μετὰ
1511 2554 1741 2616 Λέοντος
1780 2554 1982 2606 Θεόδω-

405 2663 499 2716 ρος
528 2644 836 2714 Βούλγαρος
863 2647 1060 2708 οἰκεῖος
1092 2646 1188 2698 τοῦ
1230 2645 1478 2716 Συμεὼν,
1522 2647 1617 2698 καὶ
1673 2646 1980 2716 παρέλαϐεν

405 2738 620 2802 αὐτούς.
653 2739 968 2808 Νικηφόρου
997 2740 1051 2792 δὲ
1083 2739 1178 2792 τοῦ
1213 2741 1378 2793 Φωκᾶ
1404 2739 1830 2807 τελευτήσαντος
1871 2741 1979 2807 ὰφ-

404 2832 581 2901 ορμὰς
637 2833 820 2902 ἐζήτει
853 2833 1079 2902 Συμεὼν
1108 2833 1203 2886 τοῦ
1257 2834 1486 2904 εἰρήνην
1516 2831 1784 2886 διαλῦσαι.
1830 2833 1981 2885 Ἐπι-

407 2923 586 2993 ζητὼν
624 2924 730 2994 γὰρ
764 2924 954 2986 ἄλλους
982 2924 1362 2994 αἰχμαλώτους
1407 2925 1625 2996 ἔρχεται
1661 2924 1804 2977 κατὰ
1844 2926 1981 2976 Ῥω·-

409 3015 605 3082 μαίων.
633 3016 785 3068 Λέων
815 3016 872 3069 δὲ
896 3016 924 3067 ὁ
966 3015 1222 3086 βασιλεὺς
1254 3016 1575 3086 δομέστικον
1616 3015 1724 3068 τῶν
1771 3015 1978 3085 σχολῶν

407 3106 772 3177 προϐάλλεται
803 3108 1010 3160 Λέοντα
1040 3108 1129 3162 τὸν
1161 3108 1506 3162 Κατακαλὼν
1549 3111 1605 3162 ἐν
1652 3111 1718 3178 τῇ
1775 3108 1978 3176 Ῥάϐεῳ

2078 613 2167 665 vix
2202 613 2397 668 Distra:
2425 626 2678 684 receptus
2707 615 3025 670 incolumis.
3065 615 3227 672 Turei
3258 628 3439 673 autem
3486 621 3660 689 petie-

2077 714 2205 758 runt
2236 705 2304 765 ab
2333 705 2678 774 imperatore,
2715 715 2773 760 ut
2825 708 3071 777 captivos
3102 709 3362 779 Bulgaros
3410 723 3617 767 emeret
3644 728 3658 766 :

2078 798 2223 866 quod
2260 805 2315 850 et
2365 796 2514 860 fecit,
2544 801 2731 854 missis
2779 815 2844 853 ex
2877 801 3012 854 urbe
3047 801 3259 856 civibus
3290 805 3382 871 qui
3417 805 3654 874 pretium

2079 889 2461 959 rependerem.
2497 890 2718 945 Simeon
2786 892 3055 947 Eustathii
3114 894 3397 964 drungarii
3457 913 3558 967 ope
3591 898 3662 954 de

2079 997 2213 1052 pace
2253 997 2568 1043 sermonem
2602 987 2910 1053 proposuit,
2951 987 3040 1041 cui
3087 1002 3146 1042 se
3180 987 3394 1042 facilem
3432 990 3664 1057 prmbuit

2081 1074 2419 1143 imperator:
2449 1076 2740 1145 eidemque
2791 1079 3184 1146 componendae
3217 1078 3456 1134 Leonem
3485 1082 3657 1138 Chas-

2018 1241 2022 1244 Ι
2080 1175 2411 1241 rosphacten
2472 1173 2786 1226 destinavit.
2839 1172 3183 1242 Nicephorus
3228 1190 3354 1230 eum
3418 1179 3664 1234 exercitu

2082 1265 2261 1319 redite
2289 1265 2341 1317 in
2369 1264 2614 1317 animum
2647 1266 2886 1328 induxit,
2916 1275 2971 1319 et
2994 1265 3311 1322 Eustathius
3332 1268 3666 1340 drungarius

2083 1357 2302 1427 pariter.
2339 1355 2572 1410 Leonem
2610 1373 2734 1410 vero
2765 1373 2940 1426 neque
2974 1358 3042 1412 ad
3083 1358 3420 1429 colloquium
3466 1362 3667 1416 admit-

2084 1460 2198 1504 tere
2228 1449 2485 1518 diguatus
2516 1461 2600 1504 est
2627 1451 2871 1516 Simeon,
2914 1453 3025 1504 imo
3060 1452 3161 1506 sub
3187 1453 3436 1508 custodia
3468 1455 3666 1511 tenuit.

2085 1539 2445 1609 Expeditione
2485 1541 2682 1595 deinde
2726 1541 2992 1597 adversus
3025 1540 3238 1598 Turcos
3290 1553 3502 1613 parata,
3532 1546 3668 1609 illis:-

2083 1644 2190 1698 qne
2221 1645 2251 1683 a
2286 1630 2548 1684 Romanis
2578 1630 2841 1684 auxilium
2873 1643 2927 1686 et
2961 1633 3274 1701 praesidium
3317 1650 3427 1688 non
3463 1635 3669 1690 haben-

2085 1721 2256 1785 tibus,
2300 1721 2412 1774 imo
2445 1720 2572 1774 belli
2608 1733 2874 1792 apparatu
2911 1733 2966 1777 et
2999 1718 3300 1780 'armorum
3356 1727 3670 1796 provisione

2085 1813 2382 1877 destitutis,
2406 1822 2634 1868 cunctos
2667 1815 2867 1870 inﬂatis
2890 1818 3088 1870 animis
3111 1817 3388 1887 jngnlavit
3421 1816 3665 1881 Simeon,

2086 1914 2141 1960 et
2195 1920 2467 1969 reversus,
2502 1922 2623 1960 cum
2657 1905 2894 1961 Leonem
2944 1909 2996 1962 in
3032 1909 3312 1980 Muldagra
3353 1911 3665 1980 rcperisset,

2085 2001 2224 2056 dixit
2287 2002 2353 2056 ad
2391 2017 2516 2055 eum
2546 2021 2560 2055 :
2595 2001 2877 2072 Nusquam
2916 2018 3105 2072 pacem
3166 2018 3520 2072 componam,
3559 2003 3667 2059 nisi

2085 2093 2336 2159 captivos
2363 2109 2555 2147 omnes
2588 2109 2870 2163 recepero.
2904 2093 3204 2162 lmperater
3229 2095 3519 2149 restituere
3543 2110 3669 2165 pro-

2085 2185 2306 2253 posuit:
2345 2185 2602 2253 venitque
2631 2199 2756 2238 cum
2805 2184 2988 2238 Leone
3019 2183 3342 2239 Theodorus
3373 2183 3665 2256 Bulgarus.

2089 2273 2366 2329 Simeonis
2396 2275 2754 2339 domesticus,
2796 2276 2888 2344 qui
2921 2291 3019 2330 eos
3055 2277 3280 2345 recepit.
3334 2274 3542 2330 Exinde
3575 2274 3670 2330 Ni-

2083 2363 2320 2432 cephoro
2345 2362 2528 2417 Phoca
2551 2375 2724 2418 morte
2761 2364 2998 2428 sublato,
3025 2362 3246 2418 Simeon
3280 2364 3670 2434 abrumpendae

2086 2459 2236 2527 pacis
2269 2459 2548 2526 quaerebat
2571 2458 2916 2523 occasiones,
2954 2467 3012 2512 et
3045 2458 3172 2512 aliis
3192 2457 3432 2528 captivis
3460 2460 3670 2527 expeti-

2083 2549 2176 2614 tis,
2203 2549 2467 2604 adversus
2504 2547 2787 2604 Romanos
2838 2550 3029 2604 movit.
3070 2549 3344 2604 LCO.\'et‘0
3369 2549 3672 2618 imperator

2085 2642 2321 2698 Leonem
2349 2644 2667 2699 Catacalum
2715 2645 2783 2698 ad
2841 2643 3090 2698 ltabdum
3127 2644 3272 2699 aedes
3303 2659 3432 2699 suas
3460 2643 3666 2698 haben-

2083 2745 2188 2790 tem
2227 2735 2546 2789 scholarum
2590 2736 2952 2790 domesticum
2986 2746 3154 2799 creat,
3178 2745 3235 2789 et
3265 2751 3390 2788 una
3426 2750 3552 2790 cum
3600 2749 3668 2788 eo

2081 2825 2446 2882 Theodosium
2475 2830 2765 2897 patricium
2793 2838 2846 2881 et
2867 2827 3346 2898 protovestiarium
3364 2827 3552 2891 mittit,
3572 2813 3668 2897 qui

2083 2919 2245 2972 simul
2272 2917 2448 2986 juncti
2481 2933 2695 2983 omnes,
2741 2919 2986 2989 legiones
3017 2928 3072 2973 et
3110 2919 3303 2986 copias
3328 2919 3524 2987 jubent
3555 2926 3671 2972 tra—

2078 3010 2287 3077 jicere:
2323 3024 2614 3080 pugnaque
2649 3025 2774 3064 cum
2811 3009 3069 3063 Simeone
3093 3009 3158 3064 ad
3187 3007 3668 3079 Bulgarolvhygum

2085 3102 2240 3164 inita,
2277 3100 2400 3170 fuga
2435 3101 2685 3154 omnium
2721 3099 2862 3154 facta
2905 3110 2990 3154 est
3039 3100 3336 3164 horrenda,
3369 3114 3670 3168 omnesque

406 3198 506 3264 τὴν
535 3196 748 3268 οἴκησιν
777 3197 992 3267 ἔχοντα,
1028 3198 1123 3251 καὶ
1153 3197 1269 3267 μετ’
1301 3197 1468 3252 αὐτοῦ
1494 3199 1814 3252 ἀποστέλλει
1844 3198 1977 3252 Geo-
2010 3239 2052 3295 C
2087 3191 2168 3244 del

1907 3216 1977 3250 εο-
2010 3239 2052 3295 C
2087 3191 2247 3244 deleti
2285 3201 2450 3245 sunt:
2483 3190 2627 3243 inter
2655 3204 2796 3258 quos
2824 3187 3091 3258 patricius
3130 3185 3476 3242 Theodosius
3503 3188 3669 3254 cujus

407 3289 584 3342 δόσιον
613 3288 898 3360 πατρίκιον
925 3289 1021 3344 καὶ
1061 3288 1584 3362 πρωτοϐεστιάριον,
1617 3291 1712 3343 καὶ
1742 3290 1982 3361 περῶσιν

407 3381 506 3433 ὅλα
554 3380 622 3433 τὰ
667 3381 878 3450 θέματα
938 3381 1032 3435 καὶ
1070 3382 1138 3436 τὰ
1172 3382 1452 3452 τάγματα.
1515 3382 1628 3435 Καὶ
1685 3382 1985 3452 γενομένης

411 3472 686 3543 συμϐολῆς
736 3472 875 3541 μετὰ
917 3472 1143 3542 Συμεὼν
1171 3475 1252 3537 εἰς
1281 3473 1341 3526 τὸ
1375 3472 1833 3544 Βουλγαρόφυγον
1867 3473 1986 3541 ἐγέ-

411 3581 532 3616 νετο
573 3562 750 3633 τροπή
779 3562 1039 3633 δημοσία,
1085 3565 1182 3617 καὶ
1225 3564 1428 3627 πάντες
1459 3562 1762 3630 ἀπώλοντο,
1809 3565 1904 3617 καὶ
1958 3567 1986 3618 6

412 3655 696 3726 πατρίκιος
732 3655 1044 3721 Θεοδόσιος,
1089 3655 1156 3706 δι’
1187 3654 1246 3707 ὃν
1290 3657 1318 3708 6
1349 3653 1606 3724 βασιλεὺς
1649 3655 1711 3707 οὐ
1738 3655 1986 3725 μετρίως

411 3749 626 3818 ᾗνιάθη.
670 3748 790 3800 Ἐπὶ
821 3746 1012 3800 τούτου
1052 3745 1292 3814 ἔσφαξαν
1319 3749 1414 3800 καὶ
1441 3747 1499 3800 ἐν
1522 3745 1777 3815 Χερσῶνι
1809 3747 1857 3798 οἱ
1892 3745 1986 3798 τοῦ

413 3838 650 3909 κάστρου
695 3838 788 3890 τὸν
850 3838 1157 3908 στρατηγὸν
1209 3837 1390 3891 αὐτῶν
1432 3837 1700 3907 Συμεῶνα
1751 3836 1842 3889 τὸν
1875 3836 1988 3890 υἱὸν

424 3929 611 3982 Ἰωνᾶ·
648 3923 975 3998 παρελήφθη
1031 3928 1128 3980 καὶ
1181 3927 1243 3979 τὸ
1296 3909 1535 3995 κάστρον
1590 3926 1652 3977 τὸ
1701 3925 1878 3995 Κὸρον
1930 3926 1988 3976 ἐν

413 4019 780 4088 Καππαδοκία
809 4018 915 4070 ὑπὸ
948 4018 1056 4070 τῶν
1100 4017 1440 4088 Ἀγαρηνῶν.
1489 4016 1547 4069 '0
1580 4016 1639 4070 δὲ
1686 4016 1989 4086 πρόκενσον

413 4108 668 4178 ἐποίησεν
708 4112 788 4170 εἰς
836 4109 907 4162 τὰ
941 4108 1250 4179 Δαμιανοῦ,
1306 4108 1555 4171 συνόντος
1604 4109 1699 4162 καὶ
1745 4107 1990 4172 Ζαούτζα

412 4197 508 4250 τοῦ
543 4199 1113 4266 παραδυναστεύοντος
1137 4198 1247 4270 (68)
1281 4199 1376 4252 καὶ
1401 4199 1499 4268 τῆς
1523 4198 1796 4268 θυγατρὸς
1820 4198 1986 4252 αὑτοῦ

417 4293 567 4362 Ζωῆς
600 4293 714 4361 ἆμσι
745 4292 822 4360 τῷ
848 4291 1084 4362 βασιλεῖ.
1119 4291 1383 4359 Θεοφανὼ
1410 4290 1466 4343 δὲ
1498 4292 1530 4360 ή
1562 4291 1779 4360 γαμετὴ
1822 4288 1987 4342 αὐτοῦ

415 4385 476 4436 οὐ
505 4386 683 4455 παρῆν
709 4385 907 4448 ἐκεῖσε,
929 4384 1045 4436 ἀλλ’
1065 4386 1120 4436 ἐν
1145 4383 1480 4453 Βλαχέρναις
1510 4384 1572 4435 ἐν
1598 4387 1662 4456 τῇ
1687 4383 1821 4452 ἁγίᾳ.
1844 4383 1989 4454 σορῷ

418 4474 848 4544 προσεκαρτέρει
873 4474 1164 4544 εὐχομένη.
1198 4474 1461 4539 Δόξαντος
1488 4469 1580 4527 οὖν
1603 4474 1699 4527 τοῦ
1718 4472 1988 4540 βασιλέως

2086 3299 2249 3338 causa
2282 3300 2391 3336 non
2439 3283 2650 3337 modice
2676 3282 2850 3335 doluit
2891 3281 3208 3350 imperator.
3242 3278 3374 3348 Ejus
3426 3288 3670 3349 tempore

2085 3377 2249 3430 castri
2273 3376 2570 3431 Chersonis
2594 3375 2782 3429 incola!
2805 3375 2999 3429 ducem
3037 3375 3317 3443 praprium
3355 3372 3668 3427 Simeonem

2086 3467 2240 3522 Jonas
2281 3467 2454 3521 {illum
2496 3467 2930 3521 interemerunt:
2963 3475 3205 3519 castrum
3256 3463 3425 3518 etiam
3457 3462 3666 3517 Corum

2088 3561 2142 3614 in
2173 3560 2523 3630 Cappadocia
2569 3561 2636 3614 ab
2669 3560 2933 3629 Agareuis
2969 3569 3190 3628 captum
3227 3567 3330 3612 est,
3365 3556 3538 3612 Porro
3577 3572 3670 3612 ce-

2087 3652 2289 3707 lebrem
2327 3666 2645 3720 processum
2702 3650 2768 3704 ad
2804 3650 3052 3704 Damiani
3082 3654 3226 3705 {edes
3269 3650 3468 3704 habuit
3497 3649 3672 3719 impe-

2089 3755 2259 3808 rator,
2293 3743 2499 3797 Zautza
2532 3743 2850 3806 comitante,
2903 3751 2958 3795 et
2995 3756 3306 3810 supremam
3359 3746 3486 3808 post
3539 3753 3667 3792 eum

2089 3844 2411 3905 potestatem
2459 3844 2770 3897 exercente,
2807 3845 2860 3888 et
2901 3833 3008 3888 Zoe
3051 3833 3253 3902 pariter
3277 3833 3394 3900 ejus
3423 3831 3530 3884 lilia
3577 3846 3671 3884 so-

2091 3928 2389 3982 lemnitatis
2438 3927 2611 3981 socia.
2667 3926 3006 3995 TheOphano
3059 3939 3191 3978 vero
3249 3925 3372 3992 ejus
3428 3922 3668 3992 legitima

2091 4020 2291 4089 conjux
2326 4035 2433 4072 non
2469 4019 2678 4082 aderat,
2712 4022 2804 4072 sed
2839 4018 2894 4070 in
2945 4016 3264 4070 lllachernis
3295 4015 3361 4069 ad
3415 4023 3666 4068 sanctum

2091 4112 2404 4182 sepulcrum
2466 4109 2708 4164 assiduis
2746 4108 3090 4162 orationibus
3124 4106 3378 4160 vacabat.
3433 4105 3671 4174 Impera-

2091 4215 2209 4260 tore
2244 4204 2410 4272 igitur
2466 4218 2678 4257 moram
2736 4201 2812 4255 ibi
2869 4215 3032 4270 agere
3065 4199 3346 4263 meditato,
3380 4198 3670 4262 consilium

2093 4297 2260 4351 iniere
2283 4293 2502 4349 Zautzae
2529 4293 2926 4362 consanguinei
2956 4301 3010 4346 et
3041 4290 3186 4346 [ilius
3205 4291 3326 4359 ejus
3381 4289 3668 4353 Tzantzes,

2093 4405 2192 4444 nec
2221 4403 2330 4442 non
2361 4387 2474 4451 alii,
2509 4397 2568 4440 ut
2601 4387 2985 4455 imperatorem
3020 4393 3177 4437 nocte
3203 4381 3536 4436 occiderent.
3559 4380 3671 4435 Zoe

2093 4496 2223 4536 vero
2261 4496 2386 4535 cum
2425 4481 2753 4549 imperatore
2805 4478 3106 4540 dormiens,
3142 4475 3331 4528 audito
3388 4488 3671 4528 murmure

419 4569 598 4636 μεῖναι
627 4567 804 4618 ἐκεῖσε
841 4565 1169 4635 συμϐούλιον
1199 4565 1526 4635 ποιήσαντες
1550 4567 1597 4618 οἰ
1621 4567 1712 4619 τοῦ
1739 4568 1988 4631 Ζαούτζα
2021 4583 2065 4636 ι)
2097 4586 2181 4639 pet

1908 4568 1988 4631 τζα
2021 4583 2065 4636 ι)
2097 4585 2190 4639 per
2248 4568 2544 4625 fenestram
2607 4567 2972 4636 prospiciens,
3007 4566 3284 4620 silentium
3332 4562 3670 4632 imponebat.

417 4663 720 4726 συγγενεῖς,
751 4661 777 4712 ὄ
815 4677 873 4712 τε
908 4659 1019 4722 υίὸς
1045 4658 1210 4712 αὑτοῦ
1231 4661 1260 4712 6
1290 4658 1570 4730 Τζάντζης
1602 4660 1697 4712 καὶ⁵
1730 4661 1780 4712 οἱ
1809 4662 1987 4714 λοιποὶ

417 4753 698 4806 ἐδούλοντο
730 4755 794 4824 τῇ
829 4754 985 4806 νυκτὶ
1012 4751 1271 4820 φονεῦσαι
1302 4753 1392 4805 τὸν
1418 4751 1660 4822 βασιλέα.
1697 4753 1760 4806 Ἠ
1784 4754 1838 4805 δὲ
1865 4755 1986 4824 Ζωή

419 4845 558 4914 μετὰ
587 4843 680 4896 τοῦ
742 4844 1014 4914 βασιλέως
1071 4843 1427 4908 καθεύδουσα,
1493 4844 1587 4897 καὶ
1619 4843 1714 4914 τὴν
1741 4845 1987 4915 ταραχὴν

417 4935 722 4996 ἀκούσασα,
784 4936 872 4988 διὰ
899 4937 1009 5005 τῆς·
1054 4936 1266 5006 θυρίδος
1328 4935 1752 5008 προδλεῷαμένη
1791 4940 1988 5000 αὐτοὺς

417 5028 802 5096 κατεσίγησεν.
844 5027 932 5090 Ὠς
961 5026 1018 5078 δὲ
1062 5027 1122 5078 τὸ
1167 5027 1336 5078 δεινὸν
1372 5027 1514 5093 ἔγνω
1548 5028 1646 5097 τῆς
1697 5027 1989 5097 ἐπιϐουλῆς

418 5119 486 5190 ἢν
519 5120 876 5190 ἐμελέτησαν,
907 5118 1193 5182 ἐξύπνισεν
1224 5118 1314 5170 τὸν
1346 5117 1572 5186 βασιλέα
1593 5135 1605 5150 ’
1655 5119 1711 5180 ὃς
1743 5119 1986 5187 παρευθὺ

421 5210 678 5265 εἰσελθὼν
713 5213 792 5274 εἰς
828 5211 1009 5263 πλοῖον
1045 5210 1372 5278 διεπέρασεν
1426 5211 1505 5271 εἰς
1558 5209 1746 5278 Πηγὰς
1770 5249 1783 5272 ,
1824 5210 1987 5272 ἐάσας

422 5301 696 5365 Ζαοῦτζαν
731 5303 822 5354 καὶ
857 5303 1061 5363 πάντας
1093 5304 1290 5353 ἐκεῖσε.
1329 5301 1436 5352 Καὶ
1470 5300 1613 5368 πρωῒ
1658 5301 1843 5369 τάχιον
1877 5303 1990 5354 εἰσ-

421 5395 582 5464 ῆλθεν
606 5396 682 5458 εἰς
705 5395 766 5446 τὸ
796 5393 1057 5447 παλάτιον
1075 5391 1310 5457 ἐξεώσας
1350 5392 1603 5461 Ἰωάννην
1631 5392 1991 5463 δρουγγὰριον

2094 4661 2305 4715 Certior
2333 4672 2514 4715 autem
2543 4660 2767 4728 periculi
2794 4667 2848 4712 et
2875 4658 3203 4712 insidiarum
3237 4657 3402 4718 facta,
3437 4656 3674 4724 impera-

2096 4764 2266 4807 torem
2300 4750 2578 4815 excitavit,
2612 4753 2705 4822 qui
2733 4751 3022 4806 confestim
3058 4752 3332 4819 navigium
3367 4750 3671 4818 ingressus,

2095 4836 2296 4916 Zautza
2309 4855 2362 4899 et
2379 4825 2603 4915 reliquis
2619 4846 2878 4898 omnibus
2894 4845 2965 4897 ibi
2985 4843 3152 4914 479
3171 4843 3397 4906 relictis,
3415 4843 3480 4896 ad
3501 4841 3672 4910 Pegas

2098 4938 2329 5005 trajecit.
2363 4936 2477 4990 Sub
2504 4937 2806 4990 diluculum
2841 4936 3073 4990 festinus
3103 4935 3358 5004 palatium
3393 4935 3671 5004 ingressus

2097 5038 2204 5089 est,
2239 5037 2291 5080 et
2322 5024 2533 5082 Joanne
2565 5027 2921 5080 excubiarum
2955 5025 3252 5093 drungario
3303 5024 3499 5093 cjccto,
3527 5021 3670 5076 Pan-

2096 5121 2224 5173 dum
2253 5117 2461 5173 Nicolui
2491 5121 2859 5174 helmriarcha:
2885 5119 3053 5170 lilium
3081 5116 3314 5170 sull‘ecil.
3335 5116 3452 5184 Ipse
3472 5116 3674 5183 quippe

2095 5212 2349 5268 Nicotaus
2379 5214 2725 5283 imperatoris
2760 5214 3015 5266 amicitiae
3041 5225 3292 5274 consors,
3328 5225 3448 5279 quae
3482 5219 3672 5263 contra

2095 5321 2218 5359 eum
2250 5305 2483 5360 Zautzas
2511 5307 2942 5369 machinabatur,
2967 5305 3242 5374 patefecit.
3270 5305 3333 5359 Et
3361 5321 3424 5357 ex
3450 5319 3514 5356 eo
3541 5313 3671 5355 tem-

2096 5414 2230 5467 pore
2259 5414 2367 5451 non
2395 5399 2678 5468 ingressus
2710 5410 2793 5454 est
2836 5400 3131 5468 imperator
3165 5402 3218 5452 in
3263 5397 3479 5451 lautae
3516 5395 3672 5448 cubi-

1594 5507 1841 5563 FllANC.
1874 5510 2262 5568 COMBEFISII
2305 5513 2540 5569 NOT/E.

496 5631 605 5699 (67)
645 5628 709 5682 In
760 5630 1024 5683 mandatis
1074 5635 1404 5695 acceperunt,
1455 5635 1530 5684 ut.
1582 5633 1690 5677 etc.
1740 5625 1991 5678 Ἐκελεύ-

427 5703 653 5769 σθησαν,
702 5703 777 5753 ait
817 5705 1086 5770 AnOnyin.
1119 5699 1299 5753 Leone
1331 5699 1584 5770 nimirum
1621 5711 1806 5764 pacein
1837 5711 1990 5770 cotu-

425 5767 731 5841 ponendum
794 5767 1178 5844 exspectante,
1221 5771 1275 5824 in
1323 5784 1430 5838 quo
1477 5767 1627 5821 lusus
1673 5778 1756 5836 est
1817 5782 1845 5820 a
1893 5767 1993 5837 Sy"

423 5858 634 5898 meone.

2174 5630 2284 5697 (68)
2318 5629 2596 5700 Exposith
2619 5631 3223 5700 vocisﬁzailsoxétwp.
3252 5631 3342 5685 Sic
3364 5631 3665 5700 Anouyrntn

2103 5699 2259 5770 Εἶχεν
2293 5698 2412 5770 μεθ⁶
2455 5702 2649 5754 ἑαυτοῦ
2693 5698 2784 5754 καί
2822 5703 2915 5770 τήν
2948 5704 3101 5768 Ζωήν
3137 5698 3230 5772 τὴν
3285 5701 3376 5754 τοῦ
3427 5699 3670 5762 Ζσουτζιι

2103 5773 2402 5844 θυγατέρα,
2434 5777 2526 5826 καὶ
2559 5773 2718 5826 αὑτὸν
2755 5774 2844 5824 τὸν
2875 5773 3166 5834 Ζαιιῦτζαν.
