4462 6446
410 442 548 503 1109

1707 435 2391 500 CHRONOGRAPHIA.

3564 438 3701 504 1110

407 550 676 621 βασιλέως
729 550 1168 621 ἀπαναινομένου
1211 550 1319 622 ἔφη
1374 552 1403 604 ὁ
1434 552 1684 622 Μάρκος,
1736 552 1820 605 ὅτι
1853 552 1994 621 Προ-
2027 555 2072 614 Α
2102 550 2169 607 do

1939 570 1994 604 ο·
2027 555 2072 614 Α
2102 550 2352 617 domine,
2408 568 2705 623 passurum
2753 551 3075 624 praedictum
3117 562 3270 621 erat;
3312 556 3700 624 praenuntiam

407 641 798 714 γεγραμμένον
828 636 896 711 ἦν
929 642 1080 715 παρὰ
1111 642 1205 696 τοῦ
1254 645 1541 715 προφήτου
1570 643 1737 697 meta
1765 644 1860 698 τοῦ
1894 662 2002 698 πα-

407 735 523 789 θεῖν
553 754 613 790 σε
640 736 819 803 τοῦτο,
849 731 894 789 ὦ
925 736 1178 798 δέσποτα,
1218 735 1350 808 [add
1360 777 1374 792 .
1410 736 1533 809 mi}
1586 739 2002 809 προεφήτευσεν

407 824 619 882 εἰπών’
657 826 818 881 Ὅσα
870 826 1251 896 ἐπονηρεύθή
1280 832 1313 883 ὁ
1343 829 1561 898 ἐχθρὸς
1608 830 1679 883 ἐν
1727 829 1808 895 τῷ
1856 831 2003 899 ἁγίῳ

408 936 562 975 σουο
598 920 716 986 καὶ,
770 920 1310 988 Ἔνεκαυχήσαντο
1348 924 1404 976 οἱ
1451 923 1783 991 μισοῦντές
1814 938 1889 977 σε
1934 923 2004 977 ἐν

404 1013 574 1083 μέσῳ
600 1014 712 1081 τῆς
738 1012 949 1083 ἑορτῆς
968 1029 984 1046 ·
1020 1016 1115 1068 καὶ
1146 1015 1228 1068 δεῖ
1250 1032 1309 1068 σε
1336 1016 1446 1070 ἀπὸ
1466 1016 1562 1070 τοῦ
1591 1017 1706 1080 νῦν,
1739 1013 1783 1072 ὦ
1804 1019 2003 1073 δέσπο-

411 1125 502 1171 τα,
536 1110 810 1179 κρατῆσαι
838 1108 937 1179 τὴν
984 1108 1264 1178 βασιλείαν
1304 1110 1398 1181 ἔτη
1430 1110 1561 1165 δέκα
1588 1125 1601 1139 ⁸
1632 1112 1660 1164 ὃ
1683 1113 1748 1184 δὴ
1775 1115 1870 1167 καὶ
1912 1114 2004 1182 γέ-

415 1217 590 1268 γονεν.
612 1200 690 1271 Τῇ
722 1200 831 1271 γὰρ
862 1200 1000 1272 αὐτῇ
1029 1200 1216 1272 ἡμέρᾳ
1237 1203 1295 1255 ὲν
1387 1205 1481 1257 καὶ
1510 1203 1725 1271 ἔλαϐεν,
1756 1206 1812 1260 ὲν
1831 1206 2004 1279 ταύτῃ

416 1290 663 1362 τελευτᾷ.
699 1286 807 1344 Ἦν
846 1290 904 1343 δὲ
926 1292 1047 1360 Ζωὴ
1073 1292 1107 1361 ἡ
1143 1292 1381 1365 τετάρτη
1426 1294 1566 1365 γυνὴ
1594 1294 1689 1347 τοῦ
1740 1296 2006 1366 βασιλέως

416 1386 475 1438 ὲν
502 1385 581 1451 τῷ
605 1385 855 1456 παλατίῳ
892 1386 1030 1457 μετὰ
1058 1386 1154 1439 τοῦ
1185 1385 1453 1456 βασιλέως
1481 1389 1753 1454 ἇστεπτος
1783 1390 1917 1461 (84).

487 1476 595 1530 Τοῦ
648 1476 706 1530 δὲ
741 1476 1008 1546 βασιλέως
1053 1478 1358 1550 πρόκενσον
1413 1482 1791 1553 ποιησαμένου
1818 1486 1898 1548 είς
1947 1484 2008 1539 τὸ

423 1570 690 1641 ἐμπόριον
719 1570 827 1623 τῶν
860 1569 1065 1625 Βωτίου
1125 1570 1242 1641 (85)
1286 1572 1423 1644 πρὸς
1455 1573 1515 1627 τὸ
1546 1575 1857 1643 ὲγκαινίσαι
1906 1578 2010 1649 τὴν

427 1663 596 1733 μονὴν
639 1665 1017 1736 Χριποφὸρου
1068 1667 1576 1739 πρωτοϐεστιαρίου
1629 1670 1795 1724 αὐτοῦ
1842 1667 2007 1743 ἦλθεν

421 1757 679 1825 ἀγγελία,
727 1758 802 1821 ὡς
829 1759 911 1813 ὅτι
944 1760 972 1812 ὁ
1012 1760 1201 1824 στόλος
1235 1762 1345 1816 τῶν
1412 1763 1735 1836 Ἀγαρηνῶν
1771 1765 1888 1837 ἃμα
1931 1764 2010 1839 τῷ

420 1850 720 1922 Τριπολίτῃ
738 1850 1060 1923 ἁνέρχονται
1083 1854 1223 1907 κατὰ
1241 1857 1821 1914 Κωνσταντινούπολιν
1840 1860 2012 1933 [Κων-

423 1945 966 2018 σταντινουπόλεως].
1014 1948 1362 2002 Ἀποστέλλει
1408 1950 1505 2005 οὖν
1555 1954 1582 2006 ὁ
1623 1952 1877 2023 βασιλεὺς
1904 1956 2010 2009 Εὑ-

423 2037 641 2092 στάθιον
665 2038 1030 2108 δρουγγάριον
1056 2039 1165 2095 τῶν
1196 2041 1465 2111 πλωῖμων
1498 2045 1640 2114 μετά
1681 2046 1883 2111 παντὸς
1911 2046 2007 2102 τοῦ

424 2130 614 2183 στόλου
643 2132 737 2184 καλ⁸
760 2131 871 2186 τῶν
920 2131 1245 2204 σῖρατηγῶν
1272 2136 1414 2190 κατὰ
1445 2136 1541 2190 τοῦ
1567 2136 1919 2209 Τριπολίτου.
1945 2142 2009 2196 Οἳ

426 2222 503 2294 μὴ
562 2222 891 2294 δυνηθέντες
946 2226 1514 2297 ἀντιπαρατάξασθαι,
1573 2231 2011 2303 ἀπεστράφησαν

422 2313 619 2378 κενῶς.
653 2310 859 2369 Ἦλθεν
900 2316 958 2369 δὲ
987 2316 1303 2387 ἔμπροσθεν
1329 2320 1511 2375 αὐτῶν
1534 2320 1672 2392 (86),
1705 2325 1801 2378 καὶ
1823 2325 2010 2396 είσῆλ-

423 2403 517 2457 θεν
546 2403 708 2475 μέχρι
747 2406 1015 2477 Παραίου.
1049 2407 1223 2462 Τοῦτο
1255 2409 1442 2479 μαθὼν
1470 2411 1499 2463 ὁ
1526 2412 1783 2483 βασιλεὺς
1821 2417 1878 2468 ὲν
1915 2432 2013 2487 με-

424 2497 569 2572 γάλῃ
594 2498 802 2570 ἀθυμία
839 2500 1084 2569 γέγονεν,
1108 2503 1206 2557 καὶ
1234 2506 1556 2562 ἀποστέλλει
1572 2510 1809 2581 Ἰμέριον
1828 2529 2013 2583 πρωτ-

424 2596 733 2664 ασηκρῆτιν
788 2596 1036 2667 κεφαλὴν
1050 2597 1146 2651 τοῦ
1172 2600 1361 2653 στόλου
1383 2603 1526 2658 κατὰ
1546 2604 1641 2657 τοῦ
1658 2606 2013 2675 Τριπολίτου,

429 2685 504 2755 μὴ
534 2684 861 2756 τολμώντων
896 2690 1139 2761 μηδόλως
1161 2689 1321 2763 [ἀλλὰ
1346 2695 1468 2765 μηδ’
1497 2696 1662 2761 αὐτὸς
1691 2699 2011 2773 ἐτόλμησεν]

427 2778 729 2850 πλησιάσαι
766 2781 845 2852 τῷ
879 2784 1052 2856 στόλῳ
1083 2786 1195 2838 τῶν
1262 2788 1603 2860 Ἀγαρηνῶν.
1641 2773 1767 2855 Τοῖς
1805 2793 1862 2846 δὲ
1917 2794 2011 2846 τοῦ

428 2870 564 2924 Θεοῦ
600 2874 864 2944 κρίμασιν
894 2876 1227 2948 ἀπεστράφη
1255 2881 1287 2933 ὁ
1312 2881 1475 2944 αὐτὸς
1498 2882 1648 2935 Λέων
1661 2885 2033 2954 Τριπο).ίτης,,

429 2964 527 3016 καὶ
546 2964 790 3035 ἀπῆλθεν
823 2969 880 3020 ὲν
912 2968 1308 3043 Θεσσαλονίκῃ,
1344 2973 1440 3025 καὶ
1465 2973 1673 3045 ταύτην
1699 2977 2016 3049 ἐπολιόρκη-

431 3073 546 3121 σεν,
571 3058 666 3110 καὶ
687 3060 997 3129 παρέλαϐεν
1032 3062 1149 3132 ἅμα
1180 3062 1259 3134 τῷ
1286 3066 1581 3137 στρατηγῷ
1624 3069 1790 3122 αὐτοῦ
1822 3070 2014 3125 Λέοντι

429 3147 509 3219 τῷ
540 3150 875 3222 Χατζιλικίῳ
894 3172 910 3185 ·
940 3155 1036 3207 καὶ
1058 3156 1295 3226 ποιήσας
1321 3157 1623 3232 [ἐποίησεν]
1645 3162 1845 3234 πολλὴν
1876 3180 2014 3233 σφα-

2107 649 2357 704 etenim:
2397 647 2614 713 Quanta
2640 650 2966 720 malignams
3006 659 3082 702 est
3118 650 3364 703 inimicus
3405 648 3460 702 in
3512 658 3698 702 sancto

2106 752 2197 795 tuo
2223 757 2242 796 :
2281 750 2355 806 et,
2395 742 2629 797 Gloriati
2656 752 2780 796 sunt
2809 745 2899 812 qui
2929 743 3150 796 oderunt
3183 751 3230 795 te
3283 744 3337 796 in
3388 743 3559 797 medio
3613 757 3701 795 ευ-

2105 836 2398 889 lemnitatis
2427 834 2468 889 δ.
2515 834 2594 888 Ex
2629 834 2733 889 hoc
2761 850 2891 889 vero
2919 834 3182 905 temporis
3215 845 3494 889 momento
3522 850 3698 889 annos

2106 928 2287 983 adhuc
2316 928 2504 984 decem
2536 936 2607 992 te,
2643 927 2889 995 domine,
2926 927 3219 996 imperium
3254 935 3439 980 tenere
3465 940 3697 981 necesse

2105 1031 2192 1078 est
2227 1038 2240 1076 :
2270 1021 2417 1092 quod
2444 1020 2516 1075 ita
2548 1019 2780 1091 conligit
2813 1037 2825 1074 :
2869 1035 2935 1074 eo
2961 1034 3200 1089 namque
3246 1017 3357 1083 die,
3414 1032 3526 1087 quo
3577 1018 3698 1087 pla-

2108 1133 2230 1187 gam
2263 1117 2492 1187 accepit,
2518 1118 2709 1172 eodem
2742 1117 2945 1187 pariter
2974 1118 3129 1173 obiit.
3162 1102 3272 1172 Zoe
3298 1131 3460 1181 vero,
3500 1124 3699 1187 quarta

2109 1210 2461 1282 imperatoris
2491 1212 2720 1280 conju‘x,
2758 1209 2811 1265 in
2839 1210 3043 1281 palatio
3077 1210 3318 1267 nonduin
3352 1208 3568 1281 imperii
3601 1223 3700 1265 co-

2109 1317 2245 1359 rona
2284 1301 2543 1357 redimita
2576 1301 2830 1374 degebat.

2182 1483 2519 1553 lmperatore
2561 1481 2628 1537 ad
2687 1480 2826 1537 Botii
2886 1491 3131 1552 portum,
3189 1490 3249 1536 ut
3299 1482 3617 1536 monasterii
3670 1495 3699 1535 a

2110 1578 2515 1647 Christophoro
2574 1575 2997 1646 protovestiario
3059 1576 3363 1630 constructi
3397 1575 3702 1635 dedicatio-

2112 1685 2237 1725 nem
2273 1668 2597 1731 celebraret,
2634 1666 2937 1721 solemnem
2984 1678 3306 1734 processum
3365 1672 3422 1717 et
3470 1663 3701 1718 comita-

2113 1771 2227 1818 tum
2258 1762 2518 1827 ducente,
2547 1757 2926 1830 Agarenorum
2958 1758 3193 1811 classem
3218 1771 3325 1810 una
3353 1770 3479 1810 cum
3506 1753 3703 1824 Tripo-

2112 1856 2209 1911 lita
2247 1855 2512 1910 adversus
2565 1850 3102 1920 Constantinopolim
3164 1850 3422 1906 accedere
3472 1848 3702 1905 nuntius

2113 1945 2443 2019 signiﬁcavit
2474 1964 2487 2001 :
2522 1960 2694 2016 quare
2723 1944 2917 1999 classis
2949 1943 3310 2014 drungarium
3347 1941 3700 1998 Eustathium

2112 2056 2239 2096 cum
2268 2038 2558 2096 navalibus
2588 2037 2763 2108 copiis
2793 2034 3469 2105 ducibusqueimperator
3496 2049 3694 2089 amau-

2112 2136 2226 2200 dat,
2259 2135 2353 2205 qui
2383 2148 2506 2189 cum
2545 2132 2691 2187 vires
2720 2130 2980 2185 adversas
3011 2142 3293 2198 opponere
3341 2142 3453 2182 non
3493 2127 3703 2184 valuis-

2113 2237 2258 2293 sent,
2321 2225 2517 2282 inl‘ecta
2566 2240 2626 2280 re
2681 2226 2906 2279 domum
2960 2222 3247 2278 redierunt
3300 2228 3707 2290 :prtecesserat

2113 2323 2232 2392 ipse
2255 2320 2576 2377 Eustathius
2612 2318 2807 2382 redux,
2843 2324 2899 2372 et
2927 2316 2994 2371 ad
3033 2316 3279 2371 Pal-zeum
3302 2313 3418 2385 jam
3448 2321 3705 2384 penetra-

2114 2424 2286 2472 verat.
2320 2414 2441 2481 Quo
2474 2410 2699 2483 cognito
2725 2411 3024 2480 imperator
3052 2422 3253 2479 magno
3297 2419 3537 2462 maerore
3576 2402 3707 2459 affe-

2114 2521 2237 2565 ctus
2270 2508 2575 2562 ilimerittm
2609 2520 2638 2559 a
2669 2503 2897 2560 secretis
2932 2501 3270 2573 praecipuum
3301 2498 3500 2555 classis
3531 2513 3693 2553 exer-

2115 2605 2282 2659 citum
2306 2602 2569 2656 adversus
2600 2597 2925 2669 Tripolitam
2958 2595 3166 2665 delegat
3203 2612 3217 2649 :
3248 2593 3341 2650 sed
3375 2608 3553 2664 neque
3587 2592 3707 2662 ipse

2118 2696 2184 2750 ad
2216 2697 2586 2764 Agarenorum
2633 2690 2868 2745 classem
2921 2688 3186 2743 accedere
3236 2701 3406 2741 ausus
3454 2692 3558 2741 est.
3609 2682 3708 2738 Sec

2117 2797 2269 2846 ereto
2298 2802 2427 2841 vero
2465 2786 2558 2841 Dei
2596 2783 2951 2854 iudicio‘Leo
2977 2780 3248 2852 Tripolita
3285 2779 3482 2835 faciem
3506 2779 3698 2841 vertit,

2118 2895 2171 2938 et
2215 2880 2668 2937 Thessalonicam
2700 2894 2891 2934 versus
2943 2876 3099 2941 abiit,
3151 2875 3548 2944 obsessamque
3596 2888 3707 2927 una

2118 2992 2244 3031 cum
2269 2975 2509 3030 civitatis
2529 2975 2666 3029 duce
2694 2973 2876 3028 Leone
2894 2969 3242 3034 Cltatzilicio,
3265 2969 3504 3040 plurima
3524 2976 3709 3038 strage
3746 2980 3747 2983 ‘

2118 3066 2285 3132 edita,
2314 3065 2662 3135 captivisque
2694 3063 2968 3127 abductis,
3001 3062 3052 3116 in
3096 3069 3424 3131 potestatem
3474 3059 3707 3128 accepit.

2120 3158 2468 3230 RodOphyles
2503 3166 2683 3211 autem
2710 3154 2933 3225 quidam
2961 3152 3338 3211 cubicularius
3361 3150 3435 3207 ob
3458 3149 3706 3206 necessi-

430 3241 539 3312 τὴν
560 3243 656 3298 καὶ
679 3246 1080 3315 αἰχμαλωσίαν.
1118 3249 1427 3320 Ῥοδοφύλις
1455 3252 1837 3329 [Ῥοδοφύλης]
1857 3257 1913 3310 δέ
1932 3275 2014 3321 τις
2048 3268 2090 3326 c
2126 3261 2192 3306 tal

1944 3275 2014 3321 τις
2048 3268 2090 3326 c
2126 3261 2288 3307 tatem
2331 3251 2645 3321 quampiam
2675 3247 2870 3304 delatis
2915 3262 3101 3303 secum
3134 3245 3255 3300 auri
3286 3244 3440 3300 libris
3486 3252 3706 3299 centum

433 3334 882 3410 κουϐικουλάριος
916 3335 986 3409 ἦν
1012 3344 1337 3408 ἀποσταλεὶς
1373 3348 1433 3399 ὲν
1466 3347 1684 3419 Σικελίᾳ
1712 3348 1800 3402 διὰ
1829 3351 2017 3419 χρείαν

433 3426 559 3483 τινὰ
593 3428 734 3499 ἔχων
758 3432 880 3502 μεθ’
910 3434 1110 3488 ἑαυτοῦ
1169 3438 1395 3507 χρυσίου
1430 3437 1621 3510 λίτρας
1669 3441 1883 3496 ἑκατόν.
1917 3444 2020 3497 N0-

437 3524 612 3595 σήσας
643 3523 700 3577 δὲ
734 3525 875 3578 κατὰ
906 3526 1078 3597 τύχην
1120 3529 1179 3582 ὲν
1208 3533 1276 3600 τῇ
1310 3530 1413 3601 ὁδῷ
1438 3532 1688 3603 εἰσῆλθεν
1711 3535 1769 3587 ἐν
1807 3535 2018 3590 Θεσσαο

434 3615 621 3688 λονίκῃ
646 3618 783 3687 πρὸς
808 3619 869 3670 τὸ
893 3618 1214 3687 λούσασθαι,
1236 3623 1332 3676 καὶ
1351 3625 1761 3696 ἀνακτήσασθαι
1789 3629 1982 3683 ἑαυτόν
2004 3647 2017 3662 '

436 3708 531 3763 xci.
559 3710 834 3782 ὲκρατήθη
855 3713 1006 3782 παρὰ
1037 3712 1267 3779 Λέοντος
1297 3716 1433 3788 (87),
1466 3718 1562 3771 καὶ
1594 3718 1765 3773 πολλὰ
1798 3720 2021 3791 βασανι-

438 3800 586 3865 σθεὶς
613 3802 986 3873 ἐτελεύτησεν.
1029 3807 1395 3877 Διερχόμενος
1443 3810 1673 3879 Συμεὼν
1724 3829 2021 3883 πρωταση-

438 3893 632 3962 κρῆτις
653 3895 683 3947 ὁ
703 3895 844 3963 μετὰ
881 3895 1056 3951 ταῦτα
1081 3899 1322 3967 γεγονὼς
1351 3902 1643 3972 πατρίκιος
1673 3904 1766 3956 καὶ
1798 3921 2021 3975 πρωτα-

439 3987 705 4056 σηκρῆτις
731 3986 1027 4042 ἀνελάϐετο
1052 3991 1172 4043 τότε
1194 3992 1437 4062 χρυσίον,
1464 3996 1559 4047 καί¹
1588 3995 1656 4047 τὰ
1677 3995 1848 4067 δῶρα,
1881 3999 2023 4070 ἅπερ

435 4078 620 4133 εἴασεν
691 4082 1018 4152 Ῥοδοφύλης
1051 4087 1110 4138 ἐν
1140 4088 1206 4157 τῇ
1244 4086 1368 4157 ὁδῷ.
1424 4088 1532 4142 Τοῦ
1585 4089 1642 4144 δὲ
1695 4091 2021 4160 Τριπολίτου

439 4174 765 4245 βουλομένου
814 4178 913 4247 τὴν
940 4178 1100 4232 πόλιν
1130 4180 1509 4251 καταστρέψαι
1557 4181 1746 4252 μαθὼν
1796 4184 2023 4253 Συμεὼν

436 4266 587 4337 δηλοῖ
618 4269 784 4321 αὐτὸν
813 4269 1001 4323 λαϐεῖν
1051 4272 1295 4341 χρυσίον,
1330 4273 1427 4326 καὶ
1467 4274 1672 4345 ταύτην
1694 4275 1877 4329 ἐάσαι.
1926 4278 2024 4330 Ὃν

439 4360 534 4414 καὶ
564 4361 780 4425 πείσας.
833 4364 929 4416 καὶ¹
960 4363 1143 4417 λαϐὼν
1196 4364 1355 4432 λόγον
1410 4367 1793 4437 συνεφώνησεν
1843 4368 2024 4423 δοῦναι

438 4454 661 4521 χρυσίον
680 4454 759 4524 τῷ
783 4455 1103 4527 Τριπολίτῃ,
1129 4457 1224 4510 τοῦ
1250 4457 1348 4529 τὴν
1377 4459 1532 4513 πόλιν
1554 4460 1713 4513 ἐάσαι
1734 4478 1747 4493 ο
1785 4461 1814 4514 ὃ
1839 4460 1903 4532 δὴ
1930 4462 2024 4515 καὶ

438 4542 685 4610 γέγονεν.
717 4545 986 4615 Σαμωνᾶς
1012 4547 1068 4599 δὲ
1093 4549 1575 4620 προφασισὰμενος
1606 4551 1697 4604 ἐπὶ
1726 4554 1825 4620 τὴν
1855 4551 2023 4624 μονὴν

2124 3344 2370 3399 Siciliam
2433 3342 2641 3397 missus
2697 3339 2924 3395 fuerat:
2961 3354 3059 3410 per
3105 3338 3251 3393 viam
3302 3350 3433 3392 vero
3483 3334 3707 3390 fortuita

2122 3436 2445 3507 aegritudine
2474 3443 2759 3503 correptus
2789 3433 3108 3488 balnearum
3150 3430 3542 3487 commoditate
3577 3444 3709 3485 usu.

2122 3547 2239 3595 rus,
2274 3529 2486 3585 etvires
2506 3524 3327 3597 recepturus,Thessalonicam
3369 3522 3703 3577 diverterat:

2122 3629 2217 3698 qui
2272 3628 2438 3682 etiam
2507 3641 2536 3680 a
2590 3625 2771 3679 Leone
2828 3631 3023 3693 captus
3068 3619 3370 3689 multisque
3418 3615 3708 3672 excrucia-

2125 3733 2213 3776 tus
2259 3717 2549 3773 tormentis
2580 3723 2831 3770 mortuus
2870 3720 2978 3767 est.
3033 3709 3204 3766 Porro
3242 3708 3488 3771 Simeon,
3523 3721 3707 3781 secre-

2126 3813 2391 3867 tariorum
2422 3809 2697 3880 princeps,
2736 3806 2831 3875 qui
2865 3804 3061 3859 deinde
3092 3801 3380 3873 patricius,
3420 3808 3474 3854 et
3519 3814 3625 3853 una
3676 3814 3706 3853 a

2124 3899 2352 3955 secretis
2391 3898 2603 3965 primus
2658 3895 2892 3960 exstitit,
2918 3894 3021 3950 iter
3057 3908 3225 3963 agens
3257 3891 3575 3961 praedictum
3606 3904 3707 3943 au-

2122 4011 2246 4051 rum
2274 4003 2328 4049 et
2360 4007 2587 4048 munera
2610 4007 2705 4061 per
2732 3990 2875 4044 viam
2905 4003 2933 4043 a
2965 3985 3288 4057 Rodophyle
3312 3984 3520 4049 relicta,
3540 3994 3708 4051 penes

2125 4105 2184 4147 sc
2214 4096 2512 4157 receperat.
2544 4084 2823 4152 Tripolita:
2851 4096 2982 4136 vero
3028 4078 3581 4134 Thessalonicensem
3616 4091 3711 4130 ure

2125 4185 2247 4239 hem
2272 4191 2517 4236 evertere
2546 4177 2810 4249 cogitanti
2838 4173 3114 4245 signiﬁcat
3137 4173 3384 4237 Simeon,
3425 4181 3485 4226 ttt
3509 4186 3706 4227 aurum

2126 4277 2378 4345 accipiat,
2405 4282 2457 4326 et
2489 4272 2677 4326 urbem
2706 4270 2920 4323 liberet.
2957 4268 3033 4321 Eo
3064 4280 3348 4335 persuaso,
3378 4272 3432 4319 et
3452 4263 3557 4318 ﬁde
3581 4263 3708 4317 data

2126 4372 2192 4424 de
2239 4383 2375 4423 auro
2430 4363 2708 4432 Tripolitre
2757 4361 2963 4423 dando,
3025 4359 3203 4429 deque
3258 4358 3394 4412 urbe
3442 4355 3713 4437 servanda

2126 4461 2382 4518 convenit
2419 4477 2432 4513 :
2460 4458 2602 4528 quod
2636 4457 2707 4510 ita
2736 4454 3040 4523 prtestilum
3074 4462 3177 4507 est.
3213 4451 3482 4507 Santonus
3504 4459 3706 4512 autent,

2129 4550 2450 4608 monasterii
2491 4548 2653 4620 483
2694 4545 2781 4601 cui
2826 4560 3025 4599 nomen
3086 4542 3243 4611 Spira
3281 4540 3347 4595 ad
3398 4539 3708 4609 Damatryut
3745 4588 3755 4597 ,

437 4634 605 4687 αὐτοῦ
632 4636 701 4689 τὰ
730 4637 938 4707 Σπείρα
958 4615 1194 4702 ἐξελθεῖν
1210 4615 1309 4710 τὴν
1338 4644 1395 4694 ἐν
1520 4615 1792 4714 Δαματρῢ.
1830 4615 2019 4711 οῖῧσαν,
2048 4615 2100 4675 D
2126 4666 2189 4704 ex

1948 4615 2019 4711 ιν,
2048 4615 2100 4675 D
2126 4645 2390 4704 exstructi
2423 4615 2681 4698 visi-tatidi
2712 4647 3002 4709 pra-textu,
3034 4635 3243 4690 divitiis
3286 4644 3340 4689 et
3380 4632 3537 4701 equis
3582 4647 3710 4701 pro-

440 4728 588 4796 φυγῇ
609 4728 884 4797 ἐχρήσατο
912 4730 1029 4799 ἅμα
1058 4734 1307 4801 χρήμασι
1332 4733 1424 4785 καὶ
1460 4735 1651 4798 ἵπποις
1680 4735 1866 4801 αὑτοῦ,
1892 4738 2018 4800 τοὺς

440 4821 643 4886 ἵππους
667 4822 795 4886 τοὺς
823 4824 1115 4893 δημοσίους
1143 4826 1558 4893 ἁγκυλοκοπῶν.
1586 4828 1755 4881 Τοῦτο
1776 4828 1964 4899 μαθὼν
1991 4829 2021 4881 ὁ

441 4912 694 4980 βασιλεὺς
722 4915 1029 4968 ἐπιστέλλει
1073 4918 1297 4971 ὄπισθεν
1340 4919 1505 4973 αὑτοῦ
1559 4919 1838 4975 Βασίλειον
1868 4925 2020 4976 ἑται-

443 5006 672 5076 ριάρχην
696 5007 789 5059 τὸν
819 5009 1167 5081 Καματερὸν,
1201 5014 1298 5064 καὶ
1323 5013 1595 5083 Γεώργιον
1617 5015 1708 5068 τὸν
1734 5017 1777 5068 Κ
1788 5016 2016 5086 ρινίτην,

441 5096 533 5151 τοῦ
565 5100 892 5156 καταλαϐεῖν
920 5103 1103 5157 αὐτόν.
1157 5106 1263 5159 ’1ὀῦ
1316 5107 1373 5159 δὲ
1423 5108 1659 5177 Σαμωνᾶ
1700 5108 1790 5161 τὸν
1848 5110 2017 5163 Ἅλυν

509 5211 531 5243 ⁸
560 5212 704 5269 Psal.
734 5229 927 5279 Lxxm,
958 5216 990 5269 5
1018 5224 1071 5270 ct
1104 5216 1155 5268 4.
1228 5253 1232 5258 η

2128 4740 2264 4810 priis
2319 4751 2505 4790 secum
2555 4732 2806 4787 abductis
2850 4730 2975 4798 fuga
3014 4744 3146 4783 usus
3175 4736 3278 4791 est,
3316 4733 3369 4778 et
3398 4722 3557 4793 equis
3604 4737 3713 4791 pu-

2129 4832 2286 4888 blicis
2317 4828 2573 4883 omnibus
2608 4826 2875 4895 poplitum
2928 4836 3123 4875 nervos
3170 4817 3424 4873 succidit.
3485 4814 3563 4868 Eo
3618 4830 3713 4870 co—

2130 4925 2301 4995 gnito,
2324 4922 2622 4989 imperator
2650 4915 2908 4971 Basilium
2928 4912 3275 4967 Camatertttn
3293 4906 3708 4963 lietzcriarchem

2128 5027 2181 5073 et
2237 5013 2533 5083 Georgium
2586 5008 2851 5063 Crinitcm
2897 5005 3195 5075 fugientem
3256 5002 3606 5056 insecuturos
3655 5005 3710 5051 et

2137 5109 2576 5181 apprehensuros
2639 5101 2809 5157 misit.
2876 5097 3172 5154 Santonum
3209 5110 3340 5151 vero
3400 5093 3555 5164 Alym
3606 5090 3721 5151 ίιιιο¹

1598 5314 1845 5371 FRANC.
1880 5312 2273 5371 COMBEFISH
2316 5308 2550 5366 ΝΟΤᾸΞ.

513 5404 816 5479 (ὃθᾼϐειιν.
846 5407 977 5460 ἐϐίω
1017 5410 1210 5478 χρόνον
1252 5410 1444 5479 συχνὸν
1482 5411 1598 5478 μετ’
1641 5411 1810 5464 αὐτοῦ
1854 5412 2016 5464 ἀστε-

440 5476 573 5548 φής.
616 5476 719 5531 Diu
744 5495 860 5551 cunt
913 5495 974 5533 eo
1008 5476 1137 5533 vsa-5i
1176 5476 1408 5535 nondum
1439 5476 1639 5535 donata
1666 5482 1894 5551 nuptiali
1929 5499 2019 5535 co-

441 5551 752 5621 ronataut.
778 5548 1060 5604 celebratis
1085 5568 1203 5605 cum
1257 5568 1316 5605 eo
1343 5554 1543 5621 nuptiis
1580 5567 1598 5605 .'
1630 5554 1696 5607 de
1720 5548 1820 5606 Iiac
1846 5554 2017 5614 etiiin,

442 5638 553 5694 non
600 5619 669 5673 de
703 5620 971 5694 imperiali
1006 5637 1208 5694 corona
1258 5619 1440 5678 sermo
1485 5632 1589 5689 est,
1619 5624 1887 5694 quidquid
1914 5624 2017 5678 sibi
2060 5636 2069 5642 ’

441 5692 714 5762 interpres
748 5690 1074 5757 indulserit;
1109 5693 1177 5747 de
1205 5710 1311 5762 qua
1334 5696 1498 5749 etiam
1522 5690 1866 5758 postmodum
1887 5696 2017 5748 sub-

440 5764 613 5834 ditur,
650 5761 901 5832 deposito
918 5765 1171 5819 ministro
1198 5761 1290 5834 qui
1334 5781 1599 5820 coronare
1632 5765 2018 5834 praesumpsi»

444 5842 562 5911 set.
602 5833 829 5902 ipsoque
879 5835 1059 5889 Leone
1112 5833 1285 5911 sacris
1308 5837 1609 5911 prohibito
1635 5833 1654 5886 ξ
1687 5833 2021 5911 abhorrente

445 5903 657 5961 scilicet
713 5920 741 5959 a
792 5918 1002 5977 quartis
1046 5909 1250 5977 nuptiis
1299 5907 1486 5963 Greca
1534 5908 1752 5967 pietate.
1787 5924 1905 5965 uuae
1934 5906 2021 5961 vis

2133 5404 2677 5479 tertiasindulget._
2790 5471 2800 5479 Δ
2919 5469 2951 5479 η
3006 5468 3019 5479 _
3110 5467 3148 5479 _
3283 5462 3295 5479 ,

2202 5478 2312 5548 (85)
2335 5467 2605 5548 Anony'ut.
2641 5471 2887 5548 Βουτίου,
2913 5467 3379 5548 (ἰθείηηραιτίουι.
3446 5532 3456 5542 ¹

2198 5531 2312 5622 ξιὶϐᾗ
2349 5531 2576 5600 Emend.
2612 5560 2677 5599 ex
2728 5531 3099 5622 gnosiyni.‘et
3130 5538 3293 5622 gecir.
3318 5532 3560 5622 pleniora
3593 5531 3708 5615 haec

2131 5609 2683 5691 repriesentantibus.
2737 5609 2904 5683 ἢλθεν
2928 5609 3230 5691 ᾷὲιὸπισθεν
3270 5609 3473 5690 αὐτῶνζ
3513 5619 3601 5658 eos
3625 5609 3708 5655 in-

2129 5682 2341 5749 secutus
2369 5699 2445 5743 est
2486 5682 2768 5757 Tripolita,
2796 5693 2852 5758 et
2878 5682 2968 5745 ad,
3000 5692 3106 5736 etc.
3166 5749 3175 5758 .
3210 5750 3219 5758 .
3376 5749 3381 5757 .

2201 5765 2315 5828 (87)
2351 5760 2553 5827 Nempe
2578 5749 2649 5811 'in
2680 5755 2966 5828 negatione
3008 5749 3386 5828 tlllzcsil-illmil'i
3416 5764 3427 5799 :
3469 5757 3581 5799 tum
3615 5758 3705 5828 scf

2130 5822 2332 5898 quatu'r
2372 5831 2438 5883 de
2488 5822 2779 5899 Sytnennc',
2814 5825 2903 5893 qui
2953 5834 3150 5899 nactus
3200 5822 3327 5875 illud
3386 5830 3601 5877 nurum,
3639 5827 3706 5868 co

2133 5896 2542 5961 Thessalonica;
2565 5898 2839 5955 excidium
2875 5896 3124 5957 redemit.
