4440 6446
760 406 888 472 Illi

1976 410 2250 469 LEUNIS
2291 414 2772 478 GRAMMATICI

3877 422 4014 488 1112

754 526 900 580 vium
933 520 1186 591 trajicere
1220 527 1467 588 paratum
1503 517 1847 589 Nicrphorus
1880 521 2214 593 drungarius
2239 542 2336 578 μοι
2362 538 2407 593 Α
2441 529 2507 597 βο

2260 542 2336 578 1οο
2362 538 2407 593 Α
2441 529 2769 599 βουλομένου
2801 530 3128 600 διαπερᾶσαι
3159 532 3457 586 κατέλαϐεν
3493 534 3653 586 αὑτὸν
3706 535 4013 606 Νικηφόρος

751 617 898 671 mine
935 613 1192 670 Caminas
1232 611 1612 680 deprehendit,
1660 629 1758 668 nec
1814 625 2154 671 transmeare
2199 633 2323 686 per-

750 707 924 762 misit.
957 705 1229 762 Samonas
1261 704 1432 764 multa
1471 703 1597 757 licet
1645 705 1940 774 pollicitus,
1975 721 2100 761 cum
2149 708 2325 764 virum

750 812 972 855 movere
1003 810 1111 850 non
1144 803 1351 866 posset,
1398 795 1463 849 ad
1498 796 1788 864 pretiosam
1823 797 2164 858 Sirichornm
2201 818 2327 855 eru-

739 907 865 948 cem
899 889 1170 960 confugit,
1202 889 1345 953 fidei,
1372 904 1536 958 quam
1570 889 1634 942 ad
1689 891 1862 959 ipsam
1918 891 2170 954 habebat,
2203 908 2328 961 gra-

749 985 822 1038 tia
857 999 916 1037 se
949 982 1165 1041 venisse
1182 980 1466 1036 simulans.
1495 979 1589 1043 llis
1619 980 1689 1034 ita
1719 981 1905 1050 gestis,
1935 981 2328 1036 Constantinus

748 1078 905 1133 ducis
937 1077 1082 1150 filius
1110 1089 1366 1147 prospere
1395 1074 1634 1135 advenit,
1678 1084 1730 1128 et
1764 1092 1828 1128 eo
1879 1091 2064 1129 secum
2114 1092 2330 1131 assum-

747 1182 864 1242 pto,
900 1170 954 1224 in
989 1169 1177 1223 urbem
1220 1167 1437 1221 reduxit
1480 1186 1492 1221 :
1529 1181 1690 1236 quem
1725 1168 2021 1235 imperator
2058 1170 2110 1223 in
2143 1169 2330 1224 Bardce

746 1263 982 1319 Cmsaris
1018 1260 1132 1316 aede
1172 1259 1434 1315 custodiri
1463 1260 1643 1323 jussit.
1695 1257 1864 1314 Porro
1909 1260 2327 1318 Constantinum

748 1353 909 1410 ducis
971 1351 1142 1406 filium
1193 1352 1260 1406 de
1321 1367 1386 1407 eo
1439 1352 1792 1420 interrogavit
1838 1356 2175 1424 :agnitoque
2212 1357 2332 1425 ejus

749 1462 880 1501 vero
920 1445 974 1499 in
1037 1443 1253 1515 Syriam
1305 1457 1551 1505 recessu,
1616 1458 1682 1496 ne
1735 1444 1840 1498 hoc
1895 1461 2079 1498 coram
2135 1456 2328 1500 senatu

747 1539 1086 1603 enuntiaret,
1127 1538 1172 1592 si
1202 1539 1534 1607 quandoque
1561 1537 2011 1606 interrOgaretur,
2046 1554 2328 1593 commen-

749 1634 937 1690 davit:
965 1648 1028 1686 ac
1056 1640 1266 1690 tantum
1299 1630 1568 1685 orationis
1590 1645 1718 1699 ergo
1741 1631 1806 1684 ad
1831 1631 2042 1685 Siricha
2069 1630 2332 1687 faciendae

749 1726 1072 1783 discessisse
1095 1722 1407 1791 afﬁrmaret.
1440 1722 1708 1792 Cupiebat
1736 1723 1879 1776 enim
1902 1724 2200 1793 imperator
2231 1726 2330 1780 ho—

750 1823 954 1876 minem
986 1819 1090 1876 sibi
1122 1817 1505 1872 reconciliare.
1539 1815 1960 1870 Constantinum
2001 1817 2184 1886 itaque
2238 1832 2332 1872 co-

2427 623 2788 694 δρουγγάριος
2833 625 2861 677 6
2910 625 3201 694 λεγόμενος
3234 627 3506 695 Καμινᾶς,
3563 629 3662 680 οὐκ
3697 629 3801 681 ἐῶν
3845 630 4011 683 αὑτὸν

2427 715 2783 785 διαπερᾶσαι.
2817 717 2971 769 Ἐπεὶ
3013 717 3071 770 δὲ
3097 717 3126 768 6
3170 719 3437 786 Σαμωνᾶς
3476 719 3647 773 πολλὰ
3699 721 4015 790 ὑπισχνεῖτο

2429 810 2526 862 καὶ
2558 808 2659 862 οὐκ
2689 807 2928 873 ἔπειθεν,
2962 810 3308 878 προσέφυγεν
3342 814 3422 875 εἰς
3461 811 3521 865 τὸ
3556 812 3748 882 Σιριχὰ
3769 812 4015 883 [inferius

2429 900 2662 972 Σίριχον]
2687 904 2767 964 εἰς
2793 903 2884 954 τὸν
2913 903 3097 972 τίμιον
3117 905 3370 973 σταυρὸν,
3405 906 3907 976 προιρασισάμενος,
3941 907 4016 970 ὡς

2427 993 2514 1046 διὰ
2539 995 2725 1048 πίστιν
2774 995 2868 1047 τοῦ
2925 996 3160 1065 σταυροῦ
3210 996 3482 1066 ἐληλύθει.
3537 998 3874 1052 Καταλαϐὼν
3925 999 4017 1052 οὖν

2431 1088 2839 1151 Κωνσταντῖνος
2893 1092 2921 1142 6
2977 1090 3070 1142 τοῦ
3103 1090 3314 1153 δουκὸς,
3368 1093 3464 1144 καὶ
3520 1092 3709 1145 τοῦτον
3756 1093 4014 1146 ἀναλαϐό·

2433 1198 2614 1249 μενος,
2648 1181 2990 1253 ὑπέστρεψεν
3023 1184 3082 1234 ὲν
3109 1185 3176 1253 τῇ
3211 1184 3383 1237 πόλει.
3417 1185 3758 1255 ΙΙροσέταξεν
3783 1186 3838 1239 δὲ
3869 1187 3896 1237 6
3921 1187 4018 1256 βαι

2434 1273 2615 1335 σιλεὺς
2643 1273 2804 1326 αὑτὸν
2833 1275 2932 1344 μὲν
2964 1274 3331 1343 φυλάττεσθαι
3357 1277 3415 1327 ὲν
3444 1277 3509 1346 τῇ
3545 1276 3694 1348 οξκὶᾳ
3717 1277 3898 1347 Βάρδα
3921 1278 4017 1332 τοῦ

2432 1366 2710 1435 Καίσαρος
2736 1382 2750 1396 ⁸
2791 1364 3078 1437 ἠρώτησεν
3122 1366 3179 1420 δὲ
3225 1368 3633 1422 Κωνσταντῖνον
3681 1369 3775 1422 τοῦ
3827 1371 4020 1430 δουκδς

2436 1460 2564 1528 περὶ
2595 1457 2784 1513 αὑτοῦ.
2815 1460 2923 1513 Καὶ
2954 1458 3144 1529 μαθὼν
3177 1461 3295 1522 πῶς
3325 1460 3541 1530 ἀληθῶς
3571 1462 3629 1514 ἐν
3660 1461 3829 1532 Συρία
3855 1460 4018 1530 ἔφευ-

2437 1569 2555 1619 γεν,
2581 1552 2980 1623 παρηγγύησεν
3007 1551 3084 1622 τῷ
3114 1552 3265 1606 δουκὶ
3299 1554 3373 1622 μὴ
3398 1555 3573 1606 εἰπεῖν
3596 1553 3755 1607 τοῦτο
3788 1553 4022 1607 ἐνώπιον

2431 1645 2530 1714 τῆς
2551 1647 2880 1719 συγκλήτου,
2912 1649 3001 1702 ὅτε
3043 1648 3172 1718 παρ’
3222 1649 3392 1717 αὐτῆς
3421 1649 3669 1719 ἐρωτηθῇ
3719 1647 3831 1718 (88)
3859 1665 3871 1677 ·
3905 1646 4020 1700 ἀλλ’

2433 1740 2515 1792 ὅτι
2542 1740 2610 1793 δι’
2645 1741 2810 1811 εὐχὴν
2841 1741 3086 1813 ἀπῆλθεν
3119 1743 3176 1795 ὲν
3207 1741 3282 1812 τῷ
3316 1742 3538 1812 Σιρίχῳ.
3577 1739 3809 1794 Ἤθελεν
3855 1739 3964 1809 γὰρ
3995 1741 4022 1791 6

2438 1833 2690 1902 βασιλεὺς
2744 1835 3244 1904 ἀποσυνοψισθῆναι
3298 1835 3466 1905 αὐτῷ.
3499 1832 4022 1905 Προσκαλεσάμενος

751 1929 866 1967 ram
907 1911 1226 1982 proceribus
1249 1909 1543 1969 advocans,
1579 1910 1654 1968 ait
1680 1927 1691 1961 :
1718 1909 1791 1962 Ita
1834 1908 2000 1962 Deum
2027 1910 2329 1979 capitisque
2362 1918 2401 1971 Β
2431 1921 2504 1978 οὗ,

2268 1926 2329 1964 ue
2362 1918 2401 1971 Β
2431 1921 2524 1978 οὖν
2551 1928 2961 1980 Κωνσταντῖνον
2991 1926 3084 1979 τοῦ
3118 1926 3308 1989 δουκὸς
3357 1925 3671 1994 ἔμπροσθεν
3705 1924 3812 1978 τῶν
3844 1925 3899 1976 ὲν
3932 1924 4021 1975 τέ-

752 2005 859 2059 mei
885 2004 1114 2059 salutem
1148 2001 1327 2070 diligis
1376 2000 1561 2070 :fugit
1617 2000 1886 2055 Samonas
1946 2000 2183 2056 annon?
2242 1999 2334 2055 Ille

752 2117 901 2164 vero,
926 2109 984 2154 ut
1012 2098 1188 2169 prius,
1220 2099 1630 2166 imperatorem,
1666 2112 1731 2150 ne
1757 2095 2129 2164 adjuraretur,
2174 2110 2332 2163 roga-

751 2203 925 2256 verat,
958 2201 1011 2246 et
1044 2206 1168 2262 qua:
1190 2189 1490 2260 jubebatur
1523 2189 1850 2258 promiserat
1873 2190 2123 2257 exsequi,
2174 2188 2331 2257 jura-

750 2289 922 2344 menti
951 2288 1002 2343 vi
1050 2286 1391 2356 compulsus,
1439 2299 1625 2340 coram
1670 2285 1927 2340 omnibus
1973 2285 2280 2340 enuntiavit
2318 2301 2331 2340 :

750 2383 812 2437 lu
846 2382 1061 2453 Syriam
1098 2395 1223 2435 vere
1253 2378 1497 2450 fugiebat
1533 2397 1545 2431 :
1591 2393 1767 2448 eoque
1809 2389 1936 2434 tunc
1968 2393 2092 2432 eum
2145 2376 2334 2432 furore

756 2476 826 2531 ab
858 2475 1186 2544 imperatore
1217 2485 1363 2532 retro
1401 2471 1718 2536 amandato,
1748 2471 2019 2526 Samonas
2062 2471 2114 2530 in
2153 2472 2336 2524 Barda:

753 2571 920 2624 demo
966 2581 1184 2624 menses
1232 2575 1470 2633 quatuor
1519 2565 1748 2635 peregit,
1780 2574 1834 2618 et
1872 2580 2058 2620 annuo
2106 2563 2194 2618 die
2228 2579 2336 2632 quo

754 2663 1051 2732 imperator
1075 2667 1392 2728 potestatem
1425 2658 1642 2726 accepit
1673 2657 1955 2720 redeunte,
2001 2656 2334 2710 reconcilia-

758 2766 846 2807 tus
907 2760 1014 2808 est.
1086 2749 1242 2806 Tunc
1301 2749 1554 2820 apparuit
1610 2757 1848 2803 cometes
1904 2748 2087 2803 radios
2145 2765 2336 2803 versus

757 2845 1034 2910 Orientem
1065 2844 1369 2914 ejaculans,
1413 2853 1466 2898 et
1496 2843 1611 2898 dies
1644 2852 1942 2910 noctesque
1973 2842 2334 2913 quadraginta

754 2939 1088 3008 eonSpieuus
1117 2937 1441 3008 permansit.

828 3032 870 3086 E
898 3032 1006 3088 Zoe
1037 3046 1166 3085 vero
1196 3039 1392 3100 quarta
1423 3029 1661 3099 conjuge
1691 3027 2116 3082 Constantinum
2163 3027 2333 3080 filium

758 3128 868 3182 Leo
887 3123 1256 3194 suscepit,qui
1297 3121 1590 3175 Luminum
1621 3121 1762 3176 festo
1785 3137 1813 3174 a
1844 3119 2069 3175 Nicolao
2105 3120 2336 3188 patriar-

767 3234 860 3272 .na
921 3219 973 3272 in
1017 3216 1209 3284 Magna
1270 3215 1522 3276 ecclesia,
1572 3213 2002 3282 suscipientibus
2043 3227 2273 3281 puerum
2308 3228 2337 3264 e

2437 2021 2540 2084 λει,
2571 2021 2676 2091 ἔφη
2697 2038 2712 2052 ⁸
2750 2019 2938 2084 Οὕτως
2968 2021 3110 2090 ἔχεις
3139 2020 3293 2082 Θεὸν,
3326 2021 3422 2074 καὶ
3463 2019 3565 2090 τὴν
3595 2018 3837 2087 κεφαλήν
3877 2033 3978 2087 μου
4005 2032 4018 2046 ο

2437 2116 2668 2183 εςρευγεν
2688 2115 2716 2167 6
2747 2115 3031 2183 Σαμωνᾶς.
3063 2115 3095 2183 ἢ
3146 2113 3302 2182 οὐχξ;
3347 2113 3406 2166 '0
3438 2112 3494 2165 δὲ
3534 2112 3609 2174 ὡς
3637 2108 3792 2164 εἶπεν
3819 2109 4022 2182 πρότεο

2441 2226 2532 2278 ρον
2559 2207 2636 2276 τῷ
2668 2207 2877 2277 βασιλεῖ
2903 2207 2976 2275 μὴ
3011 2206 3356 2277 ὁρκισθῆναι.
3411 2206 3508 2258 καὶ
3557 2204 3620 2257 τὸ
3667 2202 4025 2269 κελευόμενον

2439 2303 2633 2361 εἰπεῖν,
2650 2298 2888 2359 ἀκούσας
2913 2298 3040 2360 τοὺς
3060 2298 3260 2368 ὅρκους
3285 2297 3501 2360 ἐξεῖπεν
3521 2294 3754 2348 ἐνώπιον
3781 2293 4024 2355 πάντων,

2437 2394 2520 2446 ὅτι
2541 2393 2632 2454 Εἰς
2665 2392 2864 2460 Συρίαν
2886 2391 3135 2458 ἔφευγεν.
3172 2389 3308 2444 Μετ’
3331 2389 3503 2458 ὀργῆς
3539 2389 3596 2441 δὲ
3631 2386 3725 2440 τοῦ
3759 2384 4023 2457 βασιλέως

2438 2479 2626 2537 τοῦτον
2669 2483 3181 2552 ἀποπεμψαμένου,
3235 2483 3460 2551 ἐποίησε
3514 2481 3781 2551 Σαμωνᾶς
3848 2480 4024 2549 μῆνας

2440 2579 2714 2648 τέσσαρας
2759 2580 2817 2630 ὲν
2855 2576 2934 2646 τῷ
2967 2579 3101 2646 οἴκῳ
3146 2575 3241 2629 τοῦ
3281 2575 3485 2646 Βάρδα.
3523 2574 3946 2642 Ἀπεσυνόψισεν
3969 2572 4027 2625 δὲ

2439 2672 2496 2723 ὲν
2538 2675 2602 2742 τῇ
2630 2671 3034 2742 αὐτοκρατορίᾳ
3090 2669 3185 2722 τοῦ
3245 2668 3510 2738 βασιλέως
3546 2668 3682 2737 (89).
3737 2667 3940 2735 Ἐφάνη
3969 2666 4027 2718 δὲ

2437 2766 2557 2816 τότε
2584 2763 2735 2817 καὶτὸ
2762 2765 3008 2832 κομήτης
3040 2761 3218 2832 ἀστὴρ
3242 2761 3342 2823 τὰς
3373 2762 3602 2824 ἀκτῖνας
3631 2760 3728 2812 ἐπὶ
3759 2757 4029 2826 ἀνατολὴ-,ι

2439 2857 2698 2924 πέμπων,
2725 2855 3177 2925 καὶιφαινόμενος
3205 2856 3264 2907 ὲν
3290 2852 3530 2924 ἡμέραις
3565 2851 3660 2905 καὶ
3689 2851 3808 2918 νυξλ⁵
3827 2865 4029 2904 τεσσα-

2443 2951 2702 3019 ράκοντα.

2505 3028 2845 3111 ”Εγέννησεν
2877 3039 3025 3113 [ndd.
3059 3040 3136 3113 δὲ]
3157 3040 3310 3094 Λέων
3335 3039 3448 3092 υἱὸν
3476 3037 3886 3092 Κωνοταντίνον
3921 3033 4030 3087 ἀπὸ

2443 3131 2599 3201 Ζωῆς
2635 3131 2734 3200 τῆς
2759 3133 3027 3202 τετάρτης
3069 3131 3236 3183 αὑτοῦ
3278 3129 3550 3201 γαμετῆς.
3595 3126 3930 3194 Ἐϐαπτίσθη
3971 3125 4028 3177 δὲ

2442 3223 2508 3274 τὰ
2540 3225 2670 3289 ἅγια
2698 3223 2858 3276 Φῶτα
2889 3223 2993 3276 ὑπὸ
3031 3223 3301 3276 Νικολάου
3333 3223 3673 3292 πατριάρχου
3717 3222 3775 3272 ἐν
3804 3221 3870 3289 τῇ
3917 3218 4029 3270 Me-

759 3317 906 3363 to::tc
944 3307 1252 3360 Menandro
1301 3306 1652 3374 imperatore,
1700 3303 1937 3358 Samona
1999 3303 2249 3373 patricio,
2283 3297 2401 3356 etC
2438 3315 2509 3376 γά

2283 3311 2334 3356 οι
2362 3297 2401 3352 C
2438 3311 2892 3384 γάλῃῈκκλησίᾳ
2929 3312 3238 3380 δεξαμένων
3267 3313 3431 3365 αὐτὸν
3474 3309 3824 3380 Ἀλεξάνδρου
3878 3306 4028 3377 βασις

759 3401 1076 3470 proceribus
1103 3397 1338 3459 cunctis,
1377 3396 1690 3462 baptizatus
1727 3403 1830 3448 est.
1861 3394 2108 3464 Contigit
2151 3405 2334 3451 autem

759 3497 1143 3562 imperatorem
1194 3505 1320 3545 cum
1368 3489 1477 3543 Zoe
1507 3489 1642 3542 festo
1690 3488 1999 3543 istiusmodi
2063 3486 2340 3542 celebrato

761 3587 1204 3643 benedicrionem
1284 3582 1580 3654 nuptialem
1647 3599 1675 3636 a
1731 3581 1940 3638 Thoma
2023 3582 2341 3653 presbytero

763 3681 1067 3750 suscipere,
1125 3678 1218 3747 qui
1259 3693 1378 3732 eam
1412 3676 1481 3731 ob
1513 3693 1626 3730 rem
1676 3675 1852 3731 oliicio
1892 3676 2179 3745 depositus
2236 3685 2339 3731 est.

765 3771 1024 3826 Eamdem
1061 3785 1186 3824 vero
1222 3767 1382 3822 Zoem
1431 3770 1732 3835 Augustam
1766 3768 2061 3822 declaravit
2111 3766 2344 3836 impera-

764 3872 868 3924 tor,
903 3876 1062 3930 quem
1103 3869 1391 3928 eapropter
1424 3858 1667 3913 ecclesiae
1693 3859 1976 3913 liminibus
2036 3857 2342 3928 patriarcha

763 3953 1044 4025 prohibuit
1099 3971 1112 4006 :
1172 3962 1231 4006 ut
1283 3951 1484 4006 exinde
1543 3954 1750 4021 pariter
1821 3953 2042 4006 dextera
2101 3951 2346 4006 ecclesiae

764 4053 938 4112 parte,
996 4043 1081 4096 via
1121 4052 1382 4096 consueta
1422 4043 1640 4112 penitus
1681 4043 1896 4107 relicta,
1957 4043 2023 4096 ad
2076 4042 2346 4096 Mitatori-

765 4136 910 4191 cium
942 4134 1115 4204 uSque
1146 4137 1528 4204 pertransiret.
1575 4134 1842 4190 Samonas
1889 4135 2086 4190 deinde
2123 4135 2346 4189 accubi-

697 4259 702 4263 ·
765 4239 1180 4300 tor,provectus
1207 4238 1311 4293 est,
1352 4227 1496 4298 quod
1522 4227 1588 4282 ad
1621 4243 1783 4282 omne
1816 4227 2029 4295 facinus
2058 4237 2112 4282 et
2163 4227 2345 4296 pravi-

765 4332 932 4378 tatem
972 4321 1284 4390 iinperatori
1319 4335 1541 4373 manum
1573 4319 1837 4388 prmberet
1884 4319 2206 4378 auxiliarem
2241 4337 2253 4371 :
2295 4327 2348 4372 et

765 4413 1028 4466 adversus
1091 4410 1702 4478 Eeclosiamcmperunt
1756 4409 2030 4464 meditari.
2080 4408 2345 4463 Vocatum

765 4504 968 4573 quippe
995 4502 1060 4555 ad
1089 4518 1146 4556 se
1169 4499 1451 4557 Nicolaum
1477 4501 1647 4576 484
1673 4502 2036 4568 patriarcham
2065 4500 2346 4556 Februarii

766 4596 853 4649 die
885 4595 1059 4664 primo
1097 4595 1348 4664 precibus
1385 4594 1664 4647 instabant
1701 4603 1758 4648 ut
1781 4594 1836 4646 in
1880 4593 2166 4648 ecclesiam
2205 4596 2376 4655 τεεί-ο,

2445 3406 2582 3466 lito;
2606 3406 2700 3456 καὶ
2744 3404 3012 3472 Σαμωνᾶς
3044 3403 3337 3472 πατρίκιος
3389 3401 3653 3474 [Σαμωνᾶ
3687 3396 4029 3469 πατρικίου],

2445 3499 2541 3550 καὶ
2571 3497 2677 3549 τῶν
2701 3497 2756 3548 ἐν
2781 3497 2928 3549 τέλει
2951 3497 3169 3550 πάντων
3193 3514 3206 3529 ο
3243 3497 3438 3564 γέγονε
3485 3496 3542 3548 δὲ
3569 3495 3662 3547 τὸν
3693 3493 3916 3564 βασιλέα
3945 3493 4029 3544 6'3-

2445 3588 2744 3658 λογηθῆναι
2775 3589 2915 3657 μετὰ
2955 3590 3108 3657 Ζωῆς
3147 3589 3283 3657 μετὰ
3316 3588 3414 3657 τὴν
3454 3588 3650 3657 ἑορτὴν
3682 3585 3833 3652 παρὰ
3861 3584 4030 3651 Θωμᾶ

2449 3695 2550 3748 πρε
2561 3676 2847 3748 σϐυτέρου,
2868 3677 2926 3741 ὃς
2950 3677 3253 3748 καθῃρέθη.
3273 3678 3634 3746 ’Ᾱνηγὸρευσε
3658 3675 3714 3728 δὲ
3733 3678 3832 3743 τὴν
3864 3674 4032 3743 αὐτὴν

2448 3769 2604 3839 Ζωὴν
2635 3771 2715 3830 εἰς
2764 3769 3102 3836 Αὑγοῦσταν.
3161 3769 3270 3821 Καὶ
3301 3768 3387 3821 διὰ
3427 3767 3588 3820 τοῦτο
3633 3767 3725 3819 τὸν
3759 3765 3980 3833 βασιλέα
4008 3766 4033 3815 6

2449 3865 2796 3934 πατριάρχης
2823 3866 2902 3925 εἰς
2928 3864 3027 3932 τὴν
3044 3863 3344 3932 ἐκκλησίαν
3365 3861 3640 3914 ἐκώλυσεν
3658 3859 4001 3930 εἰσέρχεσθαι
4019 3875 4031 3887 ο

2448 3957 2569 4010 ὅθεν
2620 3956 2873 4025 διήρχετο
2903 3956 3010 4008 ἀπὸ
3057 3955 3151 4007 τοῦ
3185 3954 3363 4019 δεξιοῦ
3399 3955 3599 4024 μέρους
3631 3953 3791 4024 μέχρι
3820 3951 3914 4004 τοῦ
3947 3967 4032 4020 μι·

2448 4047 2784 4118 τατορικίου,
2851 4046 3098 4114 μηδὸλως
3131 4047 3210 4109 εἰς
3258 4047 3326 4097 τὰ
3374 4046 3517 4098 κατὰ
3577 4045 3864 4114 συνήθειαν
3895 4042 4033 4112 διερ-

2450 4143 2698 4212 χόμενος.
2753 4139 3072 4211 Προεϐλήθη
3121 4140 3177 4192 δὲ
3233 4141 3500 4208 Σαμωνᾶς
3539 4138 4034 4207 παρακοιμώμενος

2449 4234 2536 4286 διὰ
2561 4234 2619 4286 τὸ
2657 4229 2798 4285 εἶναι
2827 4231 2904 4301 τῷ
2937 4231 3150 4299 βασιλεῖ
3182 4232 3441 4299 συνεργὸς
3472 4232 3608 4299 πρὸς
3641 4232 3824 4282 πᾶσαν
3853 4245 4035 4298 παρα·

2451 4326 2642 4396 νομίαν
2673 4327 2765 4377 καὶ
2802 4325 3022 4387 κακίαν,
3051 4325 3145 4376 καὶ
3173 4325 3314 4376 κατὰ
3337 4323 3436 4391 τῆς
3478 4322 3803 4390 Ἐκκλησξας
3835 4320 4036 4390 ῆρΞατο

2453 4415 2734 4488 [ἤρξαντο]
2775 4417 3024 4486 μελετᾷν.
3069 4417 3583 4486 Προσκαλεσάμενοι
3628 4417 3736 4482 γὰρ
3771 4411 4037 4465 Νικόλαον

2451 4511 2800 4580 πατριάρχην
2849 4508 3218 4578 Φεϐρουαρίου
3273 4507 3491 4578 πρώτῃ,
3549 4504 3845 4558 καὶπολλὰ
3875 4504 4036 4556 λιπαο

2457 4602 2724 4671 ρήσαντες
2753 4600 3029 4670 δεχθῆναι,
3055 4599 3179 4652 ἐπεὶ
3204 4600 3388 4652 πεῖσαι
3417 4599 3516 4651 οὐκ
3540 4596 3904 4666 ἠδυνήθησαν,
3932 4597 4038 4648 ἀπὸ

766 4699 1032 4759 perentur
1052 4706 1064 4742 :
1088 4698 1145 4742 ut
1173 4702 1302 4742 vero
1329 4686 1546 4746 ﬂectere
1581 4703 1688 4749 non
1720 4697 2030 4756 potuerunt,
2051 4703 2079 4742 a
2098 4688 2350 4757 convivio
2384 4674 2426 4728 Π
2453 4711 2514 4747 το

2282 4689 2350 4743 tio
2384 4674 2426 4728 D
2453 4695 2548 4747 τοῦ
2579 4694 2867 4764 κλητορίου
2893 4693 2977 4746 διὰ
3003 4691 3098 4744 τοῦ
3137 4693 3524 4754 Βουκολέοντος
3548 4693 3606 4742 ὲν
3640 4690 3814 4759 πλοίῳ
3853 4688 4035 4759 μικρῷ

766 4783 1010 4852 publico,
1064 4782 1132 4837 ad
1190 4781 1335 4852 quod
1393 4789 1621 4836 vocatus
1666 4780 1844 4834 fuerat
1887 4780 2144 4849 ejectum,
2175 4793 2226 4836 et
2255 4798 2348 4850 per

769 4875 1159 4929 Bucoleontem
1187 4875 1436 4939 ductum,
1469 4873 1726 4942 lintrique
1757 4872 2096 4942 impositum,
2134 4874 2186 4928 in
2219 4873 2346 4929 Hie—

770 4969 907 5023 riam
933 4969 1284 5038 trajecerunt,
1313 4983 1343 5023 e
1368 4982 1474 5037 qua
1509 4965 1763 5036 pedesad
1795 4964 2128 5022 Galacrenos
2158 4983 2331 5038 usque

2457 4786 2878 4855 ἐμϐιϐάσαντες,
2910 4787 3239 4857 διεπέρασαν
3266 4788 3324 4838 ὲν
3353 4788 3417 4855 τῇ
3475 4785 3609 4854 Ὶρία
3640 4783 3892 4856 [Ίερεέα]
3947 4786 4037 4850 ἀφ’

2454 4876 2520 4952 ἧς
2551 4879 2689 4950 πεζῇ
2726 4880 2888 4952 μέχρι
2910 4877 3278 4949 Γαλακρηνῶν
3306 4878 3460 4948 μόλις
3499 4877 3686 4947 ἀπῄει,
3713 4877 3888 4945 χιόνος
3921 4875 4036 4945 (9οὶ

2442 4974 2802 5045 ἐπικειμένης
2847 4973 3072 5042 πολλῆς.
3131 4971 3537 5042 Χειροτονεῖται
3586 4971 3642 5024 6‘s
3698 4970 3814 5023 ἀντ’
3870 4967 4035 5022 αὑτοῦ

1905 5127 2033 5180 FBA
2045 5126 2154 5184 ΝΟ.
2188 5129 2572 5190 COMBEFISII
2636 5133 2870 5190 NUTIE.

847 5250 957 5320 (88)
986 5252 1112 5304 Ὅτε
1153 5267 1267 5318 παρ
1312 5250 1476 5302 αὖτοῦ
1497 5249 1766 5320 ἑρωτηθῇ,
1799 5265 1917 5303 cum
1948 5251 2010 5314 ab
2037 5266 2098 5305 eo
2121 5251 2347 5306 interro-

773 5332 1020 5392 geretur;
1073 5321 1178 5375 sub
1239 5321 1530 5390 praesentia
1579 5321 2103 5392 scilicetisenatus,
2158 5337 2268 5376 non
2318 5339 2350 5378 a
2383 5326 2398 5335 ’

774 5391 966 5469 Senatu
991 5402 1096 5469 ;__ut
1117 5392 1255 5469 male
1280 5407 1602 5469 expressum
1633 5406 1699 5469 ac
1732 5391 2030 5469 redditum.

848 5463 962 5530 (89)
999 5461 1576 5531 Horu’minter‘pretem
1623 5461 1790 5515 alium
1833 5463 2000 5518 nolim
2030 5477 2194 5531 quam
2224 5463 2343 5519 Vat.

777 5533 1253 5590 Continuatorem.
1289 5547 1355 5586 ex
1384 5549 1493 5601 quo
1523 5533 1602 5585 sic
1644 5531 1881 5585 Leonem
1912 5534 2204 5601 scripsisse
2233 5550 2351 5588 om-

777 5603 1182 5676 ninoconjicig,
1221 5603 1331 5655 ἀπὸ
1381 5603 1654 5670 συνόψεως
1689 5605 1745 5654 ἐν
1774 5605 1840 5672 τῇ
1877 5605 2226 5676 κουρατῳρίᾳ
2254 5605 2349 5658 τοῦ

781 5673 1064 5744 βασιλέως.
1113 5673 1232 5744 Egit
1295 5689 1494 5727 menses
1554 5685 1787 5740 quatuor
1833 5675 1959 5727 auia
2004 5673 2252 5730 exclusus
2298 5678 2355 5729 in

779 5743 976 5800 Bai-dte
994 5743 1172 5807 domo,
1193 5760 1310 5812 qua:
1342 5745 1678 5807 imperatoris
1719 5745 1908 5811 peculii
1936 5761 1998 5797 ac
2021 5747 2136 5812 ﬁsci
2162 5749 2354 5811 privati

777 5824 913 5868 erat.
949 5815 1042 5869 Sic
1068 5831 1260 5882 nempe
1324 5813 1577 5867 conferto
1630 5813 1827 5880 Barda,
1878 5831 1971 5869 eas
2045 5815 2148 5870 sibi
2209 5818 2355 5871 mdes

780 5883 1012 5941 Basilius
1059 5885 1342 5940 addixerat
1388 5904 1397 5937 :
1445 5885 1652 5955 hocque
1699 5899 1780 5941 est
1841 5888 2216 5957 κουρατωρὶα,
2280 5890 2355 5940 uti

2457 5257 2643 5313 videre
2671 5265 2756 5312 est
2800 5273 2853 5326 p.
2902 5258 3008 5311 M2
3047 5266 3103 5310 et
3151 5257 3275 5312 504.
3327 5255 3523 5308 Mirum
3572 5268 3737 5326 quam
3769 5253 4042 5309 excedant

2463 5343 2585 5397 qua),
2603 5329 2706 5383 sihi
2743 5324 3010 5396 interpres
3059 5336 3408 5381 commentus
3459 5336 3562 5379 est.
3597 5324 3730 5378 Vide
3762 5335 3832 5397 et.
3855 5337 4038 5379 notata

2461 5396 2585 5470 pag.
2621 5397 2750 5470 474,
2782 5400 2871 5452 ubi
2897 5406 2952 5452 et
2986 5399 3154 5470 relata
3189 5398 3460 5470 An_ony_mi
3509 5397 3679 5470 verba
3708 5396 3911 5470 quibus
3930 5399 4042 5470 _hic

2461 5467 2625 5524 nitor.
2665 5469 2779 5524 Vox
2835 5469 3226 5539 μητατορίκιον
3255 5468 3312 5524 Ρ.
3361 5467 3508 5521 Goar
3539 5468 3811 5536 explicata
3838 5468 3891 5520 in
3929 5467 4042 5520 Eu-

2460 5541 2733 5609 ehologio,
2763 5551 2816 5594 et
2857 5541 3001 5609 apud
3029 5539 3191 5594 Cedr.

2532 5606 2837 5682 (90iCedr.
2868 5606 3063 5682 χρόνον
3106 5611 3256 5681 legit,
3293 5624 3415 5682 eum
3447 5609 3524 5665 sic
3555 5607 3730 5672 elTert,
3771 5606 4043 5682 06:025.;

2465 5678 2711 5750 παρῆλθε
2747 5678 2959 5750 καιρός,
2996 5683 3132 5735 brevi
3167 5678 3451 5748 'imerjecto
3500 5690 3732 5745 tempore
3760 5678 4043 5731 ordinatur

2467 5752 2806 5806 Erit/inmitis.
2838 5753 3010 5806 Etiam
3044 5755 3339 5806 Anonvm..
3363 5751 3558 5806 γρόνου
3588 5751 3642 5801 δὲ
3685 5749 4037 5806 ἐπικειμένου

2471 5769 2806 5821 Lttmymms.
2838 5769 3010 5806 inuam
3044 5769 3339 5820 anonym.,
3363 5769 3558 5818 χρονου
3588 5769 3642 5801 οε
3685 5769 3999 5816 επτκειμενο

2471 5825 2681 5889 πολλοῦ,
2722 5825 2810 5878 ubi
2850 5825 3185 5879 resumenda
3214 5833 3428 5892 negatio
3462 5839 3522 5875 ex
3561 5823 3723 5874 allatu
3753 5819 3911 5874 Cedr.
