4440 6446
400 412 538 481 1113

1675 417 1771 476 Cll
1782 415 2033 478 RONOG
2049 416 2330 480 RAPHIA
2345 469 2357 482 .

3538 419 3675 486 illi

392 525 667 596 Εὐθύμιος
696 524 991 594 σύγκελλος
1018 525 1161 596 ἀνὴρ
1207 525 1566 598 ἱεροπρεπὴς,
1614 527 1891 600 ἐγκρατής
1921 545 1978 581 τε
2008 536 2058 595 Α
2089 531 2138 584 ni

1921 545 1978 581 τε
2008 536 2058 595 Α
2089 531 2211 587 nive
2234 533 2402 587 multa
2434 533 2714 589 delibutus
2747 535 3016 601 pcrvenit.
3064 535 3126 590 In
3158 535 3280 605 eius
3328 534 3505 591 locum
3567 535 3674 590 Eu-

391 620 485 672 καὶ
518 618 751 689 εὐλαϐὴς
777 619 916 672 πάνυ
937 635 950 650 ⁸
985 620 1046 672 ὃν
1098 635 1229 687 φασι
1258 618 1662 682 καταδέξασθαι
1722 619 1881 674 τοῦτο
1914 623 1979 674 ὲκ

392 709 544 772 θείας
577 709 997 779 ἀποκαλύψεως,
1043 709 1119 773 ὡς
1153 709 1247 764 τοῦ
1279 709 1545 780 βασιλέως
1583 711 1976 783 βουλευομένου

391 804 603 877 αἵρεσιν
623 804 716 858 καὶ
731 803 897 874 νόμον
926 802 1186 882 ἐκθεῖναι,
1212 802 1306 856 τοῦ
1336 803 1480 872 ἔχειν
1507 804 1677 874 ἄνδρα
1700 805 1809 874 (91)
1830 807 1979 873 τρεῖς

392 908 655 973 γυναῖκας
688 904 721 973 ἦ
752 902 1027 972 τέσσαρας
1046 918 1061 932 ’
1097 900 1308 954 πολλῶν
1338 902 1417 964 εἰς
1448 900 1604 954 τοῦτο
1633 902 1978 968 λογιωτάτων

392 997 602 1068 ἀνδρῶν
629 994 1038 1066 συνεργούντων
1068 995 1233 1048 αὐτόν
1259 993 1478 1067 [adtrib].
1523 996 1727 1063 Ἰουνίῳ
1757 996 1813 1049 δὲ
1847 994 1979 1066 μηνὶ

394 1087 745 1161 προσεκλήθη
786 1088 937 1141 Λέων
968 1089 997 1141 6
1056 1086 1312 1155 βασιλεὺς
1348 1087 1501 1156 παρὰ
1560 1088 1977 1140 Κωνσταντίνου

391 1181 488 1234 τοῦ
512 1179 676 1241 Λισὸς
707 1181 764 1232 ὲν
792 1180 858 1250 τῇ
895 1180 1030 1249 μονῇ
1053 1175 1217 1231 αὑτοῦ
1243 1180 1309 1249 τῇ
1341 1176 1479 1251 οὔσῃ
1508 1178 1566 1230 ἐν
1598 1177 1675 1248 τῷ
1700 1179 1981 1249 Μερδοσα-

392 1273 541 1346 γάρῃ
567 1270 662 1324 τοῦ
683 1288 743 1323 τε
776 1271 1000 1340 ποιῆσαι
1027 1268 1095 1323 τὰ
1123 1270 1375 1338 ὲγκαίνια
1408 1270 1502 1324 καὶ
1532 1272 1847 1339 ἀριστῆσαι.
1868 1273 1980 1325 Καὶ

392 1366 616 1432 γέγονεν
671 1364 875 1434 ἄνεμος
922 1366 951 1417 6
995 1362 1289 1433 λεγόμενος
1322 1362 1450 1432 Λὶψ,
1487 1363 1591 1427 ἕως
1625 1364 1813 1434 τρίτου
1845 1382 1977 1435 σφο·

392 1458 536 1529 δρῶς
569 1460 843 1528 φυσήσας,
878 1457 1174 1519 συσσείσας
1209 1474 1270 1509 τε
1316 1458 1410 1510 καὶ
1437 1457 1670 1527 δονήσας
1698 1459 1978 1526 οἰκήματα

396 1552 488 1605 καὶ
519 1551 834 1620 ἐκκλησίας,
872 1550 1014 1605 ὥστε
1045 1550 1257 1614 πάντας
1294 1550 1521 1619 φεύγειν
1573 1554 1631 1604 ὲν
1687 1550 1979 1622 ὑπαίθροις

393 1644 580 1706 τόποις
609 1644 870 1712 λέγοντας
921 1644 1236 1697 συντέλειαν
1282 1642 1556 1714 κοσμικὴν
1606 1638 1770 1708 εἶναι,
1810 1645 1858 1696 εἰ
1902 1643 1978 1713 μὴ

394 1736 555 1808 ἡτοῦ
607 1736 743 1790 Θεοῦ
790 1736 1173 1806 φιλανθρωπία
1220 1738 1285 1789 δι’
1336 1736 1561 1807 ὄμϐρων
1604 1736 1845 1789 ἔπαυσεν
1880 1736 1980 1805 τὴν

392 1831 648 1901 τοιαύτην
673 1829 921 1902 θραῦσιν.

467 2066 809 2138 Προεσάλετο
835 2065 892 2120 δὲ
940 2068 967 2120 6
1003 2064 1255 2135 βασιλεὺς
1297 2064 1529 2136 Ἱμέριον
1561 2065 1852 2135 λογοθέτην
1882 2064 1977 2118 τοῦ

392 2163 598 2235 δρόμου
650 2161 894 2231 κεφαλὴν
946 2160 1166 2214 πάντων
1194 2159 1303 2213 τῶν
1334 2160 1622 2228 πλωϊμων.·
1670 2158 1978 2225 ἐξελθόντος

391 2255 484 2310 τοῦ
512 2254 699 2308 στόλου
731 2252 837 2306 τῶν
881 2250 1199 2321 Ἀγαρηνῶν
1219 2250 1359 2303 κατὰ
1399 2248 1703 2319 Ῥωμαίων.
1734 2248 1980 2314 Ἐδέξατο

391 2348 447 2402 δὲ
482 2348 576 2401 καὶ
623 2346 960 2415 Ἀνδρόνικος
993 2347 1020 2398 6
1060 2343 1185 2409 δοὺξ
1213 2343 1301 2397 διὰ
1351 2342 1657 2407 κελεύσεως
1703 2342 1980 2396 συνελθεῖν

404 2441 624 2511 Ἱμερίῳ
653 2438 913 2509 λογοθέτῃ
945 2440 1003 2491 ὲν
1022 2440 1134 2499 τοῖς
1158 2435 1387 2500 πλοίοις,
1410 2436 1504 2491 καὶ
1522 2437 1979 2507 καταπολεμῆσαι

390 2536 517 2597 τοὺς
556 2533 911 2603 ’Δγαρηνούς.
971 2530 1031 2584 ’0
1072 2530 1128 2583 δὲ
1179 2531 1447 2601 Σαμωνᾶς
1496 2524 1563 2600 ἦν
1625 2529 1979 2594 ἀδιάλλακτος

392 2624 586 2702 ἐχθρὸς
613 2623 707 2677 τοῦ
756 2622 1119 2693 Ἀνδρονίκου,
1141 2622 1236 2676 καὶ
1264 2622 1435 2675 πολλὰ
1456 2623 1577 2675 κατ’
1606 2622 1772 2676 αὐτοῦ
1804 2622 1979 2693 διηνεο

392 2720 504 2783 κῶς
559 2717 978 2782 συνεσκεύαζεν.
1033 2718 1130 2770 καὶ.
1187 2718 1506 2787 ἐμηχανᾶτο
1557 2716 1810 2783 κακῶσαι
1887 2719 1979 2769 τὸν

405 2812 744 2881 Ἀνδρόνικον
770 2812 937 2864 παντὶ
969 2811 1157 2880 τρόπῳ
1187 2810 1282 2863 καὶ
1312 2810 1461 2882 πάσῃ
1486 2810 1688 2881 σπουδῇ
1708 2810 1980 2880 διαμηχα-

334 2936 335 2939 η
391 2902 633 2974 νὼμενος
664 2902 772 2956 ἀπὸ
818 2903 918 2971 τῆς
951 2900 1118 2954 αὑτοῦ
1171 2901 1370 2971 φυγῆς.
1432 2900 1702 2956 ’Υπέϐαλε
1756 2901 1813 2955 δέ
1870 2920 1979 2955 τινι

392 2996 601 3067 γράψαι
630 2995 707 3063 τῷ
757 2994 1079 3065 Ἀνδρονίκῳ
1117 2996 1334 3065 κρύφαο
1366 2996 1456 3066 Μὴ
1511 2994 1760 3066 εἰσέλθῃς
1807 2997 1886 3056 εἰς
1912 2994 1980 3049 τὰ

392 3091 653 3161 καράὸια,
688 3090 782 3143 καὶ
814 3089 1093 3160 κρατηθῇς
1146 3089 1298 3160 παρὰ.
1342 3088 1599 3160 Ἱμερίου.
1644 3088 1703 3142 Ὀ
1732 3090 1841 3160 γὰρ
1873 3090 1980 3143 Σα-

396 3184 579 3254 μωνᾶς
614 3182 856 3253 ὑπέθηκε
886 3180 964 3253 τῷ
1004 3181 1214 3251 βασιλεί
1242 3180 1338 3234 τοῦ
1390 3181 1733 3251 κρατηθῆναί
1769 3200 1850 3247 σε,
1884 3184 1981 3237 καὶ

2080 622 2322 694 thymius
2360 626 2634 696 syncellus
2666 628 2748 681 vir
2771 626 2975 695 gravis,
3009 626 3369 695 temperantia
3388 637 3440 681 et
3468 626 3670 694 pietate

2081 715 2341 785 insignis,
2382 717 2640 773 suffectus
2673 729 2758 774 est
2794 736 2807 774 :
2843 734 3004 789 quem
3028 718 3222 774 dicunt
3247 718 3435 773 divina
3463 718 3675 773 revela-

2081 809 2227 863 tione
2254 810 2306 864 id
2336 811 2580 867 muneris
2596 812 2929 882 suscepisse.
2959 810 3351 867 Volebatenim
3373 811 3676 881 imperator

2082 905 2332 960 haeresim
2371 915 2426 960 et
2479 905 2653 977 legem
2721 921 2947 975 ponere,
2995 922 3104 978 qua
3142 905 3321 960 virum
3378 914 3489 960 tres
3539 920 3675 975 qna-

2083 1002 2274 1051 tuorve
2310 1012 2514 1053 uxores
2541 998 2746 1056 ducere
2794 997 3007 1065 liceret,
3055 998 3306 1070 pluribus
3339 996 3675 1053 doctissimis

2080 1091 2216 1146 viris
2243 1091 2311 1146 ad
2338 1091 2390 1146 id
2426 1107 2585 1163 opem
2610 1092 3044 1147 conferentibus.
3069 1091 3239 1147 Junio
3265 1098 3450 1145 autem
3485 1104 3675 1144 mense

2080 1186 2383 1256 imperator
2413 1185 2522 1241 Leo
2551 1201 2578 1240 a
2613 1185 2982 1241 Constantino
3012 1184 3144 1239 Libe
3172 1185 3229 1239 in
3268 1181 3667 1239 monasterium

2086 1276 2154 1331 ad
2198 1275 2640 1346 Merdosagarem
2684 1278 2949 1348 positum,
3000 1286 3062 1331 ut
3121 1277 3243 1346 ejus
3278 1275 3673 1331 dedicationem

2079 1369 2398 1435 celebraret,
2447 1380 2501 1425 et
2527 1370 2742 1426 adesset
2787 1370 3062 1433 convivio,
3097 1377 3328 1425 vocatus
3370 1376 3475 1422 est.
3515 1366 3674 1419 Post-

2083 1463 2200 1518 litec
2222 1471 2417 1519 ventus
2442 1465 2664 1518 nomine
2680 1463 2896 1518 Africus
2925 1478 3022 1533 per
3037 1461 3157 1517 dies
3174 1470 3289 1516 tres
3328 1458 3558 1514 invaluit
3585 1471 3679 1510 ve—

2084 1557 2494 1612 hementissime
2552 1558 2793 1626 spirans,
2826 1555 3169 1620 concutiens,
3218 1562 3274 1608 ct
3295 1563 3552 1608 evertens
3586 1550 3677 1604 do-

2084 1665 2204 1704 mos
2240 1670 2253 1705 :
2287 1651 2422 1705 adeo
2450 1658 2510 1705 ut
2536 1664 2733 1705 omnes
2772 1650 2837 1703 ad
2881 1648 2999 1703 loca
3041 1648 3345 1703 subdivalia
3404 1646 3673 1716 fugerent,

2082 1751 2139 1797 et
2177 1744 2365 1798 mundi
2397 1743 2559 1797 ﬁnem
2618 1742 2949 1796 adventasse
3005 1740 3355 1810 cogitarent:
3388 1737 3492 1793 nisi
3531 1736 3675 1790 Deus

2086 1852 2184 1892 sua
2222 1838 2275 1893 in
2308 1837 2559 1891 homines
2614 1835 2956 1905 benignitate
3012 1832 3442 1888 concussionem
3482 1815 3676 1900 hujus-

2015 1944 2060 2001 Β
2086 1931 2232 1986 modi
2262 1930 2581 2000 placandam
2610 1928 2873 2000 iussisset

2156 2070 2454 2140 Imperator
2476 2078 2659 2123 autem
2716 2066 3041 2133 llimerium,
3070 2082 3267 2124 cursus
3287 2065 3487 2136 publici
3524 2064 3675 2133 logo-

2083 2165 2315 2226 thetam,
2346 2161 2539 2217 classis
2584 2161 2752 2215 totius
2805 2168 2969 2230 caput
2999 2159 3255 2214 instituit.
3292 2158 3674 2229 Agarenorum

2083 2272 2212 2311 vero
2247 2254 2427 2310 navali
2457 2254 2702 2309 exercitu
2729 2253 3000 2308 adversus
3032 2254 3312 2307 Romanos
3346 2261 3518 2312 moto,
3554 2252 3664 2301 An-

2083 2347 2343 2403 dronicus
2370 2346 2503 2409 dux,
2533 2355 2592 2400 ut
2618 2360 2677 2401 se
2722 2346 2777 2399 in
2823 2344 3061 2399 navibus
3098 2342 3341 2399 llimerio
3386 2342 3679 2411 logothetaa

2084 2439 2428 2508 adjungerct,
2473 2447 2528 2492 et
2587 2438 2873 2509 Agarenos
2913 2446 3274 2507 oppugnaret,
3332 2436 3524 2506 jussus
3570 2444 3671 2488 est.

2083 2534 2203 2602 Quo
2244 2543 2487 2603 tempore
2524 2531 2798 2588 Samonas
2829 2532 2881 2585 in
2915 2530 3299 2585 Andronicum
3345 2529 3677 2599 implacatus

2085 2626 2493 2697 perseverabat,
2531 2625 2815 2694 multaque
2842 2622 3111 2679 adversus
3137 2639 3262 2677 eum
3290 2622 3682 2683 comminisce-

2085 2723 2269 2786 batur,
2294 2730 2349 2775 et
2372 2720 2631 2776 omnibus
2665 2720 2842 2775 modis
2868 2720 3131 2790 omnique
3157 2719 3338 2774 studio
3363 2716 3679 2772 Andronico

2084 2814 2393 2869 molestiam
2456 2812 2685 2876 inferre,
2718 2828 2782 2867 ex
2819 2827 2928 2881 qua
2956 2810 3141 2882 fugam
3182 2811 3298 2881 ipse
3345 2810 3677 2879 arripuerat,

2084 2906 2473 2962 meditabatur.
2510 2906 2797 2976 Suggessit
2822 2915 3003 2960 autem
3032 2904 3248 2959 cuidam
3282 2903 3377 2973 qui
3410 2902 3681 2957 scriberet

2082 2998 2399 3053 Andronico
2426 3005 2642 3053 secreto
2679 3015 2691 3050 :
2721 2995 2799 3052 Ne
2834 3012 3003 3052 naves
3047 2993 3395 3066 ingrediaris,
3427 3007 3496 3048 ne
3537 2992 3681 3047 forte

2084 3090 2323 3159 capiaris
2360 3089 2428 3143 ab
2455 3089 2722 3144 llimerio.
2759 3087 3034 3144 Samonas
3060 3086 3209 3141 enim
3247 3085 3527 3156 suggessit
3573 3084 3680 3137 imo

2084 3181 2347 3252 peratori,
2378 3190 2438 3235 ut
2467 3181 2534 3235 ab
2565 3196 2631 3235 eo
2660 3180 3119 3249 comprehensus,
3150 3175 3344 3231 oculos
3371 3175 3676 3228 amitteres.

389 3276 742 3345 τυφλωθῆναι
783 3275 913 3345 παρ’
967 3273 1154 3330 αὐτοῦ.
1204 3273 1383 3327 Πολλὰ
1415 3274 1473 3327 δὲ
1528 3276 1977 3346 προτρεπομένου
2007 3296 2052 3358 c
2085 3275 2142 3330 lli

1922 3294 1977 3330 ου
2007 3296 2052 3358 c
2085 3275 2330 3331 llimerio
2369 3274 2574 3330 exinde
2624 3272 3008 3327 Andronicum
3038 3264 3293 3339 pluribus
3324 3267 3675 3329 adhortante,

405 3369 640 3440 Ἰμερίου
686 3369 1025 3438 Ἀνδρόνικον
1060 3367 1322 3421 εἰσελθεῖν
1353 3368 1411 3420 ὲν
1445 3370 1558 3431 τοῖς
1592 3368 1801 3432 πλοίοις
1837 3368 1980 3421 κατὰ

392 3461 501 3514 τῶν
546 3461 864 3532 ’Δγαρηνῶν
891 3459 1003 3529 (92)
1051 3459 1418 3529 ἐπικειμένων
1447 3457 1601 3531 [add.
1635 3462 1736 3513 οὐκ
1793 3460 1980 3531 ἐθέλη-

392 3551 527 3624 σῖν].
569 3552 805 3623 Ἱμέριος
839 3551 896 3603 δὲ
952 3551 1114 3621 μόνος
1144 3553 1202 3602 ὲν
1234 3549 1419 3621 ἡμέρᾳ
1468 3550 1562 3603 τοῦ
1609 3552 1766 3619 ἁγίου
1805 3551 1978 3621 Θωμᾶ

393 3644 684 3715 συμϐαλὼν
716 3642 951 3712 πόλεμον
1012 3641 1153 3711 μετὰ
1203 3640 1313 3693 τῶν
1356 3642 1678 3711 Ἀγαρηνῶν
1730 3641 1978 3713 μεγάλην

391 3739 550 3805 νίκην
570 3734 886 3806 εἰργάσατο.
907 3733 1079 3788 Τοῦτο
1112 3732 1300 3805 μαθὼν
1344 3734 1682 3802 Ἀνδρόνικος
1705 3735 1978 3803 ἀπογνοὺς

393 3829 510 3899 ἄμα
535 3826 855 3895 συγγενέσιν
886 3825 1051 3879 αὐτοῦ
1097 3824 1351 3878 ἀπελθὼν
1385 3828 1694 3897 ἐκράτησεν
1738 3826 1978 3897 κάστρον

390 3927 490 3996 τὴν
538 3922 853 3987 Κάὅδαλαν,
892 3925 973 3985 εἰς
1015 3921 1230 3975 τελείαν
1262 3923 1603 3977 ἀποστασίαν
1657 3922 1865 3977 aed»-
1903 3923 1978 3988 ὡς

392 4020 565 4071 εἰπεῖν
591 4017 685 4070 καὶ
706 4016 976 4086 Σαμωνᾶν
1006 4015 1145 4086 πρὸς
1192 4016 1284 4069 τὸν
1317 4016 1567 4086 βασιλέα·
1625 4017 1738 4071 Οὐκ
1770 4018 1975 4085 ἔλεγον,

392 4108 435 4166 ὣ
464 4113 722 4175 δέσποτα,
748 4109 1022 4179 ἀντὰρτην
1046 4105 1183 4161 εἷναί
1220 4126 1313 4161 σου
1343 4109 1433 4161 τὸν
1468 4109 1678 4177 δοῦκας
1726 4112 1976 4182 Παρευθὺ

392 4201 712 4258 ἀπέστειλεν
738 4204 765 4255 6
797 4200 1052 4271 βασιλεὺς
1076 4200 1359 4271 Γρηγορᾶν
1390 4201 1709 4271 δομέστικον
1731 4203 1841 4256 τῶν
1864 4220 1981 4273 σχο-

393 4295 500 4346 λῶν
558 4294 650 4345 τὸν
713 4292 1006 4361 λεγόμενον
1072 4291 1379 4361 Ἰϐηρίτξην
1428 4292 1805 4365 συμπένθερον
1849 4293 1980 4347 ὄντα

407 4387 771 4456 Ἀνδρονίκου,
802 4384 1255 4454 καταπολεμῆσαι
1284 4385 1469 4437 αὐτόν.
1505 4385 1711 4438 Μαθὼν
1741 4387 1797 4439 δὲ
1822 4387 1980 4440 τοῦτο

405 4480 762 4550 Ἀνδρόνικος,
794 4479 889 4531 καὶ
917 4478 992 4539 ὡς
1021 4480 1049 4530 6
1072 4479 1422 4549 πατριάρχης
1457 4478 1726 4543 Νικόλαος
1752 4480 1854 4550 τῆς
1890 4482 1981 4534 ὲκ-

392 4573 623 4642 κλησιας
666 4571 899 4642 ἂξεώθη,
937 4572 1287 4642 προσέφυγεν
1333 4575 1447 4635 τοῖς
1487 4573 1826 4641 Ἀγαρηνοῖς,
1861 4575 1979 4645 ἅμα

2083 3380 2142 3425 ut
2160 3368 2355 3425 classis
2392 3369 2611 3423 adesset
2638 3380 2848 3430 comes,
2874 3373 2930 3419 et
2963 3378 3088 3417 cum
3118 3359 3387 3423 Agarenis
3426 3358 3541 3428 jam
3574 3357 3678 3410 im-

2083 3462 2421 3518 minentibus
2459 3461 2787 3521 decertaret,
2858 3472 2967 3512 non
2992 3454 3238 3510 admisit.
3272 3451 3556 3507 llimerius
3580 3448 3682 3521 igi-

2082 3568 2171 3614 tur
2222 3557 2373 3613 solus
2407 3555 2497 3611 die
2540 3554 2719 3609 sancti
2775 3551 3022 3618 Thomas,
3059 3550 3196 3604 inito
3231 3563 3359 3604 cum
3412 3544 3681 3617 Agarenis

2080 3653 2290 3723 praelio,
2323 3664 2577 3719 magnam
2616 3643 3272 3718 reportavitlvictoriam.
3306 3640 3428 3707 Quo
3463 3638 3679 3701 audito,

2080 3744 2134 3798 in
2165 3742 2607 3812 desperationem
2661 3739 2933 3794 adductus
2975 3735 3342 3799 Andronicus,
3399 3732 3455 3786 in
3498 3738 3683 3786 extre-

2082 3852 2227 3891 mam
2252 3834 2617 3890 defectionem
2665 3832 3068 3903 pratcipitatus,
3113 3826 3542 3896 consanguineis
3592 3823 3682 3876 fu-

2078 3944 2202 4000 gam
2228 3929 2634 3993 comitantibus,
2673 3936 2915 3981 castrum
2946 3924 3240 3980 Cabbalam
3263 3920 3554 3990 occupavit
3578 3933 3678 3973 :ex

2080 4039 2190 4093 quo
2213 4022 2479 4078 Samonas
2505 4022 2822 4092 imperatori
2849 4018 3260 4090 improperabat
3288 4034 3302 4069 :
3332 4014 3527 4069 Nonne
3544 4028 3682 4083 prae-

2079 4116 2349 4179 dixeram,
2378 4114 2622 4179 domine,
2663 4117 2857 4169 ducem
2892 4113 3184 4167 adversum
3226 4119 3277 4163 te
3324 4106 3677 4162 rebellionem

2081 4207 2338 4262 meditari
2369 4208 2391 4260 ?
2417 4207 2613 4261 Statim
2650 4222 2784 4277 ergo
2839 4206 2992 4260 misit
3046 4206 3348 4274 imperator
3378 4200 3680 4270 Gregoram
3756 4229 3763 4233 -

2080 4300 2397 4355 scholarum
2447 4300 2811 4355 domesticum
2845 4338 2861 4360 ,
2910 4306 3282 4367 cognomento
3335 4292 3679 4354 Hiberitzen,

2081 4394 2382 4449 Andronici
2441 4409 2842 4455 consocerum,
2884 4400 2945 4445 ιιι
2991 4402 3114 4445 eum
3160 4388 3477 4444 debellaret.
3521 4384 3681 4451 Quod

2081 4502 2206 4541 cum
2266 4487 2550 4543 didicisset
2603 4485 2994 4548 Andronicus,
3042 4493 3097 4538 et
3150 4481 3433 4535 Nicolaum
3506 4476 3679 4548 patri-

2081 4580 2301 4635 archam
2356 4581 2425 4635 ab
2484 4581 2718 4635 ecclesia
2749 4581 2967 4649 pulsum
3016 4591 3171 4636 esse,
3207 4589 3312 4628 una
3340 4588 3466 4629 cum
3504 4570 3680 4624 atllni-

292 4695 304 4703 -
391 4668 505 4731 τοίς
536 4665 850 4735 συγγενέσι,
883 4664 978 4719 καὶ
1007 4665 1243 4727 τέκνοις,
1271 4665 1366 4718 καὶ
1392 4668 1503 4729 τοῖς
1528 4666 1703 4734 φίλοις
1732 4667 1989 4739 ἐξεληλυ-
2024 4668 2045 4725 1

1926 4688 1989 4721 υ-
2024 4668 2066 4725 ί)
2096 4678 2199 4734 bus
2231 4687 2284 4732 et
2310 4678 2455 4733 natis
2483 4686 2540 4733 et
2567 4676 2760 4732 amicis
2797 4674 3033 4729 furtunae
3058 4672 3356 4728 comitibus
3404 4664 3569 4740 485
3610 4663 3679 4718 ad

1526 4834 1779 4896 FRANC.
1824 4842 2220 4902 COMBEFISII
2295 4846 2535 4902 NOTAE.

462 4973 577 5046 (91)
603 4971 896 5046 Anonym._,
926 4969 1023 5022 τοῦ
1047 4969 1190 5046 ἔχειν
1220 4973 1456 5046 γυναῖκα
1485 4972 1709 5042 ἄνδρας,
1753 4974 1892 5041 Quid
1930 4978 1977 5032 si

396 5042 692 5112 utrumque
741 5042 955 5095 sancire
980 5044 1171 5104 voluit,
1226 5044 1488 5111 pariaque
1537 5046 1709 5098 voluit
1742 5046 1961 5101 feminae

394 5115 750 5184 viriquejura
781 5131 793 5166 :
823 5122 933 5184 lunt
966 5113 1218 5164 nimirum
1271 5113 1443 5165 virum
1494 5125 1629 5178 tres,
1667 5129 1979 5184 quatuorve,

396 5181 589 5243 uxores
656 5199 807 5250 posse
865 5181 1075 5247 ducere,
1122 5193 1233 5236 tum
1281 5199 1504 5238 uxorem
1553 5181 1773 5240 totidem
1814 5191 1977 5243 viros.

395 5259 527 5331 Non,
574 5253 957 5331 iga-rapacem,
985 5254 1146 5331 simul
1187 5264 1237 5331 et
1275 5256 1455 5331 semei,
1487 5258 1633 5331 quod
1657 5259 1797 5331 male
1827 5261 1978 5331 adje-

396 5333 473 5387 cit
494 5324 656 5382 Cedr.
700 5324 1108 5399 (ineptutn_hoc
1139 5327 1357 5399 opinari
1400 5326 1466 5380 de
1496 5324 1616 5383 viro
1643 5328 1846 5399 alioqui
1884 5324 1980 5383 ea-

395 5402 599 5466 piente,
626 5408 691 5449 ac
732 5392 899 5460 probe
958 5392 1295 5458 Christiano,
1336 5401 1501 5452 cuiet
1542 5392 1851 5454 doctissimi
1876 5402 1978 5457 viri

398 5468 853 5539 astipularentur,
879 5467 1060 5533 utipse
1082 5468 1284 5521 fatetur
1316 5467 1456 5531 Leo;
1479 5485 1675 5539 nempe
1709 5467 1979 5526 Occiden-

397 5538 643 5611 talesqui
679 5552 788 5590 non
822 5545 1088 5611 respuunt
1139 5547 1364 5611 quartas
1397 5538 1639 5609 nuptias,
1683 5542 1882 5611 aliique
1910 5544 1977 5598 iis

399 5610 623 5686 addicti,
664 5623 727 5686 ac
782 5607 1283 5686 sanioris_meiitis,
1338 5607 1491 5686 quos
1519 5627 1628 5686 non
1663 5607 1850 5668 lateret
1875 5612 1978 5668 llo.

400 5680 809 5737 manimaxime
856 5680 1129 5750 pontificis
1168 5682 1469 5737 auctoritas
1515 5682 1871 5750 dispensandi
1916 5686 1967 5738 iu

400 5753 490 5827 iis,
533 5757 824 5827 quaensunt
870 5748 1019 5827 juris
1060 5751 1328 5827 duntaxat
1362 5748 1744 5827 ecclesiastici,
1776 5770 1877 5827 nec
1918 5754 1968 5809 id

401 5820 750 5879 universalis,
789 5821 881 5874 scd
928 5822 1222 5887 peculiaris
1259 5822 1311 5876 in
1352 5822 1597 5885 Oriente,
1628 5827 1701 5877 uti
1732 5826 1873 5880 istud
1904 5827 1971 5880 de

401 5895 599 5959 tertiis,
661 5901 713 5947 ct
772 5893 982 5963 quartis
1010 5892 1212 5962 nuptiis
1250 5895 1472 5960 vetitis),
1510 5896 1602 5953 sed
1663 5897 1733 5951 ita
1779 5907 1828 5951 ul
1866 5897 1962 5953 dc-

2091 4980 2294 5036 functis
2327 4982 2445 5037 alia:
2475 4982 2596 5036 aliis
2639 4980 3019 5045 succederent,
3054 4978 3170 5033 sive
3194 4977 3358 5032 etiam
3396 4975 3487 5029 alii
3517 4976 3677 5031 aliis:

2090 5051 2208 5122 lege
2235 5054 2327 5106 illa
2360 5053 2658 5108 universali
2692 5053 3009 5121 praesidium
3037 5064 3292 5122 quan-ens
3326 5047 3542 5122 quartis
3570 5048 3680 5102 illis

2090 5120 2209 5178 suis
2238 5123 2466 5191 nuptiis,
2522 5120 2756 5191 quarum
2808 5122 3029 5176 nomine
3076 5120 3337 5173 Nicolaus
3366 5120 3678 5191 patriarcha

2089 5190 2440 5247 anathemate
2496 5190 2753 5258 fe’rierat;
2804 5193 3048 5262 adeoque
3075 5190 3363 5262 scripserit
3390 5190 3679 5262 Cedrenus

2088 5264 2234 5332 quod
2263 5274 2317 5319 et
2372 5264 2728 5333 CurOpalata,
2768 5265 2888 5316 κατ’
2944 5260 3483 5333 αὐτόνίρςτίηάεᾼαο
3532 5260 3679 5328 ipse;

2088 5331 2183 5404 Qui
2242 5336 2323 5389 sic
2381 5331 2623 5404 quatuor
2678 5350 2877 5389 uxores
2903 5334 3158 5388 duxerat.
3206 5331 3470 5404 Haeresim
3519 5340 3680 5404 vocat

2083 5402 2213 5469 Leo,
2253 5405 2330 5459 uti
2386 5402 2498 5459 fere
2547 5406 2720 5461 Graeci
2773 5404 3127 5463 calentiores.
3185 5403 3456 5472 quidquid
3510 5402 3675 5472 ctiam

2081 5491 2270 5528 eorum
2305 5476 2614 5545 disciplinae
2662 5478 3007 5541 adversatur,
3049 5471 3249 5529 nedum
3296 5471 3444 5544 quod
3488 5471 3677 5526 catho-

2084 5546 2201 5599 lica:
2233 5547 2355 5601 lidci
2391 5548 2731 5601 contrarium
2771 5558 2876 5601 est.
3094 5582 3097 5587 -

2153 5616 2266 5685 (9'2)
2304 5617 2541 5673 Delcnda
2568 5618 2890 5688 νυκαμετα,
2925 5633 2989 5672 ac
3026 5627 3212 5688 suppl.
3251 5631 3328 5688 es
3360 5615 3671 5684 Anonymo,

2079 5687 2482 5759 ἀπεσκίρτησε,
2521 5689 2594 5759 μὴ
2618 5686 2778 5741 τοῦτο
2810 5690 3034 5757 ποιῆσαι
3064 5686 3527 5755 καταδεξάμενος·
3561 5688 3674 5759 An-

2081 5758 2331 5880 dronicus
2364 5757 2699 5825 rrailiit,'urc
2750 5777 2859 5815 rem
2896 5767 3158 5828 prw'stare
3200 5761 3254 5812 iu
3298 5759 3540 5811 animum
3593 5757 3674 5810 in-

2081 5846 2097 5879 ι
2120 5840 2251 5880 "Ill.

2080 5840 2251 5885 dum.
