4440 6446
362 380 498 449 1m
560 460 573 470 θ
620 461 627 469 ,

1654 391 1750 452 CH
1764 393 2306 456 RONOGRAPIIIA
2322 443 2335 459 .

3502 397 3642 464 1118

359 518 456 570 τον
492 501 549 554 δὲ
582 502 783 572 ὥρισεν
806 504 1043 575 Σαμωνᾷ
1069 503 1435 559 ἀναλαϐέσθαι
1465 507 1628 559 αὐτὸν
1655 510 1712 559 ἐν
1743 512 1807 576 τῇ
1845 510 1947 561 αὖα
1976 508 2025 567 Α
2053 508 2112 561 '1‘:

1885 510 1947 559 ~5-
1976 508 2025 567 Α
2053 508 2265 565 Tarasii
2291 511 2459 582 486
2490 512 2825 565 monasterio
2852 511 3181 566 monachum
3214 512 3425 568 tonderi
3451 512 3637 584 jussit.

356 594 452 648 τοῦ
485 599 617 666 μονῇ
640 594 790 667 [αάά.
814 596 1111 669 λεγομένῃ]
1138 599 1204 651 τά
1227 600 1455 668 Σπεῖρα,
1482 600 1807 669 βουλόμενος
1838 602 1941 653 πάι

358 689 441 741 λιν
459 688 826 742 ἀναλαϐέσθαι
850 690 1036 744 αὐτόν.
1070 690 1344 743 Ἀπελοὼν
1373 691 1466 743 οὖν
1492 690 1641 763 [add.
1672 692 1773 764 εἰς]
1807 694 1943 763 πρό-

361 794 550 830 κενσον
581 778 638 829 ἐν
659 777 738 849 τῷ
765 780 1052 849 Δαματρῆ
1090 783 1184 834 καὶ
1216 777 1278 833 ὲν
1308 785 1375 852 τῇ
1413 786 1546 853 μονῇ
1581 784 1675 837 τοῦ
1709 786 1947 854 Σαμωνᾶ

360 872 681 940 ἀριστήσας,
723 869 863 924 εἶδεν
890 874 1327 939 Κωνσταντίνον,
1360 878 1453 930 καὶ
1479 878 1724 948 παρευθὺ
1746 878 1947 947 ὥρισεν

362 964 614 1034 Σαμωνᾷ,
645 964 741 1017 καὶ
773 966 1021 1018 ἐνέδυσεν
1058 966 1225 1019 αὐτὸν
1250 969 1515 1038 κοσμικὰ,
1556 971 1652 1023 καὶ
1682 970 1947 1040 ἐκέρασεν

360 1056 454 1109 τὸν
499 1056 724 1125 βασιλέα
758 1060 838 1121 είς
874 1059 937 1110 τὸ
993 1059 1302 1129 κλητόριον,
1330 1062 1426 1114 καὶ
1456 1062 1797 1133 ὑπέστρεψεν
1830 1065 1947 1133 μετ’

362 1149 526 1202 αὑτοῦ
559 1152 616 1201 ἐν
641 1150 718 1220 τῷ
755 1150 1023 1222 παλατίῳ.
1067 1152 1239 1223 Ὀρῶν
1264 1154 1321 1207 δὲ
1350 1156 1622 1223 Σαμωνάς
1640 1156 1947 1226 αὐξανομέ-

362 1260 459 1313 νην
512 1242 608 1296 τοῦ
664 1242 928 1312 βασιλέως
980 1244 1203 1315 ἀγάπην
1263 1246 1349 1299 ἐπ’
1400 1246 1585 1311 αὐτὸν,
1632 1246 1950 1315 βουλεύεται

368 1335 512 1403 μετὰ
566 1336 827 1406 μεγίστου
861 1340 1179 1392 κοιτωνῑτου
1214 1341 1307 1392 καὶ
1335 1340 1555 1410 Μιχαὴλ
1588 1341 1950 1411 Στηρήδονος,

363 1430 457 1481 καὶ
486 1430 702 1482 ποιοῦσι
736 1432 947 1502 χάρτην
969 1432 1349 1503 πολυλοίδορον
1372 1434 1517 1485 κατα
1536 1432 1630 1485 τοῦ
1662 1433 1952 1502 βασιλέως,

362 1521 674 1590 γράψαντος
701 1526 796 1576 καὶ
831 1525 1192 1590 συντάξαντος
1233 1527 1395 1578 αὑτὸν
1420 1527 1513 1579 τοῦ
1566 1528 1768 1579 Ῥοδίου
1796 1544 1955 1580 voca.-

367 1610 483 1675 ρίου
517 1610 669 1673 lino;
698 1612 792 1664 τοῦ
822 1614 1079 1682 Σαμωνᾶ.
1130 1614 1332 1681 Ἐλθὼν
1354 1617 1410 1668 δὲ
1441 1618 1469 1668 ὁ
1500 1617 1767 1684 βασιλεὺς
1794 1620 1852 1669 ἐν
1886 1620 1955 1688 τῇ

363 1704 594 1778 Μεγάλῃ
629 1706 925 1777 Ἐκκλησία
957 1708 1015 1761 εὖ
1027 1726 1123 1778 ρας
1148 1711 1311 1763 αὑτὸν
1341 1712 1399 1763 ὲν
1426 1702 1470 1777 ᾧ
1489 1710 1686 1781 ηὔχετο
1709 1712 1861 1777 τόπῳ
1878 1714 1958 1773 εἰς

362 1798 423 1848 τὸ
460 1799 811 1867 μιτατώριον,
864 1802 960 1853 καὶ
1008 1797 1142 1871 ἦρεν
1183 1804 1369 1869 αὑτὸν,
1416 1806 1509 1857 καὶ
1567 1805 1838 1871 ἀναγνοὺς
1898 1806 1954 1856 ἐν

368 1894 579 1963 μεγάλῃ
629 1894 803 1964 Θλίψει
856 1891 946 1966 ἦν,
988 1896 1169 1964 ζητῶν
1228 1898 1322 1950 τὸν
1379 1897 1571 1951 τοῦτον
1623 1899 1951 1967 ποιήσαντα.
1985 1872 2029 1930 Β

366 1985 559 2047 Γέγονε
606 1986 661 2038 δὲ
717 1988 810 2039 καὶ
864 1988 1107 2057 ἔκλειψις
1148 1991 1403 2061 σελήνης,
1462 1992 1557 2044 καὶ
1608 1991 1956 2061 διωρίσατοὸ

369 2079 622 2147 βασιλεὺς
649 2084 761 2142 τοῖς
799 2078 921 2133 οὗτῖ
956 2083 1077 2134 τότε
1124 2085 1483 2153 ἀστρονόμοις
1516 2086 1693 2136 εἰπεῖν
1730 2084 1790 2136 τὸ
1819 2087 1955 2136 ἀπο-

378 2170 643 2240 τέλεσμα.
678 2173 1077 2243 Εἰσερχομένου
1109 2175 1165 2227 δὲ
1194 2176 1331 2245 πρὸς
1392 2176 1485 2228 τὸν
1537 2176 1763 2246 βασιλέα
1798 2176 1955 2242 φίλου

366 2263 517 2325 ὅντος
541 2264 635 2316 τοῦ
666 2265 903 2335 Σαμωνᾶ
937 2268 1341 2331 Πανταλέοντος
1363 2268 1785 2339 μητροπολίτου,
1810 2266 1958 2338 ὴρώο

366 2369 529 2422 τησεν
570 2355 731 2407 αὐτὸν
786 2356 1089 2425 Σαμωνᾶς·
1134 2358 1227 2420 Εἰς
1258 2359 1381 2410 τίνα
1412 2360 1559 2410 ἐστὶν
1602 2360 1635 2427 ἡ
1680 2360 1952 2422 κάκωσιςς

371 2446 514 2516 Ἔφη
545 2448 736 2510 αὐτὸς·
764 2448 858 2511 Εἰς
904 2451 991 2501 σέο
1028 2451 1121 2502 καὶ
1153 2451 1247 2503 ἐὰν
1299 2449 1513 2521 διέλθῃς
1578 2452 1802 2503 Ἰουνίου
1856 2433 1953 2514 τάς

370 2540 748 2609 τρισκαίδεκα,
787 2542 974 2593 ἔκτοτε
1010 2541 1162 2594 οὐδὲν
1214 2543 1379 2612 πείσῃ
1413 2542 1606 2594 κακόν.
1638 2543 1742 2594 Τὸν
1771 2542 1827 2595 δὲ
1852 2543 1951 2611 βα-

370 2633 521 2687 σιλέα
552 2630 707 2686 εἷπον
739 2636 818 2697 εις
878 2635 939 2687 τὸ
972 2634 1226 2705 δεύτερον
1275 2636 1418 2703 ἔχειν
1454 2636 1700 2688 κάκωσιν
1740 2636 1837 2708 τὴν
1865 2654 1955 2689 σε-

369 2725 560 2795 λήνην.
594 2726 653 2779 '0
686 2726 742 2778 δὲ
775 2726 1030 2795 βασιλεὺς
1074 2726 1348 2781 ὑπέλαῦεν
1380 2728 1540 2781 τοῦτο
1575 2731 1653 2791 είς
1690 2729 1953 2793 Ἀλέξαν-

369 2817 493 2885 δρον
525 2818 617 2869 τὸν
651 2817 819 2871 αὑτοῦ
863 2817 1114 2886 ἀδελφόν.
1172 2819 1326 2872 Μετὰ
1357 2820 1519 2872 τοῦτο
1546 2820 1603 2873 δὲ
1640 2821 1787 2883 ἰδίως
1822 2821 1955 2885 Τζι-

375 2910 551 2980 ρήδων
576 2908 759 2981 [supra
787 2911 1105 2983 Στηρήδων]
1135 2912 1213 2978 τῷ
1245 2912 1454 2981 βασιλεῖ
1481 2913 1725 2978 ἐξεῖπεν·
1765 2914 1825 2966 'U
1856 2914 1955 2966 Σα-

374 3003 559 3072 μωνᾶς
581 3005 642 3055 τὸ
658 3005 948 3057 πιττάκιον
982 3006 1259 3074 ἐποίησεν.
1295 3006 1406 3058 Καὶ
1436 3006 1689 3074 παρευοὺ
1717 3005 1953 3057 καταΰι-

371 3094 529 3158 σάζει
560 3097 829 3175 Σαμωνᾶν
866 3096 948 3159 εἰς
985 3097 1076 3149 τὸν
1115 3090 1264 3151 οἷκον
1309 3095 1502 3158 αὑτοῦ.
1536 3098 1629 3150 καὶ
1650 3097 1954 3167 οάποκείρει

374 3190 589 3263 πρῶτον
620 3189 761 3260 (97),
812 3190 906 3242 καὶ
935 3189 1137 3257 ἀπάγει
1178 3190 1256 3250 είς
1302 3188 1402 3259 τὴν
1450 3190 1618 3259 μονὴν
1677 3188 1953 3257 Εὐθυμίου

374 3282 754 3354 πατριάρχουο
805 3282 897 3335 καὶ
941 3281 1079 3351 μετὰ
1129 3281 1302 3335 ταῦτα
1363 3282 1533 3335 πάλιν
1576 3281 1958 3349 λοιδορηθέντα

373 3377 665 3443 ἀπήγαγον
697 3377 778 3437 εἰς
807 3373 906 3444 τὴν
944 3373 1042 3426 τοῦ
1074 3375 1397 3445 Μαρτινάκη
1434 3377 1624 3444 μονήν.
1671 3376 1958 3444 Ἐποίησεν

374 3469 429 3522 δὲ
457 3470 870 3521 Κωνσταντῖνον
903 3466 1424 3537 παρακοιμώμενον,
1452 3469 1548 3519 καὶ
1572 3466 1786 3519 ἔκτισεν
1813 3467 1959 3537 αὐτῷ

378 3561 546 3630 μονὴν
584 3561 641 3611 ἐν
680 3560 932 3622 Νοσίαις.
965 3559 1075 3611 Καὶ
1122 3559 1366 3626 ἀπῆλθόν
1408 3559 1526 3627 ἅμα
1559 3559 1818 3629 Εὑθυμίῳ
1850 3577 1959 3612 πα-

374 3652 613 3723 τριάρχῃ
638 3653 734 3704 καὶ
765 3651 1119 3704 ἁνεκαίνισαν
1148 3650 1377 3719 ταύτην.
1408 3651 1725 3721 ὐκτωὸρίιρ
1750 3651 1805 3705 δὲ
1827 3651 1960 3722 parii.

375 3743 567 3811 γέγονε
623 3741 858 3811 πόλεμος
910 3741 1165 3803 ναυτικὸς
1230 3740 1453 3810 Ἰμερίῳ
1523 3741 1778 3811 λογοθέτῃ
1825 3740 1962 3810 μετὰ

377 3832 653 3904 Δαμιανοῦ
704 3835 795 3885 καὶ
830 3832 1065 3894 Λέοντος
1113 3832 1223 3885 τῶν
1267 3832 1611 3902 Ἀγαρηνῶν,
1644 3833 1958 3903 στρατηγοῦ

377 3929 528 3990 ὄντος
585 3925 737 3999 [ιιάά.
787 3925 869 3997 ἐν]
924 3926 1092 3994 Σάμῳ
1138 3924 1423 3994 Ῥωμανοῦ
1471 3924 1566 3977 τοῦ
1615 3926 1754 3995 μετὰ
1788 3926 1963 3979 ταῦτα

384 4018 829 4087 βασιλεύσαντος.
884 4017 1125 4087 Ἠττήθη
1181 4016 1234 4067 δὲ
1282 4016 1519 4085 Ἱμέριος
1566 4016 1658 4068 καὶ
1703 4015 1855 4084 μόλις
1887 4015 1963 4069 δι-

378 4114 557 4182 εσώβη
593 4112 779 4180 σχεδὸν
808 4102 1027 4165 πάντων
1051 4111 1167 4162 ἐκεῖ
1190 4110 1676 4162 κινδυνευσάντων.
1720 4108 1966 4179 Ἤρξατο

380 4206 436 4259 δὲ
462 4204 847 4274 νοσηλευεσθαι
876 4204 1026 4256 Λέων
1057 4205 1082 4255 ὁ
1110 4201 1646 4271 βασιλεὺςκοιλιακῷ
1674 4202 1962 4271 νοσήματι,

380 4297 520 4348 ὥστε
570 4295 645 4365 μὴ
700 4295 993 4364 δυνηθῆναι
1027 4294 1138 4362 (98)
1176 4293 1413 4357 ἐξελθεῖν
1452 4295 1509 4344 ἐν
1549 4297 1614 4363 τῇ
1660 4293 1965 4363 Μαγναυρᾳ

380 4388 476 4459 τὴν
518 4388 858 4457 δημηγορίαν
913 4386 1235 4455 διαλαλῆσαι
1268 4386 1328 4436 ἐν
1380 4387 1448 4456 τῇ
1501 4386 1644 4454 ἀρχῇ
1679 4383 1789 4436 τῶν
1850 4385 1963 4453 Νη-

382 4480 594 4533 στειῶν.
628 4479 824 4546 Γέγονε
851 4479 907 4530 δὲ
941 4478 1035 4530 καὶ
1058 4477 1389 4547 ἐμπρησμὸς
1412 4480 1491 4539 εἰς
1515 4477 1585 4529 τά
1616 4476 1963 4546 κηρουλάρια

2052 601 2223 658 Paulo
2282 613 2407 673 post
2454 614 2636 657 autem
2673 605 2928 659 Samoua:
2961 607 3241 659 mandavit
3267 608 3321 659 in
3365 614 3642 661 monaste-

2054 698 2197 751 rium
2225 698 2529 767 propriutn,
2568 698 2728 766 Spira
2756 699 2986 761 dictum,
3018 700 3275 753 eumdem
3307 700 3497 768 recipi,
3531 716 3642 771 quo

2053 806 2277 846 rursum
2331 791 2550 846 facilius
2583 791 2648 844 ad
2686 806 2743 845 se
2776 776 3015 847 vocaret.
3050 791 3321 846 Processu
3374 794 3539 863 igitur
3574 795 3641 847 ad

2052 880 2352 934 Damatrim
2375 880 2587 942 habito,
2609 891 2665 935 et
2688 882 2742 935 in
2766 882 3017 936 Samonm
3053 883 3386 936 monasterio
3406 898 3642 950 pransu-

2054 987 2150 1025 rus
2200 973 2340 1027 vidit
2396 972 2851 1038 Constantinum,
2890 973 3302 1043 confestimque
3341 974 3639 1028 Samonant

2048 1062 2217 1130 jussit
2245 1073 2303 1116 ut
2335 1063 2618 1117 consuetis
2664 1064 2869 1117 saeculo
2908 1064 3148 1117 vestibus
3191 1080 3340 1125 eum,
3362 1065 3637 1121 indueret.

2056 1153 2195 1208 Tum
2230 1155 2374 1209 inter
2401 1154 2593 1223 epulas
2619 1154 2939 1224 imperatori
2973 1156 3268 1210 bibendum
3306 1159 3640 1227 propinavit.
3664 1158 3680 1167 “

2055 1254 2110 1301 et
2132 1262 2257 1300 cum
2281 1261 2348 1302 eo
2370 1246 2437 1299 ad
2464 1246 2728 1315 palatium
2763 1248 3045 1316 regressus
3076 1257 3178 1301 est.
3214 1246 3418 1302 Videns
3457 1260 3639 1302 autem

2060 1337 2330 1393 Satnonas
2394 1322 2616 1392 auctum
2679 1339 3027 1407 imperatoris
3084 1341 3136 1392 in
3195 1356 3317 1393 eum
3362 1340 3639 1407 affectum,

2057 1444 2182 1483 cum
2241 1429 2583 1484 cubiculario
2638 1432 2915 1499 przecipuo
2950 1441 3003 1484 et
3034 1429 3299 1485 Michaele
3343 1430 3644 1485 Steredone

2060 1520 2353 1575 consilium
2384 1522 2503 1575 iniit
2525 1540 2537 1575 :
2561 1530 2614 1575 et
2646 1538 2753 1575 una
2796 1523 3035 1575 libellum
3069 1524 3336 1577 conviciis
3376 1523 3639 1577 refertum

2059 1614 2325 1667 adversus
2362 1613 2775 1681 imperatorem,
2807 1612 3087 1667 scribente
3120 1613 3272 1665 illum
3306 1622 3361 1667 et
3411 1627 3642 1681 compo-
3720 1680 3723 1685 _

2062 1716 2226 1759 nente
2258 1705 2493 1768 Rhodio,
2528 1706 2786 1758 Samonaz
2833 1706 3048 1758 notario
3070 1744 3085 1766 ,
3118 1704 3639 1759 comminiscuntur.

2064 1798 2365 1866 Imperator
2411 1798 2465 1852 in
2500 1798 2749 1867 Magnam
2801 1798 3097 1851 ecclesiam
3146 1796 3446 1866 profectus,
3477 1806 3532 1851 et
3566 1813 3643 1852 ‘eo

2058 1904 2164 1958 qua
2204 1890 2369 1943 Deum
2395 1889 2609 1957 precari
2634 1898 2994 1943 consueverat
3026 1888 3156 1942 sede
3188 1887 3254 1940 ad
3303 1887 3641 1940 mitatorium

2056 1991 2296 2050 reperto,
2334 1982 2587 2034 eumdem
2620 1990 2898 2051 acceptum
2948 1995 3144 2049 magna
3177 1994 3300 2033 cum
3332 1978 3500 2031 animi
3539 1994 3642 2031 sn-

2057 2078 2236 2145 gustia
2294 2076 2544 2145 perlegit,
2580 2076 2704 2129 libri
2752 2076 3042 2144 requirens
3069 2085 3373 2129 auctorem.
3403 2073 3644 2144 Contigit

2059 2176 2245 2222 autem
2312 2168 2455 2220 Iume
2518 2167 2769 2236 eclipsis;
2807 2167 3082 2236 jussitque
3135 2163 3486 2221 astr'onomos
3547 2166 3641 2235 qui

2059 2270 2190 2315 tunc
2245 2260 2473 2314 aderant
2520 2260 2750 2314 effectus
2802 2260 2922 2328 ejus
2978 2260 3215 2314 edicere.
3248 2259 3641 2314 Pautaleonem

2059 2371 2189 2410 vero
2224 2354 2631 2423 metropolitani
2665 2352 2920 2408 Samome
2967 2342 3206 2408 amicum
3242 2354 3309 2408 ad
3343 2355 3644 2423 imperato-

2058 2465 2174 2504 rem
2208 2463 2470 2503 enarrare
2520 2462 2873 2517 progressum
2910 2428 3282 2517 interrogabat
3338 2446 3641 2512 Samonas;

2059 2545 2115 2597 in
2149 2558 2311 2611 quem
2356 2532 2628 2597 recideret
2668 2543 2787 2611 ejus
2855 2543 3097 2596 indutus
3139 2543 3496 2611 malignitas?
3549 2544 3642 2596 Ait

2059 2637 2147 2689 ille
2185 2652 2199 2688 :
2233 2636 2285 2689 In
2320 2647 2389 2689 te.
2438 2635 2738 2690 Praeteritis
2770 2643 2949 2688 tamen
2983 2635 3169 2689 Idibus
3200 2633 3401 2697 Juniis,
3436 2636 3480 2688 si
3511 2650 3643 2689 eva-

2058 2731 2218 2789 seris.
2258 2729 2392 2784 nihil
2429 2730 2660 2783 subinde
2695 2730 2822 2783 mali
2856 2730 3098 2798 patieris.
3144 2729 3469 2798 Imperatori
3510 2743 3643 2784 vero

2058 2822 2515 2876 renuntiaverunt
2565 2821 2640 2874 illi
2698 2822 2750 2874 in
2788 2822 3085 2875 secundam
3142 2823 3212 2875 ab
3242 2836 3309 2876 eo
3350 2834 3642 2890 personam

2061 2913 2244 2965 lunam
2292 2913 2560 2981 pravitate
2611 2927 2710 2966 sua
2757 2912 2978 2975 minari,
3044 2911 3191 2980 quod
3244 2911 3538 2981 imperator
3576 2902 3657 2965 de

2058 3004 2225 3059 fratre
2260 3020 2362 3058 suo
2412 3004 2725 3059 Alexandro
2758 3005 3164 3073 suspicabatur.
3214 3003 3340 3058 Post
3370 3002 3485 3057 haec
3515 3019 3645 3059 vero

2060 3097 2324 3151 Stercdon
2358 3097 2670 3166 imperatori
2705 3098 2957 3166 privatim
2992 3096 3299 3151 enuntiavit
3334 3094 3642 3151 :Samonas

2066 3190 2305 3242 libellum
2338 3199 2683 3243 commentus
2741 3196 2845 3242 est.
2905 3188 2969 3242 Et
3011 3188 3299 3244 confestim
3347 3186 3641 3241 Samonam

2067 3282 2117 3332 in
2141 3295 2295 3334 suam
2324 3294 2383 3334 se
2416 3280 2655 3348 recipere
2684 3281 2906 3332 domum
2936 3280 3113 3349 coegit
3145 3296 3157 3330 :
3192 3278 3376 3346 ibique
3409 3278 3643 3346 primum

2065 3373 2300 3437 tonderi,
2358 3373 2500 3426 etin
2550 3372 2826 3443 Euthymii
2874 3372 3205 3441 patriarcha:
3246 3371 3643 3427 monasterium

2062 3464 2257 3517 abduci
2289 3464 2500 3533 jussit:
2536 3464 2719 3533 ibique
2764 3464 3113 3533 postmodum
3175 3463 3296 3519 aliis
3357 3462 3645 3518 convictus

2064 3558 2388 3611 criminibus
2448 3558 2500 3610 in
2539 3555 2853 3612 Martiuacis
2902 3557 3294 3612 monasterium
3327 3556 3646 3627 deportatus

2062 3663 2162 3708 est.
2216 3654 2634 3708 Constantinum
2673 3663 2857 3707 autem
2910 3655 3279 3708 accubitorem
3331 3652 3559 3714 creavit.
3590 3660 3647 3706 et

2065 3745 2116 3798 in
2153 3745 2331 3799 Nosiis
2369 3746 2760 3799 monasterium
2814 3746 2880 3799 de
2918 3746 3038 3815 ejus
3082 3746 3307 3801 nomine
3348 3742 3595 3800 condidit
3626 3760 3642 3797 :

2064 3836 2306 3905 abiitque
2335 3851 2439 3889 una
2472 3852 2594 3889 cum
2632 3836 2927 3905 Euthymio
2960 3836 3291 3904 patriarcha,
3326 3843 3378 3889 et
3409 3832 3645 3888 solemni

2065 3930 2244 3983 ollicio
2297 3930 2587 3983 dedicavit.
2650 3929 2837 3984 Mense
2913 3944 3077 3998 porro
3122 3927 3341 3983 Octobri
3402 3925 3648 3981 Himerio

2065 4022 2351 4092 logotheta:
2384 4039 2487 4075 una
2520 4039 2644 4076 cum
2700 4021 2961 4077 Damiano
3011 4031 3064 4077 et
3123 4021 3306 4076 Leone
3357 4021 3644 4090 Agarenis,

2066 4114 2215 4168 Sami
2256 4115 2395 4168 duce
2426 4114 2697 4177 Romano,
2726 4115 2818 4183 qui
2857 4126 3043 4183 postea
3074 4114 3341 4184 regnavit,
3376 4113 3649 4167 essislen-

2068 4217 2137 4272 te,
2168 4209 2408 4276 praelium
2442 4209 2798 4261 commissum
2843 4218 2948 4269 est,
2985 4221 3097 4276 quo
3126 4207 3303 4259 victus
3339 4204 3642 4267 Himerius.

2067 4301 2392 4368 cunctisque
2457 4301 2509 4352 in
2569 4314 2845 4352 summum
2898 4296 3202 4367 periculum
3241 4296 3522 4359 adductis,
3557 4293 3646 4345 vix

2068 4391 2359 4445 incolumis
2389 4391 2582 4445 evasit.
2627 4390 2926 4459 Imperator
2960 4398 3138 4442 autem
3174 4386 3283 4440 Leo
3315 4387 3464 4457 gravi
3495 4398 3648 4440 mor»

2069 4484 2353 4551 hojactari
2386 4483 2569 4552 C(Bpil,
2605 4484 2742 4537 adeo
2781 4493 2837 4535 ut
2869 4483 2920 4535 in
2960 4481 3311 4551 Magnauram
3340 4480 3644 4534 orationem

378 4571 475 4640 τῆς
509 4570 766 4640 Μεγάλης
800 4571 1162 4639 Ἐκκλησίας,
1191 4570 1431 4623 καέντων
1457 4570 1565 4621 τῶν
1597 4570 1965 4637 χαρτοθεσίων
2000 4589 2040 4643 ο
2069 4577 2131 4647 λεδ]

1894 4577 2400 4647 onjejuniornm
2462 4576 2735 4645 principio
2806 4576 3008 4628 habere
3074 4574 3344 4642 nequiret.
3407 4571 3647 4640 Contigit

380 4663 597 4715 πάντων
632 4664 745 4723 ,καὶ
789 4662 887 4729 τῆς
914 4661 1182 4729 σακέλλης
1210 4661 1347 4729 (99).
1378 4660 1539 4730 Μαΐῳ
1590 4660 1646 4713 δὲ
1698 4661 1962 4733 ἑνδεκάτῃ

380 4754 602 4823 τελευτᾷ
625 4755 776 4806 Λέων
809 4755 836 4804 ὁ
867 4753 1118 4821 βασιλεὺς
1169 4754 1667 4825 προχειρισάμενος
1712 4753 1962 4819 ’Μέξανο

379 4847 505 4917 δρον
537 4846 629 4899 τὸν
667 4845 1123 4913 αὑτοῦνὰδελιρόψ
1149 4845 1208 4900 ὃν
1244 4845 1390 4909 ἰδὼν,
1424 4844 1499 4907 ὧς
1528 4862 1680 4912 φασι,
1715 4847 1963 4916 εἰσερχο-

382 4955 542 5007 μενον
589 4940 727 5009 πρὸς
780 4940 965 5004 αὐτὸν,
1010 4939 1148 5008 ἔφη·
1184 4939 1290 4991 Ἴδε
1316 4940 1344 4990 δ
1371 4938 1539 5001 κακὸς
1581 4939 1773 5008 καιρὸς
1822 4940 1961 5008 μετὰ

378 5034 505 5097 τοὺς
552 5033 910 5104 τρισκαίδεκα
965 5035 1157 5102 μῆνας,
1219 5033 1388 5084 πολλὰ
1448 5032 1824 5102 ὲκλιπαρήσας
1867 5037 1963 5090 καὶ

379 5125 592 5199 δεηθεὶς
634 5127 800 5181 αὐτοῦ
848 5128 1139 5197 φυλάττειν
1171 5128 1261 5180 τὸν
1298 5126 1413 5179 υἱὸν
1448 5126 1615 5180 αὐτοῦ
1668 5128 1961 5181 Κωνσταν-

382 5223 548 5276 τίνον.

2069 4678 2250 4725 autem
2287 4670 2597 4724 incendium
2656 4672 2709 4720 in
2753 4667 2965 4734 Magna:
3020 4666 3272 4719 ecclesia:
3332 4663 3645 4724 ceruiariis,

2068 4776 2177 4831 quo
2211 4761 2522 4815 chartarum
2563 4760 2831 4822 thesauri,
2862 4758 3099 4811 armaria
3151 4768 3204 4811 et
3261 4756 3466 4811 sacella
3494 4769 3645 4809 com-

2070 4853 2225 4907 busta
2257 4862 2404 4906 sunt.
2442 4852 2564 4915 Maii
2591 4851 2805 4904 tandem
2834 4851 2920 4903 dic
2954 4851 3241 4903 undecimo
3277 4849 3384 4903 Leo
3411 4849 3645 4918 impera-

2070 4954 2173 5007 tor,
2210 4958 2333 4995 cnm
2371 4953 2527 4995 antea
2570 4956 2945 4995 successorem
3006 4939 3173 5010 487
3226 4938 3455 4993 fratrem
3481 4954 3643 4993 suum

2067 5033 2437 5088 Alexandrum
2488 5032 2852 5101 designasset,
2894 5030 3035 5084 diem
3094 5042 3399 5095 extremum
3451 5030 3640 5083 obiit:

2070 5143 2231 5196 quem
2270 5126 2377 5190 ille,
2412 5133 2469 5177 ut
2521 5124 2697 5185 aiunt,
2729 5124 2797 5176 ad
2830 5138 2887 5176 se
2922 5123 3234 5176 venientem
3272 5122 3643 5188 conspicatus.

2073 5218 2241 5273 dicit:
2268 5216 2433 5270 Cave.
2465 5214 2596 5268 Post
2628 5200 2845 5268 menses
2878 5213 3138 5266 tredecim
3173 5211 3473 5279 pessimum
3505 5221 3642 5264 tem-

384 5330 483 5385 pus
515 5316 683 5369 instat
715 5330 727 5367 :
760 5324 814 5369 et
847 5314 1251 5385 impensissime
1297 5312 1511 5382 rogavit
1539 5323 1592 5367 et
1620 5313 1925 5368 obtestatus
1966 5322 2068 5375 est,
2117 5321 2176 5365 ut
2214 5310 2651 5365 Constantinum
2685 5307 2856 5361 lilium
2889 5321 3049 5361 suum
3082 5308 3404 5375 protegeret.

1598 5401 1847 5457 FRANC.
1880 5402 2262 5458 COMBEFISII
2288 5400 2535 5455 ~NOTAE.

455 5493 567 5564 (97)
618 5492 928 5564 Ἀποκείρει
985 5491 1237 5560 μοναχὸν,
1286 5492 1602 5545 monachum
1645 5493 1946 5546 detondet:

385 5567 527 5620 male
559 5578 876 5630 expressum
891 5563 1144 5631 πρῶτον.
1510 5564 1513 5569 ’

459 5635 569 5703 (98)
600 5633 791 5687 Melius
847 5634 959 5697 alit,
1009 5632 1181 5703 μόλις
1211 5631 1507 5700 δυνηθῆναι
1535 5647 1549 5662 ⁸
1602 5642 1660 5686 ut
1696 5635 1947 5701 quamvis

383 5702 525 5774 :rgre
550 5706 861 5761 admodum,
883 5714 1061 5755 tamen
1090 5702 1323 5755 adfuerit
1347 5712 1507 5771 atque
1531 5706 1788 5774 oraverit,
1805 5708 1949 5758 uti

385 5773 476 5829 τὸν
502 5774 779 5843 βασιλικῆν
834 5774 1045 5825 τύπον·
1102 5789 1195 5840 pro
1240 5790 1298 5825 ro
1359 5790 1419 5823 ac
1477 5790 1629 5826 orare
1682 5773 1946 5828 Romanos

387 5850 514 5915 imp.
545 5860 658 5899 erat
688 5861 785 5899 usu
820 5861 1098 5911 receprum.
1163 5844 1470 5914 Suppetunt
1512 5862 1574 5900 cx
1610 5845 1943 5914 Naudatano,

2057 5508 2203 5547 nunc
2239 5492 2389 5545 card.
2424 5489 2682 5543 Mazariui
2711 5489 2834 5541 cod.
2872 5496 2983 5541 tres
3018 5487 3139 5553 ejus
3171 5496 3313 5562 orat.
3350 5487 3453 5541 hoc
3477 5501 3640 5562 argu-

2058 5574 2261 5618 mento.
2298 5562 2634 5613 Bibliotheca:
2665 5569 2866 5613 nostra:
2910 5560 3322 5612 concionaloriw
3356 5574 3479 5613 cum
3518 5559 3641 5608 aliis

2057 5636 2171 5703 ejus
2207 5634 2529 5686 insereudm.

2130 5705 2238 5771 (09)
2278 5701 2772 5779 Χαρτοοεαίωντῆς
2802 5698 3210 5779 πατριαρχικῆς
3236 5698 3521 5779 σακέλληις.
3548 5698 3638 5750 Sic

2060 5767 2193 5827 bene
2224 5767 2502 5842 'Auonym.
2536 5767 2799 5824 .trmar'iis
2851 5767 3090 5825 ominous
3124 5767 3505 5840 patriam/talis
3549 5785 3636 5821 sa-

2059 5848 2176 5899 (ΓΜ
2213 5848 2314 5899 δίε-ς
2349 5846 2583 5899 thesauri
2615 5842 2921 5897 combustis.
