4440 6446
349 418 479 482 119.1

1654 412 1749 469 Cll
1765 408 2339 469 ΠΟΧΟΠΙΗΡΙΠΛ.

3488 404 3623 466 1122

344 534 490 606 μεὼν
534 533 563 585 ὁ
606 532 789 601 ἄρχων
848 526 1185 598 Βουλγαρίας
1216 525 1436 597 μηνύων
1482 522 1821 593 Ἀλεξάνδρῳ
1847 522 1913 573 τά
1946 525 1990 580 Α
2020 520 2097 572 vel

1871 522 1913 572 α
1946 525 1990 580 Α
2020 520 2165 573 velut
2204 519 2409 573 hostem
2456 533 2484 570 a
2520 517 2702 573 fratris
2731 520 2814 572 sui
2858 518 3055 574 Leonis
3091 528 3333 586 tempore
3377 518 3481 569 sibi
3539 522 3624 571 iu-

339 626 467 697 περὶ
504 626 749 695 εἰρήνης.
804 622 1029 692 Συμεὼν
1090 618 1539 690 παρεσκευάζετο
1566 618 1645 685 (ἶὶ)
1699 615 1927 683 κινῆσαι

339 719 477 770 κατὰ
511 717 617 770 τῶν
654 712 999 785 Χριστιανῶν
1028 712 1191 766 ὅπλα.
1248 708 1597 780 Ἀλέξανδρος
1628 708 1683 760 δὲ
1716 708 1745 759 ὁ
1774 706 1930 777 βασι-

338 812 461 873 λευς
490 810 793 878 ἀριστήσας
825 807 918 869 καὶ
947 804 1194 868 οἰνωθεὶς
1229 805 1289 857 ὲν
1346 806 1455 866 τοῖς
1495 802 1602 854 ὑπὸ
1632 800 1769 854 κύνα
1798 799 1931 852 acati-

343 919 494 974 μασι,
551 901 817 969 κατῆλθεν
856 899 1164 968 σφαιρίσαι,
1210 897 1304 950 καὶ
1367 894 1615 966 ῥομφαίᾳ
1682 892 1932 962 θεηλάτῳ

340 994 589 1063 πληγεὶς,
641 993 734 1044 καὶ
789 989 1050 1055 ἀνελθὼν,
1097 989 1327 1059 αἵματος
1359 988 1422 1039 ὲκ
1470 984 1581 1038 τῶν
1636 982 1801 1056 ῥινῶν
1836 982 1933 1034 καὶ

338 1086 451 1138 τῶν
478 1085 694 1139 αἰδοίων
727 1083 1124 1153 ἐκφερομένου,
1164 1081 1303 1151 μετὰ
1331 1079 1425 1131 δύο
1459 1077 1673 1148 ἡμέρας
1707 1074 1930 1129 ἐτελεύ-

338 1193 504 1246 τησεν
530 1174 848 1229 καταλιπὼν
902 1176 1201 1244 ἐπίτροπον
1248 1171 1519 1226 Νικόλαον
1560 1171 1930 1239 πατριάρχην,

339 1268 437 1321 καὶ
489 1269 763 1337 Στέφανον
805 1269 1130 1337 μάγιστρον,
1167 1266 1263 1319 καὶ
1320 1264 1576 1333 Ἰωάννην
1634 1264 1933 1331 μάγιστρον

341 1363 431 1431 τὸν
470 1363 718 1425 Ἐλαδᾶν,
754 1362 848 1414 καὶ
896 1360 1151 1429 Ἰωάννην
1182 1359 1487 1429 ραίκτωρα,
1517 1356 1613 1410 καὶ
1640 1354 1930 1422 Εὑθύμιον,

341 1456 434 1506 καὶ
477 1454 566 1506 τδν
618 1451 967 1520 Βασιλίτζην,
998 1452 1093 1503 καὶ
1143 1451 1233 1503 τὸν
1268 1448 1725 1520 Γαϐριλόπουλον,
1759 1448 1931 1510 ἐάσας

338 1546 437 1614 τὴν
468 1544 743 1614 βασιλείαν
791 1542 1190 1611 Κωνσταντίνῳ
1229 1542 1330 1611 υἱῷ
1361 1541 1615 1603 Λέοντος.
1665 1540 1935 1595 ’Λπέθετο

339 1636 395 1688 δὲ
444 1636 791 1708 Ἀλέξανδρος
826 1639 882 1690 ὲν
915 1638 1027 1699 τοῖς
1060 1639 1253 1706 τάφοις
1286 1640 1362 1706 (6)
1397 1636 1535 1706 μετὰ
1589 1635 1682 1687 τοῦ
1717 1634 1931 1704 πατρὸς

344 1743 531 1779 αυτου.

835 1998 1029 2050 ΚΩΝΣ
1039 1999 1117 2049 ΤΑ
1127 1994 1249 2048 NT!
1257 1995 1308 2047 Ν
1313 1995 1403 2048 ΟΣ
1412 2036 1424 2048 .

418 2089 825 2153 Κωνσταντῖνος
851 2089 925 2153 δὲ,
954 2088 1048 2141 τοῦ
1075 2087 1279 2158 πατρὸς
1302 2084 1462 2139 αὑτοῦ
1506 2084 1928 2154 τελευτήσαντος

342 2187 595 2248 Λέοντος,
638 2184 765 2246 παῖς
820 2181 900 2234 ἔτι
927 2163 1213 2248 τυγχάνων
1251 2180 1504 2249 (ἕϐδομον
1531 2178 1639 2248 γὰρ
1668 2173 1781 2246 εἶχε
1830 2175 1929 2245 τῆς

341 2277 552 2346 ἡλικίας
584 2258 749 2341 ἒτδς),
778 2273 884 2327 ὑπὸ
922 2271 1270 2341 Ἀλεξάνδρου
1310 2268 1428 2323 υἱοῦ
1458 2267 1650 2340 [θείου]
1674 2266 1839 2320 αὐτοῦ
1873 2268 1930 2318 ὲν

343 2367 593 2437 βασιλείᾳ
644 2365 1038 2419 καταλέλειπτο
1095 2363 1201 2417 ὑπὸ
1256 2363 1583 2433 ἐπιτρόπους
1623 2360 1792 2414 τελῶν
1829 2359 1928 2430 (7),

340 2460 693 2513 ὲὸασίλευσεν
725 2458 821 2511 ἐπὶ
873 2457 984 2511 τῶν
1036 2454 1205 2510 αὐτοῦ
1240 2456 1573 2528 ἐπιτρόπων,
1608 2455 1703 2507 καὶ
1735 2454 1831 2507 σὺν
1860 2456 1927 2525 τῇ

344 2553 547 2623 μητρί·
582 2552 701 2620 ἅμα
739 2548 1102 2620 δὲξΡωμανῷ
1148 2546 1398 2618 πενθερῷ
1452 2545 1645 2610 αὐτοῦ,
1686 2549 1743 2599 ἐν
1795 2548 1928 2599 ὑπο-

340 2646 481 2713 ταγῇ
517 2642 612 2705 ὢν,
651 2641 814 2712 ἕτερα
847 2640 943 2710 ἔτη
972 2640 1146 2693 εἴκοσι
1174 2639 1268 2705 ’ἐξο
1304 2638 1665 2709 μονοκράτωρ
1711 2638 1767 2691 δὲ
1823 2636 1921 2706 ἔτη

339 2736 637 2789 δεκαπέντε
658 2751 671 2765 ο
707 2735 784 2797 ὡς
815 2727 956 2786 εἶναι
994 2733 1086 2785 τὸν
1119 2732 1339 2787 ἅπαντα
1398 2732 1590 2804 χρόνον
1638 2732 1736 2803 τῆς
1766 2730 1924 2801 βασι-

340 2828 489 2890 λείας
530 2825 695 2879 αὐτοῦ
747 2824 842 2894 ἔτη
896 2825 1237 2895 πεντήκοντα
1275 2824 1456 2879 πέντε.
1491 2822 1808 2892 Λαδόμενος
1836 2816 1929 2875 οὖν

342 2920 437 2988 τῆς
473 2917 568 2971 τοῦ
606 2917 871 2971 παλατίου
904 2914 1154 2979 ἐξουσίας
1192 2915 1221 2966 ὁ
1256 2914 1604 2985 πατριάρχης
1636 2912 1926 2976 Νικόλαος,

342 3010 438 3079 τὴν
474 3008 565 3061 τοῦ
608 3006 791 3060 κοινοῦ
824 3007 1087 3077 πρόνοιαν
1122 3008 1364 3058 ἐποιεῖτο
1417 3006 1514 3058 καὶ
1541 3005 1639 3073 τὴν
1673 3004 1929 3073 φροντίδα

342 3100 487 3173 εἶχεν
534 3101 643 3155 τῶν
673 3104 737 3172 τῇ
789 3099 1035 3171 βασιλείᾳ
1070 3099 1385 3169 ἀνηκόντων
1435 3098 1780 3168 πραγμάτων
1839 3098 1929 3149 ὁσ-

344 3196 569 3264 ημέραι.
614 3190 706 3244 Ἑν
737 3192 949 3251 τούτοις
981 3189 1077 3242 οὖν
1107 3191 1205 3259 τῆς
1237 3188 1514 3259 βασιλείας
1543 3187 1708 3257 οὔσης
1738 3186 1928 3258 δηλοῦ-

342 3304 429 3338 ται
481 3285 880 3353 Κωνσταντίνῳ
926 3282 1006 3352 τῷ
1062 3282 1217 3335 δουκὶ
1266 3281 1375 3334 τῶν
1424 3280 1628 3351 σχολῶν
1662 3280 1738 3351 (8)
1777 3260 1999 3348 παράσ

341 3396 504 3431 τινων
533 3377 641 3429 τῶν
668 3380 724 3429 ἐν
750 3378 816 3446 τῇ
844 3375 995 3428 πόλει
1043 3375 1384 3444 μεγιστάνων
1414 3372 1712 3441 φιλούντων
1743 3372 1924 3436 αὐτὸν,

346 3469 420 3532 ὡς
459 3467 703 3538 ἀνδρεῖον
748 3467 842 3518 καὶ
900 3464 1129 3534 νουνεχῆ
1157 3464 1251 3516 καὶ⁵
1282 3462 1465 3526 καλῶς
1500 3462 1799 3533 δυνάμενον
1830 3464 1929 3532 τὴν

347 3561 641 3628 ἐκκλησίαν
678 3555 1008 3630 [βασιλείαν]
1065 3554 1458 3625 διακυϐερνᾷν,
1511 3552 1799 3619 εἰσελθεῖν,
1833 3554 1927 3605 καῖ⁸

344 3654 546 3723 ταύτης
600 3652 875 3722 ἐγκρατὴς
933 3648 1226 3721 [ἐγκρατῆ]
1256 3647 1510 3717 γενέσθαι
1566 3648 1821 3719 ἀπονητί.
1866 3646 1925 3699 Ὀ

341 3746 418 3808 δὲ,
452 3744 548 3798 ᾶτε
583 3745 677 3797 καὶ
712 3743 975 3813 πρότερον
1024 3740 1194 3810 αὐτὴν
1241 3740 1624 3809 ὀνειροπολῶν,
1673 3741 1769 3793 καὶ
1799 3740 1928 3804 τοὺς

345 3836 641 3905 στεφάνους
681 3837 768 3888 ἀεὶ
793 3835 1099 3904 ἐφιέμενος,
1140 3832 1215 3895 ὡς
1255 3828 1401 3903 εἷχεν
1452 3828 1614 3903 τάχος
1646 3832 1745 3903 τὴν
1773 3832 1925 3903 βασι-

343 3928 604 3982 λεύουσαν
644 3926 968 3981 καταλαϐὼν
999 3927 1115 3996 ἅμα
1144 3929 1256 3989 τοῖς
1302 3926 1397 3978 σὺν
1430 3926 1578 3996 αὐτῲ
1609 3924 1717 3977 τῶν
1763 3942 1925 3995 στρα-

341 4022 626 4090 τευμάτων
699 4019 975 4089 ἐκκρίτοις
1057 4019 1263 4081 ἱκανοῖς
1352 4013 1525 4082 οὖσιν,
1584 4018 1674 4069 καὶ
1731 4017 1923 4081 νυκτὸς

341 4113 431 4166 διὰ
479 4113 857 4186 παραπυλίδος
910 4111 1170 4164 εἰσελθὼν
1245 4109 1339 4164 τοῦ
1424 4110 1920 4181 πρωτοῶστιαρίου

343 4204 584 4275 Μιχαὴλ,
647 4203 814 4272 οὔσης
864 4202 1096 4272 πλησίον
1155 4200 1503 4272 ἀκροπόλεως
1558 4202 1615 4251 ὲν
1666 4199 1744 4270 τῷ
1789 4203 1923 4270 οἴκῳ

341 4296 766 4365 τοῦ-πενθεροῦ
840 4295 1013 4366 αὐτῆς
1071 4293 1283 4365 [αὑτοῦ]
1345 4294 1641 4364 Γρηγορᾶ,
1717 4294 1924 4357 ἄϋπνος

349 4390 487 4458 μετὰ
541 4388 649 4460 τῶν
704 4388 971 4452 συνόντων
1032 4385 1182 4461 αὐτῴ
1228 4384 1546 4438 διετέλεσεν.
1588 4386 1835 4455 Νικήτας
1869 4386 1926 4438 δὲ

344 4481 670 4551 άσηκρῆτις,
720 4481 749 4532 ὁ
806 4478 946 4549 μετά
977 4477 1154 4531 ταῦτα
1188 4478 1624 4549 πρωτονοτάριος
1668 4476 1929 4546 γεγονὼς,

342 4576 442 4646 τὴν
474 4574 897 4628 Κωνσταντίνου
951 4573 1133 4641 ἄφιξιν
1186 4573 1264 4643 τῷ
1323 4573 1599 4643 πατρικίῳ
1640 4574 1932 4631 Κωνσταν-

2039 618 2251 670 feusnnt
2306 614 2536 683 adjectis
2572 615 2736 669 minis
2772 613 3017 668 exsulem
3053 614 3180 683 egit.
3227 613 3317 666 Ille
3364 614 3627 666 societate

2038 709 2323 762 hominum
2366 708 2693 762 interdictas
2744 722 2840 777 per
2898 720 3115 761 menses
3177 721 3271 759 sex
3329 719 3395 759 ex
3452 704 3625 758 nimio

2036 813 2274 853 maerore
2305 798 2497 854 morbo
2550 808 2842 867 correptus
2890 796 3123 852 interiit.
3160 798 3383 851 Simeon
3440 808 3624 850 autem

2037 892 2306 962 Bulgaria
2344 894 2618 962 princeps,
2653 893 2838 946 missis
2884 892 2951 945 ad
2986 891 3360 945 Alexandrum
3392 892 3621 955 nuntiis,

2034 985 2106 1039 de
2146 998 2277 1053 pace
2312 991 2606 1038 tractatum
2656 981 2865 1036 habuit.
2896 983 3118 1038 Simeon
3161 981 3425 1036 adversus
3460 981 3622 1037 Clu-i-

2035 1078 2253 1132 stianos
2279 1093 2431 1131 arma
2461 1091 2681 1131 movere
2721 1076 2963 1146 parabat.
2993 1076 3301 1131 Alexander
3329 1076 3625 1145 imperator

2038 1171 2177 1226 bene
2218 1182 2431 1240 pastus,
2465 1180 2519 1226 et
2549 1170 2675 1224 vino
2715 1169 3054 1224 temulentus
3099 1171 3203 1224 sub
3241 1170 3503 1224 caniculae
3535 1185 3623 1223 ar-

2037 1262 2204 1317 dores
2246 1263 2353 1332 pila
2410 1263 2634 1317 Iusurus
2672 1262 2963 1332 processit,
3014 1262 3307 1332 gladioque
3360 1263 3623 1315 divinints

2038 1354 2311 1418 immisso,
2345 1354 2663 1409 vulneratus
2695 1355 2858 1409 rediit
2901 1354 3228 1423 sanguinem
3255 1368 3283 1407 e
3314 1354 3538 1408 naribus
3563 1365 3616 1407 et

2041 1442 2315 1513 pudendis
2340 1442 2648 1507 eﬂundens,
2674 1452 2729 1496 et
2760 1452 2884 1511 post
2927 1444 3046 1497 dies
3078 1446 3214 1497 duos
3269 1441 3492 1497 Nicolao
3529 1459 3623 1513 pa-

2041 1537 2301 1602 triarcha,
2357 1545 2413 1589 et
2463 1526 2747 1605 Stephano
2783 1539 3046 1604 magistro
3077 1534 3265 1600 Elada,
3312 1545 3365 1589 et
3410 1533 3621 1588 Joanne

2040 1640 2273 1692 rectore,
2303 1638 2358 1683 et
2401 1626 2718 1705 Euthymio,
2752 1638 2805 1681 et
2838 1627 3118 1689 Basilitze,
3150 1639 3204 1682 et
3233 1626 3621 1695 Gabrielopnlu

2038 1722 2491 1792 procuratoribus
2544 1721 2833 1784 institutis,
2861 1719 3222 1775 Constantino
3279 1719 3477 1774 Leonis
3513 1720 3623 1773 lilio

2038 1816 2259 1886 reliquit
2287 1815 2600 1885 imperium.
2634 1813 2943 1867 Alexander
2973 1811 3061 1866 ille
3086 1826 3209 1866 cum
3236 1820 3390 1881 patre
3420 1810 3623 1864 Basilio

1960 1884 2002 1941 Β
2034 1884 2227 1966 eodem
2270 1910 2527 1979 sepulcro
2557 1906 2828 1977 repositus
2857 1915 2959 1960 est.

2518 1996 3131 2055 CONSTANTINUS.

2105 2094 2503 2151 Constantinus
2539 2101 2692 2163 patre
2746 2090 2931 2147 Leone
2980 2101 3200 2146 mortuo
3249 2089 3427 2144 alliuc
3457 2105 3615 2159 puer,

2035 2189 2355 2259 (septimum
2388 2186 2535 2241 enim
2563 2194 2777 2240 tantum
2806 2183 2981 2239 aetatis
3010 2198 3124 2238 sua:
3160 2184 3356 2253 agebat
3391 2183 3619 2248 annum)

2033 2281 2137 2337 sub
2170 2280 2354 2351 patrui
2412 2279 2584 2334 tutela
2638 2278 2939 2348 imperator
2996 2277 3219 2332 relictus
3279 2287 3380 2332 est.
3419 2274 3621 2329 Habuit

2033 2375 2201 2429 etiam
2253 2372 2469 2443 imperii
2527 2378 2939 2440 procuratores,
2977 2378 3032 2423 et
3088 2369 3192 2423 sub
3224 2384 3413 2423 eorum
3462 2384 3615 2428 Clll'tt,

2034 2476 2211 2521 matre
2237 2466 2444 2537 pariter
2477 2462 2585 2521 illis
2629 2462 2911 2533 adjuncta,
2940 2462 3081 2517 rexit
3111 2478 3124 2514 :
3165 2478 3269 2514 una
3318 2476 3444 2515 vero
3493 2476 3616 2514 cum

2033 2557 2303 2623 Romano,
2339 2572 2532 2614 socero
2559 2571 2681 2623 suo,
2710 2557 2796 2611 cui
2816 2555 3094 2625 subjectus
3124 2552 3246 2621 fuit,
3280 2568 3455 2608 annos
3481 2552 3617 2606 alios

2036 2651 2228 2723 viginti
2274 2666 2369 2706 sex
2420 2667 2433 2702 :
2474 2650 2628 2706 Solus
2684 2648 2976 2719 imperium
3011 2646 3153 2702 rexit
3183 2661 3358 2699 annos
3388 2644 3617 2715 quinde-

2035 2743 2141 2798 cim
2184 2759 2195 2793 :
2231 2742 2367 2796 adeo
2399 2750 2459 2797 ut
2489 2740 2703 2808 imperii
2768 2739 2889 2808 ejus
2957 2748 3172 2807 tempus
3225 2750 3390 2791 omne
3458 2737 3616 2788 anuis

2035 2835 2434 2907 quinquaginta
2476 2834 2720 2904 quinque
2767 2830 3147 2886 concludatur.
3194 2827 3387 2883 Palatii
3428 2828 3615 2897 itaque

2036 2940 2362 3002 potestatem
2390 2927 2618 2997 adeptus
2640 2923 2898 2979 Nicolaus
2926 2923 3257 2992 patriarcha,
3285 2923 3448 2976 rebus
3468 2936 3617 2975 com-

2037 3024 2299 3079 munibus
2350 3019 2713 3092 providebat,
2743 3030 3045 3085 curamque
3077 3015 3300 3086 gerebat
3340 3014 3584 3085 quotidie
3605 3041 3618 3051 ι

2037 3128 2231 3168 norum
2268 3109 2418 3180 regni
2453 3108 2824 3177 negotiorum.
2853 3104 2991 3159 Cum
3026 3104 3192 3173 igitur
3236 3104 3318 3157 sic
3356 3120 3415 3159 se
3452 3104 3619 3157 habeo

2036 3212 2157 3259 rent
2210 3202 2421 3272 imperii
2483 3214 2591 3263 res,
2629 3197 2995 3253 Constantino
3045 3195 3356 3250 scholarum
3408 3194 3533 3247 duci
3588 3209 3616 3244 ιι

2036 3289 2364 3362 quibusdam
2414 3287 2567 3341 urbis
2612 3286 2931 3357 proceribus
2991 3285 3112 3354 ejus
3150 3285 3341 3338 amicis
3379 3284 3620 3353 suggeri-

2034 3394 2141 3450 tur,
2170 3399 2291 3439 eum
2336 3397 2435 3437 ceu
2468 3381 2648 3434 virum
2698 3378 2896 3434 fortem
2933 3386 2988 3433 et
3035 3380 3385 3448 prudentem,
3416 3378 3618 3446 quique

2033 3485 2220 3547 posset
2293 3473 2690 3543 rempublicam
2764 3471 3157 3526 administrare
3188 3508 3206 3535 ,
3260 3481 3319 3524 ut
3373 3470 3615 3539 seipsum

2032 3571 2402 3637 promoveret,
2441 3563 2707 3631 nulloque
2767 3560 2954 3616 labore
3001 3560 3400 3629 capessendum
3444 3561 3616 3628 impe-

2033 3660 2174 3711 rium
2204 3655 2613 3727 aggrederetur.
2667 3653 2762 3709 Ille
2820 3655 3020 3724 igitur,
3078 3662 3277 3721 utpote
3338 3652 3430 3722 qui
3462 3653 3617 3721 prius

2031 3750 2163 3803 illud
2225 3748 2279 3802 in
2329 3758 2585 3802 votorum
2662 3747 2897 3802 sonmiis
2956 3746 3270 3811 habuerat,
3334 3757 3390 3801 et
3458 3760 3618 3801 coro-

2031 3857 2225 3895 narum
2285 3839 2513 3896 libidine
2556 3856 2776 3911 semper
2812 3841 3117 3907 aestuabat,
3178 3851 3383 3911 quanta
3442 3841 3620 3911 potuit

2029 3933 2317 4015 velocitate
2346 3974 2361 3998 ,
2412 3933 2467 3987 in
2531 3932 2776 4004 reginam
2824 3934 3016 3988 urbem
3077 3951 3185 3989 una
3230 3950 3355 3989 cum
3402 3936 3618 3990 selectis

2028 4024 2202 4094 copiis
2277 4032 2332 4078 et
2381 4022 2450 4077 ad
2500 4023 2736 4101 quodvis
2785 4024 3095 4079 audendum
3168 4026 3383 4081 idoneis
3433 4025 3617 4096 prole-

2033 4125 2153 4171 ctus
2208 4125 2291 4171 est
2330 4133 2343 4169 :
2386 4128 2664 4186 noctuque
2724 4131 2820 4187 per
2874 4118 3150 4187 portulam
3214 4118 3615 4188 protovestiarii

2033 4205 2312 4261 Michaelis
2361 4206 2514 4260 urbis
2566 4206 2709 4261 arcis
2764 4206 2930 4261 vicini
2968 4206 3273 4278 ingressus,
3341 4209 3395 4262 in
3453 4209 3619 4270 domo

2032 4297 2199 4370 489
2228 4297 2488 4368 Gregorio.
2546 4300 2725 4353 soceri
2771 4298 3060 4353 insomnis
3108 4314 3215 4353 una
3276 4315 3401 4354 cum
3452 4301 3619 4355 sociis

2037 4391 2258 4445 mansit.
2297 4388 2519 4444 Nicetas
2549 4398 2736 4444 autem
2772 4404 2803 4443 a
2835 4390 3199 4460 secretis,qui
3223 4400 3415 4461 postea
3442 4390 3617 4445 factus

2040 4481 2482 4553 prmonotarius,
2515 4481 2866 4537 Constantini
2902 4483 3197 4537 adventum
3254 4464 3620 4538 Consraniiuo

2040 4574 2265 4631 Eladico
2292 4573 2529 4644 patricio
2564 4572 2915 4645 signiﬁcavit,
2948 4575 3226 4642 amboque
3266 4575 3473 4644 pariter
3503 4575 3617 4642 ipsa

344 4668 475 4736 τίνῳ
497 4666 575 4737 τῷ
619 4664 885 4736 Ἐλαδικῷ
922 4667 1322 4735 κατεμήνυσεν,
1360 4668 1456 4717 καί
1497 4664 1664 4735 ἄμφω
1696 4667 1762 4735 τῇ
1792 4665 1930 4737 αὐτῇ
1964 4672 2009 4729 D
2041 4684 2097 4724 η(

1867 4666 1930 4737 τῇ
1964 4672 2009 4729 D
2041 4677 2201 4724 nocte
2225 4666 2292 4723 ad
2330 4669 2526 4743 ducem
2552 4667 2978 4722 Constantinum
3008 4670 3620 4738 acceduntzhabitoque

344 4763 499 4813 νυκτὶ
559 4760 696 4831 πρὸς
749 4761 839 4814 τὸν
868 4758 1036 4813 δοῦκα
1075 4760 1486 4813 Κωνσταντίνον
1541 4760 1929 4831 παρεγένοντο,

2042 4760 2272 4817 consilio
2308 4760 2693 4817 illuscescente
2723 4760 2835 4827 die,
2869 4762 2963 4818 sed
2991 4762 3281 4834 profundis
3328 4764 3507 4817 adhuc
3540 4771 3617 4815 le-

1488 4872 1737 4930 FRANC.
1768 4873 2160 4931 COMBEFISII
2210 4873 2445 4929 NOTIE.

416 4973 494 5041 (5)
521 4970 685 5025 Fmde
711 4970 825 5025 haec
855 4969 1068 5041 mutila,
1088 4984 1153 5023 ac
1171 4968 1321 5041 nullo
1338 4983 1530 5041 sensu,
1547 4982 1608 5020 es
1625 4968 1925 5041 Anonyut.,

344 5052 399 5099 et
427 5038 588 5098 Cedr.
620 5045 798 5111 suppl.
825 5056 839 5092 :
872 5040 1127 5110 Εἰρήνης,
1157 5040 1232 5102 ὼς
1269 5038 1476 5109 ταύτην
1496 5038 1810 5111 ᾲάσπσζζοιτο
1834 5041 1928 5093 καὶ

348 5113 439 5167 τοῦ
472 5108 915 5181 φιλοφρονεῖσθαι
942 5108 1127 5163 ἀὑτὸν
1165 5111 1258 5162 καὶ
1297 5108 1600 5182 τιμᾶσθαι,
1639 5108 1831 5179 ὥσπερ
1859 5111 1923 5182 δὴ

347 5186 441 5238 καὶ
472 5183 565 5235 ἐπὶ
598 5179 691 5235 τοῦ
727 5182 989 5248 βασιλέως
1009 5181 1258 5242 Λέοντος.
1295 5179 1352 5233 ὐ
1378 5180 1434 5231 δὲ
1454 5180 1608 5251 ἀνοία
1628 5182 1724 5233 καὶ
1750 5179 1922 5248 άφροὲ

351 5255 490 5326 σύνῃ
517 5252 848 5326 κρατηθεὶς,
887 5253 1015 5314 τοὺς
1065 5251 1327 5326 πρέσϐεις
1369 5251 1581 5326 ἀτίμως
1614 5251 1922 5326 ἐξέπεμψεν

347 5320 598 5387 ἀπειλαῖς
642 5320 922 5393 χρώμενος
978 5324 1121 5393 κα-τὰ
1152 5320 1399 5393 Συμεὼν,
1421 5390 1435 5393 _
1462 5321 1560 5393 καὶ
1580 5324 1920 5393 ’καταπλήτ-

347 5412 462 5448 τειν
520 5389 785 5463 οἰόμενοςζ
843 5394 955 5463 Τῆς
1005 5389 1097 5447 οὖν
1135 5392 1361 5462 εἰρήνης
1415 5390 1779 5462 διαλυθείσης,
1817 5389 1920 5444 Συ-

352 5412 462 5448 τειν
520 5411 600 5447 oio
647 5411 785 5454 ενος.
854 5411 955 5463 ιης
1005 5411 1097 5447 ουν
1135 5411 1361 5462 ειρηνης
1415 5411 1779 5462 οιαΑυυεισης,
1817 5411 1920 5444 ιυ-

352 5465 497 5537 μεὼν
517 5482 531 5496 ·
569 5411 717 5518 Irish
743 5462 969 5534 Symeon
997 5464 1195 5537 legatos
1236 5467 1299 5515 de
1326 5478 1453 5529 pace
1491 5464 1819 5537 admonens,
1842 5480 1926 5537 se-

286 5598 297 5605 ν
348 5534 444 5603 ἐμω
470 5553 586 5588 eam
622 5551 898 5601 percupere
931 5536 1281 5603 signiﬁcans;
1330 5534 1683 5587 humanitatis
1740 5534 1925 5603 ofﬁciis

351 5624 403 5659 se
445 5609 533 5661 ille
584 5610 961 5669 demereretur,
997 5622 1058 5658 ac
1101 5610 1349 5658 honorem
1382 5604 1617 5666 haberet,
1653 5606 1730 5657 uti
1761 5608 1922 5658 etiam

349 5676 523 5731 Leone
549 5680 865 5744 imperatore
912 5676 1113 5744 factum
1147 5687 1285 5729 erat.
1324 5676 1627 5729 Alexander
1656 5676 1920 5729 dementia

354 5762 537 5813 captus
562 5752 760 5817 legatos
788 5749 1078 5817 ignominia
1108 5750 1316 5799 habitos
1347 5747 1625 5809 amandat,
1665 5750 1835 5800 minas
1869 5750 1922 5801 in

353 5817 661 5888 Symeonetn
696 5821 985 5882 intentans,
1022 5835 1083 5870 ac
1105 5836 1159 5872 se
1184 5834 1301 5871 eum
1347 5829 1653 5870 terrttnrttnt
1684 5834 1921 5885 sperans.

355 5892 493 5945 l'uce
529 5894 701 5960 itaque
730 5891 1016 5955 dissoluta,
1040 5888 1265 5959 Synieon
1294 5889 1674 5957 ε.ι·ρειάεῑὲοηιύι
1696 5891 1746 5943 in
1769 5888 1925 5947 Chri-

2031 4972 2238 5025 stianos
2272 4970 2522 5037 parabat.

2104 5041 2181 5111 (6)
2230 5041 2319 5094 Ἐν
2370 5044 2483 5102 τοῖς
2521 5039 2714 5109 τάφοις
2771 5040 2878 5093 τῶν
2914 5040 3203 5112 βασιλέων,
3244 5037 3520 5112 Anonym.
3553 5041 3618 5096 In

2027 5113 2280 5179 sepuluis
2308 5127 2488 5181 regum
2513 5113 2761 5165 conditus
2792 5122 2889 5165 est.

2102 5183 2179 5254 (7)
2212 5182 2290 5235 Ab
2322 5181 2631 5235 Alexandro
2673 5191 2865 5251 patruo
2895 5184 3191 5254 imperator
3214 5182 3448 5254 relictus
3475 5193 3614 5245 erat.

2024 5252 2120 5306 sub
2156 5254 2420 5307 tutoribus
2464 5269 2663 5322 agens:
2695 5268 2802 5305 non
2827 5255 2924 5306 sub
2950 5253 3117 5306 tutela
3156 5252 3472 5316 Alexandri,
3506 5270 3617 5321 quo

2025 5325 2243 5379 vivente
2314 5338 2418 5378 nec
2470 5322 2783 5390 imperavit.
2839 5325 3134 5391 Sequentia
3171 5329 3349 5392 suppl.
3395 5340 3460 5375 ex
3510 5325 3616 5376 Ce-

2029 5392 2223 5459 dreno,
2254 5403 2359 5449 etc.
2396 5392 2749 5466 ὲδασί).ευσεν
2767 5394 2864 5448 σὺν
2887 5398 2951 5466 τῇ
2988 5396 3155 5464 μητρὶ
3178 5393 3272 5462 ἔτη
3307 5392 3371 5457 ζ’.
3398 5393 3503 5445 Sub
3536 5394 3616 5446 his

2027 5467 2203 5533 itaque
2257 5464 2543 5523 tutoribus,
2578 5481 2640 5516 ac
2667 5475 2837 5518 matre
2884 5464 3163 5534 imperarit
3198 5468 3351 5516 annis
3396 5474 3615 5529 septem.

2100 5537 2174 5605 (8)
2207 5535 2456 5591 lnsolens
2503 5536 2720 5598 titulus,
2774 5552 2876 5590 nec
2922 5538 3028 5591 nisi
3076 5551 3267 5590 errore
3311 5536 3517 5605 librarii
3552 5551 3615 5586 at-

2027 5616 2210 5661 textus
2239 5606 2584 5661 mutilatione
2616 5614 2800 5661 natus.
2845 5606 3074 5661 Emend.
3113 5622 3175 5659 ex
3208 5606 3351 5666 aliis,
3384 5604 3461 5673 τῷ
3495 5604 3614 5656 δου-

2029 5678 2144 5741 κὸς,
2179 5679 2338 5746 (ἀλλ.
2368 5678 2563 5746 δουκὶ),
2594 5678 2702 5729 τῶν
2736 5677 2942 5746 σχολῶν
2983 5675 3311 5747 δομεστικῴ,
3350 5674 3600 5727 Constan-

2033 5751 2354 5829 tinoaucis
2408 5750 2523 5818 ﬁlio
2590 5750 2715 5819 (sive
2771 5749 2930 5802 etiam
2985 5748 3129 5819 duci)
3172 5748 3473 5801 scholarum
3524 5749 3609 5800 άοο

2034 5829 2269 5874 ιιιρειιτο.
