4440 6446
422 387 562 455 1145

1721 398 2393 461 (ΞΗΒΟΝΟΟΒΑΡΗΙΛ.

3541 398 3679 463 1H6

412 510 619 582 σφόδρα
643 509 735 565 ἐπὶ
770 510 944 582 τούτῳ
976 511 1346 581 ἠγαλλιάσατο
1366 529 1380 545 ·
1428 513 1617 567 ἐπόθει
1648 515 1758 585 γὰρ
1788 516 1889 584 τὴν
1911 516 1987 568 εἰ·
2018 523 2061 575 Α
2093 514 2165 570 Va

1923 516 1987 568 εἰ·
2018 523 2061 575 Α
2093 514 2259 571 Valde
2298 517 2511 570 lmtatus
2544 514 2846 585 imperator
2872 514 3215 584 postulatum
3250 514 3493 580 admisit,
3527 520 3676 583 pacis

414 606 712 673 ρήνην.καὶ
739 603 836 667 τὰς
864 605 1162 675 γενομένας
1184 605 1306 678 (Η)
1319 606 1428 659 τῶν
1451 606 1698 676 αἱμάτων
1738 608 1991 676 ἐκχύσεις

408 698 696 768 ὁσημέραι.
778 699 1131 762 Ἀποστείλας
1184 695 1279 753 οὖν
1323 701 1380 751 ἐν
1417 698 1496 769 τῷ
1540 698 1634 752 τοῦ
1688 700 1989 771 Κοσμιδίου

411 791 643 862 αἰγιαλῷ
695 793 1098 846 κατεσκεύασεν
1161 794 1220 846 ἐν
1274 796 1339 864 τῇ
1409 793 1652 863 θαλάσσῃ
1714 794 1995 863 ὀχυρωτά-

410 903 512 955 την
538 884 649 955 (45)
669 885 810 939 ὥστε
836 886 934 955 τὴν
950 885 1236 956 βασιλικὴν
1254 887 1455 957 τριήρη
1484 886 1874 940 διεκπλέουσαν
1904 888 1997 940 αὐ-

410 982 477 1051 τῇ
514 980 998 1049 προσορμίζεσθαι.
1025 980 1377 1051 Περιφράξας
1417 976 1512 1035 οὖν
1538 982 1710 1052 αὐτὴν
1729 980 1996 1035 πάντοθεν

410 1072 779 1143 διατείχισμα,
822 1088 988 1144 μεσον
1028 1074 1283 1141 γενέσθαι
1344 1073 1699 1145 προσέταξεν,
1735 1077 1794 1127 ἐν
1829 1067 1874 1142 ᾧ
1899 1075 1995 1127 ἀλ-

410 1162 591 1234 λήλοις
641 1163 865 1232 ἔμελλον
920 1163 1150 1234 ὁμιλεῖν.
1231 1163 1581 1228 Ἀποστείλας
1632 1160 1725 1218 οὖν
1772 1165 1999 1233 Συμεὼν

410 1257 501 1308 τὸν
532 1257 631 1325 τῆς
664 1257 971 1327 ὑπεραγίας
1031 1256 1297 1310 θεοτόκου
1339 1256 1465 1309 ναὸν
1492 1256 1794 1326 ἐνέπρησεν
1825 1257 1917 1308 τὸν
1942 1258 1999 1309 ἐν

413 1352 479 1418 τῇ
520 1350 676 1418 ῐιηγῇ
714 1352 809 1401 καὶ
856 1348 926 1401 τὰ
956 1349 1120 1419 πέριξ
1167 1348 1333 1403 αὐτοῦ
1365 1349 1680 1417 σύμπαντα,
1716 1348 1878 1417 δῆλος
1926 1348 2002 1401 ὢν

410 1442 661 1495 ἐντεῦθεν
690 1442 766 1514 μὴ
782 1443 882 1512 τὴν
911 1444 1134 1513 εἰρήνην
1162 1441 1323 1508 ἐλὼν,
1346 1442 1461 1496 ἀλλ’
1488 1442 1671 1495 ἐλπίσι
1703 1440 2003 1512 μετεώροις

411 1532 599 1584 τοῦτον
628 1531 934 1595 ἐξαπατῶν.
958 1533 1409 1601 Παραγενόμενος
1446 1532 1581 1585 δὲέν
1621 1530 1960 1601 Βλαχέρναις
1975 1529 2004 1578 ὁ

414 1624 693 1685 Βαςίλειος
715 1622 1016 1695 [βασιλεὺς]
1043 1623 1423 1693 ἆμαΝικολάῳ
1440 1624 1518 1693 τῷ
1538 1625 1851 1695 πατριάρχῃ
1870 1624 1927 1674 ἐν
1942 1626 2004 1692 τῇ

416 1714 549 1785 ἁγία
582 1714 837 1782 εἰσῆλθον
863 1714 1028 1784 σορῷ,
1077 1716 1172 1767 καὶ
1226 1715 1323 1777 τὰς
1385 1718 1576 1785 χεῖρας
1610 1715 1887 1781 ἐξέτεινεν
1920 1710 2003 1777 εἰς

416 1806 607 1875 εὐχήν.
645 1803 777 1858 Εἶτα
804 1805 1021 1876 πρηνὴς
1087 1806 1270 1858 πεσὼν
1310 1805 1551 1874 δάκρυσι
1585 1805 1645 1858 τὺ
1675 1805 1829 1871 ἆγιον
1872 1823 2005 1858 κατ-

414 1899 641 1969 έϐρεχεν
671 1898 865 1966 ἔδαφος
885 1897 981 1968 τὴν
1014 1884 1395 1967 πανάχραντον
1422 1897 1683 1967 Θεοτόκον
1707 1897 2001 1951 ἀντιϐολῶν

413 1991 514 2059 τὴν
544 1991 777 2060 ἀκαμπῆ
812 1992 905 2043 καὶ
928 1992 1244 2059 ἀμείλικτον
1266 1992 1364 2045 τοῦ
1384 1992 1740 2061 ὑπερηφάνου
1773 1990 1999 2060 Συμεὼν

414 2083 657 2152 μαλάξαι
687 2071 941 2153 καρδίανξ
966 2085 1060 2136 καὶ
1105 2086 1297 2137 πεῖσαι
1325 2084 1395 2136 τὰ
1431 2083 1571 2153 πρὸς
1594 2085 1853 2153 εἰρήνην.
1879 2084 1988 2137 Καὶ

413 2175 475 2227 τὸ
510 2174 665 2242 ἆγιον
694 2176 950 2231 κιϐώτιον
998 2176 1387 2240 διανοίξαντες,
1423 2176 1552 2230 ἔνθα
1582 2177 1642 2229 τὸ
1674 2177 1872 2229 σεπτὸν
1899 2178 2000 2246 τῆς

416 2265 581 2333 ἁγίας
640 2266 906 2320 Θεοτόκου
942 2266 1343 2335 τεθησαύριστο
1391 2268 1702 2337 ὡμοφόριον
1732 2284 1744 2298 ·
1779 2270 1938 2321 τοῦτο
1972 2271 2000 2321 ὁ

416 2356 673 2427 βασιλεὺς
698 2357 1043 2427 ἀνελόμενος,
1082 2359 1177 2411 καὶ
1220 2359 1320 2430 τὴν
1374 2360 1557 2412 πίστιν
1589 2360 1688 2430 τὴν
1744 2360 1883 2429 ὺπέρ
1906 2360 1998 2434 ,εἰς

416 2453 518 2520 τὴν
567 2452 801 2521 ἄμωμον
832 2450 945 2521 (46)
974 2454 1259 2516 θεοτόκον,
1291 2448 1379 2505 οἷα
1413 2453 1849 2524 περικεφαλαίαν
1878 2454 1998 2505 τινὰ

419 2544 802 2613 περιθέμενος,
829 2544 975 2614 ἐξῄει
1003 2545 1096 2596 τοῦ
1116 2543 1244 2596 ναοῦ
1270 2544 1455 2605 ὅπλοις
1486 2545 1753 2613 ἀσφαλέσι
1787 2544 1998 2613 φραξάο

420 2653 605 2702 μενος,
628 2637 719 2687 τὸν
745 2636 841 2688 σὺν
871 2635 1023 2705 αὑτῷ
1056 2636 1263 2696 στόλον,
1325 2637 1517 2689 ἀσπίσι
1575 2654 1635 2688 τε
1666 2636 1761 2691 καὶ
1815 2636 1999 2699 ὅπλοις

417 2729 653 2799 κομίσας
679 2726 1035 2800 [κοσμήσας],
1063 2728 1154 2780 τὸν
1177 2729 1479 2798 ὡρισμένον
1508 2727 1673 2780 τόπον
1703 2728 2001 2781 κατέλαϐεν

422 2821 779 2890 συνομιλῆσαι
829 2821 907 2890 τῷ
949 2818 1195 2888 Συμεών.
1280 2822 1515 2892 Πέμπτῃ
1545 2816 1639 2873 οὖν
1696 2821 1878 2891 ἡμέρᾳ
1911 2822 1999 2873 ὅτε

419 2910 594 2965 ταῦτα
620 2911 856 2977 ἐγένετο,
879 2911 1076 2981 ἐννάτῃ
1097 2910 1190 2962 τοῦ
1222 2911 1533 2980 Νοεμϐρίου
1567 2910 1735 2980 μηνὸς
1763 2911 2000 2981 τετάρτῃ

418 3002 519 3072 τῆς
551 3002 767 3071 ἡμέρας
798 3004 937 3073 ὥρᾳ,
968 3001 1302 3071 παρεγένετο
1343 3000 1571 3070 Συμεὼν
1611 3001 1814 3071 πλῆθος
1841 3002 2000 3055 ἄπει-

421 3110 516 3163 ρον
562 3093 925 3161 ἐπαγόμενος,
958 3092 1066 3144 τῶν
1118 3093 1215 3162 μὲν
1246 3093 1631 3162 χρυσασπίδων
1662 3094 1757 3145 καὶ
1802 3110 1999 3163 χρυσο-

418 3186 685 3256 δοράτων,
719 3187 829 3240 τῶν
844 3187 901 3240 δὲ
927 3187 1354 3257 ἀργυρασπίδων
1392 3187 1486 3238 καὶ
1520 3186 1996 3258 ἀργυροδοράτων,
2026 3224 2069 3281 C

420 3279 529 3331 τῶν
556 3279 613 3330 δὲ
658 3279 809 3349 πάσῃ
839 3279 1020 3331 ὅπλων
1073 3277 1233 3348 χρεία
1275 3278 1727 3348 κεκοσμημένων,
1782 3279 2000 3331 πάντων

423 3367 975 3436 καταπεφραγμένων
1012 3366 1216 3436 σιδήρῳ
1242 3382 1256 3397 ο
1294 3365 1343 3418 οἳ
1401 3367 1565 3435 μέσον
1598 3366 1779 3418 αὐτῶν
1803 3365 2003 3434 διειλη-

423 3457 584 3525 φότες
616 3456 707 3509 τὸν
736 3455 981 3526 Συμεὼν,
1024 3456 1097 3519 ὡς
1156 3456 1398 3526 βασιλέα,
1445 3458 1731 3526 εὐφήμουν
1758 3460 1825 3526 τῇ
1867 3457 2001 3512 Ῥω-

427 3548 603 3618 μαίων
634 3551 812 3617 φωνῇ.
842 3548 1046 3609 Πάντες
1089 3547 1145 3604 δὲ
1191 3548 1241 3601 οἱ
1287 3547 1384 3617 τῆς
1437 3541 1744 3615 συγκλήτου
1806 3547 2003 3617 βοὺλῆς

422 3643 536 3704 τοῖς
562 3641 794 3709 τείχεσιν
815 3640 1114 3707 ἐφεστῶτες
1131 3639 1467 3692 κατεθεῶντο
1495 3640 1561 3691 τὰ
1592 3636 1863 3707 δρώμενα.
1894 3635 2003 3693 Ἦν

423 3732 515 3786 οὖν
548 3733 669 3786 τότε
702 3732 828 3785 ἰδεῖν
854 3730 1032 3800 ψυχὴν
1066 3730 1356 3800 βασιλικὴν
1391 3729 1467 3797 τῷ
1486 3729 1603 3781 ὄντι
1633 3729 1728 3783 καὶ
1764 3728 2003 3800 μεγαλό-

426 3841 622 3894 φρονα,
656 3823 752 3876 καὶ
800 3823 1078 3891 θαυμάσαι
1128 3822 1190 3873 τὸ
1230 3820 1325 3874 τοῦ
1389 3822 1737 3890 φρονήματος
1798 3820 2005 3873 ἀκατά-

427 3918 694 3985 πληκτον,
724 3916 871 3977 ὅπως
912 3913 1184 3984 τοσαύτην
1218 3912 1494 3983 πολεμίων
1551 3912 1767 3984 βλέπων
1811 3914 2003 3980 ἐπιφοο

368 4010 371 4013 ’
430 4011 550 4079 ράν,
572 4011 634 4062 οὐ
665 4008 981 4076 κατεπλάγη
1019 4007 1111 4059 καὶ
1138 4006 1436 4076 συνεστάλη
1460 4007 1555 4059 καὶ
1605 4004 1963 4075 ὑπεχώρησεν
1989 4020 2000 4033 ·

428 4106 544 4158 ἀλλ’
580 4105 768 4173 ὥσπερ
786 4106 865 4165 είς
889 4101 1057 4170 φίλων
1088 4099 1295 4169 πλῆθος
1330 4102 1523 4170 χωρῶν
1552 4098 1729 4161 οὕτως
1757 4100 2003 4169 ἀτρέμας

429 4197 617 4267 ἀπῄει,
678 4194 960 4264 μονονουχὶ
1002 4195 1100 4262 τὴν
1138 4192 1316 4263 ψυχὴν
1388 4195 1497 4255 τοῖς
1561 4192 1840 4259 πολεμίοις
1898 4191 2007 4242 τῶν

430 4287 687 4359 ὑπηκόων
714 4285 888 4349 διδοὺς
943 4284 1282 4353 ἀντίλυτρον.
1318 4283 1537 4351 Πρῶτος
1585 4282 1679 4335 οὖν
1718 4284 1775 4334 ἐν
1813 4285 1877 4352 τῇ
1906 4284 2005 4352 ρη-

430 4381 584 4449 θείσῃ
615 4378 904 4448 ἀποϐάθρᾳ
938 4376 1260 4430 καταλαϐὼν
1318 4376 1409 4428 τὸν
1441 4375 1665 4444 Συμεὼν
1709 4375 2004 4444 ἐξεδέχετο.

442 4471 595 4523 Ἐπεὶ
624 4468 679 4521 δὲ
706 4469 904 4537 ὅμηροι
935 4467 995 4531 ἐξ
1022 4467 1347 4537 ἀμφοτέρων
1400 4465 1733 4536 ἐλήφθησαν,
1788 4467 1881 4518 καὶ
1910 4466 2007 4534 τὴν

2092 608 2295 678 quippe
2324 607 2626 678 cupiditate
2673 607 2996 671 ducebatur,
3046 617 3101 662 et
3144 607 3380 663 eﬂ‘usum
3434 609 3682 674 quotidie

2094 702 2416 772 sanguinem
2461 701 2797 771 deplorabat.
2862 702 2941 755 Ad
2994 701 3149 755 littus
3181 702 3365 770 itaque
3413 699 3676 755 Cosmidii

2097 793 2409 848 machinam
2439 793 2493 848 in
2524 793 2661 847 tnari
2687 793 3079 848 validissimam
3117 794 3340 847 excitari
3368 794 3573 863 jussit:
3608 795 3677 849 ad

2097 901 2256 957 quam
2276 887 2552 942 triremem
2578 886 2783 955 regiam
2810 886 2978 941 remis
3008 896 3209 941 rectam
3230 885 3391 941 facile
3416 898 3561 941 esset
3580 887 3678 941 de-

2096 980 2316 1044 ducere,
2359 980 2626 1050 scptoque
2655 978 3031 1034 munitissimo
3076 994 3197 1033 cam
3249 978 3679 1036 circumvallatis

2099 1070 2338 1138 spatium
2378 1070 2496 1138 eius
2544 1069 2784 1123 medium
2835 1069 2905 1121 ita
2955 1069 3171 1138 disponi
3231 1070 3506 1139 praecepit,
3544 1071 3683 1124 utin

2099 1177 2161 1217 ea
2220 1161 2287 1216 ad
2341 1162 2575 1215 invicem
2608 1161 2673 1214 de
2726 1175 2858 1229 pace
2919 1160 3383 1229 colloquerentur.
3444 1162 3668 1215 Simcou

2102 1265 2280 1310 autem
2331 1254 2517 1309 missis
2571 1254 2857 1313 militibus.
2896 1253 3257 1308 sanctissimae
3319 1254 3560 1323 Deiparae
3612 1254 3678 1307 ad

2106 1350 2295 1419 Pegem
2336 1348 2594 1416 templum
2630 1347 2954 1409 combussit,
3008 1356 3065 1400 et
3117 1348 3234 1400 loca
3289 1347 3676 1415 circumposita

2104 1442 2424 1503 devastavit,
2453 1455 2483 1493 a
2514 1454 2645 1508 pace
2673 1439 2910 1492 alienum
2945 1452 3025 1503 se,
3050 1441 3145 1492 sed
3173 1452 3310 1490 vana
3344 1447 3555 1490 tantum
3586 1453 3681 1505 spe

2107 1537 2485 1603 imperatorem
2518 1532 2798 1595 deludere,
2832 1530 2958 1584 inde
2988 1533 3327 1599 signiﬁcans.
3378 1532 3681 1598 Imperator

2109 1642 2214 1680 una
2274 1640 2399 1678 cum
2457 1624 2770 1694 patriarcha
2836 1622 3061 1675 Nicolao
3116 1625 3181 1676 ad
3243 1622 3575 1676 Blacbernas
3626 1632 3685 1675 et

2109 1727 2358 1774 sanctum
2413 1716 2652 1771 loculum
2701 1730 3046 1784 progressus,
3107 1715 3173 1768 ad
3235 1730 3423 1783 preces
3482 1729 3681 1766 manus

2109 1812 2367 1876 extendit,
2412 1810 2609 1865 deinde
2662 1824 2867 1878 pronus
2898 1810 2951 1862 in
2984 1818 3187 1861 terram
3216 1808 3420 1861 cadens
3463 1822 3681 1861 sacrum

2106 1903 2360 1974 lacrymis
2390 1902 2756 1971 pavimentum
2788 1900 3059 1969 irrigavit,
3119 1898 3405 1967 Deiparam
3488 1914 3517 1951 a
3560 1898 3681 1951 labe

2104 1996 2401 2050 immunem
2435 1994 2759 2057 obtestatus,
2808 2001 2867 2045 ιιι
2914 1990 3170 2045 inﬂexum
3212 2000 3264 2045 ct
3313 1990 3546 2059 rigidum
3583 2005 3681 2044 su-
3752 1982 3761 1987 ’

2102 2086 2251 2157 perbi
2292 2085 2561 2140 Simeonis
2612 2084 2883 2139 emolliret
2934 2099 3050 2147 cor,
3105 2094 3161 2137 ct
3195 2097 3319 2152 quae
3368 2091 3498 2136 sunt
3529 2082 3683 2151 pacis

2103 2180 2441 2249 inspiraret:
2503 2192 2771 2246 sacroque
2833 2176 3095 2230 scriniolo
3132 2214 3147 2237 ,
3204 2190 3313 2243 quo
3368 2174 3678 2227 veneranda.

2102 2284 2305 2328 sancta:
2354 2271 2601 2340 Dciparce
2649 2270 2817 2324 vestis
2856 2269 3094 2338 reposita
3130 2277 3235 2332 est,
3287 2280 3498 2336 aperto,
3533 2267 3680 2320 illam

2102 2363 2227 2417 inde
2284 2363 2553 2416 sublatam
2610 2377 2673 2416 cx
2731 2360 2833 2414 [ide
2876 2375 2981 2429 qua
3034 2360 3086 2412 in
3143 2360 3545 2413 immaculatam
3587 2358 3677 2412 Dei

2101 2454 2430 2509 Genitricem
2483 2453 2737 2522 pollebat,
2781 2452 2928 2505 velut
2976 2452 3182 2520 galeam
3231 2451 3395 2520 capiti
3444 2451 3683 2505 circnm-

2102 2559 2317 2615 ponens
2340 2544 2635 2613 imperator
2659 2541 2992 2597 ﬁrmissimis
3024 2542 3195 2596 armis
3220 2542 3483 2603 munitus,
3514 2542 3680 2595 classi

2100 2637 2203 2690 viae
2244 2636 2438 2690 comite
2473 2634 2678 2703 clypeis
2708 2638 2761 2688 et
2802 2633 2971 2686 armis
3008 2635 3274 2686 adornata
3306 2633 3373 2687 ad
3404 2632 3681 2702 praefixum

2102 2729 2277 2783 locum
2309 2743 2433 2782 cum
2477 2728 2734 2781 Simeone
2778 2736 3117 2780 tractaturus
3156 2727 3408 2779 accessit.
3472 2726 3691 2791 Quinto

2103 2820 2266 2890 igitur
2299 2820 2385 2872 die
2423 2834 2533 2888 quo
2571 2818 2684 2871 lucc
2721 2817 2859 2872 facta
2900 2826 3051 2877 sunt.
3104 2817 3427 2871 Novembris
3474 2818 3687 2871 mensis

2102 2911 2190 2965 die
2222 2925 2386 2974 nouo,
2426 2910 2555 2962 hora
2585 2910 2692 2963 diei
2728 2922 2925 2978 quarta
2972 2910 3194 2963 Simcon
3233 2911 3495 2962 immensa
3525 2925 3687 2962 excr-

2102 3004 2245 3057 citus
2280 3002 2434 3071 plebe
2467 3001 2916 3069 circnmstipatus
2968 3003 3254 3072 processit.
3318 3001 3548 3056 Militum
3593 3004 3685 3057 alii

2103 3095 2285 3149 aureis
2334 3096 2538 3164 clypeis
2572 3106 2625 3149 et
2678 3098 2956 3149 deauratis
3020 3096 3213 3159 hastis,
3262 3097 3353 3149 alii
3408 3097 3687 3168 argenteis

2104 3188 2304 3258 clypeis
2341 3189 2543 3257 pariter
2578 3200 2631 3241 et
2687 3189 2859 3243 hastis
2911 3198 3141 3258 argento
3179 3190 3551 3251 rutilantibus,
3592 3190 3685 3243 alii

2102 3292 2320 3347 quoque
2373 3277 2521 3329 etuui
2571 3293 2850 3331 armormn
2888 3295 3085 3347 genere
3119 3281 3325 3340 ornati,
3372 3280 3553 3333 cuncti
3586 3296 3684 3332 au-

2105 3378 2208 3422 tem
2265 3366 2409 3421 ferro
2462 3368 2858 3430 eircumcincli,
2908 3370 3145 3423 medium
3187 3370 3539 3423 almiserunt
3596 3368 3685 3422 Si-

2105 3475 2376 3523 meonem,
2403 3474 2565 3528 quem
2595 3458 2801 3514 Grmcis
2830 3462 3217 3530 pronuntiatis,
3251 3477 3349 3514 ceu
3385 3461 3679 3530 imperato-

2105 3568 2218 3606 rem
2260 3552 2454 3605 faustis
2487 3554 2958 3622 prosequebantur
3004 3554 3519 3607 acclamatiunibus.
3588 3554 3685 3607 Se-

2106 3645 2303 3699 natorii
2335 3659 2501 3713 porro
2534 3644 2745 3699 ordinis
2778 3645 2879 3699 viri
2926 3647 3099 3699 muris
3130 3646 3300 3699 innixi
3328 3662 3449 3715 qua:
3484 3645 3688 3700 liebant

2106 3732 2637 3801 contemplabantur.
2709 3730 2963 3800 Spectatu
3024 3749 3152 3786 vero
3213 3733 3533 3802 dignissima
3599 3749 3702 3787 res.

2106 3822 2206 3875 fuit
2261 3821 2481 3875 animus
2534 3821 2622 3875 ille
2678 3822 3025 3891 imperatoris
3076 3822 3274 3890 dignus
3324 3832 3379 3874 ct
3410 3823 3683 3884 excelsus,

2107 3916 2241 3967 mira
2278 3929 2364 3968 res
2394 3914 2483 3966 illa
2532 3915 2727 3967 mentis
2780 3913 2932 3965 nullo
2965 3921 3123 3981 pacto
3159 3922 3319 3966 mone
3354 3912 3691 3972 Constantia,

2108 4020 2229 4075 qua:
2281 4012 2492 4057 tantum
2545 4002 2855 4071 percipiens
2907 4002 3142 4055 hostium
3196 4001 3503 4070 appulsam.
3538 4002 3689 4054 nullo

2110 4098 2269 4149 modo
2300 4104 2645 4151 consternata
2695 4104 2789 4147 aut
2827 4109 3076 4161 repressa
3130 4104 3255 4147 est:
3312 4094 3405 4147 sed
3452 4109 3551 4146 nec
3603 4108 3689 4146 re-

2110 4190 2401 4253 trocessit,
2455 4190 2583 4257 quin
2639 4190 2749 4240 into
2812 4188 2957 4240 velut
3008 4189 3057 4239 in
3122 4188 3425 4240 amicorum
3482 4195 3694 4239 caelum

2110 4298 2167 4336 se
2223 4281 2527 4345 conferret,
2602 4282 2681 4334 sic
2747 4279 3397 4349 intrepidusprocessit,
3472 4286 3685 4331 tantum

2110 4374 2346 4427 animam
2382 4364 2725 4425 subditorum
2775 4371 2967 4423 salutis
3005 4371 3236 4438 pretium
3287 4371 3534 4424 hostibus
3578 4386 3686 4422 nou

2112 4468 2364 4521 eﬂ'erens.
2421 4464 2577 4517 Prior
2630 4464 2813 4533 itaque
2860 4464 2925 4516 ad
2958 4464 3159 4517 dictam
3205 4464 3515 4516 machinam
3565 4477 3689 4532 pcr-

430 4562 745 4631 άποϐάθραν
778 4564 825 4613 οἱ
880 4559 1177 4630 Βούλγαροι
1205 4560 1621 4629 διερευνήσαντο
1654 4558 1900 4628 ἀκριϐῶς
1932 4559 2003 4627 μή
2042 4569 2083 4623 ι)
2114 4575 2183 4613 γει

1932 4559 2003 4627 μή
2042 4569 2083 4623 ι)
2114 4560 2339 4613 veniens
2391 4558 2701 4610 Simeonem
2759 4556 3189 4626 pra-stolabatur.
3247 4554 3315 4609 Ut
3360 4553 3581 4608 obsides
3622 4570 3683 4607 ex

432 4659 547 4719 πώς
566 4673 650 4718 τις
674 4654 897 4723 δόλος,ἢ
940 4652 1125 4724 ἔνεδρα
1158 4653 1400 4721 τυγχάνῃ
1425 4669 1436 4679 ·
1484 4652 1751 4721 κατῆλθεν
1774 4650 2001 4721 Συμεὼν

430 4749 522 4801 τοῦ
545 4749 732 4809 ἵππου,
761 4747 1021 4816 καὶπρὸς
1064 4746 1155 4798 τὸν
1206 4744 1429 4815 βασιλέα
1479 4744 1750 4814 εἰσῆλθεν.
1793 4746 2000 4797 Ἀσπα-

434 4857 659 4910 σαμενοι
702 4835 794 4892 οὖν
834 4838 1117 4909 ἀλλήλους,
1177 4838 1401 4907 εἰρήνης
1472 4836 1659 4904 λόγους
1726 4836 2002 4905 ἐκίνησαν.

432 4936 617 4987 Εἱπεῐν
636 4933 693 4987 δὲ
718 4932 936 4999 λέγεται
968 4931 1057 4983 τὸν
1105 4929 1324 5000 βασιλέα
1358 4928 1495 4997 πρὸς
1542 4928 1767 4997 Συμεών
1792 4944 1803 4957 ·
1842 4929 2005 4997 ’Δκή-

432 5026 534 5080 κοά
578 5043 637 5078 σε
682 5024 908 5093 θεοσεϐῆ
957 5023 1240 5093 ἄνθρωπον
1302 5023 1395 5074 καὶ
1450 5021 1770 5090 Χριστιανὸν
1828 5021 2005 5090 ὑπάρ-

432 5136 595 5189 χοντα
642 5118 934 5187 ἀληθινόν·
993 5116 1173 5187 βλέπω
1200 5116 1255 5169 δὲ
1285 5116 1353 5167 τὰ
1399 5114 1536 5186 ἔργα
1576 5114 1840 5184 μηδαμῶς
1896 5116 2006 5173 τοῖς

432 5212 609 5278 λόγοις
639 5210 1021 5279 συμϐαίνοντα.
1063 5208 1221 5260 Ἶδιον
1280 5207 1378 5276 μὲν
1414 5209 1521 5276 γὰρ
1568 5205 1851 5269 θεοσεϐοῦς
1912 5208 2004 5258 άν-

433 5304 650 5372 θρωπου
694 5303 785 5353 καί
802 5300 1127 5372 Χριστιανοῦ
1154 5299 1213 5354 τὸ
1240 5298 1336 5369 τὴν
1364 5299 1591 5369 εἰρήνην
1622 5300 1714 5351 καὶ
1744 5299 1843 5365 τὴν
1869 5299 2005 5365 ἁγά-

2108 4652 2264 4721 501
2332 4660 2562 4717 utraque
2612 4661 2763 4717 parte
2811 4649 2922 4702 dati
2970 4658 3140 4701 sunt:
3191 4646 3410 4713 Bulgari
3456 4661 3587 4698 vero
3623 4661 3689 4696 ne

2108 4750 2232 4818 quis
2259 4748 2416 4802 dolus
2449 4756 2543 4799 aut
2574 4746 2783 4799 insidia:
2821 4748 3084 4807 laterent,
3117 4744 3424 4798 machinam
3456 4742 3689 4811 diligen-

2109 4852 2186 4894 ter
2243 4839 2566 4907 pcrscrntati
2630 4849 2801 4893 sunt:
2858 4837 3078 4891 Simeou
3139 4852 3284 4905 cquo
3324 4836 3581 4889 desiliens
3624 4835 3688 4888 ad

2110 4935 2492 5003 imperatorem
2524 4934 2774 4995 accessit,
2803 4933 3037 4999 dataque
3061 4930 3293 4983 invicem
3322 4930 3513 4990 salute,
3545 4927 3689 4997 paris

2111 5036 2398 5081 tractatum
2456 5035 2763 5080 moverunt.
2821 5022 3117 5092 Imperator
3166 5023 3372 5075 dixisse
3410 5020 3582 5074 fertur
3624 5020 3691 5071 ad

2112 5120 2418 5174 Simeonem
2455 5134 2469 5171 :
2524 5117 2710 5171 Virmn
2762 5116 2851 5170 Dei
2882 5119 3143 5169 cultorem
3176 5125 3229 5167 et
3262 5129 3386 5167 vere
3424 5111 3686 5165 Christia-

2110 5226 2238 5262 num
2290 5209 2472 5263 auditi
2537 5218 2636 5263 te:
2684 5192 2873 5261 venum
2920 5224 3086 5278 opera
3141 5208 3323 5262 verbis
3376 5206 3696 5261 nullatenus

2106 5299 2467 5353 consmtantia
2497 5299 2549 5352 itt
2582 5308 2632 5351 lc
2662 5298 2950 5367 perSpicio.
2980 5297 3269 5367 Proprium
3295 5295 3438 5351 enim
3470 5294 3570 5349 viri
3596 5293 3687 5346 Dei

1685 5440 1813 5492 r‘tta
1826 5439 1930 5493 NG.
1961 5439 2348 5496 COMBEFISII
2386 5441 2596 5497 ΝΟΤᾸΞ
2609 5482 2621 5495 .

504 5567 617 5633 (Ml
670 5566 780 5620 Καὶ
832 5566 895 5618 τὸ
951 5565 1141 5634 στῆναι
1184 5563 1279 5625 τὰς
1332 5562 1641 5629 γινομένας.
1700 5561 1996 5634 Anonytu_.,

438 5630 791 5702 Quotidiano:
838 5636 1005 5691 cwdes
1040 5630 1216 5689 potens
1259 5648 1621 5699 compescere;
1648 5630 1869 5683 modum
1915 5632 1996 5684 eis

438 5724 500 5763 ac
532 5710 691 5761 ﬁnem
724 5707 1006 5761 adhibere.

510 5780 620 5844 (55)
662 5778 1037 5846 Ὀχυρωτάτην
1063 5775 1349 5829 ἀπόϐασιν.
1380 5772 1545 5834 llcm,
1576 5781 1633 5825 ul
1659 5780 1718 5846 et
1740 5771 1993 5846 (ἶιειιιψιι.ἶ

445 5841 805 5906 ΐιιίἑδεὶυριιὶρί
842 5841 1070 5913 septum;
1124 5845 1540 5900 exsrcnsinurm.
1581 5842 1889 5895 mus-hinnitu
1929 5841 1992 5892 ad

2109 5560 2160 5613 id
2224 5570 2617 5631 comparatam,
2652 5568 2711 5613 ιιι
2740 5574 2802 5631 cx
2840 5558 2962 5631 navi
2998 5556 3048 5631 in
3084 5571 3201 5608 cam
3232 5551 3689 5609 desccndcrctnr,

2108 5646 2283 5699 exque
2312 5628 2373 5685 ea
2412 5641 2531 5685 tuto
2559 5628 3246 5697 colloquiumhaberetur.
3323 5694 3335 5702 _
3446 5692 3458 5702 _
3581 5689 3592 5702 _
3656 5689 3675 5698 _

2181 5692 2293 5770 ('46)
2335 5703 2445 5772 Τὴν
2478 5703 2557 5761 εἰς
2586 5692 2999 5772 ὑπεράμωμον.
3028 5706 3081 5748 ct
3111 5711 3257 5755 mox,
3288 5694 3386 5772 τὸν.
3412 5692 3508 5746 σὺν
3537 5692 3690 5755 αὐτῷ

2107 5764 2197 5831 οὑν
2234 5764 2441 5837 στόλον,
2475 5764 2919 5840 κατακοσμήσσς.
2959 5768 3250 5837 Ᾱιιοιι)ἰιι.,
3282 5764 3512 5819 (ἷιιιιιειι.
