4440 6446
745 427 881 494 1147

1953 427 2231 490 LEONIS
2259 428 2746 492 GRaMMATlCl

3883 425 4022 498 1143

739 542 964 598 cultoris
990 549 1044 595 et
1082 539 1375 595 Christiani
1408 549 1491 595 est
1521 554 1706 610 pacem
1739 550 1793 595 et
1853 541 2175 596 charitatem
2225 557 2338 595 ain-

2453 557 2562 609 πην
2612 540 3082 605 ἁπασπάζεσθάι”
3110 542 3466 614 ιίπερόθεδις
3496 544 3687 614 ἀγάπη
3743 545 3882 609 εστὶ,
3927 553 4026 605 αεὶ

738 634 1194 706 plecti,siquidem
1217 631 1356 686 Deus
1377 633 1615 687 charitas
1627 643 1709 688 est
1730 635 2016 698 etdicitur,
2035 635 2186 704 impii
2204 649 2331 689 vero

740 741 796 783 et
821 728 1051 782 iulidelis
1084 737 1162 780 cst
1196 726 1440 780 caulibus
1478 737 1530 779 et
1582 742 1780 781 cruore
1813 727 2011 795 injuste
2053 725 2172 782 l’usn
2200 741 2332 796 gau-

741 825 891 877 dere.
923 820 1090 889 Igitur
1115 818 1160 872 si
1199 835 1324 872 vere
1363 828 1411 872 te
1443 818 1817 872 Christianum
1851 820 2146 886 proliteris,
2187 819 2330 872 sicut

742 921 893 970 certo
923 924 1194 975 tenemus,
1215 927 1503 980 compesce
1532 913 1750 965 tamlem
1783 913 1958 965 emdes
1990 913 2242 980 injustas,
2277 920 2331 965 et

742 1007 973 1060 scelesta
1013 1004 1294 1072 Sanguinis
1333 1002 1601 1056 clins-ioue
1651 1003 1882 1064 abstine,
1920 1011 1975 1056 et
2042 1003 2328 1056 nobiscum

742 1096 1093 1160 Christianis,
1135 1110 1259 1148 cum
1288 1094 1404 1160 ipse
1436 1094 1782 1149 Christianus
1818 1096 1896 1149 sis
1923 1103 1975 1148 et
2003 1096 2327 1159 nomineris,

742 1190 895 1261 pacis
947 1189 1123 1244 fmdus
1186 1197 1454 1256 percute;
1496 1197 1550 1241 et
1598 1188 2039 1242 Christianorum
2078 1191 2330 1244 dexteras

747 1284 910 1335 unius
938 1281 1058 1334 lidei
1095 1281 1538 1365 Christianorum
1560 1280 1918 1348 sanguiuibus
1943 1296 2012 1334 ne
2043 1282 2330 1350 permittas

744 1375 934 1444 pollui.
970 1373 1143 1426 llomo
1173 1377 1373 1444 quippe
1398 1390 1475 1440 es,
1505 1385 1555 1427 et
1586 1383 1814 1427 mortem
1855 1376 1969 1443 ipse
1995 1383 2050 1428 et
2084 1389 2332 1428 resurre-

744 1469 980 1521 ctionem
1015 1475 1069 1520 et
1101 1483 1326 1535 operum
1369 1466 1781 1519 retributionem
1817 1465 2146 1534 praestolaris
2181 1483 2194 1519 :
2228 1467 2332 1520 ho-

745 1559 942 1626 dieque
966 1573 1090 1612 cum
1125 1559 1380 1621 exsistas,
1414 1561 1691 1612 crastinus
1717 1557 1834 1612 dies
1873 1559 1924 1611 in
1963 1559 2238 1627 pulverem
2281 1569 2332 1614 te

746 1652 1025 1706 resolvet:
1079 1651 1246 1706 febris
1286 1652 1369 1706 vel
1422 1652 1584 1705 unica
1625 1667 1840 1705 omnem
1893 1652 2204 1720 exstinguet
2243 1652 2331 1720 ja-

745 1746 1028 1800 ctanliam.
1069 1744 1243 1810 Quam
1293 1748 1457 1814 igitur
1485 1747 1552 1801 ad
1589 1745 1680 1801 Dei
1719 1747 1955 1800 tribunal
1999 1747 2331 1802 constitutos

750 1853 846 1906 pro
897 1835 1139 1890 caedibus
1187 1835 1406 1904 injustis
1456 1836 1565 1890 Deo
1622 1837 1816 1891 reddes
1867 1836 2131 1890 rationem
2165 1838 2189 1890 ?
2221 1853 2331 1906 quo

2441 631 2680 699 λέγεται.
2719 633 2975 698 Ἀσεδοῦς
3001 635 3056 688 δὲ
3094 637 3187 689 καὶ
3214 637 3445 690 ἀπίστου
3508 637 3569 691 τδ
3630 640 3845 710 χαίρειν
3892 650 4033 711 σφα-
4107 653 4116 661 ’

2440 727 2566 792 γαῖς
2604 729 2699 780 καὶ
2730 727 2961 797 αἵμασιν
3006 728 3206 792 ἀδίκως
3241 731 3584 799 ἐκχεομένων
3605 732 4025 811 [ἐκχεομένοιςί.
4094 770 4096 772 -

2442 820 2504 872 Εἰ
2537 819 2635 889 μὲν
2659 820 2752 874 οὖν
2781 821 2987 891 ἀληθὴς
3013 823 3340 894 Χριστιανὸς
3371 824 3661 894 ὑπάρχεις,
3691 829 3874 891 καθὼς
3931 839 4030 884 πε-

2443 911 3155 984 πληροφορήμεθα.στῆσὸν
3209 931 3342 968 ποτε
3393 915 3494 980 τὰς
3543 918 3763 981 ἀδίκους
3815 925 4033 991 σφαγὰς

2443 1004 2536 1053 καὶ
2558 1004 2656 1064 τάς
2678 1002 2786 1055 τῶν
2807 1004 3035 1056 ἀνοσίων
3070 1006 3317 1072 αἱμάτων
3367 1007 3645 1078 ἐκχύσεις,
3683 1011 3777 1064 καὶ
3809 1016 4028 1068 σπεῖσαι

2445 1092 2564 1162 μεθ’
2593 1095 2750 1164 ἡμῶν
2783 1095 2892 1148 τῶν
2927 1098 3270 1167 Χριστιανῶν
3301 1101 3400 1170 τὴν
3428 1104 3672 1172 εἰρήνην,
3706 1105 4030 1172 Χριστιανὸς

2385 1262 2392 1266 .
2439 1184 2514 1237 ὢν
2546 1188 2640 1240 καὶ
2667 1188 2847 1251 αὐτὸς,
2885 1192 2976 1243 καὶ
2996 1192 3434 1262 ὀνομαζόμενος·
3466 1195 3560 1248 καὶ
3595 1197 3668 1266 μὴ
3715 1196 3834 1250 θέλε
3869 1199 4034 1268 μολόν

2441 1281 2623 1335 νεσθαι
2667 1285 3008 1354 Χριστιανῶν
3041 1288 3224 1354 δεξιὰς
3259 1291 3490 1359 αῖμασιν
3522 1293 3837 1361 ὀμοπίστων
3899 1297 4032 1365 Χρι-

2441 1375 2697 1430 στιανῶν.
2757 1377 3079 1447 Ἀνθρωπος
3101 1377 3147 1432 εί
3176 1381 3268 1434 καὶ
3321 1382 3483 1446 αὐτὸς
3524 1382 3754 1436 θάνατον
3801 1364 4029 1454 7:983:30-

2441 1468 2554 1520 κῶν
2577 1471 2671 1521 καὶ
2703 1471 2996 1524 ἀνάστασιν
3018 1475 3110 1525 καὶ
3133 1474 3508 1528 ἀνταπόδοσιν.
3546 1476 3793 1545 Σήμερον
3852 1478 4031 1548 ὑπάρ-

2441 1578 2578 1631 χεις,
2627 1564 2719 1615 καὶ
2753 1563 3043 1632 αὖριονείς
3081 1565 3232 1618 κόνιν
3288 1567 3613 1641 διαλυθήσῃ.
3655 1564 3745 1630 Εἷς
3799 1571 4032 1638 πυρετος

2442 1655 2587 1706 ᾶπαν
2622 1656 2952 1709 κατασῦἐσει
2985 1657 3049 1709 τὸ
3072 1658 3356 1727 φρύαγμα.
3391 1659 3526 1712 Τίνα
3580 1655 3674 1712 οὖν
3714 1660 3871 1727 λόγον
3924 1661 4032 1715 δὼ-

2443 1761 2556 1806 σεις
2577 1744 2653 1814 τῷ
2683 1745 2803 1815 Θεῷ
2832 1748 2949 1800 ἐκεῖ
2967 1747 3216 1800 ἀπελθὼν
3253 1749 3393 1818 ὑπερ
3415 1749 3524 1801 τῶν
3553 1750 3751 1802 ἀδίκων
3778 1753 4027 1820 σφαγῶν;

2443 1837 2582 1907 ποίῳ
2614 1840 2893 1911 προσώπῳ
2927 1840 3004 1910 τῷ
3036 1841 3253 1911 φοϐερῷ
3310 1842 3405 1894 καὶ
3454 1842 3649 1914 δικαίῳ
3701 1846 4032 1909 ὲνατενίσεις

747 1929 896 1981 νιιΙιιι
935 1927 988 1981 in
1033 1928 1378 1981 tremendum
1423 1939 1476 1982 et
1515 1929 1724 1998 justum
1754 1929 1994 1998 judicent
2024 1930 2212 1984 oculos
2257 1929 2334 1984 in-

2445 1936 2607 2006 κριτῇ
2640 1950 2654 1998 ;
2692 1935 2752 1986 Εί
2796 1935 3026 1989 πλούτου
3085 1935 3226 2005 ἐρῶν
3258 1935 3432 1989 ταῦτα
3468 1939 3664 1999 ποιεῖς,
3696 1938 3806 2004 ἐγώ
3841 1955 3897 1991 σε
3931 1955 4032 1992 κα.-

748 2023 936 2078 teudes
967 2023 988 2075 ?
1037 2023 1093 2078 Si
1141 2023 1450 2078 divitiarum
1488 2024 1784 2093 cupiditate
1822 2023 2020 2078 ductus
2057 2025 2159 2078 hoc
2199 2029 2343 2094 agis,

745 2133 846 2187 ego
875 2119 940 2172 ad
973 2119 1279 2174 satietatem
1307 2134 1500 2187 usque,
1533 2133 1598 2171 co
1638 2118 1781 2186 quod
1811 2118 2112 2180 desideras,
2144 2119 2338 2186 imple-

746 2212 835 2266 bo.
871 2211 1059 2266 Solum
1119 2213 1342 2267 contine
1395 2210 1702 2271 dexteram,
1745 2210 2076 2277 amplectere
2127 2224 2336 2276 partem,

747 2302 910 2373 dilige
935 2304 1315 2364 conc0rdiam,
1355 2312 1415 2356 ut
1445 2312 1499 2355 et
1527 2283 1582 2354 tu
1617 2304 1782 2353 vitam
1819 2315 1950 2370 agas
1988 2301 2338 2370 tranquillam

746 2406 800 2449 et
848 2395 1234 2449 sollicitudinis
1285 2403 1607 2464 evpertem,
1652 2402 1707 2446 et
1759 2392 2172 2448 calamitatibus
2229 2407 2336 2444 non

749 2488 881 2542 nihil
911 2487 1211 2542 Christiani
1241 2487 1619 2541 subleventur.
1661 2485 1826 2539 Nefas
1855 2487 2002 2538 enim
2036 2496 2120 2538 est
2146 2485 2338 2537 adver-

747 2577 858 2634 sus
889 2579 1133 2647 ejusdem
1185 2577 1304 2631 lidei
1354 2577 1605 2631 homines
1649 2587 1699 2630 te
1743 2592 1894 2630 arma
1946 2593 2185 2630 movere.
2244 2575 2341 2632 His

744 2672 906 2727 dictis
944 2673 1240 2741 imperator
1268 2670 1456 2724 tacuit.
1488 2669 1733 2731 Simenn,
1754 2671 1873 2738 ejus
1907 2671 2337 2724 moderationem

744 2771 801 2818 et
835 2763 956 2832 ejus
988 2776 1275 2817 sermones
1310 2777 1434 2815 cum
1475 2761 1803 2815 verecundia
1838 2763 2095 2824 miratus,
2151 2779 2337 2829 pacem

745 2856 1000 2938 corn-prmi
1041 2855 1260 2909 annuit.
1298 2853 1435 2908 Cum
1481 2853 1648 2923 igitur
1683 2841 1785 2908 Sibi
1832 2856 2062 2910 invicem
2100 2856 2220 2910 vale
2259 2858 2342 2910 di-

747 2949 972 3010 xisSent,
1031 2963 1060 3002 a
1111 2964 1170 3002 se
1223 2958 1417 3002 mutuo
1479 2949 1740 3017 disjuucti
1795 2958 1954 3012 sunt,
2013 2950 2341 3020 imperatore

751 3041 1056 3110 magnilicis
1096 3041 1420 3095 muneribus
1458 3040 1770 3094 Simeonem
1813 3043 2150 3096 cunmlantc.
2183 3042 2340 3108 Quod

752 3145 879 3182 vero
918 3141 1049 3186 tunc
1089 3131 1286 3185 accidit
1321 3131 1554 3187 narrabo
1590 3131 1897 3201 prodigium
1930 3149 2117 3185 eorum
2148 3134 2337 3196 etiam,

748 3223 840 3292 qui
877 3224 990 3277 haec
1037 3223 1348 3292 dijudicant
1381 3224 1538 3278 fidem
1585 3240 1940 3292 exsuperans.
1991 3223 2338 3294 Principibus

658 3352 672 3363 -
749 3316 954 3386 quippe
988 3316 1054 3370 ad
1086 3317 1320 3371 invicem
1349 3317 1814 3385 colloquentibus,
1843 3318 2058 3386 aquilas
2081 3320 2215 3372 duas
2246 3321 2338 3373 de-

750 3425 915 3478 super
949 3410 1101 3478 ipsos
1131 3411 1349 3464 volasse
1380 3422 1688 3479 praestoque
1721 3411 2035 3476 advenisse,
2072 3420 2122 3464 et
2161 3413 2224 3465 ad
2261 3413 2342 3465 iu-

749 3501 922 3554 vicem
964 3502 1286 3555 commistas
1317 3501 1554 3554 dicunt:
1605 3511 1660 3556 et
1683 3501 1981 3556 confestim
2020 3504 2088 3556 ab
2112 3503 2343 3556 invicem

751 3593 1088 3661 disjunctas,
1111 3593 1251 3646 hanc
1282 3593 1501 3662 quidem
1539 3593 1605 3647 ad
1634 3595 1821 3647 urbem
1855 3594 2158 3659 advolasse,
2179 3595 2344 3647 aliam

751 3700 881 3739 vero
931 3686 983 3738 in
1019 3683 1314 3739 Thraciam
1348 3684 1558 3738 alarum
1594 3700 1758 3754 opere
1797 3684 2056 3739 delatam.
2089 3685 2191 3751 Qui
2227 3686 2342 3738 hanc

750 3779 1026 3834 curiosius
1060 3778 1342 3848 indagant,
1377 3793 1538 3832 omen
1565 3778 1882 3847 judicavere
1919 3794 2023 3832 non
2057 3780 2294 3835 faustum
2323 3795 2338 3844 ;

751 3871 1034 3925 discordes
1058 3870 1281 3940 quippe,
1315 3879 1368 3924 et
1400 3884 1532 3940 pace
1568 3870 1763 3924 infecta
1790 3885 2104 3926 recessuros
2133 3873 2344 3926 divina-

752 3963 904 4016 bant.
939 3960 1164 4016 Simeon
1196 3963 1428 4016 collecto
1464 3965 1729 4027 exercitu,
1764 3979 1946 4017 coram
1980 3964 2343 4033 optimatibus

753 4057 1103 4126 imperatoris
1146 4055 1424 4110 solertiam
1468 4065 1522 4110 et
1567 4057 2001 4111 moderationem
2058 4059 2339 4126 exposuit.

831 4123 1144 4201 Decembris
1163 4157 1345 4201 autem
1370 4147 1573 4202 mensis
1593 4147 1682 4201 die
1703 4147 1966 4202 vicesimo
1983 4149 2176 4216 quinto
2202 4148 2344 4202 filios

754 4253 885 4293 suos
920 4237 1259 4307 Stephanum
1301 4247 1356 4292 et
1399 4235 1818 4292 Constantinum
1864 4236 2143 4293 Romanus
2182 4235 2341 4308 502

755 4331 967 4401 imperii
999 4346 1204 4386 corona
1239 4331 1450 4385 cinxit:
1486 4331 1579 4385 sed
1604 4329 2146 4401 etTheophylactum
2164 4332 2339 4385 lilium

753 4427 1015 4482 clericum
1066 4423 1301 4479 totondit
1341 4425 1674 4494 patriarcha,
1709 4435 1762 4478 et
1800 4424 2198 4483 subdiacouum
2254 4441 2354 4489 ore.

753 4523 986 4588 dinavit,
1020 4524 1350 4590 tandemque
1383 4520 1681 4590 syncellum
1713 4519 2006 4588 promovit,
2040 4535 2162 4574 cum
2195 4521 2354 4590 prius.

2441 2028 2692 2097 τακόρως
2735 2026 2829 2079 τοῦ
2884 2028 3321 2098 ὲπιθυμουμένου
3355 2028 3645 2100 ἐμπλήσω,
3687 2032 3849 2100 μόνον
3907 2031 4030 2084 ὲπί-

2445 2139 2572 2191 σχες
2593 2121 2691 2190 τὴν
2722 2121 2937 2184 δεξιάν·
2985 2122 3228 2175 ἄσπασαί
3282 2121 3380 2193 τὴν
3436 2124 3680 2192 εἰρήνην,
3747 2124 4035 2195 ἀγάπησον

2442 2215 2538 2283 τὴν
2574 2216 2852 2283 ὁμόνοιαν,
2879 2215 2963 2267 ἵνα
3008 2215 3102 2267 καὶ
3151 2216 3312 2278 αὐτὸς
3367 2216 3482 2286 βίον
3528 2217 3701 2287 ζήσῃς
3757 2219 4033 2286 εἰρηνικὸν

2442 2310 2536 2360 καὶ
2566 2310 2917 2378 ἀπράγμονα,
2951 2309 3046 2361 καὶ
3096 2311 3143 2362 οί
3181 2308 3500 2379 Χριστιανοὶ
3544 2309 3860 2366 παύσωνταί
3903 2330 4032 2366 ποτε

2441 2401 2549 2455 τῶν
2591 2403 2910 2472 συμφορῶν.
2949 2403 3022 2457 Οὐ
3081 2403 3239 2471 Θέμις
3282 2406 3392 2476 γὰρ
3449 2405 3646 2468 αὐτοὺς
3676 2407 3852 2477 αἴρειν
3893 2406 4033 2459 ὅπλα

2442 2495 2564 2549 καθ’
2609 2497 2944 2566 ὁμοπίστων.
2998 2498 3252 2551 Τοσαῦτα
3299 2499 3392 2551 οὖν
3445 2499 3616 2552 εἰπὼν
3673 2500 3700 2551 ὁ
3759 2499 4031 2569 βασιλεὺς.

2443 2591 2715 2660 ἐσίγησεν.
2757 2592 3032 2654 Λξδεσθεὶς
3057 2587 3148 2645 οὖν
3191 2593 3418 2662 Συμεὼν
3463 2593 3560 2662 τὴν
3611 2593 3808 2646 τούτου
3842 2595 4033 2647 ταπεί-

2440 2702 2626 2746 νωσιν,
2658 2685 2749 2737 καί⁸
2785 2686 2910 2748 τοὺς
2939 2684 3132 2751 λόγους
3155 2684 3345 2750 αὑτοῦ,
3412 2683 3708 2738 ἐπένευσεν
3739 2688 3838 2757 τὴν
3879 2689 4033 2755 εἰρή-

2441 2795 2540 2845 νην
2563 2776 2916 2846 ποιήσασθαι.
2963 2777 3368 2847 ’Λσπασάμενοι
3413 2776 3507 2830 οὖν
3538 2776 3801 2846 ἀλλήλους
3841 2779 4034 2848 διεχω-

2445 2868 2710 2938 ρίσθησαν
2768 2867 2966 2938 δώροις
3029 2867 3470 2939 μεγαλοπρεπέσι
3503 2868 3598 2920 τοῦ
3641 2867 3904 2935 βασιλέως
3949 2866 4036 2919 δε-

2444 2962 2780 3030 ξιωσαμένου
2825 2961 2919 3014 τὸν
2965 2961 3250 3030 Συμεῶνα.
3300 2961 3369 3012 Ὀ
3416 2959 3473 3013 δὲ
3528 2962 3649 3012 τότε
3690 2957 4037 3027 συμϐέϐηκεν

2441 3055 2773 3123 διηγήσομαι
2832 3053 3116 3124 τεράστιόν
3145 3071 3221 3118 τι,
3254 3053 3348 3106 καὶ
3393 3054 3508 3116 τοῖς
3541 3052 3608 3104 τὰ
3641 3051 3869 3105 τοιαῦτα
3905 3069 4036 3118 συγο

2443 3148 2650 3216 κρίνειν
2684 3147 2848 3200 εἰδόσι
2911 3145 3234 3216 παράδοξον.
3290 3147 3392 3199 Δύο
3455 3148 3619 3214 φασὶν
3679 3147 3872 3207 ἀετοὺς
3927 3144 4036 3196 τῶν

2445 3240 2708 3310 βασιλέων
2767 3239 3103 3310 ὁμιλούντων
3159 3238 3370 3292 ἀνωθεν
3430 3238 3612 3291 αὐτῶν
3665 3239 4034 3308 ὑπερπτῆναι.

2443 3328 2570 3402 ἧξαί
2596 3329 2708 3400 (47)
2746 3331 2922 3383 τεκαὶ
2957 3330 3098 3400 προς
3149 3330 3418 3398 ἀλλήλους
3459 3327 3746 3398 συμμίξαι,
3779 3328 3871 3380 καὶ
3926 3344 4034 3379 πα-

2447 3424 2678 3492 ραυτίκα
2709 3421 3094 3491 διαζευχθῆναι
3125 3421 3371 3492 ἀλλήλων
3397 3438 3411 3452 ο
3446 3421 3538 3474 καὶ
3568 3421 3659 3473 τὸν
3693 3421 3793 3490 μὲν
3817 3421 3904 3472 ἐπὶ
3938 3419 4039 3488 τὴν

2444 3507 2598 3567 πόλιν
2629 3515 2825 3578 ἐλθεῖν,
2848 3516 2937 3567 τὸν
2967 3515 3024 3568 δὲ
3047 3515 3140 3567 ἐπὶ
3159 3515 3260 3585 τὴν
3283 3514 3508 3584 Θράκην
3531 3514 3841 3582 διαπτῆναι.
3862 3512 4040 3566 Τοῦτο

2443 3611 2491 3661 οξ
2523 3607 2767 3676 ἀκριϐῶς
2809 3609 2876 3660 τὰ
2924 3607 3152 3661 τοιαῦτα
3200 3606 3552 3669 σκοποῦντες,
3585 3607 3650 3659 οὐ·
3689 3604 3856 3658 καλὸν
3885 3604 4040 3674 ἔκρι-

2445 3716 2541 3752 ναν
2574 3699 2784 3750 οἰωνόν.
2839 3697 3217 3767 Ἀσυμὸάτους
3243 3696 3351 3766 γάρ
3378 3697 3471 3750 ἐπὶ
3498 3698 3598 3768 τὴν
3649 3698 3876 3766 εἰρήνην
3919 3696 4038 3750 δια-

2444 3790 2774 3860 λυθήσεσθαι
2811 3791 3038 3860 ἕιρησαν.
3076 3789 3300 3859 Συμεὼν
3329 3789 3386 3842 δὲ
3415 3790 3474 3842 τὸ
3508 3790 3702 3842 ἑαυτοῦ
3740 3790 4038 3862 στρατόπε-

2443 3885 2532 3936 δον
2559 3880 2883 3936 καταλαϐὼν
2913 3883 3022 3942 τοῖς
3074 3880 3266 3934 ἑαυτοῦ
3306 3883 3646 3950 μεγιστᾶσιν
3676 3881 3776 3951 τὴν
3819 3881 3913 3935 τοῦ
3943 3881 4039 3952 βα-

2446 3975 2634 4038 σιλέως
2684 3973 3018 4044 ἀπήγγειλεν
3076 3973 3294 4026 σύνεσιν
3327 3973 3424 4027 καὶ
3474 3972 3822 4028 ταπείνωσιν.

2516 4153 2838 4223 Δεκεμϐρίῳ
2863 4152 2920 4206 δὲ
2947 4153 3076 4222 μηνὶ
3104 4151 3278 4206 εἰκάδι
3297 4151 3523 4222 πέμπτῃ
3551 4150 3779 4219 ἔστεψεν
3818 4150 4038 4222 Ῥωμα-

2444 4245 2533 4308 νος
2561 4245 2688 4307 τοὺς
2706 4242 2858 4304 υίοὺς
2890 4241 3055 4295 αὑτοῦ
3092 4243 3152 4294 ἐν
3180 4244 3248 4312 τῇ
3279 4241 3374 4294 τοῦ
3396 4240 3530 4293 Θεοῦ
3555 4241 3782 4312 Μεγάλῃ
3803 4240 4038 4312 Ἐκκλη-

2447 4337 2540 4406 σία
2569 4336 2844 4404 Στέφανόν
2879 4352 2938 4387 τε
2974 4335 3069 4388 καὶ
3096 4335 3532 4394 Κωνσταντῖνον,
3594 4334 3730 4386 ἀλλά
3768 4335 3859 4386 καὶ
3911 4336 4039 4387 θεο-

2448 4428 2722 4498 φύλακτον
2779 4426 2872 4479 τὸν
2936 4426 3052 4478 υἱὸν
3085 4424 3251 4479 αὐτοῦ
3284 4427 3312 4478 ὁ
3356 4427 3702 4497 πατριάρχης
3740 4428 4038 4496 ἀπέκειρεν

2449 4518 2734 4587 κληρικὸν,
2791 4517 3183 4586 χειροτονήσας
3233 4515 3613 4578 ὑποδιάκονον,
3653 4515 3950 4582 σύγκελλόν
3980 4533 4038 4569 τε

755 4616 822 4670 ad
869 4624 1120 4669 sanctum
1169 4615 1479 4684 lugreswm
1548 4627 1672 4666 cum
1721 4612 2074 4666 subdiaconis
2120 4613 2338 4668 allerlus

2457 4609 2966 4680 προχειρισάμενος,
2991 4607 3266 4660 διελθόντα
3296 4607 3560 4676 πρότερον
3592 4610 3648 4659 ὲν
3675 4607 3751 4677 τῷ
3775 4607 3881 4658 τῶν
3910 4609 4039 4661 ὑπο-

757 4709 1136 4772 processisset.
1160 4707 1360 4775 Aprilis
1393 4721 1519 4760 vero
1544 4705 1746 4758 mensis
1777 4705 1865 4758 die
1897 4705 2159 4759 vicesimo
2196 4721 2340 4763 nono

751 4797 1017 4852 Joannem
1053 4798 1338 4870 Mys-ticum
1381 4797 1669 4870 patricium
1708 4796 1987 4852 llomauus
2028 4813 2339 4866 proconsu—

757 4891 859 4944 lem
891 4891 1218 4960 designavit.
1255 4891 1452 4944 Mensis
1469 4867 1597 4944 ver'o
1616 4888 1739 4943 .‘llaii
1769 4889 1858 4942 die
1876 4887 2090 4943 decimo
2121 4891 2336 4958 quinto,

757 4987 1055 5040 indictione
1089 4984 1266 5048 tertia,
1300 4992 1529 5037 mortem
1552 4982 1686 5036 obiit
1711 4979 1970 5036 Nicolaus
2004 4982 2335 5051 patriarcha,

756 5089 880 5149 post
939 5078 1237 5132 secundam
1304 5074 1766 5130 reuuntiationem
1857 5075 2052 5128 throno
2135 5075 2340 5144 potitus

757 5184 932 5224 anulos
972 5169 1253 5233 tredecim,
1299 5168 1528 5238 ejusque
1557 5182 1761 5233 corpus
1805 5166 1857 5220 in
1910 5165 2336 5221 Galacrenarum

757 5261 1094 5315 monasterio
1129 5261 1196 5315 ab
1245 5275 1310 5314 eo
1339 5259 1564 5314 condito
1604 5259 1912 5329 depositum
1948 5269 2052 5314 est.
2095 5259 2343 5329 Augusto

757 5354 956 5409 deinde
1023 5369 1209 5408 mense
1261 5353 1569 5423 Stephanus
1635 5353 1882 5408 Amaseze
1952 5353 2340 5422 metmpolita,

758 5447 1079 5515 eunuchus,
1121 5447 1366 5503 initiatus
1387 5456 1472 5504 est
1489 5446 1821 5518 patriarcha.
1851 5443 1979 5500 Post
2011 5446 2126 5500 haec
2153 5460 2339 5500 mense

2450 4704 2715 4756 διακόνων
2763 4702 3007 4770 τάγματι
3043 4702 3121 4762 εἰς
3154 4701 3222 4753 τὰ
3254 4699 3444 4766 Ἅγια.
3495 4699 3789 4769 Ἀπριλλίῳ
3818 4701 3873 4753 δὲ
3909 4705 4038 4771 μηνὶ

2447 4797 2666 4864 εἰκοστῇ
2699 4795 2892 4865 ἐντάτῃ
2919 4773 3178 4862 ἐτίμησεν
3212 4789 3492 4860 Ῥωμανδς
3545 4791 3798 4860 Ἰωάννην
3829 4793 4037 4844 Μυστι-

2448 4887 2542 4941 κὸν
2574 4886 2864 4955 πατρίκιον
2901 4884 3214 4937 ἀνθύπατον
3241 4883 3373 4953 (48).
3411 4884 3572 4950 Μαΐῳ
3591 4884 3644 4935 δὲ
3675 4885 3806 4953 μηνὶ
3835 4885 4040 4954 δεκάτῃ

2448 4981 2678 5051 πέμπτῃ
2715 4967 3274 5046 ίνδικτιῶνοςτρίτης
3326 4975 3437 5046 (49)
3465 4977 3693 5046 τελευτᾷ
3742 4977 3831 5028 τὸν
3868 4975 3980 5044 βίον
4010 4980 4039 5030 ὁ

2449 5073 2796 5142 πατριάρχης
2821 5071 3107 5134 Νικόλαος,
3143 5071 3420 5140 κρατήσας
3445 5073 3501 5123 ὲν
3524 5073 3590 5140 τῇ
3625 5070 3850 5139 δευτέρα
3871 5068 4037 5122 αὑτοῦ

2445 5167 2710 5220 ἀναϐάσει
2744 5166 2838 5234 ἔτη
2869 5165 3132 5234 δεκατρία
3152 5181 3165 5194 ο
3199 5165 3294 5216 καὶ
3317 5163 3557 5232 ἀπετέθη
3591 5164 3651 5215 τὸ
3687 5163 3845 5230 σῶμα
3869 5161 4036 5214 αὖτοῦ

2441 5263 2498 5312 ἐν
2527 5263 2594 5330 τῇ
2627 5259 2719 5310 ὑπ’
2749 5258 2914 5310 αὑτοῦ
2968 5256 3254 5325 κτισθείσῃ
3291 5259 3425 5326 μονῇ
3481 5254 3590 5307 τῶν
3643 5253 4035 5323 Γαλακρηνῶν.

2440 5354 2740 5423 Αὐγούστῳ
2764 5352 2821 5405 δὲ
2855 5352 2986 5421 μηνὶ
3021 5351 3367 5421 πατριάρχης
3398 5349 3728 5402 καθίσταται

3764 5346 4035 5410 Στέςανος

2458 5447 2727 5514 Ἀμασίας
2770 5444 3197 5515 μητροπολίτης,
3230 5441 3486 5512 εὐνοῦχος
3517 5441 3797 5510 ὑπάρχων.
3836 5440 4038 5490 Ὀκτω-

1858 5556 2104 5613 FRANC.
2134 5554 2528 5615 COMBEFISII
2560 5557 2801 5614 ΝΟΤιΕ.

830 5675 942 5746 (Π)
978 5673 1171 5730 Melius
1198 5675 1502 5746 Anonym.,
1538 5675 1773 5741 κλάγξαι
1802 5689 1882 5746 τε.

832 5742 944 5814 (48)
977 5745 1254 5800 Μυστικὸν
1275 5748 1400 5817 φκαὶ
1436 5744 1994 5817 παραδυναστεύοντα
2048 5742 2341 5817 πατρίκιον

761 5820 856 5872 καὶ
898 5817 1228 5870 ἀνθύπατον.
1266 5815 1358 5870 Sic
1391 5814 1527 5870 bene
1572 5815 1936 5870 Coutinnator
1979 5823 2034 5868 et
2083 5814 2346 5879 Cedreu.,

763 5902 818 5946 ut
850 5898 1032 5943 tantus
1067 5889 1154 5941 hie
1182 5889 1510 5957 dignitatum
1561 5888 1817 5942 cumulus
1855 5887 2114 5941 invidiam
2151 5901 2347 5954 provo-

2443 5678 2676 5732 caverit.

2515 5746 2626 5816 (49)
2675 5743 2770 5798 Sic
2814 5742 3194 5816 ct7Ceilren.;
3247 5749 3302 5795 at
3331 5738 3535 5816 melius
3555 5737 3902 5799 Continuat”
3941 5733 4036 5804 ιγ’,

2447 5811 2737 5874 indictione
2777 5814 3166 5877 tertiodecimo,
3203 5827 3332 5872 non,
3363 5811 3547 5864 tertia.
