4440 6446
428 441 570 512 1H9

1739 443 2414 508 CHRONOGLRAPHIA.

3548 445 3686 510 1150

425 565 565 634 δρίῳ
591 561 647 616 δὲ
679 561 811 633 μηνὶ
836 563 1188 633 κατηγορήθη
1209 563 1237 615 6
1255 562 1534 624 Μυστικὸς
1593 561 1864 632 Ἰωάννης,
1901 563 1996 614 καὶ
2027 567 2072 621 Α
2101 559 2178 616 Oc

1939 563 1996 612 αἰ
2027 567 2072 621 Α
2101 559 2325 616 Octobri
2353 563 2593 617 Joannes
2619 562 2896 634 Mysticns,
2929 573 2982 617 et
3023 571 3144 630 post
3171 562 3560 631 imperatorem
3590 565 3689 615 ad-

427 653 918 725 παραδυναστεύων
945 655 1021 718 ὡς
1078 655 1168 725 τῆς
1221 654 1496 725 βασιλείας
1525 655 1832 723 ἐφιέμενος,
1866 655 2002 707 ὐπο-

427 747 570 818 θήκῃ
595 745 689 799 τοῦ
720 746 1007 815 πατρικίου
1033 747 1128 799 καὶ
1153 747 1436 814 λογοθέτου
1463 745 1555 798 τοῦ
1582 746 1785 816 δρόμου
1807 747 2003 815 Κοσμᾶ

425 838 658 901 διδόντος
705 840 785 900 εἰς
817 841 1052 905 γυναῖκα
1092 839 1190 908 τὴν
1237 840 1513 910 θυγατέρα
1570 839 1744 910 αὐτῷ.
1793 839 1999 892 Τούτου

426 930 612 982 ἕνεκεν
637 929 1064 993 καταϐιϐάζεται
1106 932 1204 1001 μὲν
1225 931 1318 983 τοῦ
1352 931 1643 996 παλατίου,
1677 933 2001 1002 ὲγχωρείται

425 1023 481 1076 δὲ
513 1023 934 1093 προσέρχεσθαι,
968 1025 1060 1076 καὶ
1089 1025 1166 1093 τῷ
1199 1025 1408 1094 βασιλεῖ
1438 1025 1756 1095 ὑπηρετεῖν,
1782 1026 1873 1077 καὶ
1903 1022 2002 1076 σὺν

425 1120 570 1189 αὐτῷ
601 1119 670 1172 τὰ
699 1121 970 1190 ἀνήκοντα
1017 1121 1262 1174 διοικεῖν.
1305 1121 1548 1190 Στοργὴν
1582 1121 1691 1190 γὰρ
1734 1121 1817 1174 ὅτι
1848 1120 2000 1173 πλεί-

428 1230 557 1280 στην
583 1213 892 1281 ἐκέκτητοὸ
929 1212 1182 1281 βασιλεὺς
1220 1214 1357 1281 πρὸς
1393 1215 1576 1267 αὐτόν.
1621 1214 1742 1266 Τῶν
1767 1214 2002 1283 κατηγόο

427 1321 536 1374 ρων
587 1303 678 1356 οὖν
730 1305 1169 1373 κατεπειγόντων
1222 1306 1316 1357 τὸν
1373 1305 2002 1377 βασιλέα,ὲρευνήσαςὸ

427 1396 700 1464 βασιλεὺς,
727 1398 820 1450 καὶ
846 1397 1020 1468 ἀληθῆ
1053 1398 1225 1452 ταῦτα
1247 1394 1385 1452 εἶναι
1416 1399 1624 1469 μαθὼν,
1659 1401 1852 1470 ἔμελλε
1877 1401 2003 1455 τοῦ-

422 1505 514 1538 τον
542 1487 829 1556 κατασχὼν
857 1489 1156 1552 ἀνετάζειν.
1189 1491 1247 1542 ὐ
1286 1490 1343 1543 δὲ
1373 1490 1530 1544 τοῦτο
1564 1495 1831 1562 προγνοὺς
1863 1497 2002 1564 χρῆ-

425 1597 511 1631 ται
541 1583 686 1650 φυγῇ
708 1599 721 1611 ⁸
757 1585 850 1634 καὶ
873 1584 973 1652 τὴν
1002 1583 1304 1654 λεγομένην
1325 1585 1744 1639 Μονοκάστανον
1768 1587 2006 1640 καταλα-

425 1669 554 1731 ϐὼν,
582 1673 933 1740 ἀποκείρεται
960 1679 1211 1742 μοναχος.
1237 1675 1484 1742 Πέφευγε
1505 1676 1560 1728 δὲ
1588 1678 1680 1730 καὶ
1709 1678 2003 1731 Κωνσταν-

423 1764 564 1824 τίνος
595 1764 622 1814 6
649 1763 743 1815 τοῦ
780 1765 976 1834 Βοηλᾶ,
1024 1768 1051 1818 6
1097 1765 1252 1830 [udd.
1286 1766 1401 1838 ἐπὶ]
1439 1771 1539 1838 τῆς
1587 1769 1888 1838 τραπέζης,
1924 1772 2004 1823 οἱ·

424 1858 567 1917 κείος
595 1857 688 1908 καὶ
721 1857 871 1923 φίλος
889 1856 965 1909 ὢν
985 1858 1134 1929 αὖτῷ
1159 1875 1172 1889 ·
1201 1859 1296 1911 καὶ
1322 1861 1411 1912 τὸν
1443 1861 1725 1930 Ὄλυμπον
1760 1863 2000 1916 καταλαι

423 1945 552 2010 Gt‘ov,
587 1946 648 1999 τὸ
679 1950 970 2018 μοναχικὸν
997 1951 1184 2020 σχῆμα
1238 1951 1505 2006 ἐνδύεται.
1555 1953 1841 2008 Ἐδεδοίκει
1895 1955 2002 2028 γάρ

423 2038 516 2088 καὶ
545 2039 730 2101 αὐτὸς,
773 2041 866 2094 ἅτε
905 2041 1232 2111 συμμύστης
1259 2044 1541 2112 τυγχάνων
1577 2045 1669 2098 τοῦ
1698 2047 2001 2110 Munitio-3,

429 2129 520 2180 καὶ
547 2130 654 2182 τῶν
684 2125 1010 2203 ἀπορρήτων
1031 2136 1195 2188 αὐτοῦ
1231 2135 1340 2206 (50)
1382 2139 1655 2200 κοινωνός.
1681 2139 1787 2191 Τὸν
1821 2139 1877 2192 δὲ
1904 2157 2005 2193 πα-

422 2221 630 2290 τρίκιον
680 2224 907 2293 Κοσμάν
957 2227 1116 2297 ὲντῷ
1158 2228 1451 2298 Ὠρολογίῳ
1496 2230 1670 2298 τύψας
1703 2229 2006 2300 ὁβασιλεὺς

419 2307 708 2372 διεδέξατο.
747 2313 1113 2382 Προὸάλλεται
1152 2317 1207 2369 δὲ
1237 2318 1358 2370 ἀντὶ
1396 2319 1489 2377 τοῦ
1518 2320 1799 2373 Μυστικοῦ
1824 2319 2005 2374 Ἰωάν-

420 2414 512 2450 νου
539 2399 817 2470 Θεοφάνην
843 2405 1340 2478 προιτοῦεστιάριον
1382 2411 1474 2462 καὶ
1511 2411 2004 2487 παραδυναστεύον-

421 2506 504 2541 τα.
557 2489 804 2556 Ἐγένετο
830 2493 886 2545 δὲ
921 2495 981 2546 τδ
1013 2499 1313 2564 τηνικαῦτα
1363 2501 1458 2552 καὶ
1491 2503 1715 2572 σεισμὸς
1769 2504 2000 2574 φοϐερὸς

421 2578 570 2649 ὲντῴ
600 2581 708 2634 τῶν
761 2583 1037 2655 Θρακῴων
1074 2589 1294 2656 θέματι,
1333 2594 1425 2644 καὶ
1460 2594 1649 2663 χάσμα
1705 2595 1808 2662 γῆς
1858 2599 2003 2666 μέγα

423 2671 517 2722 καὶ
547 2674 950 2745 κατάπληκτον,
989 2678 1129 2732 ὥστε
1164 2682 1334 2734 πολλὰ
1365 2685 1538 2754 χωρία
1569 2687 1664 2739 καὶ
1705 2688 2000 2759 ἐκκλησίας

422 2765 754 2836 αὐτάνδρους
789 2771 1191 2843 καταποθῆναι.

489 2951 650 3021 Μαΐῳ
703 2951 760 3004 δὲ
808 2955 936 3022 μηνὶ
973 2957 1147 3009 εἰκάδι
1195 2957 1398 3031 ἑϐδόμῃ
1455 2959 1692 3034 δεκάτης
1739 2965 2001 3039 πέμπτης

423 3041 750 3108 ἱνδικτιῶνος
800 3047 1027 3114 Συμεὼν
1060 3052 1089 3102 6
1117 3051 1298 3120 ἄρχων
1352 3052 1688 3125 Βουλγαρίας
1720 3058 1996 3123 ἐτελεύτα,

425 3133 626 3203 Πέτρον
651 3137 764 3189 υἱὸν
790 3138 956 3191 αὑτοῦ
984 3141 1420 3212 προϐαλλόμενος
1444 3146 1703 3216 ἄρχοντα,
1729 3149 1788 3202 ὃν
1813 3153 1877 3204 ἐκ
1898 3152 2000 3222 τῆς

2106 655 2464 718 ministrator,
2485 656 2630 707 velut
2648 653 2862 722 imperii
2907 652 3166 716 all‘ectati,
3200 662 3456 722 suggestu
3476 655 3688 722 patricii

2104 753 2160 798 et
2185 746 2469 812 lcgotltctac
2504 745 2702 814 publici
2731 760 2929 799 cursus
2957 744 3189 809 Gosmat,
3218 748 3309 813 qui
3345 744 3508 798 filiam
3558 760 3692 798 uxo—

2107 853 2221 890 rem
2248 837 2294 889 ei
2327 838 2617 898 locaverat,
2641 847 2931 890 accusatus
2948 849 3050 888 est.
3085 835 3254 903 llujus
3289 838 3462 903 gratia
3486 837 3689 905 palatio

2105 931 2326 1002 quidem
2360 931 2691 993 extruditur,
2712 929 2779 984 ad
2810 946 2934 984 eum
2962 943 3142 983 tamen
3175 928 3310 982 liber
3337 927 3412 981 illi
3438 937 3690 983 servatur

2105 1040 2380 1090 accessus,
2419 1033 2473 1078 et
2506 1024 2840 1092 obsequendi
2870 1007 3218 1092 imperatoris
3251 1021 3446 1090 jussis,
3476 1031 3530 1074 et
3561 1036 3687 1075 cum

2105 1135 2171 1172 eo
2192 1135 2311 1188 qua:
2327 1135 2464 1185 opus
2490 1116 2628 1170 foret
2651 1117 3066 1170 administrandi
3084 1127 3322 1184 potestas
3339 1116 3688 1185 permittitur.

2109 1211 2302 1280 Ingens
2320 1211 2517 1279 quippe
2549 1209 2895 1279 imperatoris
2927 1219 3046 1263 erat
3073 1210 3126 1262 in
3155 1225 3280 1262 enm
3314 1209 3562 1263 allectus.
3587 1209 3692 1262 Ac-

2079 1306 2448 1356 )eusationem
2477 1318 2640 1371 porro
2670 1318 2852 1356 coram
2889 1303 3217 1370 imperatore
3247 1303 3565 1371 urgentibus
3601 1301 3694 1354 ad-

2106 1395 2386 1456 versariis,
2417 1395 2667 1447 examine
2699 1395 2902 1454 habito,
2939 1403 2994 1446 ιιι
3026 1409 3151 1446 vera
3183 1409 3303 1446 esse
3337 1409 3458 1460 quae
3481 1392 3688 1460 objice-

2109 1497 2295 1540 rentur
2315 1503 2435 1539 cum
2459 1486 2752 1554 imperator
2783 1487 3317 1554 agnovit,detentum
3356 1485 3691 1554 interrogare

2109 1583 2488 1646 pr0posucrat.
2532 1573 2650 1641 Qua
2687 1591 2742 1628 re
2775 1575 3025 1643 praevisa,
3062 1573 3244 1643 fugam
3283 1575 3433 1644 prior
3474 1574 3688 1642 arripit,

2080 1677 2159 1720 "et
2187 1669 2239 1720 in
2264 1667 2652 1721 monasterium
2680 1667 2898 1720 nomine
2926 1667 3372 1720 Monocastanum
3406 1667 3686 1730 secedens,

2108 1760 2469 1814 monasticam
2511 1758 2740 1828 suscipit
2776 1768 3078 1812 tonsuram.
3122 1757 3280 1828 Fugit
3314 1761 3516 1826 pariter
3545 1758 3688 1812 Con-

2109 1854 2384 1908 stantinus
2410 1852 2586 1907 Boebe
2620 1853 2765 1906 [ilius
2799 1868 3000 1906 mensae
3027 1850 3336 1921 pr:cl‘cctus,
3373 1850 3685 1910 familiaris.

2106 1954 2160 1999 et
2192 1946 2241 2000 ei
2274 1945 2408 2000 bene
2434 1946 2692 2000 aﬂ'ectus:
2721 1947 2848 2000 etin
2877 1943 3164 2016 Olympum
3201 1956 3438 1999 montem
3476 1945 3688 2016 digres-

2108 2053 2226 2102 sus,
2258 2039 2564 2094 monastico
2594 2039 2838 2092 induitur
2873 2039 3058 2092 habitu
3094 2057 3107 2090 :
3144 2039 3367 2093 timebat
3391 2040 3536 2092 enim
3572 2039 3688 2108 ipse

2106 2147 2204 2185 ccu
2256 2131 2614 2185 consiliorum
2665 2130 2874 2202 Mystici
2924 2129 3198 2194 conscius,
3245 2140 3300 2184 et
3349 2142 3684 2184 secretormu

2104 2223 2221 2291 ejus
2255 2223 2502 2276 omnium
2541 2223 2830 2291 particeps.
2874 2221 3168 2276 Patricium
3210 2221 3684 2276 autem‘Cosmam

2107 2314 2430 2383 magistratu
2458 2325 2872 2367 exauctoratum
2894 2315 2958 2366 ad
2987 2311 3339 2382 lloroIOgium
3370 2312 3687 2366 verberibus

2104 2408 2401 2475 imperator
2435 2407 2794 2460 emendavit:
2833 2405 3062 2460 Joannis
3109 2422 3235 2460 vero
3280 2406 3486 2476 Mystici
3537 2408 3686 2460 vices

2103 2501 2356 2553 obiturus
2382 2498 2745 2568 Tthphanes
2769 2499 3220 2568 protovestiaiius
3249 2499 3496 2566 et_impei
3515 2498 3548 2551 ii
3583 2498 3684 2552 atl-

2105 2593 2444 2645 ministratur
2465 2602 2839 2660 promovetur.
2876 2589 3030 2644 Tunc
3056 2592 3106 2643 in
3133 2591 3410 2660 provincia
3438 2589 3687 2644 Thraciae

2105 2695 2262 2738 terra:
2299 2694 2477 2738 motus
2513 2683 2821 2738 horrendus
2869 2683 3045 2737 factus
3079 2695 3186 2746 est,
3229 2685 3520 2752 hiatusque
3565 2694 3686 2737 stu-

2104 2793 2286 2846 porem
2312 2777 2567 2840 aﬂ'erens,
2596 2776 2669 2829 ita
2701 2785 2758 2828 ut
2784 2776 2939 2846 plura
2966 2777 3165 2846 praedia
3195 2788 3245 2830 et
3283 2777 3528 2831 ecclesia:
3557 2792 3682 2830 cum

2104 2869 2419 2924 hominibus
2448 2869 2703 2939 absorpta
2737 2871 2865 2924 sint.

2171 2963 2291 3016 Maii
2316 2977 2474 3032 porro
2505 2967 2710 3017 mensis
2729 2963 2816 3015 die
2834 2963 3094 3015 vicesimo
3113 2963 3363 3031 septimo,
3390 2963 3683 3020 indictione

2101 3057 2312 3125 quinta,
2336 3055 2555 3109 Simeon
2582 3055 2869 3124 Bulgarius
2901 3056 3152 3124 princeps
3181 3057 3321 3109 diem
3340 3057 3496 3120 obiit,
3521 3056 3682 3111 l’ctro

2104 3152 2251 3215 llllO,
2287 3166 2447 3218 quem
2488 3164 2552 3202 cx
2605 3149 2846 3203 secunda
2891 3151 3124 3217 conjuge
3174 3152 3434 3218 suscepit,
3495 3165 3684 3204 sorore

417 3225 678 3295 δευτέρας
722 3229 886 3282 αὐτοῦ
924 3231 1082 3301 ἔσχεν
1109 3235 1367 3300 γυναικὸς
1417 3237 1516 3306 τῆς
1541 3238 1780 3309 ἀδελφῆς
1815 3241 1999 3314 Γεωρ-
2025 3243 2069 3301 C
2106 3246 2170 3296 Vit

1935 3261 1999 3314 ρ-
2025 3243 2069 3301 C
2106 3243 2352 3296 videlicet
2382 3242 2595 3310 Georgii
2636 3240 2980 3305 Sttrzulmlis,
3013 3258 3174 3307 quem
3204 3244 3328 3296 liliis
3349 3225 3683 3312 procurato-

417 3317 538 3383 γίου
563 3319 656 3371 τοῦ
688 3321 1118 3394 Σουρσουῦούλη,
1146 3325 1204 3378 ὃν
1230 3329 1321 3378 καὶ
1348 3328 1645 3398 ἐπίτροπον
1669 3334 1775 3394 τοῖς
1804 3335 1998 3387 ἑαυτοῦ

417 3408 604 3459 παισὶν
632 3410 660 3461 6
690 3410 913 3479 Συμεὼν
946 3413 1357 3470 καταλέλοιπεν.
1416 3417 1497 3470 Τὰ
1529 3418 1713 3490 κύκλῳ
1748 3417 1839 3474 οὖν
1871 3423 1997 3494 ἔθνη

417 3498 516 3568 τὴν
537 3500 631 3555 τοῦ
655 3503 881 3573 Συμεὼν
907 3504 1144 3574 μαθόντα
1166 3507 1423 3578 τελευτὴν
1445 3511 1832 3583 ἐκστρατεύειν
1857 3517 1999 3569 κατὰ

421 3589 743 3663 Βουλγάρων
794 3595 1162 3652 ἐϐουλεύοντο.
1217 3600 1395 3667 Λιμοῦ
1449 3601 1506 3654 δὲ
1545 3604 1642 3656 σὺν
1692 3605 1910 3674 ἀκρίσιν
1937 3607 2000 3660 τὸ

419 3685 784 3757 Βουλγαρικδν
817 3687 970 3750 ἔθνος
1003 3691 1374 3754 ἐκπιέζοντος.
1407 3693 1704 3749 ἐδεδίεισαν
1752 3697 1852 3768 τὴν
1892 3699 1998 3752 τῶν

429 3777 714 3846 Ῥωμαίων
739 3780 1046 3833 ὲπέλευσιν.
1090 3782 1292 3852 Βουλὴν
1314 3779 1406 3836 οὖν
1451 3786 1834 3855 ποιησάμενοι,
1861 3792 1999 3844 κατά

427 3870 714 3936 Ῥωμαίων
737 3872 1212 3937 ἐκστρατεύουσιν,
1246 3877 1339 3926 καὶ
1389 3878 1446 3927 ὲν
1475 3879 1782 3948 Μακεδονία
1827 3898 1998 3934 κατα-

415 3958 803 4028 λαμϐάνουσιν.
845 3962 1077 4015 Ἔπειτα
1113 3964 1377 4032 μαθόντες
1423 3969 1506 4021 ὅτι
1540 3969 1723 4038 μέλλει
1756 3972 1874 4023 κατ’
1903 3974 1998 4024 αὺ-

415 4049 523 4101 τῶν
571 4053 598 4103 ὁ
633 4051 888 4119 βασιλεὺς
939 4054 1215 4133 Ῥωμανὺς
1269 4058 1676 4126 ἐκστρατεύειν,
1737 4063 1995 4116 ἀποστέλ-

417 4141 564 4193 λουσι
590 4143 792 4212 Πέτρον
811 4161 868 4205 τε
911 4147 1003 4196 καὶ
1025 4143 1298 4215 Γεώργιον
1323 4149 1572 4217 κρυφίως
1589 4153 1709 4205 τινὰ
1739 4155 1994 4224 μοναχὸν,

417 4233 726 4302 Καλοκύριν
780 4236 1225 4307 ὀνομαζόμενον,
1281 4239 1358 4309 τῷ
1412 4243 1558 4308 γένει
1611 4243 1992 4314 Ἀρμενιακὸν,

415 4322 778 4390 χρυσόϐουλον
801 4326 1216 4397 ἐπιφερόμενον.
1245 4329 1541 4402 Διηγόρευε
1568 4332 1622 4384 δὲ
1648 4333 1716 4385 τὰ
1745 4335 1803 4386 ὲν
1824 4321 1996 4405 αὐτῷ,

414 4415 490 4477 ὡς
524 4415 618 4486 τὴν
649 4417 786 4486 μετά
834 4419 1120 4487 Ῥωμαίων
1150 4422 1377 4492 εἰρήνην
1411 4423 1751 4487 ἀσπάζονται
1802 4428 1863 4481 οὑ
1900 4429 1994 4496 μό-

416 4525 525 4573 νον,
560 4509 696 4560 άλλά
746 4509 843 4562 καὶ
891 4513 1132 4579 γαμικὸν
1191 4514 1418 4583 ποιῆσαι
1478 4500 1854 4588 συνάλλαγμα.
1889 4521 1991 4573 Τὸν

415 4601 652 4652 τοιοῦτον
681 4597 772 4654 οὗν
799 4603 1032 4671 μοναχὸν
1057 4607 1084 4656 ὁ
1117 4604 1368 4673 βασιλεὺς
1394 4606 1792 4675 ἀποδεξάμενος
1820 4612 1990 4680 ἀσμει

414 4691 661 4757 νέστατα,
690 4694 936 4764 παρευθὺ
967 4697 1291 4751 ἀπέστειλεν
1319 4699 1456 4767 μετά
1487 4701 1762 4769 δρόμωνος
1789 4706 1847 4756 ὲν
1877 4706 1991 4758 Με-

416 4784 658 4855 σημερέᾳ
693 4786 782 4838 τὸν
827 4787 1058 4857 μοναχὸν
1110 4789 1387 4862 Θεόδωρον
1438 4794 1529 4846 τὸν
1571 4793 1862 4866 ’Λόούκην,
1898 4799 1993 4851 καὶ

414 4875 701 4928 Βασιλικδν
743 4877 1005 4949 κληρικὸν
1030 4880 1124 4934 τὸν
1161 4883 1364 4936 Ῥόδιον
1411 4884 1512 4956 τὴν
1542 4889 1769 4957 εἰρήνην
1802 4889 1992 4942 σιλλα-

412 4965 570 5034 λῆσαι
599 4970 708 5030 τοῖς
751 4968 1096 5042 Βουλγάροις.
1130 4968 1196 5026 Oi
1213 4975 1270 5027 δὲ
1303 4979 1763 5048 παραγενόμενοι,
1801 4983 1986 5035 καὶτὰ

412 5050 597 5112 εἰκότα
633 5061 1090 5132 συλλαλήσαντες,
1123 5067 1345 5135 ἐξῆλθον
1371 5068 1486 5137 ἅμα
1532 5070 1789 5141 Στεφάνῳ
1821 5074 1986 5126 Βουλ-

410 5152 564 5219 γάρῳ
619 5152 706 5204 διά
736 5154 834 5222 τῆς
868 5155 1056 5223 ξηρᾶς.
1095 5157 1357 5211 Ὀπισθεν
1405 5160 1460 5213 δὲ
1486 5162 1664 5214 αὐτῶν
1688 5165 1986 5220 κατέλαδεν

414 5244 504 5294 καὶ
529 5243 800 5312 Γεώργιος
851 5249 878 5299 6
925 5248 1385 5320 Σουρσουὸούλης,
1426 5253 1520 5305 xa‘t
1551 5259 1985 5326 παραγενόμενοι

410 5337 468 5386 ἐν
499 5335 1068 5392 Κωνσταντινουπόλει
1097 5341 1197 5412 τὴν
1237 5343 1461 5412 εἰρήνην
1488 5346 1837 5400 ἐσπείσαντο.
1860 5349 1988 5402 Θεαο

411 5427 635 5494 σάμενοι
684 5416 740 5481 δὲ
795 5429 892 5499 τὴν
954 5430 1232 5500 θυγατέρα
1276 5435 1653 5505 Χριστοφόρου
1721 5438 1988 5508 βασιλέως

410 5520 650 5588 Μαρίαν,
685 5522 779 5573 καὶ
812 5523 1061 5590 μεγάλως
1088 5524 1175 5577 ἐπ’
1204 5526 1341 5594 αὑτῇ
1367 5527 1711 5595 ἀρεσθέντες,
1741 5529 1988 5601 ἔγραψαν

405 5609 483 5678 τῷ
506 5613 694 5680 Πέτρῳ
719 5612 806 5665 διά
841 5615 1038 5683 τάχους
1078 5617 1506 5684 παραγενέσθαι.
1544 5619 1651 5671 Τοῦ
1675 5621 1986 5691 Βουλγάρου

405 5697 498 5752 (οὖν
533 5702 736 5768 Πέτρου
765 5705 1182 5767 καταλαϐόντος,
1213 5710 1458 5780 τριήρεις
1486 5710 1512 5760 6
1546 5709 1799 5777 βασιλεὺς
1849 5713 1980 5767 Ῥω-

2107 3353 2217 3388 rem
2263 3335 2431 3396 dedit,
2483 3336 2722 3404 principe
2774 3337 2982 3390 relicto.
3030 3335 3238 3390 Exinde
3279 3337 3685 3406 circumpositae

2105 3430 2374 3497 regiones,
2400 3428 2582 3480 audita
2607 3425 2882 3480 Simeonis
2906 3437 3101 3487 morte.
3134 3428 3398 3482 adversus
3424 3428 3687 3498 Bulgaros

2101 3535 2252 3573 arma
2284 3523 2562 3586 suscipere
2581 3519 3003 3573 meditabantur.
3022 3519 3186 3572 Fame
3208 3530 3386 3573 autent
3421 3536 3526 3574 una
3555 3536 3683 3576 cum

2104 3614 2439 3665 locustarum
2468 3611 2710 3679 pernicie
2739 3610 3098 3679 Bnlgarornm
3125 3620 3297 3665 terras
3331 3612 3682 3680 tlepascentr,

2102 3704 2471 3757 Romanorum
2531 3705 2832 3757 timuerunt
2903 3705 3179 3759 incursus.
3242 3705 3436 3758 Ilabito
3497 3707 3685 3774 itaque

2099 3796 2330 3849 consilio
2367 3794 2523 3863 503
2554 3799 2817 3847 adversus
2845 3793 3120 3848 Romanos
3167 3795 3268 3861 ipsi
3296 3807 3599 3860 armantur,
3628 3802 3685 3848 et

2102 3902 2192 3953 per
2229 3884 2597 3938 Macedoniam
2645 3885 2934 3938 cll‘untlnnt
2970 3887 3288 3939 exercitum.
3330 3887 3465 3940 Gum
3497 3887 3687 3942 audis-

2100 3985 2221 4030 scut
2249 3992 2375 4029 vero
2409 3976 2713 4030 Romanum
2735 3977 3116 4044 imperatorem
3153 3979 3336 4045 copias
3370 3978 3420 4030 in
3455 3994 3549 4032 eos
3580 3994 3681 4048 pa-

2099 4076 2330 4134 rantem,
2350 4069 2591 4133 Petrum,
2616 4082 2669 4124 et
2694 4069 2983 4140 Georgium
3015 4074 3306 4140 quemdam
3329 4073 3684 4134 monachum,

2096 4164 2422 4228 cognomine
2473 4164 2805 4233 Galocyrim,
2854 4180 3053 4234 genere
3109 4165 3405 4217 Armenum
3454 4180 3678 4218 auream

2100 4252 2300 4305 bullam
2362 4252 2622 4306 ferentem
2682 4254 2910 4308 latenter
2968 4255 3238 4324 delegant.
3272 4253 3442 4308 Bulla:
3508 4258 3681 4311 series

2097 4329 2252 4396 crati
2315 4345 2576 4414 Bnlgaros
2635 4360 2742 4397 non
2799 4360 2986 4413 pacem
3035 4347 3196 4400 modo
3243 4362 3367 4400 cum
3419 4347 3688 4401 Romanis

2096 4435 2369 4502 amplecti,
2422 4435 2516 4488 sed
2569 4444 2624 4489 et
2679 4436 3084 4490 connubiorum
3143 4439 3348 4492 foulera
3395 4443 3682 4509 prosequi.

2102 4526 2420 4580 Monachum
2461 4526 2774 4595 hujusmodi
2809 4543 2934 4581 cum
2971 4528 3269 4597 imperator
3297 4509 3679 4588 lubentissime
3722 4598 3726 4602 ι

2099 4618 2446 4686 suscepisset.
2483 4620 2720 4673 celocem
2754 4620 2994 4689 expediit
3029 4623 3345 4686 confestim,
3391 4633 3450 4678 et
3481 4641 3673 4679 mona-

2090 4710 2250 4762 clmm
2277 4707 2620 4762 Theodorum
2647 4710 2985 4772 Alittcem,ct
3008 4711 3212 4777 regium
3242 4713 3501 4767 clericum
3524 4713 3677 4768 Itho-

2092 4799 2387 4863 donatum,-
2443 4809 2498 4851 ut
2556 4800 2623 4853 de
2679 4815 2811 4869 pace
2871 4817 2994 4854 cum
3052 4800 3301 4870 Bulgaris
3357 4785 3691 4872 tractarent,

2092 4887 2471 4942 Mesembriam
2503 4889 2817 4944 destinavit.
2857 4893 2935 4944 llli
2967 4891 3214 4960 proiecti,
3248 4902 3302 4948 et
3331 4895 3560 4965 negotiis
3583 4911 3676 4952 ac-

2093 4980 2378 5033 commoda
2409 4982 2688 5045 collocuti,
2714 4999 2818 5036 una
2852 5001 2972 5036 cum
3002 4983 3276 5054 Stephano
3308 4986 3539 5058 Bulgaro
3581 5005 3677 5056 per
3740 5029 3744 5033 μ

2093 5073 2464 5129 continentem
2511 5075 2612 5128 iter
2641 5090 2894 5145 egerunt.
2925 5077 3091 5132 Retro
3119 5096 3214 5133 eos
3237 5079 3507 5150 Georgius
3541 5081 3673 5135 Sur-

2092 5166 2314 5220 subules
2342 5166 2570 5236 appulit,
2611 5175 2666 5221 et
2697 5169 3227 5238 Constantintmolim
3257 5173 3438 5225 cuncti
3470 5188 3675 5227 convc-

2094 5257 2706 5327 nientes,pacisf(13dera
2738 5272 3056 5316 sanxerunt.
3083 5261 3305 5315 Mariam
3331 5277 3483 5326 vero,
3512 5263 3672 5316 Citri-

2095 5351 2334 5418 alUpIIOI'i
2379 5351 2722 5420 imperatoris
2777 5354 2975 5417 tiliam,
3017 5355 3393 5424 contemplati,
3439 5366 3492 5410 et
3550 5356 3672 5425 ejus

2089 5457 2438 5510 summopere
2475 5442 2722 5498 delectati
2756 5455 3001 5514 aspectu,
3037 5445 3197 5500 Petro
3219 5447 3578 5516 scripserunt,
3614 5459 3671 5500 ut

2086 5537 2415 5605 quantocius
2469 5538 2773 5593 accederet.
2827 5537 2989 5593 Petro
3042 5539 3278 5611 Bulgaro
3325 5540 3667 5602 advt-nicntc,

2086 5630 2405 5684 conscensis
2429 5630 2745 5686 triremibus
2775 5631 2839 5685 ad
2869 5631 3199 5689 Blaclternas
3231 5635 3526 5703 imperator
3557 5631 3667 5686 lto-

2088 5737 2282 5777 manus
2316 5737 2376 5776 se
2414 5723 2646 5778 contulit
2678 5743 2690 5778 :
2724 5724 2966 5794 viditque
3006 5724 3248 5791 Petrum,
3284 5736 3336 5781 et
3387 5725 3665 5788 salutavit_

1565 5801 1810 5859 FRANC.
1837 5805 2226 5869 COllllliFlSll
2272 5813 2411 5870 NOT
2433 5814 2501 5868 ἐξ.

480 5884 590 5946 εέῥθι
631 5885 747 5940 ἰ’ῶν
775 5883 1232 5962 άπεῤῥητοτὲρων
1267 5891 1450 5960 αὑτοῦ,
1483 5903 1537 5949 ιιι
1563 5903 1614 5950 ct
1649 5899 1760 5951 alii.
