4440 6446
782 382 922 444 1155

1991 380 2271 443 LEONIS
2299 382 2791 453 GRAMMATICI

3910 404 4046 469 1le

779 495 1003 564 quidem
1037 501 1094 546 ut
1126 494 1468 564 captivorum
1498 494 1837 549 detentorum
1874 497 2361 552 commutationem
2395 509 2435 560 Λ
2468 520 2531 555 κτ

2295 512 2361 551 3m
2395 509 2435 560 Λ
2468 520 2635 574 κτωρ,
2671 508 2941 575 προφάσει
2990 510 3087 578 μιν
3111 509 3186 574 ὡς
3236 512 3457 583 ποιῆσαι
3494 514 3751 583 άλλάγιον
3774 517 3881 571 τῶν
3908 536 4048 588 κρα-

779 592 1010 650 faceret,
1055 587 1150 641 sed
1191 600 1400 651 revera,
1438 595 1496 640 ut
1520 584 1786 641 Joannem
1832 591 2281 657 apprehenderat.
2314 603 2368 644 et

779 680 1079 734 adduceret
1130 677 1237 731 (ΖΡ.
1269 695 1285 743 ;
1339 678 1587 746 quodet
1626 677 1833 733 factum
1868 690 1971 735 est.
2016 679 2131 734 Una
2169 682 2370 752 quippe

780 786 906 825 eum
928 768 1139 823 Joanne
1168 770 1353 823 navim
1388 770 1667 838 ingressus
1688 785 1719 824 e
1752 770 2078 826 Mesembria
2098 772 2371 827 Constan-

783 862 1064 931 tinopolim
1095 862 1389 930 navigavit.
1422 861 1539 914 Non
1590 861 1683 916 diu
1716 874 1840 931 post
1872 864 2065 918 eodem
2107 867 2371 919 monasti-

782 967 907 1004 cum
954 952 1198 1004 habitum
1230 951 1556 1019 deponente,
1591 961 1646 1004 et
1676 968 1899 1005 uxorem
1946 953 2147 1008 dueere
2174 956 2389 1024 exqui-'

784 1052 958 1107 rente,
1017 1043 1311 1111 imperator
1347 1042 1569 1095 domqu
1652 1051 1704 1097 et
1769 1046 1963 1111 praedia
2025 1045 2279 1113 plurima,
2319 1056 2373 1101 et

781 1136 1070 1205 eonjugem
1098 1134 1285 1187 eadem
1306 1150 1490 1187 secum
1521 1135 1975 1189 Armeniacorum
1995 1139 2167 1204 patria
2195 1148 2367 1191 ortam

782 1229 951 1290 dedit,
997 1239 1053 1281 et
1101 1228 1155 1280 in
1194 1226 1427 1281 Ctesaris
1468 1228 1676 1280 aedibus
1721 1227 2109 1281 celeberrimas
2163 1231 2370 1297 peregit

785 1320 1024 1388 nuptias.
1053 1317 1234 1372 Martii
1279 1333 1443 1387 porro
1478 1320 1688 1373 mensis
1716 1319 1804 1372 die
1834 1322 2078 1373 secundo
2104 1319 2373 1375 Cnsmites

784 1412 886 1466 fori
913 1412 1188 1467 columnis
1218 1410 1597 1478 superpositus
1638 1410 1691 1464 in
1724 1421 1921 1464 terram
1950 1411 2170 1475 decidit,
2198 1414 2371 1466 riros-
2447 1432 2456 1441 ‘

782 1519 892 1573 que
928 1519 1025 1558 sex
1066 1504 1355 1573 oppressit.
1380 1503 1617 1572 Contigit
1641 1504 1804 1556 etiam
1830 1504 2141 1556 incendium
2172 1505 2372 1574 ingens

781 1606 837 1649 et
883 1596 1214 1649 horrendum
1262 1596 1315 1648 in
1366 1594 1469 1648 fori
1516 1597 1725 1665 porticu
1766 1599 1963 1667 templo
2012 1601 2375 1655 sanctissimae

784 1687 1032 1756 Deiparre
1080 1690 1281 1753 vicino,
1344 1688 1485 1741 adeo
1539 1698 1599 1742 ut
1654 1705 1940 1744 cereorum
1994 1694 2265 1746 artiﬁcum
2320 1703 2375 1747 et

784 1780 1199 1850 pellitiariorum
1234 1779 1337 1833 fori
1360 1780 1426 1832 ad
1461 1780 1695 1835 Pseehas
1729 1798 1901 1851 usque
1920 1793 2375 1837 consumerentur

782 1870 1028 1926 cilicium.
1075 1870 1510 1939 Christophorus
1544 1872 1843 1940 imperator
1873 1888 2061 1928 mense
2103 1881 2371 1944 Augusto,
2408 1858 2448 1911 Β

785 1964 1079 2017 indictione
1101 1973 1315 2031 quarta.
1343 1962 1490 2016 diem
1533 1978 1851 2033 supremum
1879 1966 2035 2029 obiit,
2064 1977 2117 2020 et
2155 1966 2205 2019 in
2239 1984 2374 2035 pra:-

786 2057 896 2111 fato
942 2057 1111 2125 patris
1142 2057 1226 2111 sui
1270 2056 1606 2109 monasterio
1654 2071 1851 2125 corpus
1885 2058 2004 2126 ejus
2034 2060 2371 2113 reconditum

784 2160 888 2203 est.
922 2149 1270 2219 Tryphonem
1305 2162 1465 2216 porro
1496 2149 1863 2215 patriarcham
1890 2151 2135 2220 AuguSto
2161 2168 2369 2218 mense,

785 2240 1083 2294 indictione
1118 2240 1299 2300 tertia,
1342 2239 1737 2307 deposuerunt,
1775 2255 1950 2310 eoque
1980 2244 2032 2295 in
2087 2246 2369 2312 prOprium

788 2333 1176 2385 monasterium
1204 2345 1264 2384 se
1286 2331 1584 2399 recipiente
1608 2340 1661 2384 et
1678 2330 1957 2397 defuncto,
1979 2349 2182 2387 annum
2202 2351 2371 2389 unum

783 2433 839 2477 et
881 2438 1099 2475 menses
1127 2424 1390 2491 quinque,
1442 2423 1684 2476 nondum
1728 2434 1940 2478 matura
1984 2423 2370 2497 Tlieopliylaeti

787 2515 1136 2581 imperatoris
1184 2514 1276 2589 lilii
1337 2512 1571 2565 Romani
1618 2526 1810 2578 mtate,
1864 2515 2103 2570 Ecclesia
2156 2530 2373 2586 pastore

785 2606 1001 2660 viduata
1042 2605 1361 2673 permansit.
1394 2604 1633 2659 Basilius
1665 2615 1846 2659 autem
1890 2606 2108 2675 quidam
2143 2606 2368 2662 Maeedo

785 2711 988 2766 pravus
1058 2697 1327 2764 impostor
1381 2694 1803 2749 Constantinum
1867 2697 2059 2750 ducem
2125 2697 2368 2766 seipsum

786 2792 1073 2851 mentitus,
1110 2789 1377 2857 plurimos
1406 2799 1529 2856 post
1559 2806 1620 2843 se
1657 2790 1982 2844 abducebat.
2016 2789 2115 2843 llic
2151 2791 2219 2843 ab
2252 2792 2374 2845 Ele-

788 2883 1073 2953 phantino,
1107 2880 1311 2949 Opsicii
1335 2891 1642 2935 turmarum
1672 2881 1951 2952 prafecto,
1981 2882 2371 2937 Constantino-

786 2974 950 3045 polim
1002 2972 1318 3034 abducitur,
1361 2984 1415 3025 et
1444 2988 1706 3025 manuum
1757 2973 1919 3043 506
1948 2974 2117 3027 altera
2150 2990 2178 3026 a
2208 2974 2371 3028 Petro

788 3061 1041 3133 praefecto
1094 3071 1401 3115 truncatur.
1476 3061 1781 3117 Occasione
1826 3065 2022 3119 deinde
2070 3074 2283 3133 captata
2318 3067 2368 3118 in

786 3156 1066 3225 Opsieium
1117 3170 1335 3207 rursum
1378 3154 1704 3222 digreditur,
1733 3166 1788 3210 et
1818 3164 2079 3210 truncatae
2108 3157 2227 3209 vice
2259 3172 2372 3208 ma-

788 3262 920 3299 num
968 3259 1164 3297 terram
1201 3244 1303 3296 sibi
1357 3246 1659 3313 adaptatis,
1701 3247 2088 3317 ingentemque
2122 3249 2372 3317 spatham

788 3338 892 3393 sibi
940 3338 1364 3391 accmnmodans
1415 3340 1721 3406 vagabatur
1771 3340 2039 3409 plurimos
2085 3342 2374 3404 sedueens,

789 3431 947 3500 quasi
1009 3428 1125 3497 ipse
1187 3430 1581 3485 Constantinus
1642 3432 1800 3487 ducis
1850 3434 1992 3488 lilius
2060 3433 2215 3486 foret.
2277 3433 2377 3488 llic

791 3522 981 3577 multis
1042 3522 1145 3576 sibi
1199 3510 1830 3593 allectispstupendam
1925 3526 1980 3578 in
2070 3524 2375 3580 Ronnanum

792 3614 1146 3667 rebellionem
1195 3624 1394 3667 movet.
1430 3613 1727 3683 Imperator
1760 3616 2004 3670 exercitu
2034 3618 2087 3669 in
2117 3633 2242 3670 eum
2269 3618 2375 3670 im-

793 3705 986 3765 misso,
1012 3703 1190 3773 ipsum
1217 3708 1556 3773 romitesque
1575 3707 1981 3775 insequebatur,
2001 3723 2162 3776 quem
2185 3709 2379 3763 deinde

792 3807 1011 3863 raptum
1060 3806 1113 3850 et
1143 3797 1195 3849 in
1228 3798 1415 3850 urbem
1446 3800 1764 3862 abductum,
1798 3815 1891 3868 per
1924 3801 2217 3854 tribunalia
2249 3816 2377 3855 exa-

796 3889 1064 3940 minatum
1121 3889 1309 3940 multis
1361 3890 1686 3943 verberibus
1738 3892 2106 3959 suhjecernnt.
2147 3892 2240 3948 llle
2272 3894 2377 3947 sibi

793 3978 1110 4042 consulens,
1166 3980 1408 4047 insignes
1463 3981 1726 4050 dignitate
1776 3984 1922 4037 viros
1979 3986 2134 4052 quasi
2192 4001 2377 4039 secum

797 4072 1118 4131 sentientes,
1158 4072 1455 4126 mendaciis
1493 4075 1743 4129 conﬁctis
1788 4085 1841 4129 et
1873 4092 1902 4129 a
1934 4081 2158 4132 veritate
2188 4081 2380 4135 alienis

795 4161 1261 4215 calumniabatur.
1308 4164 1605 4219 Convielus
1647 4168 1889 4232 tandem,
1917 4169 1982 4222 ad
2016 4172 2378 4235 Armastriaui

796 4255 1029 4323 plateam
1065 4257 1206 4325 ignis
1240 4257 1499 4325 pabulum
1532 4256 1707 4312 factus
1753 4269 1854 4314 est.
1892 4258 2155 4316 Pradatus
2201 4246 2381 4317 autem

798 4350 1151 4417 imperatoris
1204 4350 1346 4403 Iilius
1379 4347 1817 4421 Thetiphylactus
1849 4352 2132 4408 Februarii
2166 4355 2255 4408 die
2297 4370 2383 4409 se-

799 4444 1003 4503 cundo,
1043 4441 1341 4496 indictione
1372 4443 1632 4508 secunda,
1673 4445 1980 4512 patriarcha
2028 4458 2382 4500 consecratus

2470 597 2747 665 τουμένων
2766 600 3151 668 αἰχμαλώτων,
3171 606 3237 675 τῇ
3258 604 3314 657 δὲ
3345 604 3571 676 ἀληθεία
3603 607 3860 675 Ἰωάννην
3884 628 4050 663 κατα-

2471 693 2643 761 σχεῖν,
2674 692 2768 745 καὶ
2796 694 2853 746 ἐν
2883 695 3456 753 Κωνσταντινουπόλει
3502 701 3731 768 ἀγαγεῖν
3750 718 3762 732 ·
3797 702 3825 754 ὃ
3856 702 3919 772 δὴ
3953 707 4048 758 καὶ

2472 786 2714 851 γέγονεν.
2752 785 3025 839 Εἰσελθὼν
3051 789 3160 859 γὰρ
3189 792 3305 860 ἆμα
3328 793 3404 861 τῷ
3440 794 3661 864 Ἰωάννῃ
3688 798 3744 846 ἐν
3770 796 3849 864 τῷ
3881 796 4049 865 πλοίῳ

2471 878 2579 930 ἀπὸ
2633 880 2997 952 Μεσημϐρίας
3049 878 3213 952 ἦλθεν
3259 887 3316 937 ἐν
3349 889 3412 955 τῇ
3449 886 3633 939 πόλει·
3673 889 3791 957 μετ’
3828 894 3886 942 οὐ
3911 890 4047 943 πολῦ

2469 966 2658 1021 τούτου
2693 970 2751 1022 τὸ
2813 975 3107 1043 μοναχικὸν
3148 977 3332 1045 σχῆμα
3366 979 3790 1048 ἀπορρίψαντος.
3815 984 3908 1035 καὶ
3946 1000 4047 1050 γυ-

2470 1064 2631 1112 ναῖκα
2662 1064 3121 1135 ἐπιζητήσαντος,
3145 1068 3378 1122 δέδωκεν
3396 1071 3548 1139 ἀὐτῷ
3568 1074 3597 1124 6
3625 1071 3878 1138 βασιλεὺς
3902 1070 4049 1126 οἷκον

2472 1152 2565 1204 καὶ
2596 1155 2851 1223 κτήματα
2896 1159 3212 1226 πάμπολλα,
3250 1162 3342 1213 καὶ
3368 1165 3602 1228 γυναῖκα
3638 1164 3703 1216 ἐκ
3740 1164 3840 1231 τῆς
3885 1166 4047 1217 αὑτοῦ

2472 1246 2727 1313 πατρίδος
2756 1248 2853 1316 τῆς
2906 1249 3013 1304 τῶν
3060 1251 3460 1320 Ἀρμενιακῶν,
3502 1255 3680 1323 γάμον
3708 1273 3767 1307 τε
3799 1256 4048 1326 λαμπρὸν

2473 1336 2530 1385 ἐν
2555 1340 2621 1406 τῇ
2657 1338 2750 1391 τοῦ
2787 1340 3063 1409 Καίσαρος
3116 1344 3640 1415 οίκία.πεποίηκειι.
3687 1349 3934 1417 Μαρτίου
3992 1349 4048 1401 δὲ

2477 1429 2646 1497 μηνὸς
2676 1431 2901 1501 δευτέρα
2922 1435 3105 1505 ἡμέρᾳ
3137 1437 3403 1504 κοσμίτης
3423 1438 3480 1499 ὃς
3512 1438 3777 1507 ἐπέμενεν
3809 1439 4046 1513 [ἔπεσεν]

2474 1520 2551 1586 τῷ
2572 1521 2722 1591 φόρῳ
2749 1524 2806 1573 ἐν
2832 1526 2943 1586 τοῖς
2961 1527 3140 1578 ἐκεῖσε
3168 1529 3361 1589 κίοσιν.
3387 1529 3481 1582 καὶ
3510 1533 3829 1585 ἀπέκτεινεν
3850 1533 4050 1601 ἄνδρας

2475 1613 2533 1677 ’ἐξ
2564 1614 2697 1683 (57).
2728 1615 2922 1682 Γέγονε
2952 1618 3007 1670 δέ
3031 1620 3358 1690 ἐμπρησμὸς
3388 1623 3561 1691 μέγας
3592 1626 3684 1675 καὶ
3714 1625 3940 1695 φοϐερὸς
3972 1629 4052 1688 εἰς

2475 1703 2567 1753 τὸν
2598 1705 2691 1756 τοῦ
2729 1707 2893 1777 φόρου
2948 1706 3182 1777 ἔμϐολον
3216 1712 3443 1780 πλησίον
3473 1715 3566 1766 τοῦ
3598 1716 3728 1767 ναοῦ
3753 1716 3851 1783 τῆς
3881 1718 4052 1786 ὑπερ-

2479 1796 2639 1861 αγίας
2669 1796 2953 1865 Θεοτόκου,
2980 1802 3120 1854 ὥστε
3142 1808 3487 1873 κατακαῆναι
3511 1808 3578 1860 τά
3599 1823 3655 1859 τε
3680 1810 4050 1877 κηροπωλεία,

2476 1887 2571 1938 καὶ
2596 1887 2663 1938 τά
2689 1891 2953 1960 γουνάρια
2986 1892 3080 1944 τοῦ
3116 1895 3281 1964 ᾳόρου
3321 1899 3482 1966 μέχρι
3516 1898 3625 1950 τῶν
3652 1899 3876 1969 Ψηχῶν.
3910 1902 4054 1953 Ἐτε-

2476 1978 2703 2048 λεύτησε
2763 1981 2819 2035 δὲ
2869 1985 3240 2056 Χριστοςρόρος
3292 1989 3546 2059 βασιλεὺς
3600 1994 3732 2062 μηνὶ
3757 1995 4053 2063 Αὐγούστῳ

2480 2071 2808 2135 ίνδικτιῶνος
2856 2076 3150 2147 τετάρτης,
3181 2081 3274 2131 καὶ
3310 2081 3469 2149 ἐτέθη
3510 2083 3568 2135 τὸ
3608 2085 3767 2154 σῶμα
3797 2086 3960 2137 αὐτοῦ
3992 2089 4052 2137 ἐν

2473 2162 2539 2227 τῇ
2573 2160 2803 2233 ῥηθείσῃ
2842 2168 2977 2236 μονῇ
3031 2166 3127 2219 τοῦ
3156 2169 3365 2239 πατρὸς
3403 2172 3590 2226 αὐτοῦ.
3628 2176 3960 2243 Κατήγαγον
3994 2176 4053 2229 δὲ

2476 2252 2745 2321 Τρύφωνὰ
2807 2259 3155 2330 πατριάρχην
3213 2263 3510 2335 Αὐγούστῳ
3559 2268 3690 2336 μηνὶ
3723 2267 4052 2330 ἱνδικτιώνος

2475 2342 2684 2411 τρίτης,
2717 2345 2813 2397 καὶ
2838 2347 3165 2414 ἀπελθόντος
3196 2353 3252 2403 ἐν
3282 2356 3345 2422 τῇ
3372 2355 3483 2425 ἰδία
3522 2360 3654 2425 μονῇ
3673 2358 3917 2428 τελευτᾷ,
3950 2376 4054 2427 χῖ,-

2480 2434 2749 2501 ρευσάσης
2770 2437 2869 2503 τῆς
2898 2437 3221 2508 Ἐκκλησίας
3237 2444 3428 2512 χρόνον
3451 2446 3544 2497 ἕνα
3574 2447 3747 2515 μῆνας
3762 2448 3941 2508 πέντε.
3964 2448 4053 2500 διά

2474 2522 2533 2573 τὸ
2560 2523 2657 2591 τῆς
2688 2526 2901 2594 ἡλικίας
2939 2530 3127 2593 ἀτελὲς
3174 2533 3553 2601 Θεοφυλάκτου
3599 2540 3717 2590 υίοῦ
3768 2538 4052 2609 Ῥωμανοῦ

2478 2612 2758 2681 βασιλέως.
2818 2619 3098 2684 Βασίλειος
3150 2624 3207 2676 δέ
3240 2642 3324 2689 τις
3348 2626 3617 2679 Μακεδὼν
3645 2629 3843 2693 πλάνος
3889 2631 4051 2683 Κων-

2479 2710 2753 2760 σταντῑνον
2803 2709 2969 2791 δοῇκα
3026 2715 3215 2768 ἑαυτὸν
3250 2719 3646 2788 ἐπευφημήσας
3685 2719 3795 2791 (58)
3826 2724 4053 2788 πολὶοὶος

2478 2798 2596 2865 μεθ’
2624 2801 2815 2853 ἑαυτοῦ
2852 2807 3221 2876 συνεπήγετοο
3251 2803 3406 2872 οὗτος
3440 2812 3722 2881 συσχεθεὶς
3757 2814 3862 2867 ὑπὸ
3902 2816 4052 2868 Ἐλε-

2476 2888 2730 2953 φαντίνου
2751 2894 3096 2963 τουρμάρχου
3126 2898 3190 2947 ἐκ
3221 2896 3314 2948 τοῦ
3360 2899 3601 2967 Ὀψικίου
3627 2899 3798 2965 ὄντος,
3827 2902 3967 2972 ἤχθη
3995 2905 4053 2954 ἐν

2477 2980 3060 3037 Κωνσταντινουπόλει.
3082 2988 3175 3039 καὶ
3198 2988 3299 3040 ὑπὸ
3328 2990 3535 3060 Πέτρου
3550 2992 3794 3063 ὑπάρχου
3806 2995 3904 3063 τῆς
3924 2998 4055 3063 μιᾶς

2479 3071 2851 3142 ἀλλοτριοῦται
2895 3085 3092 3150 χειρός.
3127 3076 3258 3133 Εἶτα
3290 3083 3482 3152 καιροῦ
3530 3083 3846 3153 λαϐόμενος,
3883 3105 4053 3140 κατα-

2474 3161 2742 3243 λαμϐάνει
2776 3167 2936 3219 πάλιν
2969 3169 3030 3222 τὸ
3076 3171 3340 3241 Ὀψίκιον,
3386 3175 3482 3227 καὶ
3504 3179 3664 3245 χεῖρα
3692 3178 3899 3251 χαλκῆν
3933 3182 4053 3233 ἀντὶ

2475 3256 2575 3324 τῆς
2620 3259 2881 3327 κοπείσης
2916 3265 3462 3346 προσαρμοσάμεγος,
3510 3271 3604 3320 καὶ
3642 3265 3854 3338 σπάθήν
3882 3272 4054 3336 ὑπερ-

2479 3346 2683 3417 μεγέθη
2714 3352 3152 3418 κατασκευάσας,
3180 3353 3435 3425 διήρχετο
3468 3357 3684 3410 πλανῶν
3711 3360 3939 3422 πολλοὺς
3975 3361 4054 3422 ὡς

2476 3439 2639 3506 αρτὸς
2666 3441 2751 3508 εἴη
2789 3442 3195 3508 Κωνσταντίνος
3228 3449 3255 3498 6
3280 3448 3373 3499 τοῦ
3426 3448 3617 3512 δουκός
3639 3467 3654 3480 ’
3682 3450 3776 3513 οὓς
3803 3454 3895 3503 καὶ
3931 3469 4055 3503 συνο

2476 3530 2838 3602 εφελκὸμενος
2856 3534 3097 3605 μεγάλην
3116 3539 3253 3590 κατὰ
3270 3537 3550 3609 Ῥωμανοῦ
3574 3542 3869 3612 άνταρσίαν
3896 3547 4056 3600 κινεῖ.

2488 3621 2838 3685 Ἀποστείλας
2866 3620 2959 3677 οὖν
2988 3628 3017 3677 6
3050 3626 3303 3695 βασιλεὺς
3332 3632 3561 3699 στρατὸν
3586 3635 3703 3683 κατ’
3724 3632 3911 3693 αὐτοῦ,
3953 3635 4054 3684 αὖ-

2477 3712 2570 3764 τόν
2594 3729 2653 3765 τε
2675 3715 2964 3768 συνέλαϐεν
2996 3719 3090 3769 καὶ
3115 3720 3243 3781 τοὺς
3284 3721 3379 3773 σὺν
3402 3722 3572 3792 αὐτῷ,
3604 3724 3663 3776 ὃν
3701 3726 3794 3777 καὶ⁸
3820 3726 4053 3791 ἀγαγόν-

2479 3820 2569 3867 τες
2598 3808 2657 3857 ἐν
2689 3809 2754 3876 τῇ
2784 3807 2936 3861 πόλει
2973 3810 3257 3880 ἀνέκρινόν
3280 3830 3339 3865 τε
3393 3816 3487 3866 καὶ
3522 3816 3720 3879 πολλὰς
3745 3818 3892 3887 αὑτῷ
3922 3820 4060 3887 πλη.

2479 3896 2581 3961 γὰς
2609 3898 2948 3953 ἐπετίθεσαν.
3009 3900 3068 3954 Ὀ
3111 3903 3168 3955 δὲ
3188 3898 3194 3901 ’
3218 3905 3447 3962 πολλοὺς
3481 3908 3589 3958 τῶν
3616 3911 3673 3961 ἐν
3704 3909 3844 3962 τέλει
3870 3913 4059 3962 ἐσυκο-

2483 3990 2671 4057 φάντει
2697 3991 2907 4059 ψευδῶς
2935 3993 3011 4056 ὡς
3044 3996 3303 4058 συνόντας
3352 3999 3521 4068 αὐτῷ,
3562 4001 3729 4068 μηδὲν
3761 4001 3819 4054 δέ
3861 4002 4061 4070 ἀληθὲς

2482 4081 2801 4134 κατἀὺτῶν
2824 4083 3001 4151 λέγειν
3024 4084 3382 4156 ἐξελεγχθεὶς,
3414 4090 3470 4139 ἐν
3512 4094 3624 4152 τοῖς
3658 4091 4060 4161 Ἀμαστριανοῦ

2485 4172 2655 4243 πυρὸς
2685 4175 3059 4245 κατανάλωμα
3085 4178 3314 4244 γίνεται.
3352 4182 3756 4251 Χειροτονεῖται
3788 4184 3844 4237 δὲ
3868 4201 4064 4254 πατρι-

2485 4262 2659 4333 άρχης
2680 4266 2708 4317 6
2726 4268 3063 4338 προρῤηθεὶς
3087 4269 3181 4322 τοῦ
3215 4270 3485 4339 βασιλέως
3516 4274 3629 4335 υἱὸς
3659 4275 4060 4344 Θεοερύλαγτος.

2485 4354 2835 4427 Φεϐρουαρίῳ
2869 4356 2934 4426 β’,
2992 4360 3182 4416 ίνδικτ.
3217 4367 3292 4425 ς’,
3326 4366 3715 4434 τοποτηρητῶν
3744 4368 3807 4418 ἐκ
3848 4365 4065 4435 Ῥώμης

2479 4449 2837 4516 ἀνελθόντων,
2870 4452 2963 4504 καὶ
2984 4454 3150 4521 τόμον
3177 4456 3450 4509 συνοδικδν
3477 4459 3891 4528 ἐπιφερομένων
3930 4478 3995 4512 πε
4004 4466 4063 4532 ρὶ

797 4544 903 4589 est.
939 4534 1250 4587 astantibus
1289 4535 1516 4587 Ilomani
1550 4537 1821 4603 pOutiIicis
1858 4537 2071 4604 legatis,
2097 4546 2151 4590 et
2176 4547 2385 4590 tomum
2417 4528 2461 4579 Ῑ)
2490 4541 2550 4610 τῆ

2313 4553 2385 4590 im
2417 4528 2461 4579 Ῑ)
2490 4541 2586 4610 τῆς
2616 4542 2779 4594 αὐτοῦ
2808 4546 3146 4614 χειροτονίας
3184 4547 3569 4618 διαγορεύοντα
3593 4568 3606 4580 ·
3655 4551 3704 4603 οἳ
3736 4553 3828 4604 καὶ
3853 4552 3930 4624 τῷ
3959 4572 4066 4606 πα.

799 4626 1120 4695 synodalem
1146 4626 1213 4678 de
1236 4625 1354 4693 ejus
1377 4626 1724 4680 ordinatione
1764 4637 2083 4682 tractantem
2111 4627 2393 4696 proferen-

799 4716 971 4780 tibus,
1005 4717 1371 4785 eutndemque
1399 4719 1801 4773 collocantibus
1836 4722 1889 4771 in
1924 4720 2126 4773 throno
2162 4722 2393 4789 patriar-

799 4809 969 4863 chali.
1002 4807 1273 4862 Caeterum
1322 4808 1602 4863 Romanus
1635 4812 1931 4879 imperator
1963 4810 2250 4881 Stephano
2280 4812 2391 4866 lilio

801 4900 1005 4954 locavit
1041 4914 1268 4953 uxorem
1301 4900 1517 4955 Gabalze
1546 4902 1734 4965 tiliam,
1767 4902 2020 4973 Catacer
2050 4904 2255 4970 neptim
2280 4906 2391 4955 An-

803 5004 927 5042 nam
962 4989 1208 5053 nomine,
1246 5006 1464 5059 unaque
1492 5007 1616 5046 cum
1646 4992 1873 5061 nuptiali
1907 4992 2117 5046 corolla
2180 4995 2392 5060 imperii

801 5081 1112 5136 diademate
1137 5082 1425 5137 redimitus
1447 5097 1552 5137 εει.

883 5172 1190 5228 Turcorum
1243 5183 1424 5228 autem
1496 5176 1762 5228 adversus
1826 5152 2398 5244 Romanos/irruptio

803 5264 977 5332 prima
1021 5265 1333 5317 indit-tionis
1382 5268 1625 5333 septima:
1669 5265 1839 5332 Aprili
1888 5280 2076 5319 mense
2117 5268 2343 5338 contigit
2384 5286 2396 5321 :

803 5358 895 5426 qui
932 5357 998 5409 ad
1041 5358 1226 5411 urbem
1264 5373 1435 5427 usque
1463 5368 1840 5422 exeurrentes,
1888 5358 2007 5411 loca
2053 5369 2248 5413 cuncta
2301 5377 2397 5430 per

2490 4634 2750 4702 τριάρχου
2784 4636 2958 4705 θρόνῳ
3005 4636 3195 4689 τοῦτον
3243 4640 3547 4711 ἐνίδρυσαν.
3615 4642 3891 4712 Ῥωμανῦς
3946 4645 4002 4696 δὲ
4037 4650 4067 4698 6

2494 4722 2745 4792 βασιλεὺς
2766 4726 2843 4793 τῷ
2864 4727 2962 4795 υἱῷ
2984 4728 3241 4800 Στεφάνῳ
3268 4736 3499 4798 γυναῖκα
3527 4734 3765 4801 ὶγάγετο
3792 4736 4068 4802 θυγατέρα

2492 4814 2657 4870 οὖσαν
2684 4818 2777 4870 τοῦ
2806 4819 3041 4885 Γαδαλᾶ,
3076 4823 3306 4893 ἐκγόνην
3336 4825 3391 4876 δὲ
3426 4826 3751 4880 Κατακυλῑν
3800 4827 3915 4901 [τοῦ
3952 4831 4067 4881 Κα-

2491 4909 2729 4982 τακυλᾶ]
2753 4913 2951 4965 Ἀνναν
2971 4914 3162 4983 δνομα.
3189 4916 3339 4985 ’Ἅμα
3361 4916 3417 4969 δὲ
3440 4918 3518 4986 τῷ
3539 4920 3793 4990 νυμφικῷ
3821 4924 4071 4992 στειρανῳ

2499 5003 2593 5054 καὶ
2619 5005 2647 5055 6
2675 5004 2772 5074 τῆς
2802 5004 3079 5073 βασιλείας
3104 5008 3361 5076 στέφανος
3388 5012 3717 5067 ἐπετέθειτο.

2584 5182 2835 5248 Ἐγένετο
2892 5182 2951 5236 δὲ
3013 5185 3344 5255 ἐκστρατεία
3401 5188 3592 5258 πρώτη
3643 5190 3752 5241 τῶν
3813 5190 4071 5257 τούρκων

2503 5272 2645 5324 κατὰ
2683 5272 2968 5343 Ῥωμαίων
3016 5276 3309 5329 ίνδικτιῶνι
3344 5278 3548 5350 ἑϐδόμῃ
3583 5279 3874 5350 ’Δπριλλίῳ
3917 5292 4068 5351 μηνὶ,

2502 5362 2551 5415 οἳ
2576 5364 2668 5415 καὶ
2712 5364 3153 5434 καταδραμόντες
3216 5368 3378 5437 μέχρι
3415 5369 3511 5437 τῆς
3553 5371 3757 5434 πόλεως
3785 5372 4073 5441 ἐληῐσαντο

1950 5474 2205 5531 FRANC.
2234 5476 2626 5532 COMBEFISH
2670 5476 2905 5533 NOTAE.

882 5597 995 5667 (57)
1032 5597 1330 5664 Anonym.,
1372 5593 1655 5667 Κοσμίτης
1699 5592 1897 5667 ἐπεσεν
1927 5595 1985 5646 ἐν
2008 5592 2084 5661 τῷ
2126 5594 2277 5667 φόρῳ
2322 5596 2385 5647 ὲκ

805 5664 915 5720 τῶν
944 5664 1001 5720 ἐν
1035 5670 1146 5728 τοῖς
1184 5665 1467 5733 στοιχηδὸν
1516 5664 1828 5730 ἱσταμένοις
1860 5666 2047 5717 ἐκεῖσε
2088 5664 2391 5718 κίοσιέπιο

808 5742 1098 5808 κειμένων.
1130 5736 1289 5802 Lapis
1322 5734 1582 5789 Camnites
1622 5736 1800 5787 dictus
1830 5735 1884 5787 in
1916 5736 2031 5805 foro
2061 5735 2283 5796 decidit,
2324 5751 2389 5789 ea:

804 5813 871 5862 iis
914 5812 1003 5878 qui
1038 5808 1297 5860 rulmmtis
1356 5808 1470 5860 illic
1519 5808 1703 5858 ordine
1748 5808 1935 5860 erectis
1964 5817 2084 5859 sum
2129 5808 2384 5875 impositi.

2495 5593 2750 5655 Cedren.,
2780 5595 2845 5646 ἐκ
2873 5594 2975 5664 τῆς
3006 5596 3192 5668 ἀψίδος
3213 5614 3225 5627 ’
3271 5613 3337 5650 ex
3368 5598 3587 5666 fornice,
3631 5599 3722 5668 qui
3752 5610 3805 5654 et
3828 5598 3898 5653 60
3926 5597 4071 5652 occi-

2495 5680 2587 5719 sos
2620 5677 2893 5730 numeral,
2927 5667 3027 5719 uhi'
3056 5670 3148 5720 alii
3180 5684 3271 5721 sex
3310 5669 3598 5722 duntaxat.

2572 5735 2681 5804 (58)
2708 5734 2900 5791 Melius
2932 5740 3287 5815 Anonytnus,
3320 5741 3686 5809 ἐπιφημίσας.
