4440 6446
737 396 878 459 1167

1666 398 1759 457 DE
1784 398 1845 458 S.
1886 391 2379 485 THEOPHANIS
2413 390 3071 458 CHRONOGBAPHIA

3859 394 3995 462 1168

737 511 999 583 plumbea
1028 508 1135 564 dici
1166 516 1424 572 meretur,
1444 507 1811 579 consistitque
1843 508 1896 562 in
1928 507 2127 562 tabulis
2153 505 2316 560 chro-
2346 521 2399 580 Α
2424 505 2697 573 niinatim,
2760 522 2870 562 non
2928 506 3131 577 cogitet
3182 504 3349 561 alium
3396 504 3544 562 hunc
3598 521 3721 563 esse
3763 506 3832 562 ab
3884 508 3997 572 illo,

738 604 1015 673 nologicis
1050 602 1317 671 (Canonia
1349 610 1510 657 vocat
1538 600 1705 671 Goar)
1737 602 1942 672 quibus
1972 616 2067 669 per
2107 599 2317 655 loculos

738 699 957 761 divisis,
991 701 1225 767 primum
1269 703 1447 771 annus
1483 696 1693 763 mundi,
1727 704 1843 755 tum
1887 694 2091 771 Christi
2136 695 2317 749 incar-

741 793 880 854 nati,
917 790 1043 845 dein
1076 790 1421 859 imperatoris
1455 790 1688 854 romani,
1738 768 1984 859 proxime
2013 787 2155 858 regis
2188 786 2319 840 Per-

743 899 931 937 sarum
975 891 1070 937 aut
1101 881 1260 936 ducis
1301 880 1565 946 Arabum,
1615 896 1801 936 rerum
1860 889 1986 951 post
2028 880 2223 935 Persas
2260 879 2315 933 in

741 978 1034 1034 Palaestina
1068 972 1423 1049 potientiumf
1451 974 1688 1046 denique
1722 990 1786 1029 ex
1827 976 2022 1029 ordine
2076 973 2317 1043 quinque

742 1073 1127 1144 episcoporum
1161 1072 1563 1140 prtecipuorum
1596 1083 1690 1122 seu
1724 1066 2185 1137 patriarcharum,
2213 1063 2317 1117 lto-

742 1156 1541 1228 mani,Constantinopolitani,
1561 1154 2061 1224 Hierosolymitani,
2081 1153 2318 1206 Alexan-

741 1256 889 1311 drini
942 1264 996 1311 et
1047 1250 1377 1306 Antiocheni
1433 1247 1569 1303 ordo
1636 1255 1691 1301 et
1746 1245 1875 1300 anni
1936 1245 2313 1299 continentur.

741 1350 982 1406 Tabulas
1016 1356 1199 1402 autem
1249 1326 1383 1399 istas
1413 1356 1606 1411 magna
1656 1354 1781 1394 cum
1828 1338 2153 1394 diversitate
2207 1351 2315 1390 non

741 1448 955 1496 tantum
1013 1438 1264 1509 pmﬁxas
1312 1434 1471 1489 annis
1500 1447 1609 1487 non
1650 1432 1789 1496 suis,
1824 1428 1919 1487 sed
1951 1432 2115 1487 etiam
2162 1445 2317 1483 men-

740 1533 1036 1591 dosissime
1083 1528 1426 1597 conscriptas
1475 1540 1622 1590 esse,
1669 1533 1724 1581 et
1757 1523 2010 1595 plurimis
2051 1523 2205 1578 hiare
2235 1522 2315 1576 lo-

741 1629 907 1687 culis,
952 1640 1016 1680 ac
1046 1620 1380 1693 portentosis
1420 1632 1648 1689 prorsus
1681 1632 1975 1697 annorum,
2012 1614 2312 1687 praesertim

741 1715 1214 1792 patriarchalium,
1243 1709 1729 1783 supputationibus
1760 1692 1993 1774 scatere,
2017 1723 2139 1762 cum
2164 1692 2313 1776 ipse-

746 1822 854 1868 met
888 1810 1035 1865 Guar
1082 1812 1343 1877 agnoscat
1406 1802 1786 1873 fateaturque;
1843 1802 2041 1855 mirum
2091 1808 2171 1855 est
2219 1807 2313 1853 aut

2420 616 2581 671 quem
2630 602 2684 656 in
2722 601 2902 658 fronte
2935 601 3337 671 expresserat?
3376 600 3468 655 Sic
3502 600 3569 655 ad
3606 614 3810 655 annum
3848 602 3915 656 l0
3944 609 4001 657 et

2421 694 2481 747 ll
2540 692 2849 750 Constantii
2915 702 3213 753 narrantur
3264 702 3383 749 acta
3431 694 3575 749 inter
3632 692 3993 748 Athanasium

2419 796 2473 840 et
2505 780 2715 839 Julium
2765 786 2966 857 Papam
2992 827 3006 854 ,
3066 787 3159 855 qui
3215 787 3270 841 in
3308 801 3452 841 anno
3500 784 3805 840 Constantii
3840 783 3910 839 15
3945 795 4001 839 ct

2421 877 2537 947 ipse
2572 878 2932 945 pontificatus
2995 878 3081 951 sui
3118 878 3187 933 15
3233 892 3440 932 annum
3484 875 3852 946 ultimumque
3900 892 3999 931 ex-

2421 970 2588 1039 plevit
2624 989 2637 1025 :
2670 985 2794 1025 cum
2832 970 3051 1026 interim
3094 970 3150 1025 in
3181 969 3385 1025 tabulis
3438 977 3588 1024 totus
3622 969 3741 1038 ejus
3778 971 4000 1037 pontifi-

2419 1071 2578 1117 catus
2612 1061 2677 1115 ad
2703 1062 3029 1127 sexennium
3060 1072 3390 1127 retroactus,
3428 1063 3550 1134 ipso
3575 1079 3737 1136 quem
3762 1065 3999 1119 diximus

2422 1155 2488 1209 10
2546 1170 2692 1211 anno
2748 1157 3084 1224 Constantii,
3136 1156 3416 1218 Liberium
3481 1158 3648 1214 faciat
3701 1158 4001 1216 succedere

2418 1244 2586 1302 Julio.

2418 1344 2449 1401 ξτ.
2489 1343 2541 1396 6.
2587 1340 2726 1408 Quid
2775 1352 2956 1398 autent
2982 1344 3230 1401 dicemus
3260 1347 3327 1402 de
3368 1362 3553 1418 regum
3584 1346 3876 1404 Persarum
3908 1363 3998 1402 se-

2419 1435 2543 1489 rie?
2602 1435 2913 1491 rExorditur
2976 1453 3097 1493 eam
3168 1437 3432 1510 Georgius
3500 1440 3782 1511 Syncellus
3853 1453 3999 1494 anno

2418 1533 2616 1593 quarto
2641 1527 2933 1581 Alexandri
2966 1526 3268 1595 Mammeze,
3318 1530 3409 1599 qui
3452 1527 3553 1584 fuit
3589 1531 3831 1601 vulgaris
3877 1546 4000 1584 zerzc

2417 1618 2802 1673 Alexandrinae
2831 1619 2959 1685 218,
2999 1629 3055 1677 et
3084 1622 3351 1692 expositis
3379 1623 3720 1693 singulorum
3762 1623 4000 1678 nomini-

2381 1710 2543 1777 .bus,
2593 1721 2647 1766 et
2691 1722 2826 1782 quot
2866 1714 3072 1784 quique
3105 1717 3455 1786 regnaverint
3500 1717 3682 1779 annis,
3719 1732 3895 1786 usque
3926 1716 3993 1769 ani

2418 1794 2624 1859 Persici
2674 1805 2888 1875 imperii
2922 1811 3082 1862 linem
3115 1809 3218 1862 sub
3257 1808 3567 1873 Saracenis,
3612 1810 3863 1877 quintum
3910 1824 3997 1863 re-

743 1901 940 1970 ipsum,
984 1902 1077 1950 aut
1125 1893 1217 1962 qui
1250 1891 1491 1947 defuncti
1534 1889 1729 1946 Goaris
1768 1889 2007 1945 laborem
2041 1889 2228 1944 eduxit
2256 1891 2309 1942 in
2340 1864 2390 1927 Β
2419 1913 2537 1967 gem
2568 1864 2799 1954 Unger.“
2837 1881 3231 1968 (Arareucljem
3260 1901 3469 1956 nierum
3496 1864 3791 1956 5.51m”,
3819 1900 3998 1955 Theo-

742 1991 921 2047 lucem
951 1984 1360 2059 Combefisi‘um,
1395 1983 1647 2055 potuisse
1684 1982 1799 2039 sibi
1851 1982 2204 2053 persuadere,
2247 1981 2315 2037 ab

743 2096 966 2139 auctore
1017 2078 1350 2149 Theophane
1396 2091 1537 2132 esse.
1601 2095 1620 2128 ί
1650 2074 1753 2145 Qui
1792 2075 2068 2130 variorum
2116 2084 2311 2133 aucto-

742 2189 861 2230 rum
926 2169 1229 2226 sententias
1284 2173 1339 2221 ct
1393 2179 1653 2221 numeros
1710 2173 1934 2220 secutus
1984 2165 2056 2219 sit
2106 2164 2312 2230 varios,

739 2282 990 2341 opusque
1042 2263 1320 2337 proprium
1370 2270 1598 2333 urgente
1635 2261 2036 2332 persecutionis
2078 2260 2317 2316 necessi-

741 2372 853 2418 tate
881 2376 991 2415 nou
1027 2356 1386 2422 recensuerit,
1428 2354 1766 2424 proindeque
1804 2353 2023 2425 exigere
2049 2368 2089 2425 a‘
2112 2354 2316 2408 lectore

742 2474 844 2513 suo
873 2440 1067 2528 possit,
1112 2463 1170 2527 ut
1212 2453 1305 2522 qui
1341 2451 1729 2506 dormitantem
1762 2450 2057 2503 Homerum
2085 2448 2312 2517 patitur,

742 2553 1132 2621 Theophanem
1179 2560 1401 2619 quoque
1435 2545 1650 2615 lapsum
1701 2542 1876 2619 erigat
1920 2541 2312 2610 corrigatque:

740 2662 866 2705 cum
902 2644 1159 2700 nimirum
1187 2639 1541 2696 succedentes
1573 2648 1626 2692 et
1664 2635 1730 2689 ad
1764 2634 1995 2689 invicem
2031 2633 2315 2688 cohaeren-

742 2752 825 2796 tes
880 2750 1140 2792 numeros
1192 2734 1247 2788 in
1300 2730 1583 2801 sequiores
1621 2722 1939 2795 transponit
1973 2740 2170 2790 annos;
2219 2739 2317 2779 seu

740 2832 906 2890 etiam
937 2827 1263 2897 conjunctos
1296 2838 1471 2878 annos
1507 2822 1560 2876 in
1596 2820 1784 2876 dissita
1811 2818 2043 2873 canonia
2066 2815 2316 2871 desulto~

742 2925 824 2978 rie
877 2918 1181 2976 transfert:
1251 2922 1345 2973 aut
1403 2911 1579 2966 eidem
1639 2910 1765 2963 viro
1813 2921 1962 2962 nunc
2004 2905 2316 2975 pauciores,

743 3029 869 3069 mox
901 3012 1085 3082 plures
1115 3006 1348 3062 diversis
1374 2991 1635 3063 .canoniis
1669 3002 1914 3071 assignat
1945 3012 2122 3052 annos
2154 3014 2172 3051 :
2232 2996 2319 3051 vel

742 3122 868 3162 cum
892 3102 1134 3174 ejusdem
1177 3099 1280 3154 viri
1337 3096 1629 3168 pauciores
1667 3094 1794 3148 anni
1848 3092 2001 3161 plura
2046 3095 2320 3159 occupant

742 3195 973 3254 canonia
998 3211 1013 3248 :
1063 3201 1157 3246 aut
1181 3204 1307 3245 cum
1333 3201 1555 3243 summa
1582 3185 1839 3256 quapiam
1866 3178 2051 3239 aetatis
2079 3182 2318 3253 aequales

742 3288 953 3346 loculos
985 3286 1101 3340 sive
1131 3281 1363 3338 canonia
1390 3279 1717 3350 quibusdam
1748 3276 1971 3331 emissis
2003 3289 2114 3328 non
2155 3288 2315 3329 acce-

740 3386 822 3456 pit
850 3399 867 3436 :
917 3379 1002 3435 vel
1031 3376 1267 3446 denique
1301 3387 1426 3430 cum
1455 3384 1689 3427 numero
1720 3368 1968 3439 ejusdem
2002 3366 2133 3422 anni
2162 3380 2318 3436 repe-

741 3478 844 3536 tito
880 3471 1136 3533 confusio
1162 3462 1396 3525 infertur
1436 3480 1545 3521 non
1581 3462 1893 3520 mediocris.
1928 3473 1956 3514 ἰ

814 3569 870 3625 5.
910 3565 1112 3623 Verum
1164 3562 1211 3617 si
1249 3561 1366 3616 haec
1402 3568 1510 3615 tam
1546 3557 1739 3623 multa,
1780 3562 1892 3609 tam
1932 3552 2119 3623 gravia
2165 3550 2320 3606 volu-

742 3676 867 3715 mus
901 3654 1225 3727 Theophani
1252 3647 1561 3723 imputare,‘
1596 3636 1896 3727 verendum
1921 3633 2027 3711 est,
2063 3659 2132 3699 ne
2160 3643 2319 3715 plura

743 3770 808 3810 ac
836 3752 1086 3824 graviora
1132 3752 1425 3805 occurrant
1446 3757 1610 3814 quam
1635 3734 1837 3812 quibus
1868 3739 2113 3804 lectoris,
2143 3751 2317 3808 quan-

745 3821 945 3904 tumvis
995 3842 1240 3912 benigni,
1278 3838 1474 3906 lenitas
1504 3821 1681 3907 possit
1720 3828 2024 3906 ignoscere.
2081 3826 2217 3888 Nam
2262 3843 2321 3905 ut

743 3940 993 3993 omittam
1030 3950 1151 4005 quae
1200 3933 1347 3989 circa
1388 3928 1566 3986 sancti
1595 3928 1785 3999 Cyrilli
1824 3922 2319 3995 Hierosolymitaui

744 4032 1209 4095 decessorumque
1239 4019 1358 4093 ejus
1398 4037 1464 4077 ac
1524 4034 1907 4077 successorum
1953 4018 2318 4074 chronotaxin

748 4120 1049 4179 fmdissitne
1088 4125 1268 4173 errata
1321 4112 1847 4177 demonstravimus,
1914 4130 1931 4163 ‹
1969 4109 2321 4191 Emendatio-

745 4229 871 4270 nem
905 4218 1132 4281 supcrat
1174 4222 1414 4270 omnem,
1468 4204 1644 4274 inquit
1678 4203 1793 4271 ipse
1827 4201 2011 4275 Goar,'
2035 4199 2318 4256 Romano-
2346 4205 2351 4213 '

748 4320 867 4360 rum
899 4301 1284 4382 episcOporum
1335 4308 1530 4350 nomen
1577 4292 1917 4362 frequentius
1947 4291 2238 4358 omissum,
2268 4300 2323 4346 et

746 4406 878 4453 :etas
918 4380 1040 4463 pag.
1072 4389 1179 4443 208
1224 4386 1441 4450 auctori
1464 4384 1701 4471 tpenitus
1742 4383 1957 4453 ignota:
1996 4399 2015 4432 ‹
2045 4380 2193 4450 quod
2228 4380 2318 4463 uti
2355 4458 2361 4463 ι

746 4507 809 4544 ex
868 4459 1195 4541 indubitatis
1248 4461 1765 4550 pontiﬁcum'annis
1821 4474 2109 4530 manifeste
2161 4459 2321 4528 nobis

2419 1988 2585 2056 pbani
2645 1988 2865 2060 aﬂictis)
2918 1990 3128 2046 inducit
3174 1992 3229 2045 in
3261 1990 3551 2061 imperium
3584 2005 3729 2057 anno
3759 1978 3997 2044 Alexan-

2417 2080 2589 2135 drinze
2653 2098 2777 2141 aerea
2835 2082 2942 2138 264
2990 2084 3353 2140 conformiter
3396 2082 3465 2138 ad
3509 2099 3777 2138 annorum
3827 2085 3995 2155 spatia

2418 2172 2652 2243 singulis
2684 2174 2806 2245 ejus
2851 2175 3243 2233 decessorihus
3279 2177 3629 2246 intcatalogo
3683 2176 3993 2244 assignata:

2412 2279 2655 2336 eumque
2683 2282 2860 2323 annos
2888 2269 2957 2322 l7
2998 2269 3316 2338 regnavisse
3350 2254 3582 2325 ’seribit.
3646 2267 3867 2322 Tabula:
3896 2281 3995 2319 au-

2420 2365 2525 2413 tem
2563 2357 2708 2428 (quae
2760 2375 2899 2430 pene
2958 2361 3161 2431 ubique
3202 2361 3384 2433 quoad
3424 2375 3688 2415 numeros
3726 2374 3992 2413 annorum

2419 2453 2863 2525 uniuscujusque
2914 2471 3083 2527 regno
3132 2457 3523 2512 attributorum
3577 2470 3702 2509 cum
3759 2451 3997 2521 Georgio

2418 2547 2795 2613 consentiunt,
2849 2547 2944 2603 sed
3003 2548 3250 2604 ordinem
3309 2546 3642 2619 quandoque
3675 2554 3728 2600 et
3775 2545 3997 2599 nomina

2418 2638 2782 2710 commutant)
2818 2655 2942 2694 cum
2980 2641 3205 2696 totidem
3243 2640 3405 2697 annis
3448 2653 3712 2710 regnasse
3756 2638 3995 2690 Arareu-

2420 2732 2575 2786 citem
2605 2732 2923 2799 admittant,
2956 2735 3210 2791 ultimum
3247 2734 3395 2789 illius
3425 2748 3629 2787 annum
3662 2745 3950 2799 componu:
3979 2737 3997 2781 t

2420 2839 2545 2878 cum
2587 2824 2779 2895 primo
2810 2824 3166 2903 ‘Dioclctiani
3206 2866 3221 2891 ,
3284 2822 3672 2882 Alexandrinae
3729 2837 3847 2876 κατ’
3894 2820 3996 2874 277

2422 2923 2587 2985 atque
2638 2916 2709 2969 ita
2768 2927 3012 2987 quatuor
3062 2930 3240 2971 annos
3301 2915 3578 2970 auferunt.
3632 2912 3763 2979 Quis
3814 2914 3997 2963 autem

2420 3005 2611 3064 credat
2642 3008 3037 3082 TheOphanem
3080 2998 3522 3065 continuat'orem
3555 3004 3796 3074 Georgii,
3848 3002 3995 3056 milia

2422 3096 2718 3173 apparente
2747 3120 2809 3159 ex
2845 3117 3008 3159 causa
3053 3102 3129 3156 ita
3174 3102 3242 3157 ab
3275 3109 3500 3155 auctore
3548 3113 3647 3155 suo
3684 3097 3854 3151 fuisse
3879 3097 3995 3149 dis-

2422 3207 2745 3257 cessurum,
2798 3193 2845 3249 si
2903 3193 3114 3249 tabulas
3163 3192 3281 3262 ipse
3330 3182 3751 3259 conscripsisset
3792 3190 3813 3240 τ’
3864 3185 3999 3251 Quis

2423 3299 2644 3340 rursum
2703 3285 2892 3339 credat
2940 3286 3277 3340 omissurum
3322 3283 3496 3339 fuisse
3560 3281 3833 3341 \‘aranis,
3900 3293 3996 3331 seu

2422 3376 2627 3453 Uranis
2657 3377 2690 3431 ’5
2740 3391 2942 3433 nomen
2998 3386 3051 3432 et
3108 3391 3284 3433 annos
3333 3376 3404 3439 4,
3458 3375 3502 3429 si
3541 3388 3653 3444 prae
3687 3372 3859 3426 oculis
3899 3372 3999 3422 lzzt-

2336 3532 2339 3533 ν
2421 3466 2633 3523 bui‘sset
2692 3468 2946 3523 relictum
3002 3466 3106 3522 sibi
3157 3482 3186 3521 a
3232 3465 3467 3537 Georgio
3523 3462 3882 3532 CataIOgum:
3938 3474 3999 3513 ac

2422 3560 2623 3616 deinde
2680 3576 2779 3631 pro
2832 3559 3084 3618 ,Urarane
3110 3560 3142 3616 5
3182 3559 3506 3615 Arsabelum
3534 3597 3547 3622 ,
3586 3571 3683 3627 pro
3732 3554 4000 3622 SamaSpO

2422 3643 2856 3725 Pecmasaphum
2910 3655 3082 3709 fuisse
3114 3655 3452 3725 scripturum
3475 3692 3490 3718 ,
3548 3649 3863 3705 nominibus
3901 3647 4009 3701 loli.

2424 3745 2747 3819 Georgianm
2775 3743 2938 3803 seriei
2975 3747 3223 3819 ignotis?

2497 3839 2548 3894 7.
2612 3840 2789 3894 Simili
2823 3841 3035 3895 ratione
3067 3839 3251 3894 licebit
3284 3837 3353 3894 ab
3392 3836 3458 3897 iis
3495 3838 3862 3909 argumentari
3901 3852 3998 3909 pa-

2422 3933 2706 3999 triarcltis,
2750 3949 2893 4005 quos
2936 3934 3130 3988 ultimo
3164 3933 3349 4002 operis
3382 3933 3467 3986 sui
3500 3946 3645 3987 anno
3677 3932 3755 3985 sic
3792 3933 3996 3986 subne-
4054 3910 4061 3913 ’

2424 4028 2525 4081 etit
2580 4025 2888 4097 Georgius;
2937 4036 2996 4079 ut
3052 4026 3121 4080 ab
3176 4024 3371 4080 iisdem
3433 4023 3673 4078 exordiri
3738 4023 3997 4076 deberent

2424 4120 2776 4190 Theophanis
2836 4119 3072 4185 tabulae,
3142 4134 3169 4172 a
3226 4120 3405 4189 primo
3460 4116 3789 4172 Diocletiani
3852 4131 3997 4170 anno

2416 4213 2975 4295 'exordienteshlicet
3006 4212 3072 4266 de
3122 4212 3218 4266 illo
3260 4226 3427 4272 anno,
3460 4218 3676 4280 ‘utpote
3718 4213 3828 4279 jam
3862 4210 3999 4262 satis

2425 4307 2724 4378 descripto,
2762 4291 2901 4360 nihil
2941 4303 3295 4359 scribendum
3330 4303 3437 4358 sibi
3479 4304 3601 4357 esse
3637 4300 3997 4371 Theophanes

2423 4401 2734 4474 putaverit:
2786 4399 2872 4453 vel
2908 4387 3178 4466 hoc'ipso
3220 4397 3471 4451 iudicans
3502 4380 3657 4467 prius
3691 4410 3826 4462 Opus
3863 4390 3911 4447 a’
3942 4411 4001 4450 se

2426 4488 2784 4557 continuari,
2851 4507 2959 4545 non
3017 4477 3294 4545 conscribi
3351 4504 3598 4550 novum,
3659 4488 3800 4557 quod
3864 4486 4000 4542 alias

747 4566 980 4640 constat,
1024 4571 1099 4626 ita
1133 4568 1385 4649 fortassis
1425 4569 1478 4623 in
1515 4566 1639 4622 aliis
1662 4566 1990 4637 patriarctiis
2016 4563 2321 4635 deprchen-
2355 4586 2399 4642 ι)
2430 4598 2496 4637 au

2246 4581 2321 4618 ἠ’
2355 4581 2709 4653 Dauspicari
2766 4580 3049 4636 debuisset
3115 4578 3182 4632 ab
3239 4577 3389 4633 illius
3434 4562 3513 4631 had
3578 4578 3866 4646 imperium
3920 4579 3999 4630 in-

745 4673 1026 4733 deremus,
1072 4662 1119 4723 Si
1153 4666 1220 4723 de
1241 4648 1442 4721 eorum
1475 4648 1919 4735 succesSionibus
1942 4670 2121 4730 atque
2146 4659 2322 4718 aetati-

749 4767 855 4821 bus
909 4762 1026 4836 pari
1081 4760 1238 4816 nobis
1286 4757 1503 4814 ratione
1544 4764 1846 4810 constaret.
1900 4751 2086 4822 Neque
2117 4748 2324 4808 dix'eris

751 4858 982 4912 vitidsos
1021 4853 1305 4929 catalogos
1353 4863 1465 4920 prae
1495 4847 1672 4905 oculis
1710 4845 2001 4901 habentem
2038 4842 2327 4912 Theopha-

749 4964 873 5006 nem
920 4955 1084 5016 atque
1123 4935 1291 5000 ex'lis
1339 4956 1515 4996 annos
1559 4946 1953 5009 supputantem
2000 4936 2053 4989 in
2089 4936 2322 5016 istorum

749 5049 1000 5091 errorum
1049 5040 1257 5103 partem
1311 5045 1418 5085 non
1460 5028 1742 5102 minimam
1792 5008 2002 5098 prolabi
2035 5008 2322 5095 potuisse‘:

754 5128 1088 5199 ubicumque
1107 5120 1262 5180 enim
1300 5115 1353 5177 in
1386 5123 1502 5193 ipsa
1530 5120 1762 5175 historia
1788 5119 2063 5190 pontificis
2092 5116 2325 5173 Romani

752 5219 999 5274 occurrit
1038 5216 1263 5282 mentio,
1306 5230 1411 5269 non
1448 5213 1614 5268 alium
1645 5226 1809 5282 quam
1852 5224 1950 5280 par
1996 5217 2112 5264 erat
2143 5207 2324 5262 nomi-

756 5314 906 5368 navit
964 5311 1177 5381 uspiam
1210 5300 1565 5378 :'quomodo
1619 5305 1788 5376 igitur
1840 5305 2080 5374 ignotam
2149 5302 2328 5373 potuit

750 5417 939 5459 eorum
976 5401 1174 5459 seriem
1204 5407 1533 5469 attatemque
1567 5396 1810 5452 habere?
1855 5406 1950 5451 aut
1987 5410 2109 5466 qua:
2146 5402 2329 5465 potest

751 5505 901 5552 tanta
934 5494 1149 5565 concipi
1180 5492 1345 5548 ullius
1377 5489 1669 5561 scriptoris
1698 5488 2015 5554 oscitantia,
2054 5495 2117 5541 ut
2156 5501 2327 5541 anna-

752 5594 829 5648 les
882 5590 1177 5654 ordinans,
1228 5584 1534 5667 eo'squein
1581 5583 1764 5655 capite
1820 5582 2213 5653 imperatorum
2272 5589 2326 5635 et

752 5682 1071 5755 pontificum
1111 5680 1272 5736 annis
1309 5677 1668 5749 prcsignans,
1708 5688 1908 5747 nomen
1940 5672 2163 5743 aliquod
2195 5672 2327 5728 serio

754 5782 843 5830 bat
889 5772 1328 5829 diversissimum
1359 5771 1429 5827 ab
1467 5784 1559 5835 eo,
1597 5769 1664 5824 de
1695 5782 1805 5838 quo
1840 5768 1896 5821 in
1944 5768 2061 5835 ipsa
2096 5766 2327 5821 historia

751 5879 975 5927 acturus
1006 5877 1089 5924 est
1124 5886 1136 5921 :
1175 5876 1269 5923 aut
1300 5866 1513 5931 saltem,
1545 5878 1670 5919 cum
1699 5862 1767 5916 de
1805 5862 1991 5933 aliquo
2020 5861 2188 5932 egerit
2228 5874 2326 5915 no—

2430 4682 2646 4745 gressu,
2694 4674 2791 4745 qui
2832 4674 3039 4742 primus
3071 4669 3403 4726 offerebatur
3450 4670 3503 4724 in
3550 4669 3790 4723 historia.-
3834 4684 4000 4737 arguo

2428 4776 2695 4825 mentum:
2719 4767 2877 4821 Hunc
2911 4775 3093 4820 autem
3126 4778 3330 4820 annum
3353 4779 3475 4819 cum
3502 4760 3797 4833 descripsit
3821 4757 4027 4817 Geor?

2426 4860 2550 4932 gius
2584 4859 2666 4914 sic
2705 4858 3031 4926 concludit;

2498 4994 2678 5050 Roma:
2710 4995 2981 5063 episcopus
3009 4992 3101 5054 28.
3134 4991 3321 5056 Caius,
3349 4992 3502 5043 annis
3542 4989 3623 5043 I5.

2498 5084 2793 5139 Antiochiae
2821 5084 3093 5151 episcopus
3124 5082 3212 5147 l7,
3248 5080 3501 5150 Cyrillus,
3538 5078 3688 5131 annis
3721 5076 3805 5131 l5.

2500 5174 2837 5229 Alexandria:
2865 5179 3138 5242 episcopus
3166 5173 3251 5236 16,
3287 5171 3543 5231 Tlteauas,
3575 5170 3725 5221 anuis
3762 5170 3845 5221 l9.

2503 5267 2775 5323 Hierosol.
2803 5267 3080 5335 episcopus
3115 5263 3203 5333 58,
3244 5261 3587 5333 Hymenwus,
3617 5261 3771 5311 annis
3806 5256 3893 5310 l2.

2432 5400 2509 5454 Ex
2557 5400 2759 5471 quibus
2812 5398 2971 5467 juxta
3026 5396 3238 5466 priores
3278 5391 3497 5462 Georgii
3538 5390 3801 5451 calculos,
3838 5386 4003 5441 Caius

2431 5490 2652 5564 quidem
2684 5502 2740 5546 et
2778 5489 3036 5559 Theonas
3077 5490 3315 5559 primunt
3367 5486 3518 5539 illutn
3572 5484 3891 5538 habuissent
3949 5481 4001 5534 in

2430 5586 2746 5655 episcopatu
2789 5596 2992 5637 annum
3034 5598 3048 5635 :
3103 5579 3376 5650 Cyrillus.
3421 5592 3565 5632 anno
3622 5574 4003 5630 Alexandrina

2432 5693 2555 5733 aera:
2600 5676 2707 5731 ξω
2753 5687 2995 5739 creatus,
3046 5688 3251 5728 annum
3303 5670 3503 5741 egisset
3546 5670 3638 5733 li;
3683 5666 4003 5738 Hymenaeus

2433 5786 2563 5826 vero
2592 5770 2867 5833 ultimum,
2921 5766 3025 5820 nisi
3081 5762 3251 5835 (quod
3302 5772 3381 5818 est
3444 5760 3775 5827 verosimile)
3826 5760 4003 5821 dicas,

2435 5864 2784 5920 librariorum
2820 5861 2956 5914 vitio
3006 5858 3211 5914 factum
3244 5865 3302 5912 ut
3339 5854 3627 5911 duodecim
3667 5852 3824 5907 annis
3865 5851 4004 5904 scri-
