4440 6446
751 431 882 498 1171

1664 434 1759 493 DE
1808 436 1867 492 S.
1903 431 2394 493 THEOPHANIS
2441 430 3097 492 CHRONOGRAPHIA

3870 430 4009 496 1172

749 551 981 618 plianem
1035 550 1120 601 vel
1177 563 1396 616 semper
1474 548 1556 600 vel
1614 549 1683 601 ab
1743 548 1902 603 initio
1962 547 2318 616 inscripsisse
2351 555 2393 609 Α
2427 556 2724 617 utrumque
2780 547 3089 602 detractum
3122 548 3335 609 volunt,
3365 546 3790 616 existimantque
3844 550 4008 604 etiam

747 639 950 692 tabulis
1007 642 1396 707 episcoporum
1456 653 1577 707 quae
1633 639 1874 693 diximus
1934 640 2154 692 nomina
2196 657 2207 691 :
2242 641 2324 693 sic

745 732 933 785 eadem
964 731 1094 783 moti
1131 731 1458 783 auctoritate
1506 731 1921 798 persuademur,
1949 746 2056 783 non
2093 731 2323 800 singulis

746 824 904 875 annis
949 822 1340 890 prasignatum
1395 818 1565 874 fuisse
1604 836 1633 873 a
1665 819 1996 889 Theophane
2037 822 2324 873 mundana:

741 929 803 966 ae
852 913 1180 968 Christiana:
1226 927 1347 967 arra:
1394 927 1722 976 numerum;
1768 914 1861 968 sed
1902 914 2031 968 item
2082 924 2135 966 ut
2175 914 2323 966 Ana-

742 1006 946 1059 stasius
996 1005 1147 1069 facit,
1181 1008 1246 1058 ad
1276 1006 1433 1059 initia
1486 1004 1754 1058 duntaxat
1799 1006 2218 1076 imperatorum,
2272 1016 2325 1060 et

741 1097 1073 1166 quandoque
1100 1097 1275 1150 alias:
1315 1096 1443 1149 alibi
1492 1111 1620 1149 vero
1654 1096 1832 1149 solum
1883 1096 2159 1164 signatum
2216 1094 2321 1148 iiii-

742 1189 877 1257 perii
912 1204 1140 1252 annum,
1169 1187 1316 1257 quod
1349 1203 1414 1242 eo
1452 1187 1565 1242 lere
1613 1188 1731 1242 solo
1758 1195 2119 1242 consuessent
2151 1187 2324 1242 histo-

743 1282 841 1334 rici
873 1282 1091 1350 publica
1123 1282 1329 1350 scripta
1380 1281 1616 1350 signare.
1669 1280 1805 1333 lllnc
1844 1296 2006 1351 porro
2059 1280 2172 1333 fieri
2208 1296 2317 1335 non

742 1372 1031 1425 dillicultcr
1066 1373 1266 1442 potuit,
1304 1382 1362 1426 ut
1390 1373 1516 1426 dum
1556 1372 1621 1424 ad
1659 1386 1832 1427 annos
1868 1375 2052 1427 mundi
2090 1374 2322 1428 subinde

741 1474 1073 1517 revocantur
1128 1464 1256 1518 anni
1315 1465 1731 1533 imperatorum,
1778 1465 1959 1533 aliqua
2005 1465 2321 1520 diliicultate

742 1555 1039 1619 incidente,
1072 1570 1179 1608 non
1210 1571 1425 1625 semper
1464 1557 1605 1609 facta
1640 1556 1808 1611 fuerit
1848 1555 2140 1612 uniformis
2187 1574 2317 1628 pro-

741 1650 973 1713 gressio,
1002 1648 1466 1717 quemadmodum
1522 1648 1662 1701 infra
1717 1648 1931 1701 docturi
1967 1665 2178 1710 sumus,
2226 1665 2319 1704 os-

740 1738 1065 1807 tensurique
1099 1752 1202 1791 non
1238 1748 1344 1790 tam
1405 1738 1578 1807 ipsius
1630 1735 1986 1806 Theophanis
2020 1754 2207 1794 errore
2266 1741 2315 1792 id

743 1834 967 1895 tactum,
1024 1848 1185 1901 quam
1228 1842 1460 1901 recepta:
1509 1848 1606 1901 per
1665 1833 1980 1886 universum
2033 1832 2313 1890 Orientem

738 1938 802 1976 ex
839 1938 940 1975 usu
980 1923 1363 1977 Alexandrina:
1399 1923 1660 1978 Ecclesia:
1693 1925 2069 1989 ehronutaxis,
2105 1927 2192 1979 cui
2226 1943 2320 1997 ap-

740 2024 858 2069 tare
918 2032 974 2069 se
1030 2026 1223 2070 auctor
1258 2016 1531 2071 debuerit.
1579 2017 1675 2071 llic
1732 2028 1911 2071 tamen
1951 2035 2017 2073 ne
2068 2022 2323 2075 tenebras

741 2110 942 2163 multas
977 2108 1247 2172 olTundat,
1278 2110 1629 2180 TheOphanis
1656 2112 2065 2180 clironolOgiam
2103 2114 2168 2166 ad
2200 2130 2321 2168 aera:

739 2204 974 2270 vulgatze
1003 2217 1179 2257 annos
1208 2203 1502 2273 aptaturis,
1542 2205 1681 2257 hanc
1715 2205 2157 2259 diSSertationem
2202 2208 2321 2259 vul-

738 2310 867 2363 gare
893 2293 1117 2363 placuit.

810 2388 896 2440 11.
934 2387 1319 2441 Alexandrina?
1373 2406 1535 2458 porro
1593 2390 1707 2446 sive
1756 2392 2149 2447 ecclesiastica:
2199 2408 2322 2446 εει-τυ

736 2480 1123 2545 diﬂ'erentiaiu,
1174 2497 1281 2535 :era
1334 2478 1645 2537 Griecorum
1697 2501 1791 2539 seu
1844 2485 2213 2539 Romanorum
2268 2486 2319 2540 id

735 2584 821 2626 est
851 2572 1611 2643 Constat!tinopolitanoruin,
1644 2578 1756 2646 ipse
1782 2579 1935 2631 nobis
1963 2578 2322 2647 Theophanes

736 2665 977 2733 explicat
1005 2665 1071 2718 ad
1106 2674 1414 2720 extremum
1446 2667 1681 2722 Zenonis
1729 2670 2077 2738 imperatozis
2108 2688 2314 2723 annum

739 2756 824 2809 his
856 2755 1079 2810 verbis:
1127 2773 1143 2804 ι
1185 2755 1452 2808 (Steterunt
1502 2772 1703 2819 annus,
1738 2774 1848 2826 quo
1874 2758 2019 2810 Zeno
2067 2766 2321 2811 ltitil'lllllS

736 2859 821 2902 est
883 2857 936 2902 et
1006 2849 1331 2903 Anastasius
1402 2849 1669 2918 imperare
1729 2852 1917 2921 coepit,
1986 2851 2052 2904 ab
2112 2849 2322 2903 Adamn

736 2956 767 2991 v
795 2961 842 2992 ac
875 2955 1154 2995 nccccxcrx
1192 2941 1332 3010 apud
1363 2940 1639 2996 llomauos
1670 2953 1996 2997 numera'ur
2021 2943 2141 3012 ;qui
2168 2943 2321 3006 juxta

736 3031 1141 3097 diligentiorem
1200 3044 1253 3086 et
1282 3035 1552 3087 veriorem
1608 3034 2098 3087 Alexandrinorum
2134 3037 2320 3087 Calcu-

741 3128 850 3175 tniu
886 3141 991 3174 voo
1038 3140 1424 3185 DCCCCLXXXUI,
1468 3143 1493 3177 a
1545 3125 1869 3179 Diocletiani
1920 3127 2151 3196 impero
2187 3127 2315 3191 207,

2431 641 2509 696 sic
2565 640 2743 695 serius
2794 655 2959 709 quam
2996 656 3092 709 par
3141 648 3225 693 est
3265 639 3666 694 Diocletianum
3709 642 3777 694 ab
3832 655 3897 694 eo
3952 644 4006 697 in

2429 732 2719 801 imperium
2762 731 2971 785 induci.
3009 731 3146 785 Cum
3178 731 3323 785 enim
3375 730 3693 786 Graecorum
3744 747 3923 787 annus
3977 749 4008 787 a

2433 823 2743 891 Septembri
2780 838 2971 878 mense
3019 838 3180 878 suum
3220 831 3402 877 sumat
3434 824 3745 885 exordium.
3793 832 3847 879 et
3895 834 4006 879 tum

2428 932 2491 970 ex
2523 916 2643 970 aliis
2676 915 3013 979 auctoribus,
3050 926 3163 969 tum
3206 930 3269 970 ex
3297 914 3595 979 CbrOnico,
3634 916 3779 986 quod
3813 927 4009 973 vocant

2429 1006 2823 1069 Alexandrino,
2850 1006 3173 1069 habeamus,
3218 1026 3236 1057 ι
3271 1006 3675 1061 Diocletianum
3716 1009 4009 1077 imperato-

2428 1114 2543 1155 rem
2579 1099 2666 1163 l5,
2698 1099 2971 1154 Kalendas
3003 1098 3291 1154 Octrobris
3325 1099 3676 1154 Chalcedone
3718 1100 4002 1152 renuntia-

2428 1204 2562 1255 tum,
2593 1191 2932 1256 5,Kalendas
2954 1190 3211 1247 Octobris
3242 1190 3616 1247 Nicomediam
3644 1201 4003 1261 purpuratum

2430 1283 2746 1347 intravisse,
2803 1292 2857 1338 et
2916 1283 3178 1337 Kalendis
3237 1281 3486 1337 Januarii
3537 1284 3818 1337 consulem
3879 1298 4005 1352 pro-

2425 1375 2615 1442 diisse,
2655 1394 2673 1426 ι
2722 1374 2949 1429 evidens
2976 1382 3060 1430 est
3108 1375 3313 1429 nullam
3367 1376 3495 1429 anni
3530 1374 3637 1428 276
3682 1382 3889 1441 partem
3939 1376 4005 1427 ad

2424 1468 2601 1538 ipsius
2632 1468 2921 1537 imperium
2954 1468 3308 1537 pertinuisse,
3352 1468 3457 1520 nisi
3491 1482 3663 1536 usque
3692 1467 3759 1519 ad
3812 1465 4005 1520 Kalen-

2423 1560 2522 1615 das
2546 1559 2795 1614 Januarii
2827 1559 3049 1614 dili‘eras
3079 1560 3205 1614 anni
3242 1558 3459 1613 initium
3493 1573 3785 1612 numerare
3813 1576 3825 1611 :
3859 1558 4001 1627 quod

2423 1667 2532 1705 non
2575 1650 2784 1705 faciunt
2820 1660 3075 1706 auctores
3107 1666 3216 1704 uno
3244 1665 3388 1703 anno
3430 1648 3751 1703 Diocletiani
3788 1649 4002 1701 initium

2425 1745 2835 1814 anticipandum
2860 1743 3203 1813 judicanles.
3245 1744 3336 1796 sed
3370 1742 3479 1795 alio
3524 1742 3777 1795 nituntur
3808 1740 4003 1794 funda-

2425 1846 2631 1897 mento,
2670 1837 2916 1905 persuasi
2946 1835 3199 1890 videlicet
3238 1834 3498 1889 Palilibus
3542 1834 3716 1895 festis,
3764 1834 3816 1887 id
3849 1830 3937 1887 est
3973 1834 4004 1887 5

2426 1925 2553 1982 Idus
2590 1926 2735 1987 Maii.
2766 1928 2915 1980 illum
2949 1943 3072 1982 esse
3098 1942 3355 1982 exorsum
3392 1943 3639 1994 regnare.
3669 1926 3868 1981 Verum
3904 1927 4003 1980 hoc

2424 2036 2588 2087 quam
2636 2028 2842 2074 temere
2873 2029 3215 2089 assumptum
3259 2020 3424 2073 fuerit
3459 2035 3522 2073 ex
3554 2020 3736 2073 verbis
3790 2016 4001 2071 Claudii

2425 2112 2735 2167 Mamertini
2771 2114 2823 2167 in
2858 2114 3144 2177 chronico,
3177 2114 3229 2165 in
3263 2113 3429 2166 alium
3460 2128 3687 2182 prorsus
3719 2128 3879 2179 quam
3920 2127 4003 2163 re-

2422 2223 2549 2263 vera
2588 2207 2827 2261 habeant
2876 2223 3098 2261 sensum
3138 2207 3391 2267 detortis,
3452 2205 3692 2260 dilucide
3746 2203 4003 2258 Petavius

2426 2306 2612 2352 noster
2656 2297 2895 2353 ostendit
2930 2300 3021 2351 lib.
3060 2314 3095 2351 ιι
3133 2296 3210 2351 De
3250 2297 3493 2350 doctrina
3549 2308 3839 2362 temporum
3878 2311 4000 2361 cap.

2422 2392 2513 2458 ὅθ,
2551 2394 2783 2460 ingenue
2834 2400 3155 2452 retractans,
3186 2407 3306 2461 qua:
3336 2391 3472 2445 alias
3501 2406 3564 2444 ex
3603 2392 3923 2449 inveterata.
3945 2397 4003 2441 ut

2424 2486 2519 2545 ait,
2578 2481 3042 2553 clirouologorum
3086 2488 3359 2537 sententia
3403 2483 3724 2551 scripserat.
3771 2479 4002 2534 Eosdem

2423 2586 2603 2631 autem
2656 2591 2883 2645 prorsus
2922 2576 3053 2629 nihil
3100 2584 3280 2645 potest
3322 2573 3513 2645 juvare
3567 2575 3621 2628 ll
3682 2574 4005 2628 consulatus

2424 2665 2750 2720 Diocletiani
2787 2680 2909 2718 cum
2946 2666 3001 2717 ll
3037 2680 3180 2719 anno
3224 2665 3519 2718 tribunitim
3543 2706 3555 2725 ,
3582 2664 3631 2717 id
3658 2675 3739 2717 est
3772 2664 4004 2731 impera-

2426 2759 2581 2812 toria:
2611 2760 2924 2827 potestatis,
2965 2759 3019 2811 in
3064 2757 3395 2826 quibusdam
3427 2756 3699 2825 lapidibus
3732 2752 4008 2822 composi-

2424 2862 2533 2905 tus.
2560 2850 2720 2903 Aliud
2756 2852 2899 2903 enim
2934 2858 3018 2903 est
3046 2850 3329 2917 utriusque
3360 2848 3572 2901 initium
3601 2864 3614 2900 :
3660 2855 3711 2900 et
3741 2859 3864 2899 cum
3904 2844 4006 2897 hoc

2425 2943 2628 3011 Optime
2655 2951 2870 2997 constat
2900 2944 3045 3010 quod
3078 2942 3222 2995 hunc
3254 2941 3602 2995 consulatum
3632 2937 3828 2992 adierit
3860 2951 4006 2989 anno

2426 3036 2644 3103 imperii
2698 3037 2780 3089 sui
2839 3036 3037 3104 primo,
3070 3042 3122 3088 et
3171 3034 3293 3087 ideo
3348 3040 3492 3085 recte
3543 3047 3561 3079 ι
3602 3044 3630 3081 a
3688 3027 4005 3082 consulibus

2425 3126 2766 3180 Diocletiano
2812 3126 2867 3177 ll
2910 3134 2963 3178 et
3011 3124 3329 3178 Aristobulo
3380 3119 3625 3190 ejusdem
3680 3116 4005 3172 Diocletiani

739 3236 766 3268 η
815 3219 996 3270 diiiua
1050 3220 1431 3272 incarnatione
1461 3218 1585 3283 485,
1624 3219 1921 3274 indictione
1960 3221 2043 3285 li,
2077 3233 2315 3274 notatur.
2345 3245 2388 3305 ε
2427 3220 2551 3272 anni
2580 3222 2645 3271 ad
2676 3217 2884 3272 Pascha
2916 3216 3285 3269 ordinandum
3333 3214 3526 3285 digesti
3565 3219 3716 3272 sunt,
3756 3231 3774 3262 ι
3810 3225 4003 3279 quem-

744 3310 847 3375 Qui
887 3326 1067 3365 aunns
1129 3327 1251 3364 cuni
1302 3312 1439 3365 citra
1468 3312 1693 3366 dubium
1726 3312 1894 3365 ullum
1930 3312 2089 3366 l'u'erit
2128 3315 2316 3381 vulga-

741 3404 815 3455 Iis
841 3419 962 3456 terte
992 3403 1116 3463 491,
1145 3403 1353 3472 liquido
1380 3415 1603 3473 apparet
1632 3405 2053 3465 Alexandrinos.
2086 3408 2137 3458 in
2164 3422 2322 3459 umn-

738 3496 1142 3564 danisqnideui
1177 3496 1414 3549 sedet-iui
1453 3512 1627 3551 annos
1663 3496 1952 3563 pauciores
1976 3512 2317 3561 numerasse,

737 3604 861 3640 arra:
918 3596 1101 3640 autent
1163 3588 1492 3641 Christiana:
1548 3604 1725 3642 annos
1782 3589 2087 3642 detraxisse
2147 3597 2316 3641 octo:

741 3680 906 3749 idque
938 3682 1331 3734 commodioris
1371 3681 1782 3749 supputationis
1814 3697 2005 3743 causa,
2048 3692 2104 3733 ut
2154 3695 2320 3749 appa-

744 3785 845 3835 ret,
906 3789 1015 3841 quo
1058 3782 1172 3824 tom
1230 3788 1339 3827 uno
1372 3774 1573 3827 smculo
1608 3775 1878 3827 unitatum
1937 3789 1999 3825 ac
2054 3773 2318 3827 decadtnn

742 3866 956 3916 numeri
981 3866 1267 3933 aequaliter
1294 3866 1653 3934 procederent
1677 3866 1729 3918 in
1756 3867 2109 3921 recensendis
2133 3866 2318 3919 mundi

740 3956 1059 4023 Christique
1095 3956 1277 4011 annis.
1332 3956 1485 4011 llunc
1549 3958 1714 4025 igitur
1768 3958 2040 4011 calculum
2102 3967 2321 4012 secutus

742 4050 1126 4119 Theophanes,
1149 4060 1202 4104 et
1230 4051 1785 4121 clirunograpliiama
1812 4049 2041 4120 Georgio
2070 4051 2321 4121 Syncello

742 4157 917 4210 usque
947 4142 1013 4195 ad
1058 4142 1383 4197 Diocletiani
1420 4144 1738 4212 perductam
1800 4143 1955 4195 initia
2004 4159 2167 4212 porro
2199 4158 2320 4212 per-

740 4242 1015 4299 texturus,
1049 4236 1285 4305 primum
1318 4236 1451 4289 dicti
1488 4235 1838 4305 imperatoris
1869 4249 2071 4287 annum
2102 4250 2322 4304 comp)-

741 4324 851 4378 suit
881 4338 1004 4378 cum
1040 4340 1183 4377 anno
1204 4325 1408 4379 Christi
1436 4325 1564 4389 277,
1602 4324 1693 4393 qui
1728 4324 1909 4385 nobis,
1942 4325 2206 4376 octennio
2237 4322 2325 4375 ad-

742 4411 882 4479 dito,
918 4422 1004 4469 est
1056 4413 1186 4479 285,
1242 4423 1407 4484 atque
1449 4415 1521 4466 ita
1559 4414 1725 4467 tacite
1785 4412 2025 4466 correxit
2078 4426 2321 4464 errorem

742 4506 988 4561 auctoris
1017 4507 1126 4571 sui,
1150 4521 1353 4560 annum
1376 4506 1483 4559 278
1506 4521 1628 4559 εει-ξε
1657 4504 2060 4569 Alexandrinae,
2089 4504 2321 4573 primum

2427 3311 2722 3363 admodum
2785 3310 2837 3362 iii
2874 3308 3031 3363 lastis
3070 3304 3696 3375 Constatitinepolitanis
3750 3317 4006 3369 expresse

2424 3404 2648 3457 dicitur.

2500 3498 2584 3551 1'5.
2634 3494 3289 3565 Constantinopolitams,
3336 3506 3579 3561 mquam,
3628 3489 3749 3542 licet
3802 3487 4004 3540 notiori

2420 3591 2531 3659 jam
2590 3593 2811 3644 nomine
2875 3589 3175 3643 chronicon
3240 3585 3669 3639 Alexandrinum
3719 3589 4002 3642 vocentur,

2424 3699 2485 3734 ex
2533 3682 2792 3750 Opinione
2832 3679 3030 3733 Raderi
3084 3678 3257 3733 nostri
3301 3678 3520 3731 eosdem
3565 3675 3752 3729 Graece
3782 3671 4000 3725 Latine-

2426 3789 2531 3841 que
2560 3773 2811 3828 edentis:
2852 3787 3014 3841 quam
3066 3779 3118 3823 et
3170 3786 3271 3824 nos
3322 3768 3742 3838 appellationem
3788 3766 3868 3833 (ut
3918 3780 4003 3815 re-

2427 3872 2585 3933 cepto
2621 3866 2925 3918 serviamus
2976 3861 3124 3928 usui)
3177 3860 3437 3914 libentius
3472 3871 3822 3925 usurpamus.
3858 3853 4003 3907 Satis

2428 3959 2571 4012 enim
2602 3972 2733 4011 esse.
2756 3964 2933 4026 potest
2964 3952 3237 4007 eruditum
3271 3953 3527 4005 lectorem
3572 3949 3657 4001 hic
3699 3947 4002 4009 attinuisse,

2427 4050 2573 4120 quod
2639 4050 2938 4104 chronicon
2990 4047 3121 4100 illud
3165 4059 3355 4099 revera
3412 4043 3543 4095 nihil
3600 4044 3782 4105 minus
3838 4054 4001 4108 quam

2430 4136 2863 4192 Alexandrinum
2898 4136 3008 4200 sit;
3044 4136 3245 4203 quippe
3289 4131 3602 4202 quodnihil
3652 4130 3846 4183 haheat
3880 4145 4001 4182 cum

2428 4230 2917 4285 Alexandrinorum
2984 4226 3286 4281 rationibus
3335 4238 3641 4278 commune.
3687 4222 3803 4275 Non
3855 4238 4005 4275 men-

2430 4326 2614 4388 siuni,
2677 4322 3050 4396 non_dierum
3106 4319 3360 4381 nomina,
3422 4333 3543 4386 qua:
3617 4314 4002 4370 Alexandrinis

2436 4415 2750 4485 Egyptiaca
2783 4422 2939 4465 erant
2966 4411 3171 4487 omnia,
3205 4411 3467 4465 chronico
3508 4416 3687 4461 autem
3724 4407 3847 4459 huic
3880 4420 4004 4473 par-

2430 4512 2745 4567 tiniGrzeca
2775 4510 2970 4580 partim
2990 4508 3179 4561 Latina
3199 4514 3345 4569 sunt,
3366 4516 3425 4558 ut
3450 4502 3705 4557 Kalendae
3734 4502 3873 4563 idus,
3893 4510 4000 4554 etc.

749 4595 1070 4653 Diocletiani
1101 4595 1376 4651 facientis.
1419 4596 1659 4659 Etenim,
1688 4595 1776 4649 hic
1828 4594 2123 4647 Alexandri
2160 4593 2323 4645 Mam-
2359 4605 2399 4659 ί)
2432 4598 2552 4651 Non
2613 4596 2833 4651 initium
2881 4596 3032 4657 anni,
3060 4593 3203 4664 quod
3261 4591 3643 4646 Alexandrinis
3700 4589 3933 4654 sumitur;
3973 4604 4000 4639 a

752 4704 883 4744 mea}
917 4704 1091 4745 annos
1124 4690 1385 4744 tredecim
1420 4698 1567 4742 recte
1600 4687 1654 4741 in
1693 4702 1835 4740 anno
1876 4686 2007 4751 215,
2036 4687 2127 4755 qui
2164 4686 2321 4739 nobis

749 4782 851 4835 225
896 4782 1023 4844 fuit.
1069 4781 1400 4845 exordiens,
1456 4782 1639 4835 minus
1685 4790 1830 4834 recte
1873 4780 2048 4834 eidem
2102 4779 2324 4832 dederat

749 4890 1127 4931 successorem
1182 4872 1562 4939 Maximinum,
1625 4888 1769 4927 anno
1816 4872 1944 4939 228,
1982 4872 2074 4942 qui
2128 4872 2323 4926 fuisset

748 4969 989 5039 vulgaris
1017 4983 1143 5023 aera:
1196 4966 1321 5029 256,
1353 4982 1477 5021 cum
1534 4967 1739 5021 dictum
1793 4964 2161 5019 Alexandrum
2192 4978 2323 5016 cou-

752 5072 854 5117 Stet
890 5062 1023 5116 solis
1055 5076 1249 5115 novem
1283 5060 1477 5125 diebus
1518 5060 1661 5112 ultra
1714 5058 1973 5112 tredecim
2016 5070 2190 5109 annos
2238 5068 2324 5107 re-

754 5168 978 5219 gnasse.
1009 5162 1171 5220 atque
1203 5158 1340 5207 adeo
1372 5152 1548 5221 pridie
1574 5152 1757 5205 Nonas
1793 5148 2016 5203 Martias
2057 5147 2326 5200 acclama-

750 5255 889 5310 tum,
910 5245 1045 5313 ipsis
1068 5242 1251 5300 ldibus
1278 5244 1520 5299 obiisse:
1548 5254 1607 5297 ut
1631 5256 1972 5308 consequens
1999 5242 2068 5293 sit
2091 5240 2322 5307 primum

745 5335 1027 5389 Maximini
1077 5350 1278 5389 annum
1330 5335 1493 5389 statui
1547 5334 1804 5388 debuisse
1830 5331 1954 5396 227,
1988 5339 2039 5383 et
2087 5330 2326 5399 reliquos

750 5428 1014 5497 deinceps
1073 5442 1245 5483 annos
1279 5442 1307 5481 a
1343 5427 1575 5496 Georgio
1626 5436 1962 5487 numeratos,
1993 5422 2088 5476 tali
2142 5437 2328 5476 errore

748 5522 917 5577 semel
946 5522 1150 5589 posito,
1201 5536 1531 5577 excrcscere
1576 5536 1739 5590 supra
1802 5532 2085 5573 numerum
2115 5517 2326 5586 juswui

748 5630 894 5669 anno
924 5630 1051 5669 lan.

828 5708 914 5762 12.
952 5708 1170 5778 Optime
1201 5709 1367 5778 igitur
1406 5707 1533 5763 fecit
1574 5706 1933 5776 TilCOpilanL‘S
1968 5704 2111 5775 quod
2162 5700 2333 5757 Geor-

754 5803 929 5873 gianze
956 5802 1413 5871 chronographiae
1456 5801 1790 5871 superﬂuum
1817 5800 1977 5853 istum
2006 5811 2209 5850 annum
2241 5794 2333 5848 de-

755 5896 1022 5951 traxerit:
1058 5912 1163 5950 non
1216 5897 1343 5950 item
1382 5897 1438 5959 ii,
1476 5896 1564 5965 qni
1619 5896 1652 5964 i;
1678 5896 1719 5949 si
1767 5892 2086 5961 'l'heiiphani
2128 5905 2330 5944 annum

2428 4706 2616 4744 mense
2646 4689 2849 4753 Thoth,
2882 4688 3039 4757 cujus
3070 4689 3282 4757 primus
3330 4685 3446 4739 dies
3474 4682 3768 4753 respondet
3795 4681 3863 4735 ‘29
3894 4681 3998 4733 diei

2430 4783 2636 4837 mensis
2701 4781 3058 4851 Augustizin
3114 4778 3375 4833 chronico
3429 4787 3607 4829 autem
3663 4790 3691 4827 a
3747 4772 4002 4826 Kalendis

2426 4872 2667 4927 Januarii
2706 4854 2954 4925 Romano
2985 4885 3136 4925 more
3166 4870 3399 4923 ducitur.
3443 4866 3556 4919 Nm
3598 4867 3722 4918 anni
3756 4866 3994 4923 titu'um,

2430 4983 2589 5038 quem
2648 4962 2886 5036 )Egyptii
2926 4980 2955 5018 a
3000 4964 3220 5033 regibus
3276 4959 3762 5029 imperatoribusve
3822 4970 4005 5010 sume-

2430 5059 2581 5124 bant,
2606 5057 2911 5113 Clironicon
2946 5066 3125 5110 autem
3158 5056 3322 5109 sumit
3356 5070 3384 5106 a
3417 5051 3734 5106 consulibus
3760 5065 3821 5102 ex
3856 5062 4003 5100 more

2433 5149 2696 5203 Romano.
2754 5147 2873 5201 Non
2921 5162 3083 5201 atram
3118 5146 3358 5211 Christi;
3405 5158 3566 5212 quam
3597 5141 3811 5209 qualem
3842 5153 4006 5191 usur-

2434 5245 2611 5312 parint
2647 5240 3000 5295 Alexandrini
3036 5239 3145 5306 jam
3186 5236 3441 5298 vidimus,
3494 5234 3793 5287 clirouii-on
3822 5238 4001 5283 autem

2434 5350 2660 5404 prorsus
2708 5349 2816 5387 non
2867 5332 3108 5399 attingit.
3161 5322 3461 5395 procedens
3505 5325 3817 5379 Graecorum
3853 5335 4005 5375 more

2434 5442 2527 5495 per
2550 5423 2926 5494 Olympiades,
2968 5419 3239 5490 Egyptiis
3273 5419 3325 5471 in
3353 5419 3515 5470 rebus
3548 5415 3781 5489 publicis
3816 5414 4004 5465 consi-

2433 5516 2664 5588 gnaudis
2693 5516 3002 5569 inusitatas.
3036 5512 3106 5567 Ut
3140 5520 3316 5564 acti-tn
3348 5526 3412 5563 ex
3446 5519 3593 5561 tanta
3622 5509 4004 5561 cliaraeteruin

2432 5610 2946 5679 chronologicorum
2993 5606 3059 5659 ab
3102 5604 3595 5659 Alexandrinorum
3644 5617 3743 5654 usu
3796 5600 4005 5653 disere-

2436 5704 2618 5771 pantia
2655 5699 2947 5752 manifeste
2981 5697 3330 5749 convincitur
3366 5693 3856 5747 Alexandrinorum
3896 5704 4005 5743 non

2436 5810 2576 5856 esse,
2611 5793 2661 5845 in
2695 5806 2802 5862 quo
2832 5791 2920 5845 illa
2954 5790 3244 5859 reperitur,
3277 5789 3349 5840 ita
3378 5801 3407 5840 e
3451 5798 3715 5839 converso
3744 5781 4008 5835 indubita-

2440 5895 2552 5939 tum
2595 5885 2806 5939 \idetur
2835 5882 2962 5938 ferri
2998 5882 3264 5951 judicium
3302 5894 3481 5949 posse,
3529 5876 3811 5946 prredictos
3837 5873 4004 5927 laetos
