4440 6446
428 418 566 484 1ἱἸ3

1442 427 1616 487 GOD.
1658 428 2144 489 HENSCHENII
2173 431 2700 493 DISSERTATIO.

3542 436 3675 501 11⁸14

422 530 902 602 Constantinopoli
937 545 1034 586 seu
1062 528 1227 587 Novae
1257 530 1443 587 Romae
1465 535 1701 606 scriptos
1724 552 1864 605 esse,
1901 535 1995 593 ubi
2026 539 2071 596 A
2101 537 2260 608 cujus
2287 541 2507 612 egregio
2541 541 2698 597 [ωιυί
2729 550 2854 612 post
2886 543 3130 598 auctoris
3163 552 3393 600 mortem
3414 545 3468 601 in
3501 547 3677 604 lucem

420 626 476 680 in
525 640 625 680 usu
673 625 883 696 vulgari
923 625 1027 681 ista
1066 638 1223 682 erant
1252 631 1457 694 omnia,
1496 645 1692 701 magna
1730 639 1884 701 parte
1937 647 2003 686 ex

425 718 591 773 veteri
624 716 794 772 Roma
830 719 958 774 illuc
985 720 1235 775 traducta
1270 722 1431 776 simul
1459 737 1581 777 cum
1607 723 1824 794 imperii
1848 725 2000 790 sede;

423 826 532 866 non
561 811 686 866 item
715 811 771 865 in
819 812 1029 884 reliqua
1076 812 1311 878 Graecia,
1352 830 1381 869 a
1435 815 1646 872 Latinis
1686 817 2004 872 nominibus

422 907 595 976 magis
627 905 961 962 abstinente.
998 906 1146 962 lstud
1179 922 1310 963 vero
1340 909 1579 964 maxime
1613 926 1676 966 ex
1711 911 2004 980 postremis

423 997 665 1068 pra-dicti
696 997 955 1054 Chronici
986 1000 1147 1056 annis
1178 1001 1370 1070 liquet,
1409 1003 1609 1072 quibus
1647 1014 1755 1057 tam
1794 1004 2006 1074 prolixe

419 1088 805 1145 describuntur
830 1091 966 1146 Acta
994 1093 1119 1146 boni
1153 1091 1421 1163 Magistri.
1454 1095 1508 1148 in
1535 1097 1736 1166 templo
1763 1094 2005 1150 Studita-

421 1197 542 1237 rum
586 1182 1068 1254 Constantinopoli
1119 1186 1319 1256 sepulti
1361 1202 1509 1242 anno
1544 1187 1778 1244 llcraclii
1813 1189 1898 1253 i7,
1937 1189 2006 1244 ab

420 1275 543 1330 aliis
570 1276 852 1332 historicis
885 1278 969 1331 vix
1005 1279 1198 1334 leviter
1224 1289 1401 1345 tacta;
1433 1287 1492 1334 ut
1520 1295 1628 1334 non
1663 1289 1873 1336 tantum
1899 1281 2002 1335 ibi-

419 1365 539 1419 dem
567 1365 859 1436 scripsisse
890 1378 1193 1432 auctorem,
1237 1369 1331 1424 sed
1365 1377 1417 1424 et
1457 1385 1524 1425 ex
1558 1371 1788 1426 Studitis
1828 1386 1996 1426 unum

420 1455 606 1523 fuisse,
623 1458 784 1512 nobis
802 1467 1058 1528 appareat
1077 1461 1572 1516 verosimillimum.
1589 1462 1691 1518 Ast
1709 1464 2006 1534 przeiigitur

418 1549 716 1602 chronicon
749 1549 891 1614 hare,
946 1567 1066 1616 quae
1097 1553 1347 1622 sequitur
1385 1569 1581 1623 gnome
1617 1556 1821 1624 Πέτρος
1853 1554 2004 1607 Ἀλε-

422 1639 728 1709 ξινδρεέας.
802 1661 819 1692 ι
884 1643 1023 1696 Hinc
1068 1642 1327 1713 deinceps
1379 1659 1648 1699 annorum
1698 1647 1765 1700 ab
1798 1647 2006 1700 Adanto

420 1735 758 1804 protoplasto
811 1735 925 1790 sive
980 1736 1048 1790 ab
1099 1738 1247 1792 orbis
1279 1739 1485 1794 conditi
1535 1739 1762 1793 exordio
1797 1755 2004 1795 summa

417 1833 722 1901 colligenda
775 1843 881 1896 est,
948 1836 1401 1904 respondentium
1461 1835 1736 1905 inspirata:
1801 1850 1828 1888 a
1884 1836 1994 1890 Deo

2105 629 2459 698 producendo
2499 632 2743 687 intentus
2793 630 3160 687 Combcﬁsius
3185 674 3198 697 ,
3236 634 3408 690 Notas
3467 637 3682 692 addidit

2105 721 2459 788 posteriores.
2531 720 2719 790 Itaque
2749 721 2970 776 omissis
3004 721 3068 777 iis
3101 737 3239 791 quos
3271 725 3373 794 ipsi
3420 727 3682 781 observa-

2106 819 2237 864 runt
2289 819 2342 865 et
2390 797 2752 866 correxerunt
2805 813 2860 866 in
2908 813 3241 883 Theophane
3284 817 3585 883 erroribus,
3627 827 3683 873 ct

2105 902 2520 960 diilicultatibus
2553 920 2691 974 quas
2747 907 3045 975 attigerunt
3107 909 3520 976 praetermissis,
3572 909 3684 965 duo

2107 1002 2320 1048 tantum
2356 994 2462 1050 hic.
2499 1006 2698 1066 puncta
2747 998 3098 1052 notabimus:
3139 1013 3247 1052 non
3281 1007 3390 1052 tam
3445 1000 3572 1068 quia
3615 1001 3683 1054 ab

2107 1087 2242 1156 ipsis
2271 1087 2372 1142 levi
2399 1088 2562 1143 uitnis
2588 1103 2752 1142 manu
2782 1097 3008 1144 tractata
3042 1106 3141 1145 nec
3167 1091 3304 1145 satis
3326 1090 3479 1146 fuere
3511 1094 3684 1162 expli-

2105 1189 2228 1236 cata
2253 1219 2268 1246 ,
2310 1196 2472 1250 quam
2500 1182 2629 1251 quia
2665 1182 2728 1237 ad
2764 1182 3032 1252 plurimos
3064 1193 3466 1254 consequenter
3506 1200 3681 1239 annos

2107 1271 2432 1341 spectantia,
2473 1281 2635 1326 totam
2697 1271 3049 1342 Theophanis
3102 1273 3512 1344 chronologiam
3586 1274 3687 1329 ob-

2107 1363 2482 1418 scurissimam
2520 1365 2774 1426 reddunt,
2800 1374 2854 1418 et
2879 1364 2946 1418 ad
2987 1380 3107 1418 terre
3143 1366 3385 1435 vulgaris
3422 1382 3681 1421 numeros

2107 1456 2279 1526 ipsiu's
2317 1457 2557 1511 calculos
2599 1467 2788 1527 aptare
2821 1459 3152 1520 volentibus,
3199 1459 3550 1514 incredibiles
3589 1475 3681 1529 pa-

2109 1548 2257 1602 riunt
2286 1549 2602 1603 molestias:
2635 1565 2772 1618 quas
2799 1566 2899 1603 nos
2932 1551 3264 1615 experiendo
3295 1551 3496 1616 edocti,
3534 1552 3680 1620 quod

2107 1639 2177 1695 iis
2248 1641 2590 1696 emolliendis
2648 1643 2804 1697 nobis
2858 1644 3109 1712 privatim
3165 1660 3682 1714 comparaveramus

2108 1733 2406 1787 remedium
2439 1775 2454 1796 ,
2488 1734 2721 1789 libenter
2759 1737 2810 1788 in
2857 1735 3134 1805 publicum
3190 1737 3276 1790 hic
3324 1738 3678 1813 conferimus.

2108 1821 2202 1877 Est
2236 1832 2415 1878 autem
2455 1825 2556 1881 hoc
2595 1828 2645 1880 in
2677 1843 2741 1882 eo
2779 1829 2964 1894 situm,
3023 1839 3080 1883 ut
3130 1831 3425 1885 occasione
3469 1846 3684 1885 exerra-

421 1900 724 1994 scrgpmm
775 1935 830 1981 ει
867 1900 1060 1982 sane“;
1101 1928 1368 1982 ίηειίιυιῖε
1416 1943 1510 1998 ρει-
1551 1900 1772 1983 divinos
1805 1927 1993 1985 patres
2029 1900 2068 1954 Β
2103 1916 2264 1970 tionis
2291 1916 2526 1980 detecta,
2569 1926 2620 1972 et
2655 1919 2874 1974 statutis
2905 1919 3078 1974 eidem
3105 1922 3374 1991 utrinque
3409 1922 3678 1987 terminis,

418 2026 580 2084 atque
605 2018 658 2070 in
693 2017 936 2073 Ecclesia
961 2018 1246 2074 Catholica
1281 2028 1428 2074 recte
1464 2019 1755 2074 celebratis
1789 2019 1996 2075 festivi-

419 2111 642 2164 tatibus.
685 2129 702 2161 ι
745 2109 874 2164 Item
901 2110 973 2165 de
1025 2113 1178 2180 Agno
1226 2113 1408 2182 typico
1441 2121 1494 2166 et
1525 2109 1879 2181 Pasclialibus
1910 2123 1998 2167 at-

417 2215 527 2267 que
563 2215 626 2254 ex
666 2199 972 2254 matheseos
1008 2201 1317 2255 rationibus
1355 2200 1670 2270 frequenter
1705 2203 1993 2272 disputat:

416 2290 774 2345 Alexandrini
810 2303 990 2347 autem
1021 2293 1264 2362 epi3c0pi
1295 2293 1470 2347 scitur
1503 2310 1700 2348 munus
1724 2296 1911 2357 fuisse,
1942 2303 1999 2348 ιιι

417 2383 657 2438 delinitis
690 2391 945 2438 accurate
980 2384 1110 2438 solis
1147 2400 1208 2438 ac
1240 2385 1382 2439 lunas
1419 2386 1607 2456 ryclis,
1654 2385 1865 2440 Pascha
1899 2387 1997 2440 toti

417 2471 536 2525 Orbi
585 2471 922 2538 Christiano,
957 2489 1067 2542 quo
1101 2474 1187 2528 die
1231 2484 1376 2530 esset
1408 2477 1822 2541 celebrandum,
1856 2461 2000 2532 indi;

419 2573 587 2619 caret.
649 2564 790 2631 Quid
825 2577 1004 2620 autem
1042 2577 1178 2630 tum,
1234 2570 1277 2623 si
1301 2584 1364 2624 eo
1393 2586 1500 2623 non
1533 2571 1812 2630 obstante,
1848 2571 1998 2642 Cycli

418 2656 699 2710 Paschalis
761 2659 1000 2713 rationes
1055 2668 1376 2729 perspectas
1433 2661 1634 2716 habere
1688 2662 1999 2717 studuerint

421 2747 658 2802 lleraclii
718 2765 833 2804 εενο
894 2766 1086 2805 omnes
1129 2752 1220 2822 qui
1269 2752 1416 2807 docti
1467 2753 1760 2822 cupiebant
1809 2752 1997 2807 haberi

419 2839 561 2906 apud
590 2837 854 2896 Latinos?
891 2840 1103 2898 Gnome
1132 2855 1314 2899 autem
1347 2844 1656 2900 istiusmodi
1692 2861 1802 2900 non
1826 2845 2000 2916 magis

418 2930 620 2986 iudicat
667 2945 946 2988 auctorem
1001 2934 1174 2990 fuisse
1205 2936 1381 3005 patria
1419 2936 1874 3003 Alexandrinum,
1902 2953 1999 2992 ne-

417 3020 544 3073 dum
583 3023 736 3077 urbis
776 3023 922 3078 illius
955 3025 1271 3095 cpisc0pum
1306 3025 1564 3096 aliquem,
1601 3042 1763 3096 quam
1804 3027 1999 3082 similis

419 3113 522 3165 alia
547 3129 612 3168 ex
649 3115 865 3170 Eusebii
898 3116 1278 3182 Caesariensis,
1314 3119 1398 3173 vel
1438 3118 1730 3189 scriptoris
1766 3119 1996 3176 alterius

419 3207 686 3275 opusculo
750 3210 832 3262 vel
880 3209 1112 3278 epistola
1167 3210 1423 3279 quapiam
1482 3218 1707 3279 accepta
1758 3220 1812 3264 et
1852 3210 1992 3266 libro

421 3295 664 3367 praeﬁxa,
719 3297 1016 3352 Eusebium
1052 3309 1148 3352 aut
1182 3299 1365 3368 ipsum
1400 3301 1562 3370 cujus
1591 3317 1653 3354 ea
1687 3309 1834 3355 esset
1861 3315 1995 3371 gno-

423 3405 504 3444 uze
549 3399 826 3444 auctorem
863 3392 1142 3461 probaret.
1195 3391 1387 3461 Itaque
1420 3391 1564 3445 haud
1602 3391 1764 3462 paulo
1795 3392 1998 3446 rectius

421 3481 721 3538 l’anuinius
753 3484 955 3553 aliique
987 3487 1257 3550 fecerunt,
1290 3485 1384 3555 qui
1421 3484 1626 3539 dictum
1659 3485 1996 3552 Chronicon,

419 3575 574 3644 prius
609 3575 662 3629 in
703 3573 888 3630 Sicilia
923 3584 1206 3641 repertum
1237 3593 1397 3646 quam
1427 3575 1559 3630 illud
1584 3593 1649 3631 ex
1678 3578 1998 3649 Augustano

419 3683 525 3723 nas.
563 3665 808 3722 Raderus
842 3668 1060 3738 plenius
1087 3670 1510 3738 accuratiusque
1536 3670 1806 3740 vulgaret,
1843 3688 1859 3721 I
1896 3669 2000 3724 Fa-

420 3773 534 3815 stos
589 3760 804 3816 Siculos
838 3781 857 3813 ι
928 3777 1350 3831 nuncupavere,
1403 3779 1527 3818 cum
1581 3779 1683 3819 usu
1725 3763 1798 3820 sit
1854 3766 1999 3820 inter

418 3853 666 3908 eruditos
703 3861 984 3924 receptum
1041 3853 1223 3924 (quem
1257 3863 1312 3910 et
1353 3871 1453 3910 nos
1486 3856 1540 3909 in
1565 3855 1994 3926 martyrologio-

420 3961 540 4000 rum
581 3945 934 4015 antiquarunt
976 3947 1260 4017 sequimur
1313 3948 1746 4010 nomenclatura,
1781 3949 1996 4018 quoties

421 4041 738 4107 ignoramus
773 4039 840 4094 ad
872 4040 1030 4107 cujus
1068 4040 1328 4095 Ecclesia:
1361 4056 1518 4095 usum
1560 4023 1835 4111 descripta
1876 4041 1995 4098 fue-

420 4130 552 4198 rint)
583 4139 640 4184 ut
671 4145 806 4185 mss.
855 4130 1140 4186 codicibus
1185 4145 1382 4185 nomen
1438 4131 1530 4184 ﬁat
1563 4146 1593 4185 a
1643 4132 1765 4186 loco
1802 4132 1854 4186 in
1886 4148 1997 4202 quo

421 4222 619 4293 reperti
672 4232 821 4290 sunt,
863 4224 944 4278 vel
999 4223 1068 4278 ab
1097 4239 1162 4278 eo
1205 4224 1298 4295 qui
1341 4224 1465 4279 illos
1524 4225 1777 4295 proprios
1806 4226 1862 4281 in
1895 4241 1996 4282 sua

421 4313 665 4384 possidet
692 4316 1050 4370 bibliotheca.

1023 4444 1252 4501 CAPUT
1303 4444 1394 4500 111.

422 4555 498 4610 De
516 4573 653 4610 anno
685 4553 986 4608 Constantii
1009 4565 1056 4608 et
1076 4553 1279 4625 Galerii
1296 4556 1719 4625 corregnantium
1737 4564 1787 4609 et
1809 4556 1992 4624 quinto

497 4625 688 4679 I’Itorw
719 4628 768 4678 in
801 4626 1127 4691 Theophanis
1145 4624 1574 4695 Chronograpltia
1607 4628 1906 4694 praeteritis,
1931 4643 1992 4682 ac

490 4699 698 4750 demunt
724 4708 841 4761 post
887 4697 1120 4763 plurium
1163 4712 1424 4748 annorum
1462 4697 1670 4759 seriem,
1729 4697 1796 4749 ad
1847 4696 1998 4751 lacu-

493 4783 615 4839 nam
672 4767 1008 4833 explendam.
1062 4764 1284 4839 Juliano
1345 4777 1394 4839 et
1439 4763 1775 4837 Capronymo
1837 4784 2000 4839 supra

487 4837 695 4905 justum
732 4850 932 4904 tempus
964 4852 1143 4889 eorum
1177 4836 1422 4905 adjectis.

496 4953 580 5008 M.
613 4953 904 5020 Postquam
924 4952 991 5004 ab
1025 4951 1254 5006 infinitis
1284 4949 1673 5021 propemodum
1693 4951 2000 5020 erroribus,

426 5033 566 5114 'quos
590 5046 956 5100 vitiosissima:
997 5045 1194 5098 tabula:
1233 5043 1555 5113 Theophani
1607 5044 1998 5114 impiugebant,

424 5137 831 5208 diligentissimi
893 5137 1138 5191 auctoris
1206 5151 1405 5190 nomen
1461 5135 1891 5203 vindicavimus,
1945 5145 2001 5192 et

430 5247 655 5300 prorsus
685 5230 938 5300 indignas
971 5247 1095 5286 esse
1132 5231 1500 5297 ostendimus,
1541 5249 1661 5303 qua:
1682 5249 1806 5289 cum
1837 5235 1999 5290 chro-

423 5322 723 5390 nographia
750 5320 871 5389 ejus
899 5321 1364 5376 circumferantur
1388 5363 1403 5386 ,
1441 5339 1550 5377 non
1586 5324 1688 5378 hoc
1728 5325 1996 5392 agendum

423 5412 582 5466 nobis
633 5419 911 5480 putamus,
968 5419 1027 5463 ut
1067 5412 1281 5480 singula
1307 5413 1429 5482 ejus
1458 5414 1642 5483 capita
1676 5429 1998 5470 revocemus

424 5501 490 5555 ad
542 5516 771 5556 examen
794 5542 810 5566 ,
841 5511 895 5557 et
924 5503 1258 5573 quandoque
1287 5513 1658 5570 exerrantcm,
1711 5507 1855 5576 quod
1897 5507 2000 5561 hu-

425 5611 644 5649 manum
679 5605 786 5660 est,
819 5611 883 5650 ex
909 5596 1032 5652 aliis
1068 5597 1400 5652 certioribus
1429 5613 1593 5668 quain
1626 5615 1746 5668 qua:
1770 5601 1888 5670 ipse
1919 5600 2001 5655 vi-

424 5688 506 5741 dit
537 5688 906 5745 monumentis
951 5702 1015 5743 ac
1064 5690 1331 5759 temporis
1369 5689 1620 5759 signandi
1665 5691 2001 5748 characteri-

429 5780 552 5847 bus,
590 5793 912 5837 revocemus
938 5781 991 5835 in
1024 5781 1192 5837 viam.
1227 5780 1493 5836 Praestitit
1522 5781 1624 5838 hoc
1655 5799 1851 5855 magno
1884 5795 2002 5841 stu-

429 5874 519 5927 dio
572 5880 625 5928 et
662 5871 847 5928 labore
898 5873 1165 5945 interpres
1203 5876 1322 5946 ejus
1353 5876 1781 5946 pt‘tt‘notninatus
1818 5878 1996 5943 Goar;

2021 3251 2069 3316 C

2101 2007 2364 2062 doceatur
2404 2009 2596 2075 lector,
2637 2026 2700 2064 eo
2738 2011 2885 2078 quod
2930 2011 3072 2066 inter
3113 2011 3292 2082 Magni
3328 2013 3680 2069 Constantini

2100 2111 2151 2155 et
2179 2099 2396 2156 Joviani
2431 2103 2779 2171 imperatoris
2812 2106 3034 2160 exordia
3065 2104 3220 2160 ﬂuxit
3252 2109 3450 2177 spatio,
3487 2123 3678 2162 novem

2101 2206 2370 2245 annorum
2405 2191 2766 2248 dill‘erentiam
2817 2195 2958 2250 inter
2985 2198 3262 2268 vulgarem
3299 2213 3461 2252 seram
3489 2214 3681 2252 teram-

2101 2299 2208 2352 que
2231 2284 2654 2339 Alexandrinam
2689 2303 2810 2342 esse
2838 2289 3276 2358 concipiendam,
3307 2300 3367 2344 ut
3397 2291 3513 2345 suis
3541 2306 3682 2359 qua:-

2101 2391 2208 2442 que
2257 2383 2514 2444 aptentur
2571 2379 2954 2447 temporibus:
3018 2389 3073 2435 et
3132 2395 3350 2436 rursum
3408 2383 3476 2436 ab
3535 2398 3679 2438 anno

2100 2465 2301 2519 Phocm
2353 2475 2549 2536 quarto
2601 2484 2774 2538 usque
2827 2470 2893 2523 ad
2949 2470 3292 2527 Constantini
3348 2473 3679 2545 Copronymi

2102 2568 2372 2612 mortem:
2420 2575 2544 2612 cum
2577 2561 2714 2614 alias
2751 2564 3133 2628 communiter,
3185 2565 3329 2619 sicut
3379 2573 3538 2621 antea
3593 2565 3681 2621 di-

2103 2661 2249 2705 ctum
2282 2661 2387 2716 est,
2443 2653 2544 2708 soli
2577 2662 2700 2708 octo
2732 2655 2859 2708 anni
2893 2655 3053 2726 adjici
3101 2656 3333 2712 debeant
3373 2658 3440 2712 ad
3485 2673 3681 2714 nume-

2102 2757 2222 2795 rum
2272 2758 2394 2798 απαξ
2432 2744 2841 2808 Alexandrinm.
2890 2755 2949 2801 ut
2980 2763 3103 2801 cum
3139 2749 3344 2818 vulgari
3383 2765 3682 2820 compona-

2104 2845 2211 2891 tur.
2263 2834 2574 2909 Utrumque
2605 2849 2784 2894 autem
2813 2849 2961 2895 tanta
3001 2840 3232 2895 facimus
3263 2842 3536 2908 libentius,
3571 2859 3680 2910 quo

2101 2929 2303 2984 certius
2337 2931 2626 2985 ostendere
2661 2947 2954 3001 possumus
2989 2942 3274 3002 postrema:
3312 2934 3679 2992 exerrationis

2101 3023 2317 3092 culpam
2375 3038 2719 3093 nequaquam
2753 3040 2923 3093 pcues
2972 3025 3358 3096 Theophanem
3413 3027 3677 3092 residere,

2102 3114 2195 3170 sed
2239 3130 2528 3169 commune
2559 3124 2690 3171 tunc
2714 3118 2916 3185 passim
2953 3115 3124 3172 fuisse
3162 3117 3418 3173 omnibus
3444 3118 3680 3172 Alexan-

2101 3202 2258 3256 drina
2293 3219 2402 3258 aera
2450 3205 2754 3271 utentibus,
2797 3218 2854 3260 ut
2889 3222 3064 3262 annos
3101 3209 3287 3262 mttndi
3333 3208 3673 3280 Christique,

2103 3312 2213 3351 uno
2243 3313 2406 3366 quam
2451 3313 2548 3368 par
2577 3309 2695 3353 erat
2725 3302 3035 3369 pauciores,
3084 3316 3149 3356 eo
3193 3309 3438 3370 tempore
3483 3318 3679 3358 nume-

2102 3397 2307 3453 rarent,
2338 3397 2390 3442 et
2423 3389 2503 3443 sic
2536 3389 2854 3444 imminutos
2884 3405 3006 3444 cum
3051 3406 3178 3445 vera
3206 3389 3503 3448 indictione
3533 3393 3678 3448 nihi-

2102 3478 2341 3533 lominus
2373 3489 2792 3547 componerent.

2174 3571 2260 3625 15.
2287 3572 2426 3627 Huic
2454 3573 2633 3627 simile
2663 3566 2868 3642 aliquid
2893 3573 3055 3629 etiam
3080 3574 3134 3629 in
3171 3575 3348 3645 primo
3375 3591 3505 3632 casu
3535 3579 3681 3633 acci-

2100 3663 2249 3719 disse
2291 3665 2558 3732 suspicari
2595 3681 2909 3734 possumus,
2937 3668 3315 3722 demonstrare
3340 3683 3447 3723 non
3479 3685 3676 3740 possu»

2100 3775 2244 3815 mus.
2282 3759 2493 3814 Etenim
2531 3759 2796 3831 Georgius
2840 3760 3152 3832 Syncellus,
3199 3761 3360 3832 cujus
3384 3763 3680 3819 chronolo-

2099 3851 2278 3921 gicum
2316 3867 2453 3921 opus
2491 3852 2881 3922 pertexendum
2911 3850 3273 3922 Theophanes
3317 3863 3503 3910 noster
3551 3871 3676 3911 sus-

2099 3945 2265 4014 cepit,
2289 3960 2411 4015 pag.
2445 3943 2514 3999 52
2544 3945 2799 4000 editionis
2854 3944 3038 4017 Regina
3064 3946 3344 4015 praefatur,
3379 3964 3437 4004 se
3466 3966 3484 4001 ι
3516 3948 3682 4004 Chal-

2099 4035 2336 4090 daeormn
2391 4036 2611 4092 dubiam
2662 4039 3040 4107 conjecturam
3082 4046 3202 4094 arte
3241 4038 3679 4097 demonstrativa

2098 4131 2490 4192 refutaturum,
2518 4130 2828 4186 necessario
2857 4130 3305 4201 interpretandos
3341 4134 3444 4188 sibi
3476 4134 3679 4188 ducere

2099 4237 2276 4276 annos
2334 4222 2732 4293 Egregororum
2788 4239 2964 4293 usque
3014 4223 3080 4277 ad
3137 4225 3258 4279 165.
3318 4226 3532 4291 Enoch,
3580 4228 3676 4297 qni

2101 4307 2416 4390 mundi‘fuit
2457 4309 2614 4374 19.87,
2670 4319 2732 4364 ut
2779 4310 2994 4379 deinde,
3029 4312 3225 4382 inquit,
3252 4315 3316 4367 ad
3354 4316 3676 4387 vigesimum

2097 4399 2444 4455 Constantini
2490 4401 2560 4457 ab
2601 4401 2794 4455 Adam-
2837 4404 3032 4460 ordine
3072 4399 3300 4460 servato
3352 4407 3676 4462 numerandi

2098 4493 2296 4547 seriem
2331 4493 2647 4549 traducam:
2692 4504 2747 4549 et
2783 4511 2968 4565 regum
3009 4497 3304 4568 unicuique
3330 4498 3476 4569 genti
3507 4499 3680 4569 impe-

2021 4605 2076 4666 Ι)
2102 4587 2338 4641 rantium
2389 4588 2708 4644 nominibus
2757 4591 3009 4659 prolatis,
3052 4606 3322 4646 annorum
3351 4607 3680 4648 vocncccwt

2102 4692 2372 4730 summam
2431 4693 2517 4732 me
2565 4695 2672 4733 non
2737 4680 3036 4734 oscitanter
3104 4681 3392 4751 collegisse
3450 4682 3678 4737 demou-

2101 4765 2306 4840 strcm.
2330 4788 2348 4820 ι
2395 4769 2520 4824 llmc
2559 4770 2650 4825 ille
2681 4770 2859 4826 Goare
2897 4773 3210 4843 interprete.
3259 4773 3456 4828 Verum
3483 4773 3527 4828 si
3558 4778 3683 4844 quis

2102 4861 2428 4932 respondeat
2492 4863 2554 4915 τὸ
2622 4880 2784 4932 usque
2844 4864 3140 4919 terminum
3209 4866 3568 4937 significare,
3619 4875 3681 4921 ut

2102 4955 2305 5008 schola:
2362 4955 2564 5024 passim
2613 4955 2950 5026 loquuntur,
2993 4957 3386 5023 extrinsecum,
3438 4956 3684 5026 adeoque

2101 5045 2395 5118 Georgium
2443 5047 2751 5114 censuisse,
2800 5047 3147 5103 Constantini
3186 5045 3506 5103 Vicennalia
3560 5064 3685 5120 spe-

2103 5150 2253 5195 ctare
2291 5137 2361 5192 ad
2417 5139 2667 5208 proxime
2724 5146 3047 5209 sequentem
3080 5153 3110 5192 a
3145 5138 3289 5193 dicta
3324 5154 3539 5193 summa
3579 5155 3682 5194 an-

2100 5247 2231 5287 num
2283 5249 2370 5285 V00
2413 5247 2636 5286 ncccxvr
2687 5234 2786 5302 qu'r
2836 5241 3031 5288 nostro
3093 5232 3232 5298 325,
3302 5234 3659 5303 responderet

2101 5335 2251 5381 recte
2299 5341 2357 5380 se
2403 5325 2626 5380 habebit
2686 5333 2796 5380 tota
2858 5323 3076 5395 Georgii
3135 5326 3478 5394 supputatio,
3537 5327 3681 5395 iique

2100 5418 2410 5474 erraverint
2447 5417 2570 5481 soli,
2607 5417 2698 5486 qui
2743 5417 2798 5470 in
2845 5417 3038 5471 ultimo
3093 5416 3406 5488 prtesignati
3465 5416 3681 5471 numeri

2103 5525 2270 5575 anno,
2320 5509 2509 5564 eadem
2558 5509 2864 5563 vicennalia
2919 5509 3285 5565 collocarunt.
3348 5506 3461 5561 Hoc
3498 5517 3676 5561 autem

2105 5600 2395 5657 manifeste
2445 5601 2809 5670 Theophanes
2841 5602 2987 5664 fecit,
3023 5600 3291 5670 siquidem
3321 5614 3446 5653 cum
3476 5597 3678 5651 Vicen-

2104 5694 2322 5749 nalibus
2374 5693 2714 5749 Constantini
2747 5701 2800 5748 et
2843 5705 3090 5762 tempore
3128 5690 3415 5746 celebrata:
3443 5687 3679 5743 Nicaena:

2105 5784 2302 5854 synodi
2359 5783 2709 5838 indictioncm
2764 5783 2831 5835 12
2883 5783 3191 5851 conjunxit.
3246 5796 3406 5850 quam
3465 5787 3678 5835 eonsmt

2107 5877 2261 5932 Coss.
2296 5875 2520 5930 Paulino
2561 5886 2608 5930 ct
2655 5874 2874 5928 Juliano
2927 5874 3013 5929 die
3047 5873 3117 5926 20
3154 5873 3274 5928 Maii
3303 5871 3568 5938 habitant,
3599 5877 3681 5924 at-
