4440 6446
710 424 851 493 1175

1641 427 1739 487 DE
1776 428 1837 488 S.
1863 426 2359 491 THEOPHANIS
2396 430 3058 491 CHRONOGRAPHIA

3843 430 3977 494 1176

706 554 815 610 que
853 536 988 591 adeo
1023 536 1087 593 ad
1124 536 1191 591 l3
1218 535 1580 593 Indictionem
1627 540 1925 609 pertinere.
1969 539 2086 595 Tali
2125 557 2288 613 porro
2316 546 2368 607 Λ
2391 545 2517 600 culo
2542 553 2724 600 autem
2758 554 2913 599 sexto
2941 552 3065 614 post
3095 543 3379 599 Anastasii
3413 538 3645 598 mortem
3686 559 3823 614 pene
3846 562 3979 615 quo-

701 644 890 686 errore
920 631 1029 699 jam
1062 628 1262 699 posito,
1297 629 1674 685 necessarium
1706 631 1829 698 fuit,
1878 647 1976 703 per
2011 648 2189 688 annos
2211 633 2282 689 20

703 736 923 776 sursum
977 735 1315 788 ascensum,
1366 723 1603 793 primum
1669 724 2020 780 Constantini
2076 740 2281 782 annum

648 831 662 842 ’
704 823 945 870 statuere
976 830 1182 869 annum
1231 798 1343 870 sua:
1380 820 1503 871 aera:
1535 816 1664 871 297.
1715 816 1825 872 Nec
1855 818 2026 873 ullutn
2059 820 2161 874 sibi
2195 837 2290 892 po-

704 906 810 958 tuit
855 920 1139 962 reservare
1174 914 1403 973 annum,
1456 920 1617 977 quem
1651 909 1980 967 Constantio
2004 911 2208 967 Chloro
2233 923 2288 968 et

705 996 925 1053 Galerio
956 998 1287 1054 Maximiano
1327 1002 1678 1066 inseriberet,
1711 1004 1866 1072 quasi
1907 1007 2034 1074 post
2063 1005 2287 1060 abdica-

707 1093 912 1147 tionem
951 1092 1271 1148 Diocletiani
1301 1102 1355 1149 et
1392 1095 1707 1149 Maximiani
1740 1094 1996 1152 Heredlci
2038 1097 2287 1169 (factam.

708 1191 763 1237 ut
830 1184 997 1238 tradit
1042 1182 1274 1254 ipsemet
1321 1197 1377 1241 et
1447 1188 1803 1242 consentiunt
1867 1204 2100 1256 omnes,
2167 1191 2292 1247 tem

709 1275 1094 1331 Alexandrina:
1147 1292 1296 1332 anno
1338 1278 1465 1345 296,
1513 1281 1569 1334 ll
1604 1279 1878 1336 Kalendas
1920 1282 2121 1351 Martii)
2157 1286 2291 1342 solis

711 1378 949 1438 quatuor
1016 1372 1302 1428 mensibus
1353 1373 1582 1429 ViXlSSt’l
1634 1375 1998 1433 Constantius
2053 1376 2292 1436 Chlorus

710 1460 1061 1517 Constantini
1089 1472 1244 1534 pater
1278 1482 1291 1518 :
1328 1465 1475 1533 quod
1519 1467 1692 1533 ipsum
1729 1467 2020 1524 manifeste
2050 1471 2293 1526 ostendit

712 1563 772 1605 se
825 1552 1053 1616 sentire,
1111 1568 1235 1608 cum
1283 1552 1401 1608 ait:
1460 1573 1478 1605 ι
1516 1554 1676 1609 Anno
1726 1558 1940 1625 imperii
2000 1559 2293 1615 undecimo

716 1646 825 1697 vita
864 1643 1111 1697 functum
1140 1659 1154 1711 ;
1192 1662 1208 1696 ι
1266 1661 1428 1716 quem
1459 1662 1603 1702 anno
1635 1649 1742 1703 285
1774 1650 1987 1706 dixerat
2021 1650 2291 1708 Cat-sarem

714 1752 840 1793 esse
875 1737 1212 1795 ins-titulum.

785 1829 875 1885 16.
919 1832 1081 1902 Atqui
1133 1848 1241 1887 non
1277 1842 1488 1889 tantum
1524 1834 1951 1891 Alexandrinum
1982 1838 2292 1895 Chronicon

2396 637 2578 692 tannis
2617 637 2889 707 designat)
2951 646 3098 691 recte
3135 636 3418 706 componit
3453 652 3629 707 usque
3683 637 3748 691 ad
3783 637 3979 694 Phoce:

2393 738 2448 786 et
2482 729 2718 785 Heraclii
2774 739 3056 800 tempora;
3112 729 3203 783 ubi
3254 745 3432 784 novus
3476 730 3724 784 occurrit
3778 730 3977 796 nodus,

2392 825 2557 880 etiam
2597 840 2625 879 a
2661 824 2840 879 Goare
2884 823 3301 878 animadversus
3330 840 3345 888 ;
3374 823 3469 878 sed
3496 822 3592 886 ita,
3629 834 3688 877 ιιι
3733 824 3981 878 ιιιιίιιηιῐο

2394 916 2627 973 vertisse
2661 925 2975 980 contentus,
2998 917 3119 985 ejus
3149 930 3371 969 causam
3406 915 3805 986 exerrandique
3834 916 3982 985 prin-

2393 1008 2534 1078 cipia
2574 1022 2637 1063 ac
2666 1008 2824 1063 tinem
2858 1023 2967 1062 non
3013 1006 3249 1062 sollicite
3282 1006 3592 1079 indagarit:
3637 1023 3761 1063 cum
3797 1015 3980 1062 tamen

2394 1114 2505 1154 non
2563 1099 2781 1155 modice
2831 1099 3033 1155 referat
3070 1099 3137 1153 ad
3194 1098 3607 1170 chronologiam
3673 1101 3834 1164 scire,
3870 1115 3981 1169 quo

2395 1191 2519 1247 loco
2550 1198 2838 1260 exemptus
2869 1205 3048 1245 annus
3088 1205 3231 1247 unus
3286 1192 3380 1255 sit,
3428 1205 3539 1260 quo
3592 1191 3789 1245 deinde
3840 1193 3979 1247 alius

2397 1300 2540 1340 unus
2589 1285 2945 1340 Substitutus.
2992 1284 3160 1352 quue
3198 1299 3265 1339 eo
3305 1283 3482 1354 magis
3530 1298 3709 1354 operae
3744 1284 3979 1353 pret?um

2396 1384 2482 1435 est
2517 1377 2717 1444 facere,
2748 1394 2857 1449 quo
2886 1379 3095 1433 certius
3131 1386 3238 1439 est,
3273 1394 3382 1432 non
3416 1378 3654 1448 aliquam
3693 1375 3982 1446 Theopha-

2397 1474 2484 1528 nis
2520 1472 3005 1527 hallucinationem
3039 1471 3194 1526 casui
3244 1471 3629 1534 intervexissc,
3677 1470 3770 1523 sed
3816 1486 3877 1525 ex
3916 1485 3981 1523 eo

2397 1564 2543 1635 quod
2581 1565 2880 1634 aliquando
2915 1564 3131 1635 publice
3164 1571 3488 1632 usurpatum
3526 1562 3648 1621 fuit,
3688 1563 3741 1616 in
3787 1578 3981 1616 neces-

2400 1659 2620 1714 sitatem
2669 1656 2955 1712 inductum
2988 1656 3093 1711 tale
3126 1656 3253 1726 quid
3292 1654 3552 1717 faciendi,
3582 1656 3627 1711 si
3667 1653 3736 1709 ab
3764 1654 3981 1709 usitatis

2397 1750 2628 1805 calculis
2686 1750 2855 1804 nollet
2886 1752 3144 1804 recedere
3175 1756 3229 1803 et
3265 1757 3445 1803 tamen
3480 1748 3777 1817 aliquando
3824 1747 3983 1800 vcllct

2402 1843 2454 1897 in
2512 1844 2653 1896 viam
2704 1844 2902 1897 redire.
2958 1841 3035 1896 lta
3091 1857 3252 1911 porro
3310 1858 3396 1897 res
3450 1842 3633 1896 habet.
3686 1841 3981 1909 Postquam

714 1922 870 1985 dicit.
905 1925 1050 1994 quod
1087 1924 1469 1992 Constantius,
1501 1928 1848 1985 Constantini
1898 1931 2074 2004 Magni
2124 1935 2295 2003 impc-
2330 1917 2370 1970 Β
2400 1932 2785 1987 Alexandrina:
2818 1948 2940 1986 tera:
2986 1947 3135 1987 anno
3168 1932 3272 1985 595
3307 1946 3495 1987 mense
3545 1929 3863 1991 Novembri,
3902 1929 3982 1982 in-

716 2016 921 2071 ratoris
953 2025 1126 2085 pater,
1154 2032 1278 2071 cum
1318 2032 1494 2074 annos
1534 2018 1600 2072 1?.
1646 2020 1993 2090 imperasset,
2026 2025 2136 2078 vita
2172 2042 2296 2082 ces-

718 2110 826 2175 sit;
859 2118 913 2164 et
945 2110 1118 2176 ipsius
1153 2109 1505 2167 Constantini
1537 2127 1742 2168 annum
1800 2118 2037 2184 primum
2076 2132 2299 2187 compa-

717 2203 801 2258 nit
827 2218 951 2257 cum
989 2202 1149 2259 initio
1182 2203 1521 2275 Olympiadis
1549 2205 1676 2267 ετξ,
1712 2207 1806 2262 sed
1843 2208 2010 2262 etiam
2043 2225 2106 2263 ex
2143 2208 2299 2266 fastis

717 2295 1106 2350 consularibus
1163 2304 1403 2359 constat,
1462 2305 1657 2366 przeter
1700 2296 1853 2349 illtnn
1909 2312 2113 2351 annum
2166 2315 2296 2367 quo,

716 2388 1056 2449 cedenti-bus
1080 2388 1313 2458 imperio
1344 2372 1577 2455 soceris,
1605 2389 1837 2457 Augusti
1874 2389 2137 2445 declarati
2168 2400 2299 2446 sunt

716 2481 973 2537 Galerius
1005 2492 1171 2551 atque
1198 2480 1558 2537 Constantius
1588 2498 1602 2536 :
1641 2482 1803 2536 etiam
1842 2498 1989 2537 anno
2044 2484 2296 2552 sequenti

724 2576 1052 2630 consulatus
1111 2576 1349 2645 insignia
1408 2575 1653 2644 gessisse
1707 2575 2116 2631 Constantium.
2176 2576 2302 2631 Fuit

720 2669 893 2741 igitur
924 2664 1233 2724 Constantii
1268 2670 1558 2739 imperium
1613 2670 1777 2724 unius
1806 2671 1933 2724 anni
1965 2679 2019 2725 et
2063 2679 2302 2740 quatuor

719 2762 995 2818 mensium
1024 2785 1035 2816 :
1071 2771 1192 2831 post
1230 2761 1369 2830 quos
1401 2765 1621 2816 mo‘rtuo
1657 2758 1811 2831 patre
1843 2763 1931 2816 die
1968 2763 2001 2818 8
2030 2762 2301 2819 Kalendas

719 2855 977 2926 Augusti,
1018 2855 1288 2924 reliquum
1346 2853 1565 2924 quidem
1620 2856 1857 2925 tempus,
1896 2855 2039 2925 quod
2098 2855 2302 2912 Graecis

720 2947 992 3001 duntaxat
1019 2947 1183 3002 unius
1217 2947 1421 3001 mensis
1449 2954 1623 3015 usque
1650 2946 1703 3000 in
1737 2947 1865 3000 anni
1898 2946 1978 3001 sui
2006 2947 2110 3003 sub
2142 2947 2299 3002 finem

721 3046 1034 3108 supererat,
1074 3051 1180 3092 non
1216 3035 1395 3108 potuit
1424 3036 1565 3105 apud
1610 3051 1705 3091 eos
1757 3038 1994 3107 primum
2029 3037 2303 3093 Constan-

722 3131 822 3185 tini
858 3146 1062 3185 annum
1090 3129 1349 3185 efficere:
1382 3129 1557 3198 potuit
1600 3137 1783 3184 tamen
1815 3144 2002 3183 eorum
2048 3140 2303 3199 posteros

721 3224 1007 3294 ambiguos
1043 3224 1273 3278 reddere
1307 3221 1631 3276 Latinorum
1663 3224 2002 3292 supputatio,
2040 3221 2107 3276 ad
2137 3238 2298 3293 quos,

722 3316 904 3370 adhuc
935 3318 1176 3387 quinque
1202 3332 1420 3371 menses
1444 3314 1510 3369 ad
1540 3313 1860 3369 Januariqu
1896 3327 2301 3378 numeraturos,

722 3390 966 3475 ca'perat
1015 3408 1414 3463 Constantinus
1459 3408 1751 3477 imperare.
1786 3407 2063 3476 Quidquid
2118 3408 2209 3470 sit,
2249 3415 2302 3461 et

721 3516 1053 3573 quocunque
1091 3517 1157 3555 ex
1193 3501 1372 3570 capite
1416 3497 1470 3554 ii
1526 3501 1791 3565 errarint,
1848 3500 1940 3569 qui
1978 3497 2299 3570 Theophani

723 3596 935 3651 erroris
964 3588 1233 3650 dederunt
1261 3598 1636 3659 oceasionem,
1699 3594 1878 3664 potuit
1913 3594 2030 3662 ipse
2057 3609 2299 3648 errorem

724 3705 1022 3760 agnoscere
1069 3687 1245 3758 atqucj
1298 3689 1595 3758 corrigere,
1641 3702 1766 3741 cum
1822 3688 1887 3741 ad
1931 3687 2300 3741 truculentam

726 3784 875 3838 illam
913 3781 1120 3843 famem
1140 3780 1560 3836 describendam
1613 3779 1883 3850 pervenit.
1914 3795 2036 3850 qua:
2071 3782 2301 3847 septima

725 3875 1026 3931 indictione
1078 3872 1400 3929 imminente
1434 3870 1715 3926 Orientem
1762 3869 1976 3935 all'lixit,
2031 3884 2305 3940 quamque

679 3985 792 4051 *εχ
822 3968 992 4023 semel
1020 3967 1196 4036 posita
1232 3980 1416 4021 rerum
1448 3979 1547 4037 per
1580 3979 1783 4017 annum
1826 3973 1996 4017 unum
2031 3963 2303 4032 anticipa-

725 4061 877 4116 tione
916 4060 1104 4116 retulit
1136 4058 1203 4113 ad
1253 4074 1459 4113 annum
1511 4054 1640 4113 ⁵524.
1697 4056 1754 4112 Si
1789 4058 1935 4113 enim
1975 4067 2124 4121 tunc,
2178 4072 2303 4111 cum

726 4152 913 4208 habita
947 4159 1032 4207 est
1092 4150 1312 4206 Niczena
1346 4150 1612 4223 synodus,
1673 4150 2077 4205 Alexandrinus
2127 4148 2304 4221 solum

725 4245 995 4315 agebatur
1023 4259 1199 4299 annus
1234 4243 1339 4298 516
1368 4252 1423 4297 et
1456 4242 1685 4297 indictio
1717 4242 1818 4308 ης
1847 4257 1968 4312 qua:
2006 4249 2128 4312 post
2153 4233 2309 4296 testa-

729 4349 837 4393 tem
872 4338 1001 4392 anni
1029 4338 1222 4393 iisdem
1252 4335 1641 4391 Alexandrinis
1672 4334 1776 4388 5'24
1803 4333 2307 4389 imminebat'indi-

730 4432 980 4494 cti0,n0n
1004 4428 1276 4501 potuisset
1306 4427 1411 4483 nisi
1442 4437 1595 4483 sexta
1628 4426 1865 4491 censeri,
1891 4426 2134 4497 adeoqlre
2164 4426 2315 4482 scire

729 4524 909 4595 potuit
947 4538 1072 4577 cum
1103 4521 1395 4592 septimam
1426 4520 1586 4585 dixit,
1619 4535 1707 4574 res
1738 4534 1857 4590 quae
1902 4518 2049 4573 illam
2100 4534 2308 4589 praece-

2402 2026 2639 2081 dictibne
2670 2025 2723 2089 6,
2762 2025 2978 2081 occisos
3036 2039 3065 2076 a
3120 2024 3380 2095 Tyrauno
3430 2023 3611 2077 Phoca
3665 2021 3980 2076 Blauritium

2403 2118 2655 2187 ﬁliasque
2690 2125 2998 2180 narrasset,
3033 2118 3271 2186 primum
3311 2116 3546 2171 lleraclii
3598 2130 3801 2169 annum
3859 2128 3981 2168 cum

2400 2210 2775 2265 Alexandrino
2798 2210 2902 2265 602
2925 2224 3266 2280 componens
3302 2210 3371 2261 ita
3405 2208 3621 2262 orditur
3650 2224 3662 2260 :
3698 2205 3810 2260 Hoc
3840 2220 3984 2260 anno

2402 2305 2610 2360 mensis
2639 2301 2895 2359 Octobris
2934 2301 3021 2358 die
3056 2302 3111 2367 -ί,
3150 2302 3452 2356 indictione
3486 2301 3572 2365 14,
3598 2299 3880 2355 lieraclius
3919 2313 3985 2352 ex

2402 2397 2586 2450 Africa
2653 2396 2865 2465 appulit
2921 2410 3045 2450 cum
3108 2396 3363 2457 navibus,
3399 2402 3564 2462 atque
3610 2392 3684 2445 ita
3732 2407 3797 2445 ex
3859 2397 3986 2443 octo

2403 2488 2598 2543 Phocae
2634 2488 2796 2542 annis
2830 2488 2992 2557 eique
3046 2484 3511 2557 respondentibus
3562 2482 3983 2543 indictionibns,

2404 2597 2569 2636 unam
2608 2581 2771 2635 tollit.
2810 2579 2867 2635 Si
2896 2580 3125 2650 quaeris,
3174 2578 3347 2644 Quam
3375 2577 3397 2628 ?
3431 2575 3847 2645 respondemus,
3880 2572 3984 2626 Ue-

2403 2676 2627 2741 cimam,
2676 2675 2729 2727 in
2764 2688 2926 2742 quam
2964 2688 3143 2727 annus
3193 2671 3418 2740 quintus
3471 2666 3665 2722 Phoce:
3712 2665 3983 2726 cadebat;

2403 2782 2525 2821 cum
2578 2780 2724 2820 anno
2764 2764 3011 2834 ejusdem
3048 2772 3249 2832 quarto
3285 2762 3351 2815 de
3403 2760 3673 2814 industria
3717 2756 3985 2812 conflatus

2405 2861 2459 2915 in
2495 2874 2687 2924 unum,
2727 2857 2927 2925 reiecta
2960 2854 3025 2908 ad
3063 2855 3266 2908 calcem
3299 2851 3421 2919 ejus
3450 2860 3620 2903 morte
3647 2848 3859 2918 Cyriaci
3885 2863 3986 2916 pa-

2404 2951 2684 3014 triarchte,
2740 2962 2904 3018 quam
2966 2948 3117 3000 hunc
3173 2964 3191 2997 ι
3229 2944 3437 2998 obiisse
3488 2940 3558 2994 29
3610 2938 3864 2994 Octobris
3899 2938 3987 2992 die

2406 3038 2658 3098 Sabbati.
2708 3053 2774 3093 ac
2808 3035 2975 3091 funtts
3016 3044 3269 3090 curatum
3300 3048 3422 3088 esse
3449 3033 3516 3085 30
3559 3031 3801 3100 ejusdem
3833 3043 3984 3081 men-

2406 3134 2483 3189 sis
2518 3132 2608 3186 die
2642 3130 2950 3195 Dominica,
2990 3150 3008 3176 ι
3058 3127 3329 3181 habemus
3372 3140 3434 3178 ex
3474 3123 3741 3177 chronico
3792 3118 3989 3191 praedi-

2408 3235 2496 3280 cto
2523 3244 2535 3279 :
2566 3225 2657 3293 qui
2693 3231 3003 3292 temporum
3039 3219 3394 3274 characteres
3431 3216 3484 3270 in
3536 3230 3739 3269 annum
3784 3214 3986 3267 dunta-

2408 3316 2500 3371 x'at
2550 3313 2678 3379 599,
2712 3328 2835 3367 zerte
2882 3308 3267 3366 Alexandrina:
3318 3314 3371 3362 et
3420 3307 3474 3360 in
3528 3305 3591 3359 lO
3628 3302 3985 3359 indit-tionem

2405 3408 2648 3463 cadunt:
2682 3404 2875 3474 reliqui
2907 3410 3090 3457 autem
3123 3409 3235 3455 tres
3265 3401 3393 3454 anui
3419 3398 3635 3459 Phocae,
3664 3396 3740 3449 uti
3767 3402 3821 3448 et
3852 3408 3991 3463 prce-

2405 3500 2666 3556 cedentes
2693 3504 2955 3567 quatuor,
2982 3495 3064 3549 sic
3094 3495 3238 3548 inter
3264 3508 3323 3546 se
3346 3490 3663 3545 narratione
3690 3488 3990 3551 cohaerent,

2408 3602 2467 3647 ttt
2492 3591 2732 3658 interji'ci
2768 3589 2874 3644 illis
2909 3601 3139 3656 prorsus
3168 3583 3304 3638 nihil
3335 3585 3529 3653 possit.

2482 3684 2569 3738 l8.
2611 3682 2751 3749 Quid
2823 3689 3005 3734 autem
3069 3678 3249 3749 coegit
3317 3673 3717 3730 Alexandrinos
3780 3685 3985 3724 annum

2409 3790 2578 3830 unum
2639 3773 3050 3828 dissimulatum
3111 3766 3396 3838 praeterire
3426 3763 3715 3818 manifeste
3772 3759 3991 3814 docebit

2407 3870 2748 3940 prmcitatum
2778 3864 3089 3920 Chronicon
3115 3863 3180 3916 ad
3212 3875 3416 3914 annum
3445 3856 3795 3927 imperatoris
3820 3852 3992 3906 licia-

2408 3961 2499 4017 clii
2555 3960 2790 4031 primum
2844 3957 2995 4011 hisce
3026 3954 3251 4009 verbis:
3298 3970 3315 4002 ι
3356 3954 3399 4006 Α
3451 3951 3683 4019 septimo
3732 3945 3989 4000 Octobris

2409 4053 2704 4125 praesentis
2734 4048 3052 4106 indictionis
3090 4047 3150 4100 14
3187 4059 3362 4114 usque
3392 4042 3457 4097 ad
3494 4042 3579 4105 l5,
3625 4039 3871 4093 Januarii
3904 4040 3988 4090 iu-

2410 4145 2670 4201 dictionis
2708 4143 2980 4214 ejusdem,
3014 4140 3283 4209 scriptum
3310 4146 3391 4191 est
3424 4136 3477 4190 in
3514 4134 3749 4204 publicis
3789 4129 3989 4184 tabulis

2410 4237 2628 4307 imperii
2657 4233 2912 4289 Heraclii.
2942 4233 3009 4287 Et
3040 4247 3067 4283 a
3103 4230 3167 4285 14
3197 4229 3444 4298 ejusdem
3478 4225 3800 4280 indictio‘nis
3841 4222 3991 4290 ejus-

2409 4329 2533 4385 dem
2602 4327 2811 4384 mensis
2867 4324 3133 4393 scriptum
3192 4332 3275 4377 est
3336 4321 3390 4374 in
3447 4318 3720 4387 reliqnmn
3775 4322 3992 4382 tempus

2410 4422 2541 4477 anni
2582 4435 2759 4491 usque
2815 4416 2881 4473 ad
2918 4415 3274 4471 Decembrem
3331 4425 3529 4480 nempe
3578 4407 3870 4477 expletum,
3923 4404 3988 4459 l5

2410 4516 2715 4571 indictione
2780 4520 2834 4567 et
2898 4509 3187 4565 consulatu
3278 4503 3524 4575 ejusdem
3593 4498 3990 4571 religiosissimi

729 4590 933 4672 debant
963 4590 1317 4671 indictionem
1348 4630 1494 4669 anno
1520 4627 1631 4669 uno
1683 4628 1713 4669 a
1761 4629 1820 4669 se
1874 4612 2205 4683 anticipari:
2253 4620 2306 4666 et
2337 4616 2381 4672 D
2413 4606 2682 4677 principis
2718 4603 2915 4660 nostri.
2957 4620 2975 4653 ι
3031 4601 3222 4667 Itaque
3276 4611 3419 4651 unus
3476 4593 3731 4662 idemque
3782 4590 3991 4659 primus

728 4725 935 4764 annum
994 4708 1101 4763 225
1160 4722 1189 4761 a
1222 4723 1281 4763 se
1327 4705 1607 4761 numerari
1648 4705 1925 4770 debuisse,
1964 4715 2023 4760 ut
2086 4703 2309 4759 haberet

676 4858 695 4872 ν
728 4810 969 4865 atatem,
1000 4816 1164 4871 quam
1195 4800 1427 4869 septima
1467 4798 1801 4869 sequebatur
1828 4790 2077 4853 indictio.
2121 4798 2312 4851 Maluit

730 4909 916 4950 tamen
954 4894 1162 4965 positos
1190 4892 1363 4949 semel
1391 4892 1635 4948 calculos
1668 4890 1925 4961 prosequi
1959 4898 2073 4945 toto
2096 4890 2310 4960 reliquo

729 4989 1078 5044 Constantini
1144 4982 1197 5042 et
1256 4986 1597 5042 successoris
1654 4984 1965 5040 Constantii
2020 4992 2309 5053 tempore;

730 5090 895 5151 atque
928 5090 984 5134 ut
1017 5079 1225 5133 hiatum
1256 5077 1422 5151 unius
1450 5076 1630 5138 istius,
1664 5074 1792 5128 anni
1824 5071 2042 5128 tandem
2082 5072 2310 5143 supple-

732 5150 837 5239 ret,
869 5171 1072 5227 Juliani
1109 5150 1407 5239 imperium
1433 5169 1600 5239 (quod
1639 5183 1805 5221 unum
1848 5180 2051 5220 annum
2086 5173 2140 5219 et
2169 5180 2316 5217 men-

730 5281 820 5319 ses
852 5274 977 5319 octo
1013 5280 1117 5318 non
1145 5263 1354 5332 integre
1384 5260 1643 5331 explevit)
1678 5275 1774 5330 per
1797 5268 1906 5313 tres
1940 5273 2081 5329 pene
2108 5250 2315 5313 solidos

730 5374 910 5413 annos
945 5358 1208 5413 dividere.

804 5452 892 5507 17.
933 5449 1048 5505 Hac
1079 5451 1241 5506 unius
1281 5449 1411 5504 anni
1446 5448 1512 5503 ad
1545 5446 1749 5503 Juliani
1784 5442 2131 5518 tyrannidem
2159 5442 2314 5511 adje-

735 5546 922 5599 ctione
954 5544 1008 5598 in
1036 5545 1179 5597 viam
1209 5558 1495 5613 regressus
1522 5541 1910 5611 Theophanes,
1945 5541 2014 5593 ab
2037 5538 2192 5592 initio
2220 5533 2316 5590 Jo-

736 5636 905 5701 viani,
941 5635 992 5690 id
1030 5644 1117 5691 est
1151 5635 1218 5691 ab
1240 5650 1385 5689 anno
1418 5632 1800 5689 Alexandrinze
1831 5647 1953 5687 terte
1995 5626 2123 5694 556,
2157 5628 2315 5698 cujus

735 5730 1032 5784 Januarius
1060 5744 1184 5783 cum
1220 5740 1408 5785 nostro
1433 5728 1536 5783 564
1560 5727 1841 5788 οοὶιιι·ίάὶι,
1879 5723 2149 5779 inoll'enso
2180 5723 2317 5794 pede

738 5820 1104 5892 prOgrcditur,
1131 5832 1185 5876 ct
1221 5837 1351 5878 suos
1380 5836 1555 5875 annos
1581 5834 1704 5874 cum
1742 5816 2317 5888 indictionibus(qnas

737 5908 949 5987 telique
984 5924 1177 5985 quarto
1212 5926 1259 5970 ει
1296 5916 1482 5987 quinto
1520 5913 1719 5970 seat-uio
1751 5911 1928 5969 rarius
1962 5911 2188 5977 indicat,
2217 5926 2312 5965 5.1:.

2384 4699 2648 4770 ,Heraclii
2674 4712 2876 4762 annus,
2906 4696 2961 4749 in
2993 4694 3132 4749 duas
3169 4691 3501 4746 iudictioncs
3544 4687 3863 4745 distractus,
3897 4694 3993 4734 oc-

2413 4793 2689 4847 casionem
2725 4788 2910 4842 attulit
2936 4786 3173 4856 primum
3208 4782 3444 4838 Heraclii
3478 4794 3681 4834 annum
3715 4771 3995 4830 statuendi

2413 4900 2562 4950 eum,
2619 4882 2712 4952 qui
2766 4895 2959 4935 revera
3013 4877 3172 4933 initia
3233 4875 3354 4942 ejus
3403 4871 3709 4944 praecessit,
3740 4876 3794 4924 et
3847 4874 3993 4920 totus

2413 4978 2612 5034 Pbocze
2633 4977 2959 5033 debebatur.
2990 4972 3106 5028 Hoc
3137 4980 3319 5027 autem
3354 4969 3520 5025 semel
3539 4967 3738 5038 posito,
3770 4977 3995 5018 necesse

2417 5074 2520 5128 fuit
2575 5073 2642 5127 ab
2679 5064 2769 5134 iis,
2819 5071 2912 5140 qui
2952 5069 3112 5123 talem
3168 5066 3428 5120 tenebant
3480 5062 3753 5123 ordinent,
3810 5055 3995 5110 omnia

2417 5164 2652 5221 Heraclii
2674 5171 2729 5219 ct
2757 5176 3144 5219 successorum
3173 5158 3295 5227 ejus
3326 5162 3479 5226 gesta
3503 5154 3569 5207 ad
3592 5165 3756 5206 unum
3788 5163 3993 5202 annum

2418 5257 2730 5326 anticipari,
2766 5254 2941 5323 magis
2986 5266 3154 5322 quam
3210 5264 3322 5304 tera
3373 5243 3741 5301 Alexandrina
3790 5239 3997 5309 integre

2419 5358 2705 5405 numerata
2742 5363 2904 5419 passa
2955 5346 3190 5401 fuisset:
3222 5343 3368 5413 quod
3422 5341 3683 5410 deinceps
3736 5352 3908 5407 usque
3944 5337 3995 5389 in

2419 5438 2767 5497 Palaesﬁnam
2809 5438 3121 5493 videbimus
3143 5437 3407 5495 valuisse.
3434 5435 3599 5488 etiam
3632 5433 3775 5485 circa
3835 5428 3996 5481 finem

2419 5537 2453 5592 9
2488 5536 2701 5598 saeculi,
2755 5534 2967 5587 scilicet
3010 5531 3063 5584 in
3097 5524 3494 5585 ecclesiasticis
3529 5522 3838 5592 scripturis,
3878 5534 3998 5586 que

2420 5646 2542 5686 sese
2577 5643 2699 5681 acra:
2729 5623 3117 5681 Alexandrina:
3149 5620 3447 5691 aptabant;
3482 5630 3646 5687 quam
3707 5610 3999 5680 Theopha-

2422 5738 2521 5777 nes
2568 5727 2756 5791 utpote
2814 5716 3120 5772 monachus
3152 5727 3411 5782 sequens,
3440 5720 3492 5765 et
3521 5706 3739 5762 tandem
3780 5702 4001 5759 exorbi-

2422 5814 2652 5870 tantiam
2686 5814 2851 5869 istam
2884 5809 2969 5865 vel
2999 5806 3445 5862 animadvertens
3490 5801 3726 5872 primum
3754 5797 3831 5851 vel
3877 5810 4002 5850 cor-

2427 5914 2603 5983 rigere
2651 5909 2841 5965 volens
2894 5906 2949 5962 in
2987 5919 3082 5960 sua
3137 5895 3596 5971 cln'oncgraphia,
3648 5886 4001 5948 Cvnstautini
