4440 6446
384 425 524 488 1177

383 633 724 689 dissimnlata
767 647 986 687 rursum
1019 630 1590 702 indictione,‘ipsique
1612 632 1964 704 Copronytno

386 729 570 797 (quem
634 740 780 779 anno
844 725 1213 780 Alexandrino
1279 725 1381 780 768
1435 744 1454 777 ι
1512 727 1599 781 die
1640 727 1708 781 14
1758 729 1965 782 mensis

388 820 772 892 Septembris,
828 820 1129 873 indictione
1187 820 1255 874 14
1302 830 1579 873 mortuum
1648 835 1772 874 esse
1829 820 1965 875 dicit

388 923 677 987 postquam
714 914 785 968 ab
830 913 985 967 obitu
1044 913 1219 983 patris
1265 915 1588 982 imperasset
1648 928 1823 969 annos
1872 913 1962 980 54,

389 1022 609 1062 menses
638 1005 694 1069 2,
718 1006 836 1060 dies
854 1004 969 1074 26),
1002 1022 1020 1057 t
1057 1013 1198 1059 tetos
1226 1004 1295 1059 55
1324 1021 1499 1061 annos
1534 1007 1755 1076 reliquit
1781 1023 1796 1071 ;
1829 1022 1965 1076 quo-

390 1102 535 1154 niam
567 1100 621 1153 in
667 1112 813 1152 anno
856 1097 1232 1151 Alexandrino
1261 1099 1365 1153 755
1396 1107 1616 1169 propter
1678 1114 1861 1153 rerum
1913 1106 1966 1152 et

390 1191 749 1247 indictionum
782 1189 1231 1260 anticipationem
1260 1189 1372 1259 jam
1405 1189 1629 1256 dictam,
1660 1192 1963 1245 constitue-

393 1296 479 1341 rat
524 1284 853 1355 principium
898 1282 1111 1352 imperii
1143 1282 1212 1335 ab
1254 1296 1321 1337 eo
1379 1284 1645 1353 suscepti,
1686 1302 1704 1334 ι
1757 1284 1963 1338 mensis

393 1374 538 1431 Junii
575 1377 660 1431 die
688 1376 758 1430 27
787 1375 853 1429 ad
886 1375 1267 1443 insequentem
1297 1372 1653 1429 indictionem
1692 1374 1754 1429 l0
1794 1374 1965 1445 perti-

395 1482 576 1531 nente,
615 1488 632 1519 ι
673 1483 796 1520 cum
835 1468 1154 1535 insequens,
1186 1468 1393 1521 dictutn
1430 1467 1572 1521 diem
1605 1468 1828 1523 indictio
1858 1484 1964 1521 nu-

392 1565 592 1616 merari
628 1570 838 1615 tantum
870 1561 1150 1615 debuisset
1206 1561 1259 1624 9,
1320 1559 1423 1613 nisi
1456 1575 1569 1629 -per
1628 1559 1958 1613 indictioues

392 1656 565 1723 primo
603 1653 833 1707 lleraclii
863 1668 1005 1706 anno
1043 1653 1364 1720 geminatas,
1396 1666 1566 1705 unttm
1609 1665 1811 1704 annum
1858 1664 1963 1704 aera

393 1745 752 1799 Alexandrina
784 1745 1082 1801 amisisset.

463 1838 545 1891 19.
585 1837 708 1891 llaec
738 1847 917 1893 autem
944 1839 1197 1908 quamvis
1230 1838 1303 1891 ita
1344 1836 1521 1890 solide
1550 1836 1781 1891 deducta
1833 1836 1961 1890 sult-

1405 426 1577 486 GOD.
1611 426 2088 489 HENSCHENII
2131 432 2346 492 DISSE
2359 435 2651 496 RTATIO.

384 540 719 611 (Zopronymi
752 552 955 593 annum
1006 537 1367 609 pettultimum
1418 539 1680 594 distraxit
1714 540 1768 594 in
1800 543 1961 604 duos.
1996 550 2037 605 Α
2070 547 2295 615 septima
2320 591 2335 615 ,

3512 446 3647 513 11Τό

2414 549 2502 603 die
2568 548 2833 617 Sabbati,
2892 552 3195 623 Augustam
3262 562 3641 621 renuntiavit:

2074 646 2324 710 sequenti
2360 660 2489 697 vero
2521 648 2661 713 luce,
2687 663 2808 718 qua:
2844 649 3047 719 Aprilis
3084 654 3327 709 secunda
3364 654 3489 720 fuit,
3530 656 3649 715 dies

2071 739 2330 793 nimirum
2363 738 2648 798 Dominica
2682 746 2864 800 sancti
2906 745 3217 815 Paschalis,
3254 752 3457 810 liberos
3487 770 3552 809 ex
3584 772 3648 810 ea

2073 833 2210 888 duos
2257 834 2502 891 Caesares
2552 837 2874 896 declaravit.
2938 842 3061 899 lltnc
3108 846 3251 899 enim
3288 855 3397 901 tam
3441 850 3647 904 diserte

2072 925 2290 996 signant
2340 943 2545 981 annum
2602 932 2844 998 vulgaris
2893 951 3014 991 terte
3069 936 3204 1001 769,
3250 947 3307 992 ttt
3360 942 3647 997 manifesto

2072 1028 2331 1087 appareat
2360 1022 2483 1089 quis
2516 1024 2776 1076 oetennio
2812 1025 3032 1096 dempto
3088 1028 3309 1083 deberet
3339 1032 3638 1085 secundum

2072 1111 2498 1167 Alexandrinam
2568 1130 2898 1186 exsurgere,
2956 1123 3209 1189 quamvis
3286 1122 3647 1192 TheOphancs

2072 1216 2275 1257 annum
2309 1203 2412 1257 760
2452 1212 2745 1273 notaverit,
2790 1210 2951 1276 paulo
2997 1222 3121 1279 post
3174 1213 3239 1266 ad
3274 1215 3646 1283 atqttalitatettt

2070 1294 2337 1351 venturus
2379 1304 2712 1368 temporum.
2768 1302 3072 1370 penultimo
3105 1302 3436 1376 Copronymi
3474 1321 3644 1368 anno,

2074 1396 2131 1441 ut
2163 1386 2369 1442 dictum
2393 1397 2500 1451 est,
2538 1392 2591 1444 in
2620 1391 2760 1447 duos
2789 1393 2987 1449 diviso.
3017 1393 3171 1460 Quod
3204 1407 3384 1450 autem
3416 1398 3648 1451 Alexan-

2074 1479 2231 1534 drina
2269 1497 2377 1535 aera
2433 1485 2717 1538 utentibus
2764 1487 2968 1554 passim
3019 1491 3329 1541 communis
3374 1488 3541 1543 fuerit
3582 1505 3649 1543 eo

2073 1582 2317 1645 tempore
2373 1592 2436 1629 ac
2491 1577 2582 1629 diu
2638 1578 2805 1634 etiant
2847 1588 2970 1649 post
3020 1581 3433 1652 Thmphanem,
3484 1599 3647 1649 qltt‘m

2074 1667 2189 1737 ipse
2218 1669 2395 1721 tenuit
2427 1671 2785 1738 computandi
2822 1670 3038 1734 modus,
3068 1673 3193 1727 vide
3217 1672 3287 1726 20
3312 1672 3487 1725 Martii
3518 1688 3650 1741 pro-

2073 1761 2256 1814 batum
2316 1760 2369 1814 itt
2430 1764 2765 1833 martyribus
2828 1766 3086 1829 Sabaitis,
3149 1784 3382 1837 quorum
3432 1783 3647 1823 ccarvtts

2073 1854 2313 1925 scriptor
2334 1855 2435 1909 nisi
2468 1856 2547 1910 sic
2578 1872 2755 1912 annos
2786 1871 3130 1914 numerasset
3164 1868 3218 1914 et
3244 1876 3446 1913 annum
3476 1876 3644 1914 unum

390 1930 610 1993 sistant,
640 1937 696 1983 ut
731 1930 877 1983 clara
912 1930 1023 1984 sint
1055 1940 1351 1998 utrumque
1383 1929 1676 1983 terminum
1710 1929 1963 1983 couside—
1998 1912 2037 1969 Β
2064 1963 2131 2001 εχ
2163 1912 2311 2001 "lore
2352 1949 2632 2004 omisisset
2667 1912 3643 2023 computare,"gn—pmuissﬂséri.

390 2022 665 2084 rantibus,
717 2036 918 2075 annum
948 2021 1163 2076 scilicet
1194 2020 1388 2075 Phocae
1414 2022 1646 2091 primum
1678 2030 1729 2074 et
1760 2020 1966 2091 Copro-

391 2114 536 2183 nymi
566 2112 839 2178 ultimum,
870 2114 1023 2167 lubet
1067 2124 1246 2167 tamen
1268 2113 1432 2167 etiam
1465 2113 1730 2183 exemplis
1751 2129 1817 2169 ex
1848 2115 1967 2184 ipso

391 2205 720 2275 Theophane
774 2205 1158 2275 comprobare.
1214 2212 1329 2259 toto
1383 2205 1477 2258 illo
1535 2216 1804 2260 annorum
1838 2207 1966 2266 ,175

389 2301 563 2367 spatio
591 2297 943 2353 hebdomade:
974 2296 1157 2361 ferias,
1199 2312 1322 2353 cum
1368 2299 1537 2352 certis
1563 2299 1767 2354 mensis
1798 2299 1968 2354 alicu-

386 2391 478 2461 jus
509 2389 703 2445 diebus
733 2391 813 2447 sic
840 2392 1172 2461 comparari,
1200 2400 1281 2455 ut,
1313 2392 1419 2445 nisi
1461 2392 1524 2445 ad
1559 2408 1761 2445 annum
1798 2394 1864 2447 ab
1902 2408 1969 2448 eo

390 2492 733 2536 numeratum
794 2483 1021 2551 adiicias
1077 2496 1254 2537 annos
1282 2498 1508 2545 novem,
1557 2500 1839 2552 nunquam
1892 2487 1969 2541 sis

388 2591 576 2630 verum
618 2576 857 2646 vulgaris
883 2591 1005 2629 aera:
1035 2590 1238 2631 annum
1276 2576 1563 2631 habiturus
1598 2576 1681 2630 vel
1719 2578 1769 2629 in
1799 2575 1972 2631 Theo-

391 2672 570 2740 phane
620 2669 701 2723 vel
736 2671 791 2723 in
844 2670 951 2723 alio
991 2671 1263 2738 scriptore
1311 2669 1545 2724 similem
1586 2668 1967 2723 chrOnotaxim

391 2770 629 2816 tenente.
677 2761 838 2815 Anno
894 2762 1064 2831 igitur
1111 2760 1480 2815 Alexandrino
1527 2760 1631 2814 6l5
1658 2761 1739 2816 sic
1776 2762 1970 2816 scribit

390 2851 794 2923 Theophanes:
829 2873 846 2905 t
874 2853 986 2907 Hoc
1018 2868 1182 2917 anno,
1205 2852 1528 2918 indictione,
1564 2852 1631 2905 10
1664 2852 1969 2919 Heraclius,

388 2956 606 3017 peracta
646 2963 833 3002 mense
864 2947 1032 3016 Aprili
1077 2946 1164 3000 die
1190 2946 1223 3000 4
1249 2944 1592 3000 solemnitate
1625 2944 1970 3000 Paschali....

389 3039 446 3095 in
507 3040 786 3095 Persidem
825 3040 1102 3110 perrexit:
1142 3058 1167 3091 ι
1212 3039 1304 3108 qui
1357 3038 1643 3093 character
1695 3037 1973 3093 Paschalis

392 3135 447 3188 in
492 3134 527 3188 4
583 3133 814 3204 Aprilis,
851 3133 918 3187 10
951 3132 1251 3186 indictione
1292 3131 1561 3194 cadentis,
1599 3147 1721 3187 cum
1764 3147 1968 3186 annum

390 3226 634 3295 vulgaris
667 3240 788 3279 tera:
823 3225 932 3279 622
967 3226 1166 3293 signet,
1204 3225 1414 3277 clarum
1446 3232 1531 3278 est
1556 3225 1603 3277 ei
1636 3224 1894 3278 debuisse
1918 3224 1971 3276 in

391 3318 757 3372 Alexandrina
792 3332 902 3371 tera
961 3314 1291 3385 respondere
1319 3330 1522 3368 annum
1566 3315 1669 3369 614
1715 3314 1820 3368 nisi
1870 3328 1967 3367 an-

392 3423 497 3465 nus
532 3424 697 3474 untts,
728 3418 785 3463 ut
820 3406 1087 3470 diximus,
1119 3406 1430 3459 excidisset.
1478 3405 1671 3460 Simile
1702 3406 1830 3474 quid
1870 3404 1969 3457 ha-

393 3502 489 3558 bes
518 3502 722 3569 satpius
773 3499 1178 3570 posterioribus
1228 3498 1417 3552 anuis:
1469 3496 1564 3552 sed
1617 3505 1675 3549 ut
1730 3495 1964 3550 lleraclii

393 3592 731 3662 temporibus
802 3592 1201 3658 immorentur,
1274 3592 1572 3659 iungamus
1651 3588 1968 3657 Theophani

391 3683 720 3740 Chrooicum
762 3683 1128 3752 pratcitatum,
1157 3688 1210 3736 et
1241 3682 1424 3735 statim
1460 3679 1640 3749 primo
1681 3679 1813 3734 dicti
1867 3682 1969 3733 im-

395 3776 663 3847 peratoris
693 3790 835 3828 anno
869 3774 1133 3829 habemus
1166 3791 1185 3825 t
1226 3772 1584 3842 Epiphaniam
1606 3770 1754 3826 Julio
1782 3786 1969 3828 mense

393 3868 581 3923 eadem
625 3866 946 3927 indictione,
993 3884 1010 3916 ι
1044 3864 1134 3935 (14
1166 3870 1224 3917 ut
1253 3862 1564 3933 praefertur,
1602 3863 1706 3917 etsi
1748 3877 1843 3931 per
1870 3877 1971 3916 no-

396 3974 517 4012 vam
548 3958 992 4013 constitutionem
1024 3958 1324 4025 imperator
1348 3970 1378 4008 a
1410 3956 1476 4007 14
1505 3954 1752 4008 Januarii
1782 3955 1973 4009 volue-

398 4054 468 4107 rit
496 4051 558 4105 l5
587 4050 937 4104 indictionem
976 4047 1271 4117 nominari)
1307 4065 1326 4099 ι
1363 4062 1427 4101 ex
1460 4046 1699 4101 Eudocia
1728 4053 1965 4101 natam»

398 4144 584 4213 idque,
615 4151 673 4195 ut
703 4143 780 4195 alt
811 4141 1123 4197 Chronicon
1158 4159 1175 4193 ‹
1224 4140 1312 4194 die
1357 4140 1563 4194 mensis
1596 4139 1848 4207 septimo,
1890 4138 1971 4192 fe-

398 4238 478 4290 ria
518 4234 571 4287 4.
605 4253 621 4286 t
651 4233 815 4302 Atqui
852 4233 980 4287 talis
1006 4232 1124 4287 dies
1151 4240 1205 4287 et
1238 4231 1373 4286 feria
1406 4231 1609 4285 ‘cadunt
1664 4231 1716 4283 iu
1765 4244 1969 4283 annum

398 4327 639 4397 vulgaris
689 4340 812 4380 tera:
866 4324 992 4388 611,
1052 4324 1438 4380 Alexandrina:
1486 4322 1628 4376 603:
1667 4321 1755 4375 hic
1813 4323 1973 4389 igitur

398 4434 522 4473 cum
586 4434 683 4471 sua
740 4418 805 4471 14
858 4416 1160 4470 indictione
1214 4417 1425 4484 primus
1479 4413 1731 4467 Heraclio
1795 4428 1971 4468 annus

400 4513 453 4565 in
488 4511 717 4579 imperio
771 4509 891 4573 fuit,
923 4509 1173 4579 quamvis
1199 4507 1563 4576 Theophanes
1604 4519 1808 4560 annum
1866 4506 1974 4561 602

400 4602 691 4658 notaverit.

466 4693 557 4748 20.
581 4693 733 4748 Adde
749 4708 815 4747 ex
839 4691 1233 4762 posterioribus
1266 4690 1425 4745 annis
1450 4688 1720 4757 exempla,
1751 4697 1881 4758 puta
1908 4703 1972 4742 ex

404 4788 527 4849 752,
561 4788 663 4841 sub
713 4785 872 4854 cujus
908 4784 1148 4848 initittm,
1200 4801 1219 4833 ι
1249 4796 1438 4837 mense
1472 4781 1726 4835 Octobris
1762 4779 1849 4834 die
1879 4780 1973 4845 26,

403 4880 706 4934 Indictione
739 4875 791 4941 9,
824 4877 960 4931 feria
986 4876 1043 4942 4,
1070 4887 1230 4930 terra:
1272 4882 1453 4927 motus
1481 4874 1673 4943 ingens
1702 4873 1975 4929 Constan-

403 4974 631 5043 tinopoli
673 4972 945 5041 contigit:
996 4990 1014 5022 α
1078 4973 1267 5039 utique
1311 4984 1435 5025 cum
1473 4982 1573 5022 nos
1613 4968 1861 5037 proximo
1884 4965 1977 5021 .la-

402 5067 599 5121 nuario
629 5065 939 5119 inchoaturi
970 5078 1219 5119 essemus
1246 5076 1453 5115 annum
1490 5059 1613 5122 741,
1647 5072 1810 5129 atque
1840 5059 1977 5114 adeo

405 5158 526 5219 755,
560 5157 838 5212 numerari
880 5157 949 5211 ab
987 5155 1373 5210 Alexandrinis
1400 5153 1705 5209 debuisset.
1732 5152 1863 5207 Item
1899 5168 1966 5206 ex

403 5265 547 5305 anno
588 5249 714 5313 755,
760 5264 870 5319 quo
928 5267 945 5299 t
983 5263 1169 5303 mense
1222 5247 1427 5317 Aprilis
1479 5246 1569 5300 die
1612 5243 1698 5307 16,
1755 5245 1886 5299 feria
1920 5245 1972 5307 5,

404 5342 560 5395 Valid
601 5340 835 5395 Arabum
867 5343 979 5394 dux
1027 5354 1254 5395 suorum
1288 5339 1525 5393 factione
1555 5338 1807 5394 sublatus
1848 5353 1973 5391 nar-

406 5444 598 5488 ratur:
666 5452 685 5484 ι
723 5433 811 5486 ubi
846 5438 1069 5502 apparet
1114 5447 1179 5485 ex
1216 5434 1597 5485 characterutn
1652 5430 1975 5485 collectione

405 5541 605 5581 annum
642 5525 745 5579 756
794 5525 999 5594 signari
1052 5524 1330 5586 debuisse,
1366 5524 1468 5579 nisi
1502 5538 1634 5578 suos
1664 5521 1975 5592 praecipites

407 5618 644 5671 calculos
674 5623 896 5671 secutus
931 5614 1293 5683 TheOphanes
1328 5614 1541 5668 fuisset.
1588 5613 1831 5682 Denique
1864 5614 1975 5667 cla-

408 5710 643 5764 rissimis
694 5708 837 5763 notis
888 5709 1183 5778 insignitur
1226 5723 1425 5767 annus.
1480 5724 1587 5777 quo
1623 5727 1640 5759 ι
1677 5707 1976 5777 Imperator

406 5803 805 5872 Coprottymtts,
836 5801 999 5853 triunt
1034 5815 1261 5853 uxorum
1298 5801 1399 5864 vir,
1433 5799 1720 5854 Eudociam
1758 5801 1972 5853 tertiam

406 5895 695 5967 coniugem
752 5894 954 5965 Aprilis
1009 5893 1216 5950 mensis
1281 5892 1367 5949 die
1418 5895 1615 5964 primo,
1673 5892 1974 5949 indictione

2067 2040 2197 2095 bere
2237 2056 2331 2095 eos
2365 2052 2591 2097 ntortem
2625 2046 2923 2112 oppetiisse
2952 2061 3096 2100 anno
3132 2047 3199 2100 ah
3244 2047 3378 2100 orbe
3416 2045 3646 2099 condito

2066 2148 2175 2187 vrso
2225 2148 2534 2188 ccuxxvttt
2568 2151 2597 2188 a
2630 2135 2828 2190 Christi
2880 2137 3273 2192 incarnatione
3312 2136 3448 2198 788,
3496 2137 3645 2190 indi-

2068 2224 2247 2277 ctione
2271 2224 2323 2289 5,
2357 2240 2481 2278 cum
2519 2226 2712 2296 quinta
2748 2228 2978 2282 indictio
3010 2245 3215 2282 annum
3252 2238 3502 2282 nostrum
3543 2227 3644 2281 797

2069 2319 2269 2386 signet,
2313 2328 2367 2372 ct
2398 2319 2542 2372 hunc
2581 2320 2757 2388 ipsum
2796 2320 2989 2390 probet
3032 2330 3247 2390 tempus
3292 2320 3483 2373 mortis
3513 2320 3647 2372 vici-

2070 2410 2363 2464 nissimum
2400 2410 2682 2477 Paschati,
2720 2414 2775 2467 in
2803 2397 2873 2467 23
2902 2412 3080 2466 Martii
3107 2412 3350 2477 cadenti,
3379 2414 3525 2482 quod
3549 2412 3646 2466 alii

2069 2518 2133 2561 ex
2168 2503 2494 2573 propinquis
2533 2503 2694 2559 annis
2733 2504 2865 2557 nulli
2904 2503 3184 2559 convenit.

2689 2614 2918 2671 CAPUT
2955 2615 3042 2670 IV.

2072 2726 2310 2780 Herarlii
2350 2727 2685 2790 imperatoris
2728 2729 3095 2786 chronotaris.
3138 2726 3344 2781 duobus
3397 2727 3553 2778 armis
3592 2726 3645 2778 in

2144 2812 2303 2848 unum
2349 2798 2593 2865 conﬂatis
2652 2808 2700 2849 et
2757 2799 2925 2849 altera
2971 2800 3023 2849 iu
3079 2800 3212 2850 duos
3258 2799 3515 2849 distracto
3567 2799 3651 2847 itt-

2144 2868 2362 2929 tricata,
2409 2868 2686 2921 evolvitur.
2742 2866 3099 2921 Indictiomtm
3144 2868 3238 2921 sub
3288 2868 3465 2921 eodem
3507 2866 3649 2919 ratio

2139 2938 2465 3005 explicatur.

2143 3049 2234 3105 21.
2268 3050 2387 3117 Quo
2419 3059 2666 3122 tempore
2697 3050 3205 3122 Chronographiam
3233 3066 3385 3104 suam
3425 3049 3651 3119 scripsit

2074 3141 2439 3212 Theophanes
2471 3184 2485 3205 ,
2547 3144 2917 3214 patriarchant
2971 3144 3646 3213 Constantinopolitanunt

2076 3244 2300 3288 sanctus
2340 3234 2678 3303 Nicephorus
2717 3235 2909 3296 tenuit,
2970 3235 3129 3303 cujus
3180 3236 3347 3287 vitam
3395 3234 3650 3289 dedimus

2075 3327 2143 3381 14
2175 3328 2358 3380 Martii
2396 3346 2408 3380 :
2467 3330 2559 3396 qui
2592 3337 2644 3380 et
2692 3327 2804 3396 ipse
2836 3328 3166 3381 breviarium
3198 3328 3531 3395 conseripsit
3565 3343 3651 3382 re-

2069 3434 2187 3473 rum
2222 3428 2345 3489 post
2375 3417 2610 3471 Manritii
2646 3430 2874 3472 mortem
2908 3428 3182 3488 gestarum
3210 3435 3222 3470 :
3263 3418 3406 3488 quod
3436 3418 3652 3473 Graeco-

2069 3511 2260 3566 Latine
2296 3511 2557 3567 babemus
2592 3512 2798 3565 editum
2833 3527 2956 3565 cum
2993 3511 3357 3565 eruditissimi
3390 3512 3490 3565 viri
3528 3510 3652 3565 Dio-

2070 3602 2213 3672 nysii
2268 3600 2471 3654 Petavii
2541 3601 2950 3670 chronologicis
3006 3601 3175 3654 notis.
3245 3599 3447 3652 Harum
3508 3599 3649 3654 bona

2070 3707 2197 3761 pars
2228 3707 2292 3745 eo
2317 3701 2551 3760 spectat,
2592 3702 2649 3745 ut
2673 3692 3000 3747 ostendatur
3031 3692 3270 3746 Heraclii
3308 3694 3651 3761 imperatoris

2070 3797 2274 3837 annum
2311 3782 2545 3852 primum
2597 3782 2770 3836 fuisse
2828 3797 3034 3836 annum
3087 3782 3333 3852 volgaris
3380 3781 3646 3845 rerum”,

2070 3874 2216 3945 quod
2244 3882 2297 3929 et
2330 3889 2430 3929 nos
2459 3875 2858 3943 amplectimur,
2904 3888 3242 3943 prorsusqne
3291 3873 3651 3927 confirmatur

2071 3982 2137 4022 ex
2182 3976 2379 4028 morte,
2416 3982 2578 4035 quam
2617 3974 2739 4034 post
2790 3966 3006 4037 imperii
3058 3980 3233 4019 annos
3287 3965 3534 4032 triginta,
3596 3973 3648 4020 et

2072 4073 2292 4113 menses
2327 4058 2537 4127 aliquot
2573 4059 2778 4113 obiisse
2806 4059 2983 4122 illum,
3016 4073 3171 4127 aeque
3194 4056 3561 4127 TheOphanes
3588 4072 3653 4111 ac

2072 4147 2412 4217 Nicephorus
2465 4148 2737 4203 scribunt.
2790 4146 2936 4202 Obiit
2994 4157 3177 4201 autem
3224 4145 3530 4206 lleraclius.
3595 4154 3652 4198 ut

2073 4238 2150 4292 ait
2182 4238 2293 4303 ille,
2329 4250 2516 4293 mense
2546 4238 2724 4290 Martii
2761 4238 3063 4291 indictione
3100 4237 3185 4301 14,
3222 4238 3470 4305 adeoque
3508 4251 3651 4289 anno

2074 4328 2197 4391 641,
2241 4329 2335 4399 qui
2377 4329 2756 4383 Alexandrino
2785 4329 2889 4383 655
2922 4330 3306 4398 responderet,
3362 4329 3469 4381 nisi
3526 4327 3652 4381 huic

2072 4429 2213 4483 terte,
2246 4433 2309 4472 ea
2344 4434 2450 4487 qua
2492 4418 2732 4473 diximus
2768 4421 3007 4484 ratione,
3044 4436 3224 4475 annus
3275 4435 3416 4473 unus
3462 4418 3655 4473 fuisset

2075 4511 2311 4566 ablatus.
2346 4506 2457 4565 Nec
2492 4511 2649 4564 aliter
2681 4526 2843 4579 quam
2874 4511 2942 4563 ab
2988 4512 3094 4564 isto
3142 4511 3412 4580 principio
3458 4525 3652 4564 nume-

2004 4606 2047 4660 D
2077 4606 2186 4658 rari
2218 4605 2408 4660 solitos
2434 4619 2608 4657 annos
2638 4603 2898 4666 lleraclii,
2940 4603 3154 4672 probari
3180 4604 3343 4656 etiam
3379 4611 3557 4671 potest
3587 4618 3652 4656 ex

2078 4696 2252 4750 sancti
2308 4695 2584 4749 Anastasii
2646 4693 2828 4748 Persa:
2867 4694 3026 4758 actis,
3089 4695 3153 4747 ad
3203 4696 3272 4747 22
3311 4693 3553 4747 Januarii
3587 4709 3653 4747 ex

2078 4798 2290 4844 vetusta
2325 4786 2781 4857 interpretatione
2812 4786 3008 4840 Latina
3044 4786 3228 4852 editis,
3275 4787 3365 4840 ubi
3410 4786 3456 4841 is
3511 4801 3655 4838 mar-

2075 4880 2273 4951 tyrium
2305 4894 2497 4948 passus
2518 4879 2720 4932 dicitur
2768 4897 2786 4929 ι
2817 4894 2960 4931 anno
2994 4878 3214 4932 decimo
3254 4886 3448 4930 octavo
3481 4877 3655 4946 impe-

2076 4973 2144 5024 rii
2186 4970 2416 5026 lleraclii
2471 4969 2712 5025 Piissitni
2766 4971 3115 5040 imperatoris
3143 4978 3198 5024 et
3238 4969 3456 5025 decimo
3497 4976 3656 5025 sexto

2075 5064 2421 5119 Constantini
2480 5064 2601 5131 ejus
2658 5064 2777 5118 lilii.
2812 5083 2829 5115 ι
2883 5063 3017 5117 Nam
3079 5064 3123 5118 si
3178 5062 3465 5133 geminatis
3514 5063 3655 5116 intra

2078 5173 2241 5211 unum
2270 5172 2473 5210 annum
2509 5155 2906 5211 indictionibus
2951 5154 3094 5209 idem
3141 5171 3320 5209 annus
3347 5155 3514 5208 etiam
3557 5168 3657 5223 pro

2076 5250 2291 5303 duobus
2342 5249 2534 5302 fuisset
2570 5233 2820 5301 Heraclio
2855 5248 3157 5316 imputatus
3210 5247 3263 5300 iu
3300 5246 3537 5316 publicis
3578 5254 3658 5299 ta-

2077 5340 2242 5406 bulis,
2270 5350 2321 5394 et
2351 5342 2393 5393 si
2434 5350 2554 5409 post
2582 5340 2645 5392 15
2667 5340 2913 5394 Januarii
2944 5340 3071 5393 anni
3098 5339 3223 5401 611,
3254 5349 3313 5392 ut
3342 5346 3522 5407 empta
3557 5337 3659 5391 fttit

2078 5429 2246 5482 scribi
2276 5428 2343 5481 15
2372 5427 2621 5493 indictio,
2654 5427 2735 5482 sic
2767 5428 2934 5481 etiam
2980 5428 3221 5496 scriptus
3259 5425 3449 5479 fuisset
3481 5440 3657 5478 anuus

2079 5520 2314 5575 lleraclii
2373 5522 2429 5585 2,
2466 5536 2645 5575 annos
2695 5525 2835 5590 quo'
2880 5534 3079 5589 passus
3146 5527 3231 5574 est
3292 5518 3655 5581 Anastasius,

2076 5631 2348 5684 quemque
2384 5630 2450 5667 ex
2516 5614 2805 5683 ipsiusntct
2844 5610 3081 5665 Heraclii
3118 5610 3347 5679 cpistola
3383 5610 3656 5662 Constan-

2075 5708 2357 5775 tinopolim
2383 5708 2587 5775 scripta
2612 5705 2678 5759 de
2708 5706 2872 5759 rebus
2901 5720 2930 5757 a
2965 5719 3023 5758 se
3054 5712 3243 5756 contra
3284 5702 3579 5753 (lhosroem
3600 5707 3655 5753 et

2076 5816 2201 5854 eum
2256 5799 2427 5870 Syroe
2468 5798 2683 5869 gestis,
2757 5804 2977 5852 constat
3039 5794 3237 5848 festum
3296 5790 3649 5847 Pentecostes

2083 5891 2288 5947 tiillaii
2338 5892 2609 5957 retulisse,
2653 5896 2707 5946 et
2760 5889 2793 5944 5
2836 5887 3037 5958 Aprilis
3085 5884 3345 5942 habuisse
3399 5882 3647 5939 Domini-
