4440 6446
734 408 871 470 1179

1655 408 1753 466 DE
1779 407 1837 467 S.
1866 404 2362 466 THEOPIIANIS
2400 405 3061 467 CllliONOGRAPlIlA

3855 409 3991 474 1180

735 536 860 574 eam
907 519 963 574 in
1016 518 1192 581 Albis,
1246 518 1494 587 adeoque
1554 516 1725 573 fuisse
1757 520 2000 588 vulgaris
2041 536 2163 575 tene
2215 517 2320 572 628
2353 526 2393 578 A
2424 525 2635 589 spt-ctet
2684 526 2798 572 tota
2849 518 3121 574 Chosroze.
3152 518 3452 590 Syrmsque
3484 520 3774 590 tragtedia,
3800 531 3994 592 aqua:

737 613 857 677 hic,
924 612 1183 681 inquam,
1238 624 1419 666 annus
1483 609 1765 667 debuisset
1814 612 2050 668 lleraclii
2108 610 2173 667 19
2216 627 2318 663 nu-

737 717 888 757 mera
898 719 939 755 ι’·
950 748 962 756 .

810 789 907 845 2'2.
967 788 1109 855 Quid
1152 788 1322 860 igitur
1373 787 1775 859 Theophanes,
1822 790 2056 859 inquies,
2102 800 2155 845 et
2202 792 2321 859 ejus

741 884 1014 952 interpres
1049 884 1377 938 Anastasius
1408 898 1495 938 res
1529 899 1723 939 omnes
1769 886 1912 939 inter
1934 883 2234 941 Chosroem
2268 896 2323 940 et

743 974 970 1045 Syroem
1003 982 1187 1044 gestas
1221 982 1276 1027 et
1310 965 1658 1043 imperatoris
1696 974 1951 1029 victorias
1978 976 2147 1044 posti
2190 975 2325 1029 imii-

745 1070 947 1125 ctionis
1002 1069 1219 1123 initium
1278 1066 1554 1133 obtentas,
1601 1069 1653 1121 in
1718 1083 1919 1121 annum
1966 1065 2201 1124 Heraclii
2255 1067 2321 1121 17

745 1170 1161 1233 compegerunt,
1212 1175 1424 1230 suoque
1480 1160 1729 1230 exemplo
1777 1175 1997 1216 movere
2044 1176 2191 1226 eum,
2227 1162 2323 1230 qui

750 1258 928 1313 sancti
956 1256 1235 1311 Anastasii
1261 1267 1381 1311 acta
1412 1256 1648 1326 politiori
1677 1256 1815 1327 stilo
1842 1256 2075 1319 ornavit,
2099 1262 2156 1307 ut
2178 1267 2329 1307 eum-

749 1348 867 1401 dem
894 1361 1094 1400 annum
1128 1345 1293 1399 etiam
1346 1350 1460 1414 ipse
1507 1345 1650 1397 dicto
1683 1342 1945 1413 martyrio
1987 1341 2326 1412 assignaret?

751 1438 866 1492 Hoc
896 1453 1090 1506 nempe
1121 1449 1201 1491 est
1226 1437 1367 1505 quod
1406 1434 1472 1488 ad
1515 1445 1635 1488 acta
1667 1435 1924 1503 priedicta
1955 1433 2189 1488 diximus
2222 1434 2325 1504 (ε),

746 1540 922 1580 annos
957 1526 1019 1578 17
1059 1534 1113 1579 et
1152 1526 1238 1589 18,
1274 1523 1512 1578 Herae-lii
1563 1526 1825 1579 confusos
1883 1526 1951 1580 ab
2000 1527 2323 1583 auctoribus

746 1633 889 1671 esse.
944 1617 1099 1683 Quod
1159 1618 1296 1671 satis
1345 1617 1565 1686 quidem
1611 1618 1875 1671 intellexit
1911 1601 2333 1673 eruditissimus

750 1709 1009 1765 Petavius
1057 1725 1176 1763 cum
1209 1710 1370 1773 dixit,
1418 1710 1645 1761 relatam
1696 1709 1763 1763 de
1787 1709 1991 1761 [tazate
2030 1710 2322 1763 Persarum

750 1804 978 1857 ductare
1016 1802 1307 1857 victoriam
1351 1819 1369 1852 ι
1408 1815 1552 1853 anno
1586 1800 1650 1853 18
1688 1800 1898 1869 imperii
1926 1799 2036 1869 jam
2067 1801 2324 1853 inchoato

751 1914 871 1952 cum
910 1899 932 1950 1
980 1896 1319 1950 indictione:
1387 1914 1404 1947 ›
1441 1911 1552 1949 non
1609 1904 1792 1948 tamen
1850 1894 2133 1963 explicuit,
2193 1892 2323 1964 quid
2354 1873 2401 1933 Β

750 1998 896 2043 esset
923 1998 1032 2042 tota
1064 1988 1191 2041 anni
1221 1988 1576 2057 prmcedentis
1600 1978 1700 2039 627
1736 1986 1927 2056 hyeme
1952 1994 2114 2055 atque
2137 1994 2327 2039 aestate

752 2092 972 2137 actum:
1025 2097 1197 2152 quare
1231 2082 1284 2135 in
1314 2081 1536 2149 ancipiti
1567 2095 1666 2134 nos
1702 2078 1922 2132 relictos
1954 2078 2326 2141 crederemus,

753 2178 857 2231 nisi
894 2192 958 2231 ex
990 2176 1109 2246 ipso
1141 2174 1495 2242 Tbc0phane,
1530 2189 1661 2228 suos
1708 2174 1882 2243 ipsius
1908 2172 2155 2226 calculos
2192 2187 2328 2224 con-

754 2269 1034 2331 fundente,
1063 2269 1152 2321 lux
1185 2268 1340 2321 nobis
1373 2268 1557 2336 aliqua
1588 2264 1896 2334 aﬂ‘ulgeret.
1933 2264 2147 2319 Etenim
2183 2279 2328 2317 anno

760 2361 991 2414 lleraclii
1038 2360 1124 2423 16,
1176 2374 1409 2414 narrans
1458 2367 1641 2412 vastus
1682 2357 1942 2411 Chosrois
1979 2374 2101 2413 cum
2127 2357 2329 2426 duplici

754 2454 1003 2507 exercitu
1058 2460 1311 2513 conatus,
1351 2451 1509 2505 facile
1555 2450 1800 2504 ostendit
1839 2460 2010 2503 totum
2065 2464 2189 2503 eum
2234 2466 2325 2502 an-

758 2561 909 2605 num,
945 2544 1114 2600 rebus
1146 2561 1266 2609 quae
1299 2545 1369 2598 ibi
1406 2539 1799 2598 describuntur
1833 2555 2023 2595 contra
2061 2542 2206 2596 Saim
2234 2558 2329 2612 ge-

758 2640 859 2693 stis
914 2639 1083 2693 fuisse
1141 2650 1522 2707 occupatum,
1587 2638 1819 2706 idcuque
1890 2634 2196 2689 Tureorum
2269 2650 2331 2688 ex

758 2727 983 2783 Perside
1034 2744 1343 2799 regressum
1400 2740 1453 2782 et
1500 2743 1625 2782 cum
1682 2728 2041 2798 imperatorio
2088 2726 2333 2781 exercitu

757 2824 1223 2891 conjunctionem,
1272 2830 1365 2875 aut
1407 2822 1667 2875 incidisse
1702 2823 1753 2874 in
1807 2830 2129 2873 autumnum
2182 2834 2331 2879 eum,

762 2916 906 2970 unde
942 2917 1187 2984 proxime
1222 2930 1457 2984 sequens
1489 2913 1803 2967 Grarcorum
1837 2928 2016 2966 annus
2056 2911 2203 2966 ducit
2236 2912 2337 2964 ini-

760 3010 935 3072 tium,
993 3017 1083 3061 aut
1141 3006 1281 3060 forte
1337 3007 1501 3060 etiam
1554 3008 1729 3059 multo
1771 3006 1948 3060 serius
2002 3004 2333 3073 contigisse;

763 3100 983 3154 interim
1037 3099 1164 3153 dttm
1214 3100 1351 3151 alter
1396 3098 1737 3152 Persicarum
1797 3098 2082 3166 copiarqu
2143 3095 2338 3148 ductor

766 3194 1054 3255 Sarberus,
1078 3192 1402 3245 continuata
1434 3193 1598 3243 etiam
1630 3205 1721 3258 per
1744 3189 1994 3259 hyemem
2022 3186 2333 3251 obsidione,

764 3286 1163 3340 Chalcedunem
1202 3284 1419 3354 premit.
1478 3281 1536 3335 In
1573 3298 1681 3350 quo
1729 3279 2044 3350 repellendi)
2088 3287 2141 3333 ct
2183 3279 2339 3331 hoste

765 3376 1145 3448 persequendo
1175 3392 1312 3444 opus
1335 3386 1421 3429 est
1461 3374 1802 3443 insumptum
1846 3373 2015 3426 fuisse
2043 3372 2187 3441 quod
2220 3386 2339 3425 esse

766 3479 980 3539 poterat
1014 3485 1078 3523 ex
1126 3469 1317 3537 hyeme
1354 3466 1649 3536 reliquum.
1700 3464 1839 3519 llinc
1875 3464 2031 3519 fessis
2073 3465 2342 3518 militibus

768 3567 891 3617 data
931 3564 1108 3634 quies,
1142 3570 1195 3616 et
1233 3562 1491 3629 utrinque
1527 3558 1783 3630 parandis
1812 3558 1877 3611 ad
1923 3568 2198 3610 extremos
2244 3574 2340 3610 co-

769 3666 931 3711 natus
968 3656 1173 3709 viribus
1220 3654 1517 3709 incubuere
1570 3660 1777 3721 partes,
1834 3649 2134 3719 praesertim
2169 3648 2343 3702 llera—

772 3753 935 3811 ciius.
961 3752 1122 3819 idque
1148 3748 1427 3819 diligentia
1450 3754 1624 3808 tanta,
1652 3754 1712 3798 ut
1741 3744 1954 3797 hostem
1990 3750 2346 3811 praeverteris,

774 3847 955 3898 statim
994 3857 1024 3895 a
1056 3855 1241 3895 mense
1278 3838 1608 3908 Septembri,
1646 3852 1848 3889 annum
1881 3833 2347 3901 Censtantinopo-

774 3936 960 3990 litanis
997 3933 1101 3988 628
1146 3932 1461 3996 inchoante,
1508 3930 1562 3983 in
1599 3929 1813 3983 hostem
1843 3927 2098 3991 moverit,
2141 3940 2347 3993 easque

777 4045 865 4083 res
911 4028 1184 4098 gesserit,
1232 4041 1391 4095 quas,
1432 4023 1559 4093 quia
1612 4021 1752 4077 duos
1808 4021 2025 4092 priores
2080 4034 2253 4072 annos
2294 4020 2346 4071 in

778 4137 945 4176 unum
999 4119 1356 4189 TheOphanes
1413 4114 1787 4178 conﬂaverat,
1853 4113 1919 4167 ad
1981 4112 2047 4165 17
2111 4109 2348 4163 llet'aclii

778 4231 980 4269 annum
1021 4223 1073 4268 et
1118 4212 1471 4267 indictionem
1523 4209 1590 4263 15
1628 4222 1822 4262 omnes
1871 4214 1957 4261 est
1994 4214 2216 4260 coactus
2260 4218 2349 4283 res

776 4308 940 4361 ferre.
1684 4342 1687 4345 λ
2311 4285 2323 4297 ’

846 4395 937 4449 25.
980 4391 1182 4447 Verum
1242 4389 1372 4445 dum
1432 4402 1526 4456 per
1584 4398 1801 4438 menses
1843 4381 2091 4451 singulos
2127 4394 2350 4450 progre-

780 4489 959 4548 diens,
992 4484 1213 4540 tandem
1268 4480 1335 4534 ad
1382 4480 1449 4533 12
1504 4497 1523 4529 ι
1568 4477 1711 4531 diem
1748 4473 2061 4529 Decembris
2084 4471 2351 4541 pervenit,

780 4596 891 4650 quo
916 4580 1031 4649 ipse
1052 4578 1354 4646 Imperator
1378 4580 1503 4627 ante
1522 4585 1709 4623 omnes
1750 4568 2039 4637 prosiliens
2061 4564 2351 4620 Persarum

782 4674 1064 4726 ductorem
1089 4666 1337 4729 offendit,
1365 4678 1599 4732 eumque
1627 4661 1716 4715 Dei
1760 4660 1964 4714 virtute
1987 4666 2042 4712 et
2070 4656 2163 4711 Dei
2188 4655 2355 4711 Geni-

787 4766 939 4820 trieis
1004 4763 1212 4819 auxilio
1270 4758 1611 4830 prostravit,
1654 4774 1672 4806 ι
1736 4754 1855 4824 ipse
1899 4767 2057 4807 suum
2112 4765 2362 4826 errorem.

788 4860 1012 4923 imlicat,
1042 4868 1094 4913 et
1122 4856 1327 4927 pariter
1376 4853 1550 4905 facem
1590 4846 1749 4902 nobis
1793 4860 2013 4899 rursum
2051 4842 2227 4909 eti'ert,
2275 4842 2358 4895 di-

787 4970 957 5009 cens:
1035 4970 1051 5002 ι
1085 4948 1311 5004 Sabbati
1366 4945 1510 4999 diem
1558 4941 1751 4996 fuisse.
1799 4958 1817 4991 ›
1879 4936 1994 4992 Hoc
2044 4936 2189 4991 enim
2248 4950 2359 4989 non

788 5045 1024 5117 quadrat
1061 5043 1113 5095 in
1167 5041 1230 5095 15
1267 5035 1649 5096 indictionem,
1702 5030 1809 5085 nisi
1837 5031 2010 5099 ipsam
2043 5044 2071 5081 a
2100 5026 2361 5081 Januario

791 5144 842 5195 in
888 5137 1213 5195 Januarium
1262 5134 1466 5195 ducas;
1524 5127 1621 5184 sed
1678 5127 1732 5181 in
1778 5124 2131 5179 indictionem
2180 5123 2202 5175 1
2254 5139 2360 5190 qua

788 5232 954 5288 (Zrclo
990 5230 1122 5284 solis
1157 5228 1247 5291 20,
1277 5227 1458 5281 littera
1502 5220 1827 5277 Dominicali
1868 5218 1907 5270 D
1948 5217 2067 5271 dies
2100 5216 2166 5271 1‘2
2200 5219 2337 5270 Octo

790 5295 903 5377 bris
926 5316 1293 5374 concurrebat
1320 5329 1445 5368 eum
1480 5310 1743 5376 Sabbato,
1782 5322 1835 5365 et
1864 5326 2042 5363 annus
2070 5308 2186 5375 028,
2211 5305 2363 5360 Grie-

792 5420 874 5471 eis
911 5416 964 5469 in
1001 5427 1191 5475 cursu,
1244 5409 1404 5463 nobis
1445 5417 1626 5461 autem
1666 5406 1717 5458 in
1746 5404 1930 5473 januis
1967 5412 2134 5457 esset.
2177 5400 2365 5469 Itaque

792 5524 917 5562 cum
965 5504 1193 5574 reliquis
1238 5501 1404 5569 hujus
1438 5499 1567 5552 anni
1611 5497 1777 5567 rebus
1824 5493 2244 5564 conjungendus
2284 5502 2370 5545 est

794 5602 1070 5674 gloriosus
1109 5594 1459 5666 imperatoris
1513 5606 1798 5662 regressus
1832 5589 1885 5643 in
1928 5588 2141 5649 urbem,
2184 5597 2234 5639 et
2265 5602 2368 5654 pax

798 5695 1030 5765 imperio
1066 5702 1254 5763 parta;
1294 5686 1495 5758 quibus
1529 5684 1663 5740 solis
1690 5681 1905 5737 duobus
1935 5680 2154 5751 punctis
2186 5676 2369 5731 Theo-

796 5790 1006 5860 phanes
1068 5784 1257 5854 implet
1307 5794 1511 5834 annum
1571 5774 1953 5832 Alexandrinae
2016 5788 2171 5833 atra,
2229 5771 2371 5823 sicut

803 5883 1045 5939 diximus
1096 5876 1467 5948 praecipitata,
1519 5870 1621 5926 619
1670 5887 1790 5924 eum
1841 5869 1975 5921 alias
2019 5867 2081 5919 ad
2121 5864 2370 5921 eumdem

2425 609 2578 666 missi
2615 610 2760 666 ultro
2788 610 3035 681 citroque
3072 612 3141 667 de
3166 613 3465 668 fcederibus
3505 613 3679 667 nuntii
3715 628 3873 684 egere
3898 632 3993 671 uso

2422 717 2528 770 que
2561 702 2629 757 ad
2670 704 2814 757 diem
2856 702 2920 757 15
2945 703 3068 758 Maii
3104 703 3421 759 indictionis
3455 706 3504 765 1,
3530 720 3638 774 quo
3672 706 3824 760 lecta:
3865 718 3995 761 sunt

2424 796 2901 867 Constantinopoli
2948 811 3015 853 ex
3071 805 3331 868 suggestu
3398 798 3453 851 in
3499 799 3849 853 sanctissima
3903 799 3994 854 Dei

2426 883 2621 955 Magna
2646 885 2890 953 _ecclesia
2919 883 3208 939 Laureatze
3232 885 3579 955 imperatoris
3602 886 3815 947 litterae,
3859 902 3995 938 nun-

2426 978 2625 1031 tiantes
2653 985 2881 1031 mortem
2922 974 3183 1032 Chosroaa
3209 987 3262 1031 et
3295 977 3766 1047 inaugurationem
3792 975 3994 1047 Syrum,

2426 1069 2689 1139 pacisque
2748 1068 3005 1123 stabilita!
3065 1069 3315 1124 ordinem
3368 1080 3535 1139 atque
3594 1068 3995 1123 conditiones:

2426 1176 2566 1232 quas
2594 1161 2809 1215 litteras
2839 1170 3025 1216 astate
3050 1161 3162 1230 jam
3196 1160 3407 1223 adulta,
3443 1160 3756 1215 laztissitnus
3786 1159 3999 1229 excepit

2425 1255 2641 1327 reditus
2689 1253 2950 1318 llcraelii,
2986 1269 3208 1309 crucem
3263 1253 3602 1308 Dominieam
3645 1254 3997 1321 reportantis,

2425 1362 2549 1403 cum
2575 1346 2685 1415 jam
2724 1360 2863 1399 nova
2893 1344 3120 1400 indictio
3144 1359 3268 1401 cum
3292 1360 3438 1400 anno
3470 1345 3746 1400 communi
3779 1343 4001 1399 Graeco-

2426 1453 2547 1491 rum
2582 1446 2759 1505 ccepta
2788 1447 2956 1493 esset.

2497 1533 2589 1587 24.
2629 1533 2807 1600 Atque
2837 1545 2985 1584 nunc
3012 1532 3086 1584 ita
3112 1531 3256 1585 clare
3282 1530 3536 1585 videntur
3568 1531 3860 1591 elucidata.
3884 1546 4001 1599 qua

2426 1622 2555 1677 olim
2607 1622 2874 1675 duntaxat
2917 1622 2970 1674 in
3022 1622 3260 1677 transitu
3312 1623 3679 1690 perstringere
3721 1622 3896 1683 licuit,
3949 1633 4001 1676 et

2427 1716 2606 1768 omnia
2638 1730 2761 1768 cum
2794 1714 3188 1778 Alexandrino,
3224 1724 3279 1767 ut
3312 1724 3531 1780 vocant,
3560 1716 3857 1776 Chronico,
3903 1729 4001 1768 an-

2429 1809 2514 1863 nis
2563 1808 2727 1878 paulo
2788 1816 2911 1878 post
2966 1808 3173 1863 secutis
3229 1808 3459 1878 scripto,
3510 1810 3848 1863 conveniunt
3904 1824 4002 1878 op-

2430 1901 2580 1954 time.
2637 1898 2789 1954 Nunc
2836 1900 2972 1954 libet
3032 1915 3097 1954 ex
3136 1899 3327 1955 eodem
3366 1900 3645 1955 Chronico
3682 1902 3999 1962 observare.

2431 1990 2707 2061 quomodo
2743 1991 2939 2061 primis
2972 1991 3211 2046 Hcraclii
3244 1991 3407 2047 annis
3432 1991 3633 2046 factum
3688 1993 3778 2056 sit,
3816 2005 3873 2047 ut
3911 2008 4007 2062 per

2430 2084 2752 2153 explicatam
2792 2085 3049 2153 superius
3079 2085 3530 2139 constitutionem
3559 2085 3829 2155 iubentis,
3857 2098 3911 2139 ut
3938 2088 4006 2139 ab

2431 2177 2518 2230 die
2558 2177 2626 2232 15
2652 2176 2900 2232 Januarii
2942 2193 3119 2247 usque
3166 2178 3220 2232 in
3258 2178 3386 2232 anni
3418 2176 3576 2232 finem
3628 2197 3644 2230 ι
3686 2179 3751 2232 15
3782 2181 4009 2233 indictio

2433 2278 2486 2323 et
2515 2270 2833 2325 consulatus
2876 2270 3110 2325 lleraclii
3144 2291 3162 2323 ι
3207 2271 3561 2335 seriberetur,
3619 2272 3831 2325 initium
3882 2274 4009 2339 qui-

2434 2361 2556 2414 dem
2610 2361 2969 2415 indictionum
3024 2376 3054 2415 a
3106 2360 3417 2430 Septembri
3466 2361 3531 2413 ad
3578 2361 3726 2415 aliud
3795 2372 4008 2431 tempus

2435 2442 2760 2507 translatum
2814 2451 3001 2515 fuerit,
3052 2467 3162 2506 non
3212 2460 3393 2506 tamen
3441 2467 3626 2505 earum
3658 2450 3855 2521 Cyclus
3900 2464 4011 2504 uno

2436 2530 2957 2600 anno‘aeceleratus
2993 2562 3004 2595 ε
3065 2546 3195 2615 quia
3245 2559 3439 2614 nempe
3474 2543 3749 2599 secundus
3777 2541 4012 2597 lieraclii

2436 2650 2615 2688 annus
2648 2636 2755 2688 neu
2813 2634 2915 2687 fuit
2952 2636 3204 2704 signatus
3242 2634 3548 2687 indictione
3585 2632 3633 2697 1,
3673 2633 3817 2701 quod
3862 2630 4014 2701 Cyclt

2436 2724 2786 2795 quindenarii
2822 2742 3087 2780 numerus
3121 2726 3421 2794 anticipate
3448 2725 3699 2793 expletus
3744 2724 4018 2791 postulas-

2437 2823 2555 2881 set;
2604 2817 2697 2871 sed
2742 2817 2814 2869 ita
2858 2818 3122 2885 scriptum
3175 2816 3300 2881 fuit,
3377 2836 3394 2868 ι
3432 2816 3540 2871 ind.
3594 2816 3679 2879 15,
3728 2814 3878 2869 Hier.
3924 2816 4013 2879 11,

2438 2921 2561 2980 post
2607 2912 2821 2965 consul.
2878 2910 3117 2963 Heraclii
3174 2910 3455 2980 Augusti:
3499 2927 3517 2960 ι
3586 2919 3641 2963 et
3680 2909 3764 2962 sic
3820 2922 4017 2962 conse-

2438 3009 2669 3069 quenter
2699 3016 2844 3055 anno
2879 3002 3039 3055 tertio
3084 3020 3102 3051 ι
3149 3001 3263 3053 ind.
3302 3000 3352 3065 1,
3397 2999 3524 3054 ller.
3562 3000 3655 3053 111
3714 3010 3838 3069 post
3880 3014 4014 3053 con-

2440 3092 2678 3147 sulatum
2732 3093 2968 3147 lleraclii
3012 3095 3239 3162 Augusti
3274 3094 3332 3145 11
3373 3112 3390 3144 ι
3440 3095 3662 3162 quando
3693 3095 3853 3148 etiam
3884 3110 4019 3147 (οη-η

2441 3186 2693 3239 stitutum
2740 3194 2844 3250 est,
2883 3195 2941 3239 ut
2980 3201 3008 3238 a
3043 3188 3128 3240 die
3160 3187 3230 3241 25
3270 3184 3516 3240 Januarii
3553 3187 3633 3241 sic
3667 3188 4018 3253 Seribel‘etur,

2448 3296 2466 3329 ‹
2508 3278 2726 3347 Imperii
2777 3279 3320 3349 religiosissimorum
3364 3288 3677 3334 nostrorum
3708 3281 4019 3350 principum

2443 3381 2497 3426 et
2539 3371 2900 3425 maximorum
2929 3374 3315 3426 beneficiorum
3354 3382 3665 3435 auctorum,
3700 3372 3865 3427 Flavii
3914 3372 4019 3427 lle-

2446 3465 2601 3519 raclii
2650 3464 2909 3534 piissimi,
2962 3480 3108 3517 anno
3148 3465 3287 3528 111,
3332 3475 3452 3534 post
3482 3466 3825 3521 consulatum
3873 3465 4025 3534 ejus-

2446 3557 2567 3612 dem
2626 3572 2773 3610 anno
2832 3558 2915 3620 11,
2956 3566 3009 3610 et
3057 3557 3226 3611 Flavii
3286 3556 3520 3612 lleraelii
3581 3557 3827 3613 Junioris
3881 3558 4026 3613 Con-

2447 3649 2695 3715 stantini,
2740 3666 2768 3702 a
2822 3648 2931 3703 Deo
2993 3649 3254 3703 custoditi
3313 3650 3406 3703 filii
3444 3650 3586 3718 ejus,
3624 3666 3769 3705 anno
3824 3653 4021 3721 primo,

2446 3756 2664 3810 semper
2698 3741 3073 3807 Augustorum
3105 3743 3522 3811 imperatorum.
3553 3762 3571 3794 ι

2517 3832 2607 3887 25.
2648 3830 2849 3887 Verum
2877 3834 2943 3887 ad
2977 3833 3121 3902 quod
3152 3843 3365 3904 tempus
3413 3835 3662 3890 dicemus
3695 3834 4019 3888 translatum

2449 3924 2811 3979 indictionum
2871 3925 3538 3994 initium?Theolthanes,
3590 3926 3735 3979 nulla
3797 3928 4024 3981 istarum

2452 4017 2752 4071 novitatum
2788 4017 2971 4071 habita
3004 4019 3238 4080 ratione,
3279 4027 3333 4072 et
3364 4035 3538 4072 annos
3574 4018 3806 4073 lleraclii
3851 4019 4025 4085 impe-

2452 4104 2651 4158 ratoris
2694 4111 2747 4158 et
2780 4105 3113 4159 indictiones
3150 4121 3178 4157 a
3231 4104 3540 4175 Septembri
3581 4122 3767 4161 mense
3816 4107 4024 4161 subdu-

2452 4210 2577 4249 cere
2607 4210 2666 4249 se
2706 4194 2996 4250 manifeste
3042 4196 3267 4261 indicat,
3306 4213 3428 4250 cum
3474 4213 3617 4251 anno
3652 4196 3886 4251 Heraclii
3936 4213 4028 4252 se-

2454 4286 2693 4341 cundum
2724 4287 2995 4340 calculum
3023 4286 3141 4355 ejus
3176 4290 3355 4351 tertio,
3405 4290 3497 4342 sed
3536 4289 3833 4343 secundum
3886 4291 4028 4342 veri-

2454 4389 2620 4435 tatem
2695 4386 2748 4433 et
2815 4382 3090 4448 publicam
3164 4381 3442 4436 seribendi
3500 4380 3785 4434 formulam
3853 4381 4030 4435 adhuc

2457 4472 2724 4535 secundo,
2762 4480 2952 4526 narrat
2977 4468 3388 4527 co’ronationem
3422 4472 3740 4543 Epiphania:
3771 4489 3798 4527 a
3840 4473 4030 4541 Sergio

2388 4576 2429 4630 ο
2460 4565 2776 4635 patriarcha
2811 4564 3007 4617 factam
3047 4581 3065 4615 ι
3115 4566 3321 4619 mensis
3369 4566 3627 4619 Octobris
3657 4565 3747 4619 dic
3796 4567 3849 4628 4,
3888 4564 4032 4619 ludi-

2459 4659 2639 4713 ctione
2672 4658 2721 4712 1.
2771 4677 2790 4708 ι
2845 4657 2909 4711 Et
2943 4656 3132 4712 eodem
3166 4657 3425 4727 deinceps
3471 4673 3633 4727 passu
3668 4659 4031 4727 progreditur.

2458 4752 2769 4809 Chronicon
2804 4766 2933 4806 vero
2971 4749 3351 4820 supradictum
3384 4752 3486 4806 sub
3516 4751 3581 4806 15
3616 4751 3913 4805 indictione
3952 4752 4034 4803 fa-

2460 4858 2604 4903 ctum
2634 4844 2765 4900 illud
2795 4845 2976 4899 adhuc
3007 4845 3326 4913 relinquens
3354 4884 3370 4908 ,
3404 4844 3575 4912 ipsam
3615 4843 3824 4896 videtur
3863 4858 4037 4911 usque

2460 4937 2531 4993 ad
2555 4935 2879 4991 Januarium
2930 4934 3286 5004 protrahere:
3318 4931 3518 4985 deinde
3552 4946 3681 4985 vero
3716 4932 3863 4985 clare
3897 4930 4036 4984 indi-

2461 5039 2574 5097 cat,
2611 5046 2721 5084 non
2784 5028 2929 5083 idem
2992 5042 3261 5082 annorum
3299 5026 3512 5097 imperii
3564 5035 3617 5081 et
3672 5026 4038 5081 indictionum

2465 5122 2676 5180 censeri
2735 5122 2975 5184 initium,
3025 5121 3257 5189 ideoque
3315 5133 3460 5173 anno
3514 5126 3639 5187 post
3690 5120 4037 5172 consulatum

2466 5217 2700 5273 lleraelii
2735 5216 2857 5280 111,
2899 5230 3023 5270 cum
3064 5214 3119 5267 11
3162 5213 3461 5266 imlictione
3495 5212 3813 5279 conjuncta,
3849 5215 4042 5265 subneo

2467 5321 2621 5366 ctens
2669 5316 2823 5379 gesta
2856 5307 2945 5361 die
2982 5306 3072 5367 H,
3102 5304 3335 5374 Gorpiaei
3386 5304 3611 5367 mensis,
3654 5304 3746 5372 qui
3783 5303 4045 5357 Romanis

2467 5412 2552 5460 est
2583 5402 2923 5473 September,
2950 5414 3209 5469 expresse
3245 5398 3310 5451 iis
3355 5396 3878 5456 additindictionem
3919 5395 4043 5449 111.

2471 5495 2546 5549 Ex
2581 5509 2691 5563 quo
2723 5499 2911 5562 posset
2942 5504 3290 5557 consequens
3344 5486 3579 5541 censeri.
3608 5487 3718 5553 jam
3768 5495 3881 5538 tum
3920 5502 4046 5553 pro-

2472 5598 2591 5659 pter
2620 5593 2965 5655 emergentes
3015 5599 3080 5637 ει
3125 5589 3541 5650 przemoustrata
3576 5580 3873 5631 mulatione
3908 5576 4047 5631 dfli-

2474 5680 2731 5741 cultatcs,
2790 5674 3052 5731 reductas
3085 5674 3258 5727 fuisse
3312 5673 3375 5726 ad
3430 5673 3643 5725 initium
3709 5671 4045 5740 Septembris

2476 5771 2838 5832 indictioncs,
2873 5768 2978 5821 nisi
3026 5767 3077 5819 in
3138 5763 3329 5819 eodem
3383 5763 3683 5826 Chronico,
3736 5778 3858 5816 mox
3906 5776 4047 5814 anno

2480 5866 2727 5934 sequenti
2769 5878 2893 5918 cum
2925 5859 3013 5913 111
3056 5857 3352 5913 indictione
3384 5868 3693 5925 compaiatu
3728 5864 4043 5916 rctcrrctur,
