4440 6446
428 376 555 441 1181

1443 390 1613 449 GOD.
1662 391 2136 453 HENSCHENII
2183 388 2707 468 DlSSEIiTATIO.

3580 406 3716 471 118.9.

427 493 557 561 quid
590 508 655 547 eo
711 509 856 550 anno
913 498 1143 568 cmperit
1196 499 1338 557 inter
1400 503 1744 572 psallendum
1804 506 2089 565 servariA
2122 511 2312 581 Πάσχα.
2346 530 2539 585 magna
2593 516 2839 587 paschali
2879 516 3230 572 solemnitate
3275 515 3411 573 feria
3457 515 3511 572 ἃ.
3557 537 3574 569 ι
3630 517 3708 572 Ita

428 601 447 633 ι
491 600 522 639 a
557 587 729 654 prima
773 584 1120 655 Jejuniorum
1171 590 1511 649 hebdomade
1556 594 1858 652 indictione
1888 597 1942 652 4.
1984 616 2002 649 ι

423 675 564 742 Quid
591 679 613 730 ?
646 693 713 731 an
742 678 855 748 jam
886 688 998 733 tum
1030 694 1154 736 cum
1201 684 1359 739 initio
1391 684 1573 741 Martii
1605 689 1839 759 (Pascha
1866 691 2012 744 enim

420 769 491 824 20
538 770 741 840 Aprilis
782 773 1236 846 exspectabatur)
1285 779 1502 849 incepta
1546 790 1665 836 erat
1700 797 1841 837 nova
1879 783 2016 837 indi-

422 864 554 929 ctio,
615 871 670 918 et
721 881 855 934 pene
905 870 1105 921 iterum
1165 870 1498 928 indictiones
1547 857 1701 930 duae‘
1740 876 1795 930 in
1844 892 2013 930 unum

424 968 628 1007 annum
663 960 1212 1027 compingebantur?
1259 963 1447 1020 Potius
1493 968 1781 1037 scriptoris
1818 968 2015 1024 mendo

423 1046 456 1099 4
491 1061 587 1114 pro
622 1047 709 1101 ill
774 1048 1066 1119 irrepsisse
1106 1055 1446 1111 credemus?
1495 1058 1573 1111 lta
1602 1068 1748 1113 certe
1781 1059 2015 1115 suadent

425 1153 694 1191 annorum
733 1143 1103 1208 posteriorum
1148 1147 1421 1216 exempla,
1457 1150 1667 1202 nullum
1706 1166 1817 1205 non
1860 1166 2010 1206 men-

426 1247 540 1285 sem
591 1232 899 1302 Septembri
933 1238 1177 1306 priorem
1206 1238 1273 1293 ad
1312 1243 1560 1297 eamdem
1606 1244 1897 1299 referentia
1934 1245 2018 1299 in.

427 1324 755 1392 dictionem,
796 1344 902 1394 qua
935 1346 1114 1385 annus
1147 1335 1499 1404 imperatoris
1526 1337 1799 1406 signatur.

492 1416 584 1470 26.
615 1417 726 1473 lloc
757 1421 924 1489 igitur
946 1423 1213 1492 praecitati
1255 1425 1507 1480 chr0uici
1540 1428 1739 1481 mendo
1770 1427 2016 1484 admisso

424 1518 803 1579 corrertoque,
839 1512 948 1566 diei
994 1523 1197 1583 potest,
1243 1518 1404 1569 tertio
1439 1532 1560 1587 posr
1600 1516 1838 1572 Ileraclii
1869 1534 2017 1573 .con-

425 1603 664 1657 sulatum
696 1620 842 1659 anno
860 1606 1041 1662 adhuc
1075 1618 1332 1663 currente
1362 1626 1535 1681 usque
1562 1612 1626 1665 ad
1662 1609 2013 1676 Januarium,

424 1696 607 1751 denuo
641 1699 875 1765 coepisse
927 1701 1259 1757 indictiones
1290 1720 1318 1757 a
1360 1702 1668 1773 Septembri
1711 1706 2011 1761 numerari.

424 1788 584 1843 Certe
618 1804 810 1858 praeter
848 1792 960 1860 jam
998 1794 1205 1849 dictum
1246 1796 1448 1855 locum,
1487 1812 1646 1865 quem
1689 1799 2011 1853 mendosum

2123 608 2394 676 interpres
2427 627 2439 663 :
2486 626 2674 665 verum
2703 610 2750 666 si
2777 626 2841 666 ex
2877 611 3006 664 anni
3045 619 3100 665 et
3132 609 3454 667 indictionis
3503 612 3712 667 indicio

2122 701 2411 769 requiras,
2473 704 2599 772 quis
2656 704 2776 758 dies
2832 701 3009 757 fuerit
3059 704 3127 757 14
3178 703 3418 772 Aprilis,
3468 703 3713 775 invenies

2119 789 2289 861 Cyclo
2317 792 2457 847 luna:
2488 794 2574 859 17,
2614 794 2749 850 solis
2775 793 2870 859 24,-
2907 794 3083 863 ipsam
3105 792 3445 848 Dominicam
3476 792 3716 848 Pasehao

2120 884 2191 939 tis
2226 884 2394 940 fuisse
2419 905 2443 964 τι
2477 901 2649 955 quare
2675 902 2997 957 expungens
3051 886 3113 939 τὸ
3149 884 3415 955 πέμπτῃ,
3460 886 3713 956 imperita

2120 994 2285 1033 manu
2339 983 2529 1035 nescio
2585 980 2729 1036 unde
2779 982 3076 1052 adjectum,
3124 982 3199 1036 ita
3240 983 3449 1036 clarum
3487 997 3709 1037 sensum

2121 1070 2313 1127 Latine
2346 1072 2573 1127 reddes:
2621 1075 2963 1130 «Coronatus
2988 1084 3072 1131 est
3107 1116 3120 1130 .
3154 1114 3170 1130 .
3206 1116 3221 1132 .
3248 1075 3367 1145 ipsa
3396 1075 3483 1131 die
3519 1090 3710 1145 magna

2118 1164 2446 1223 Paschatis:
2483 1187 2503 1219 ι
2539 1184 2648 1237 quo
2672 1169 2931 1239 loquendi
2967 1170 3128 1224 modo
3169 1170 3309 1224 nihil
3351 1180 3436 1225 est
3469 1168 3711 1223 fairiiliao

2119 1259 2236 1315 rius
2265 1258 2473 1315 Graecis
2496 1262 2561 1315 de
2587 1260 2857 1317 Paschate
2880 1260 3194 1332 agentibus.

2188 1370 2247 1409 ιι.
2303 1355 2496 1408 Annus
2542 1354 2644 1410 536
2699 1358 2775 1409 ita
2820 1354 3059 1423 incipit:
3095 1372 3113 1404 ι
3151 1352 3262 1407 Hoc
3306 1368 3450 1407 anno
3498 1355 3709 1418 mensis

2117 1447 2458 1516 Septembris
2491 1459 2646 1502 sexto
2700 1446 3198 1512 die,hebdomadis
3232 1446 3409 1515 primo
3439 1446 3709 1498 ἱνδικτιῶο

2118 1556 2206 1601 νος
2251 1540 2511 1609 ἑϐδόμης,
2549 1548 2606 1593 ιιι
2640 1552 2724 1595 est
2765 1541 2818 1593 in
2852 1540 3038 1593 Graaco
3072 1555 3086 1592 :
3134 1554 3241 1593 non
3294 1539 3461 1608 igitur
3492 1538 3712 1592 erudito

2120 1633 2407 1701 interpreti
2436 1632 2566 1687 vitio
2592 1638 2859 1695 vertatur,
2905 1631 3049 1701 quod
3098 1631 3312 1685 librarii
3357 1632 3709 1700 praecipitan-

2122 1724 2196 1777 tia
2265 1722 2455 1778 Latine
2513 1725 2827 1803 inveniatur
2897 1724 3250 1778 «indictione
3322 1726 3539 1792 prima;
3615 1722 3711 1777 sed

2122 1820 2331 1888 legatur
2369 1819 2597 1889 septima
2633 1836 2647 1871 :
2684 1835 2702 1869 ι
2748 1828 2801 1872 et
2831 1817 3049 1871 debitus
3084 1818 3228 1871 inter
3265 1817 3627 1871 liltlit'llonelll
3678 1818 3711 1871 5

423 1897 543 1935 esse
571 1884 938 1952 suspitamur,
975 1887 1108 1940 nihil
1136 1897 1313 1957 potest
1346 1887 1547 1955 afferri,
1592 1906 1703 1959 quo
1734 1892 2012 1945 sustineas
2049 1870 2090 1925 Β
2122 1873 2249 1964 min,
2285 1910 2409 1972 554,
2434 1870 2501 1965 rei
2547 1910 2905 1964 ίηαίειίοηρω
2951 1910 3005 1963 ιι
3061 1908 3189 1962 αηῃῇ
3220 1909 3325 1962 5.ίο
3357 1909 3492 1963 ordo
3523 1924 3702 1963 sena.

424 1966 567 2028 ultra
600 1991 726 2029 eum
767 1992 973 2032 annum
1021 1978 1194 2035 fuisse
1239 1980 1504 2036 Januario
1556 1984 1879 2037 attribwum
1933 1986 2013 2037 in-

424 2070 681 2124 dietionis
731 2072 1071 2128 exordium:
1116 2076 1290 2129 multo
1342 2077 1546 2142 minus,
1601 2078 1767 2131 etiam
1822 2094 2013 2135 mense

423 2160 619 2216 Martio
645 2163 942 2233 aliquando
972 2166 1118 2220 illam
1148 2167 1462 2222 inchoatam
1499 2167 1690 2223 fuisse.
1722 2167 1858 2223 Nam
1888 2170 2013 2224 licet

422 2256 588 2309 verba
621 2256 854 2313 lleraclii
892 2261 945 2313 in
983 2261 1214 2330 epistola
1252 2277 1398 2317 anno
1448 2264 1553 2319 6‘28
1597 2264 1800 2333 scripta
1838 2265 1903 2335 τῇ
1934 2262 2015 2316 κδ’

420 2344 513 2398 τοῦ
545 2348 903 2419 παρελθόντος
934 2352 1358 2435 Φευϐροραρίςου,
1397 2355 1489 2423 τῆς
1510 2356 1868 2426 ἐνισταμένης
1892 2358 2011 2408 ἐπι-

420 2440 728 2509 νεμήσεως,
748 2442 1021 2512 interpres
1043 2448 1287 2511 verterit,
1311 2465 1327 2498 ι
1350 2447 1419 2500 24
1442 2448 1723 2504 Februarii
1754 2448 2009 2521 prattcriti

424 2533 653 2596 mensis,
688 2535 930 2590 instante
967 2536 1079 2605 jam
1110 2537 1289 2606 prima
1321 2539 1643 2607 indictione,
1680 2545 2011 2614 nquasiad-

423 2626 531 2680 huc
572 2625 762 2682 futura
814 2638 961 2684 esset
1017 2630 1267 2697 indictio,
1319 2650 1443 2704 quae
1493 2635 1704 2705 pridem
1756 2636 2011 2692 inchoata

416 2716 527 2786 jam
567 2717 737 2775 fluere
766 2720 1023 2789 debebat,
1051 2725 1354 2778 secundum
1378 2727 1719 2782 ordinarium
1749 2728 2010 2797 Cyclum:

418 2813 622 2866 erravit
685 2821 865 2868 tamen
923 2816 1238 2883 manifeste,
1289 2818 1437 2886 quod
1483 2821 1759 2889 putaverit
1814 2822 2011 2892 ὲπινη-

423 2904 581 2974 μέσιν
631 2906 721 2959 hic
758 2908 1072 2977 significare
1106 2910 1485 2967 indictioncm.
1535 2912 1819 2983 Nusquam
1863 2916 2009 2969 enim

421 3000 501 3052 vel
536 3000 623 3055 hic
658 3001 739 3055 vel
772 3002 919 3057 alius
957 3014 1153 3059 auctor
1174 3004 1333 3060 aliter
1355 3021 1475 3059 eam
1512 3008 2008 3078 appellavit,quam

428 3093 622 3150 Latino
661 3098 883 3154 nomine
906 3098 1261 3163 Ἰνδικτιῶνος
1291 3105 1393 3171 (y).
1431 3086 1617 3171 igitur,
1665 3115 1723 3158 ut
1765 3103 2001 3161 Heraclii

425 3190 710 3255 epistolam
741 3201 892 3245 recte
919 3192 1215 3263 intelligas,
1241 3196 1337 3263 τῆς
1358 3197 1716 3267 ἐνισταμένης
1743 3200 2002 3266 ἐτανεμή-
2038 3231 2086 3286 C

429 3298 566 3344 saw;
604 3282 705 3353 (sic
738 3286 887 3338 enim
935 3286 1241 3354 legendum)
1298 3292 1630 3345 reddendum
1681 3293 1875 3346 Latine
1922 3304 2000 3348 est

430 3388 451 3419 ι
488 3370 724 3426 instante
745 3372 858 3440 jam
890 3374 1064 3438 primo
1085 3390 1212 3430 vere
1238 3390 1336 3431 seu
1362 3380 1531 3446 prima
1561 3381 1950 3449 pabulatione;
1978 3401 1997 3434 ›

418 3466 499 3510 est
517 3460 661 3511 enim
686 3460 1241 3532 ἐπινέμησιςγεῖὶιιιιε
1262 3466 1331 3519 ab
1353 3465 1625 3537 ὲπινέμω,
1643 3467 2007 3524 luxuriantem

418 3551 470 3604 in
509 3551 635 3605 folia
669 3566 969 3608 sementem
1005 3557 1298 3627 depascor.
1326 3578 1346 3611 ι
1381 3558 1494 3613 Hoc
1521 3570 1701 3615 autem
1741 3565 1925 3617 statim
1954 3564 2007 3617 in

416 3635 612 3698 Martio
665 3645 973 3701 faciendum
1011 3659 1091 3704 est
1138 3650 1192 3703 in
1229 3652 1335 3705 illis
1363 3652 1721 3709 calidioribus
1764 3657 2007 3725 regioni-

420 3741 519 3792 bus
555 3756 568 3791 :
621 3748 674 3794 et
722 3740 825 3795 hoc
864 3750 1078 3812 tempus
1114 3743 1213 3798 fuit
1249 3755 1479 3811 ,moturo
1514 3748 1566 3800 in
1619 3759 1827 3817 patrem
1864 3748 2006 3804 Siroi

418 3833 730 3885 necessario
751 3836 1203 3902 exspectandum,
1240 3849 1307 3892 ne
1338 3838 1553 3893 defectu
1596 3842 1780 3911 pabuli
1815 3844 2006 3897 defice-

415 3928 535 3973 rent
573 3936 666 3990 per
696 3923 891 3979 hiemis
925 3928 1299 3994 asperitatem,
1328 3932 1452 4000 equi
1483 3933 1534 3985 in
1573 3935 1773 4002 quibus
1810 3937 2007 4004 prteri-

416 4028 579 4079 puum
610 4013 898 4070 Persarum
926 4019 1115 4083 robur,
1150 4032 1201 4075 et
1232 4038 1357 4091 spes
1380 4026 1723 4094 opprimendi
1750 4029 2007 4084 celeriter

417 4106 674 4161 thosrois
707 4119 819 4164 tota
855 4121 974 4166 erat
1003 4117 1327 4172 constituta.

1020 4224 1250 4283 CAPUT
1323 4229 1385 4285 ν.

418 4323 675 4409 Q“f'."“""
695 4333 1087 4409 f.’"°"_°l°flica
1110 4341 1297 4394 menda
1332 4358 1424 4409 per
1456 4344 1800 4398 librariorum
1824 4363 2004 4400 socor-

482 4397 627 4451 diam
692 4397 990 4477 Theophani
1043 4422 1283 4477 aspersa.
1332 4397 1383 4467 'et
1414 4416 1476 4467 ab
1517 4397 1663 4470 aliis,
1690 4434 1794 4471 non
1829 4397 2005 4470 obser-

484 4483 631 4558 rata:
706 4474 981 4530 Annorum
1058 4474 1309 4537 M'auritiz'
1379 4487 1717 4555 imperatoris
1801 4488 2001 4558 duplex

483 4542 702 4607 cpocha.

483 4655 573 4711 27.
614 4657 805 4715 Restat
859 4680 1027 4729 nunc,
1059 4676 1118 4721 nt
1159 4671 1383 4726 omissis
1431 4673 1665 4726 aliormn
1711 4683 1997 4727 auctorum

415 4747 494 4797 vel
526 4748 882 4818 interpretum
904 4757 1141 4822 mendis,
1172 4777 1406 4829 quorum
1431 4766 1703 4819 correctio
1730 4765 1794 4818 ad
1819 4764 1997 4820 Theo-

413 4838 648 4905 phanem
728 4845 1118 4904 illustrandum
1196 4852 1326 4907 facit
1373 4855 1531 4921 nihil,
1583 4859 1998 4914 observationes

411 4934 703 4990 cbronieas
732 4979 745 5000 ,
778 4957 899 5007 qtmz
932 4945 1176 5011 priorum
1198 4959 1713 5019 commentatorum
1746 4954 1999 5009 videntur

413 5026 617 5095 fugisse
654 5030 1012 5099 diligentiam,
1052 5040 1322 5109 nobisque
1358 5044 1515 5096 aliud
1572 5047 1861 5114 agentibus
1904 5065 1997 5104 oc-

411 5128 726 5184 currerunt,
766 5123 817 5175 in
851 5127 1084 5192 gratiam
1115 5132 1319 5185 curiosi
1360 5116 1580 5189 lectoris
1618 5137 1945 5193 adnotemus
1978 5182 1993 5206 ,

414 5218 469 5260 ut
515 5212 558 5263 si
591 5214 715 5281 quis
766 5220 1065 5273 auctorem‘
1102 5225 1397 5292 Optimum,
1442 5227 1613 5282 forma
1652 5238 1705 5284 et
1735 5235 1896 5287 modo
1927 5234 1994 5289 ad

411 5317 564 5354 nsum
599 5304 873 5373 publicum
902 5314 1257 5367 commodiori
1281 5318 1408 5370 velit
1430 5320 1680 5375 emittere
1711 5323 1761 5376 in
1794 5325 1991 5394 lucem,

408 5395 753 5462 propriisque
780 5404 1230 5460 annotationibus
1277 5424 1342 5461 ex
1388 5425 1488 5465 sua
1520 5425 1571 5467 et
1604 5415 1834 5468 aliorum
1866 5418 1992 5471 dili-

409 5488 590 5553 gentia
644 5488 985 5563 depromptis
1028 5497 1325 5562 illustrare,
1377 5502 1517 5558 hanc
1567 5522 1787 5578 quoque
1840 5526 1994 5565 race-

412 5588 707 5635 mattonem
746 5594 988 5641 nostram
1021 5590 1087 5641 ad
1126 5608 1345 5647 manum
1383 5597 1598 5653 habeat.

478 5670 664 5725 Primo
693 5690 873 5732 annus
910 5682 1314 5741 Alexandrinus
1355 5688 1459 5743 485
1498 5692 1579 5747 sic
1610 5694 1985 5749 concluditur:

414 5782 430 5812 ι
468 5762 778 5823 Coronatus
820 5779 902 5826 est
935 5775 1283 5843 Anastasius,
1333 5782 1557 5850 pra-fata
1598 5786 1895 5843 indictione
1924 5793 1989 5846 11

409 5857 612 5913 mensis
676 5864 882 5930 Aprilis
915 5907 927 5930 ,
993 5869 1172 5942 ἡμέρᾳ
1217 5873 1442 5948 πέμπτῃ
1495 5878 1571 5949 ’τῇ
1640 5882 1849 5953 μεγάλῃ
1890 5883 1984 5936 τσῦ

1934 4640 1941 4643 ν
2023 4564 2077 4622 D

2125 2015 2213 2058 lus
2253 2004 2587 2057 invenietur.

2196 2115 2278 2153 ιιι.
2340 2101 2500 2153 Anno
2537 2098 2642 2152 542
2669 2107 2794 2168 post
2823 2096 3088 2160 medium,
3122 2114 3140 2147 ‹
3181 2094 3338 2150 ίΕὰῑε
3377 2094 3707 2150 Sanctorum

2120 2191 2509 2261 Apbstolorum
2574 2192 2923 2244 consecratio
2976 2190 3122 2244 facta
3165 2190 3371 2244 dicitur
3420 2189 3527 2245 CP.
3579 2189 3709 2244 Julii

2122 2284 2326 2338 mensis
2371 2282 2460 2336 die
2496 2282 2588 2347 28,
2624 2282 2784 2335 tertia
2830 2280 3003 2334 feria:
3047 2300 3064 2331 ι
3124 2281 3213 2335 ubi
3246 2281 3297 2334 in
3332 2280 3519 2334 Graeco
3554 2296 3711 2350 teque

2119 2391 2183 2431 ac
2210 2376 2405 2430 Latino
2437 2385 2587 2430 textu
2621 2374 2822 2429 Junius
2848 2374 3054 2429 mensis
3087 2384 3233 2430 esset
3282 2376 3708 2430 substituendus

2119 2484 2216 2538 pro
2244 2467 2414 2534 Julio,
2444 2477 2503 2521 ut
2543 2468 2712 2539 Cyelo
2759 2468 2895 2523 solis
2932 2467 3022 2531 27,
3049 2468 3231 2521 littera
3282 2468 3606 2540 meinicali
3646 2469 3706 2534 l3,

2117 2563 2258 2626 dies,
2284 2562 2510 2626 mensis,
2536 2571 2590 2615 et
2621 2560 2978 2616 hebdomadis
3007 2562 3141 2616 feria
3165 2570 3314 2616 recte
3339 2562 3708 2618 conveniant:

2118 2657 2303 2725 itaque
2335 2654 2663 2710 Anastasius
2698 2655 3157 2710 bibliothecarius
3205 2657 3268 2709 ad
3314 2671 3515 2709 annum
3565 2672 3709 2725 prteo

2119 2749 2285 2802 fatmn
2320 2748 2450 2818 legit
2476 2758 2528 2803 et
2566 2749 2749 2811 vertit,
2782 2748 2886 2803 nisi
2921 2748 3067 2817 quod
3116 2750 3169 2803 in
3216 2747 3511 2803 Parisiensi
3558 2749 3707 2819 regia

2115 2840 2355 2894 editione
2386 2842 2874 2910 typographorum
2935 2840 3148 2893 incuria
3199 2841 3253 2893 in
3302 2840 3465 2893 annis
3515 2826 3703 2892 Mundi

2114 2946 2168 2987 et
2219 2932 2425 2987 Christi
2481 2935 2549 2987 46
2614 2949 2711 3001 pro
2759 2933 2829 2986 ἀεὶ
2878 2934 3109 3002 legatur,
3145 2948 3210 2986 cx
3250 2932 3705 2987 anteeedentibul

2115 3034 2170 3080 et
2213 3026 2684 3094 consequentibus
2721 3026 2864 3080 haud
2908 3026 3206 3082 diﬂiculter
3244 3026 3572 3098 corrigendo
3613 3039 3703 3078 er-

2121 3133 2268 3171 ι·οι“θ.

2194 3223 2266 3262 tv.
2309 3209 2525 3261 Annum
2569 3209 2812 3277 proxime
2836 3217 3155 3278 sequentem
3190 3208 3244 3261 in
3278 3206 3468 3263 Graeco
3497 3206 3704 3276 pariter

2114 3306 2169 3349 et
2226 3298 2392 3350 latino
2456 3306 2604 3351 textu
2674 3296 2918 3352 Narsetis
2981 3299 3246 3353 adversus
3300 3299 3531 3352 Gotthos
3578 3314 3704 3367 pro-

2113 3388 2275 3444 fectio
2308 3390 2519 3458 incipit,
2550 3399 2602 3443 et
2646 3391 2900 3461 signatur
2943 3412 2963 3441 σ
3000 3392 3307 3445 lndietione
3342 3398 3539 3460 quarta
3588 3390 3703 3444 sive

2111 3483 2151 3535 δ’
2187 3500 2199 3536 :
2239 3502 2257 3534 ι
2313 3484 2408 3537 sed
2465 3499 2530 3537 ex
2587 3500 2753 3547 anno,
2793 3501 2955 3553 quem
2995 3484 3309 3538 immediate
3336 3493 3455 3553 post
3501 3502 3517 3533 ε
3555 3482 3701 3536 ludi-

2109 3576 2218 3628 ctio
2255 3575 2467 3629 decima
2505 3576 2718 3646 quinta,
2755 3595 2772 3626 ι
2812 3574 2868 3628 ιε’
2912 3587 3062 3630 notat
3109 3576 3267 3630 facile
3294 3574 3699 3644 deprehendes,

2110 3671 2462 3737 quantumvis
2493 3670 2637 3724 fores
2670 3670 2791 3722 aliis
2815 3668 3166 3723 adminiculis
3190 3670 3509 3733 destitutus,
3540 3669 3700 3723 unius

2108 3762 2259 3816 cifrte
2324 3762 2600 3816 defectmn
2657 3764 3050 3833 supplendum,
3118 3764 3520 3833 legendumque
3574 3777 3699 3818 esse

2114 3872 2130 3905 ι
2175 3854 2477 3908 Indictione
2516 3855 2724 3908 decima
2759 3866 2978 3925 quarta,
3016 3854 3099 3910 ιδ’.
3133 3875 3150 3906 ι

2180 3963 2235 3999 v.
2281 3945 2517 4000 Eeontra
2574 3948 2627 4001 in
2691 3963 2836 4002 anno
2878 3948 3002 4011 516.
3065 3948 3159 4002 ubi
3214 3967 3232 3998 ‹
3278 3946 3602 4002 llnrrcmlus
3641 3948 3695 4000 in

2111 4043 2243 4095 urbe
2288 4041 2393 4098 (11‘.
2450 4052 2608 4095 terra:
2656 4054 2840 4097 motus
2906 4044 3176 4098 accidisse
3236 4045 3441 4097 dicitur
3492 4045 3697 4098 mensis

2107 4135 2335 4203 Augusti
2372 4116 2588 4189 decimo
2620 4137 2831 4202 quinto,
2874 4145 2956 4201 ιε’,
3010 4149 3255 4205 tempore
3320 4138 3698 4193 illuccseentis

2102 4229 2214 4299 jam
2256 4228 2555 4283 Dominieae
2608 4231 2711 4282 diei
2760 4239 2883 4298 post
2935 4230 3168 4282 mediam
3237 4241 3479 4296 noctem,
3523 4252 3539 4283 ι
3577 4232 3697 4301 lege

2107 4318 2249 4371 diem
2284 4319 2490 4371 mensis
2536 4319 2886 4372 solummodo
2940 4320 3234 4385 decimum,
3284 4327 3334 4383 ι’,
3370 4322 3495 4390 quia
3528 4323 3695 4393 Cyclo

2107 4413 2239 4466 solis
2267 4410 2322 4475 ‘2,
2352 4410 2528 4463 littera
2560 4410 2881 4465 hominicali
2911 4410 2971 4478 Ε,
3003 4415 3054 4467 in
3094 4413 3236 4470 diem
3274 4413 3357 4481 t0,
3393 4430 3500 4469 non
3543 4415 3595 4469 in
3627 4416 3694 4470 15

2107 4503 2411 4555 υίιιιιίιιίρεῗ
2433 4503 2727 4558 inridebat.

2174 4611 2249 4647 vt.
2288 4594 2448 4647 Anno
2477 4596 2600 4657 551,
2636 4615 2652 4645 ι
2692 4595 2749 4648 In
2787 4596 2975 4675 Magna
3023 4599 3252 4653 eer-lesia
3298 4599 3692 4656 Constantino-

2102 4688 2342 4757 politano
2377 4689 2571 4754 Tralli,
2596 4691 2705 4757 jam
2742 4709 2877 4760 pene
2909 4694 3025 4748 suis
3057 4696 3314 4751 omnibus
3348 4699 3691 4768 ornamentis

2105 4782 2378 4841 instructi;
2421 4798 2544 4850 pars
2590 4785 2935 4851 orientalior,
2968 4787 3275 4843 collabente
3325 4791 3388 4842 ad
3433 4798 3687 4844 sanctttm

2102 4875 2272 4928 altare
2310 4877 2601 4939 testudine,
2636 4877 2688 4930 in
2724 4887 2923 4931 terram
2959 4880 3230 4933 decidisse
3265 4882 3482 4951 legitur,
3532 4900 3688 4938 men-

2102 4967 2179 5022 sis
2207 4966 2327 5021 .\Iaii
2366 4969 2453 5021 die
2486 4969 2741 5038 septimo,
2782 4974 3138 5027 hebdomadis
3174 4976 3357 5037 tertio,
3395 4975 3488 5028 ubi
3538 4977 3684 5031 diem

2101 5061 2306 5115 mensis
2343 5061 2669 5131 vigesimum
2731 5065 3027 5133 septimum
3077 5074 3135 5117 ut
3166 5066 3336 5136 legas,
3402 5069 3483 5120 vel
3538 5068 3683 5122 diem

2101 5155 2455 5211 hebdomadis
2515 5166 2772 5230 quartum
2835 5159 2989 5227 jubet
3046 5159 3224 5214 littera
3268 5160 3563 5217 Domicalis
3620 5160 3681 5228 Β,

2097 5246 2261 5317 Cyclo
2292 5248 2422 5301 solis
2459 5249 2545 5303 15.
2588 5269 2604 5301 ι
2644 5249 2939 5319 Praeplacet
2973 5261 3154 5305 autem
3190 5254 3337 5320 prior
3365 5254 3634 5308 correctio
3659 5293 3674 5318 ,

2096 5339 2221 5405 quia
2284 5339 2337 5392 in
2396 5343 2542 5397 notis
2591 5343 2969 5399 numerali'ous
3034 5344 3253 5399 facilius
3307 5356 3390 5399 est
3440 5347 3675 5401 litteram

2098 5443 2258 5481 unam
2302 5430 2502 5493 omitti,
2556 5446 2717 5499 quam
2755 5432 3002 5486 diversas
3037 5436 3178 5485 inter
3233 5449 3291 5487 se
3325 5437 3672 5488 connnntari.

2164 5536 2263 5575 vn.
2290 5522 2448 5575 Anno
2480 5523 2584 5575 63:7.
2632 5524 2747 5593 (qui
2783 5533 3005 5593 propter
3037 5523 3468 5581 demonstratam
3509 5542 3674 5597 supe-

2093 5610 2210 5665 rius
2253 5614 2417 5667 uuius
2452 5614 2580 5666 anni
2618 5616 2978 5669 Alexandrini
3012 5617 3436 5684 expunctioucm
3468 5616 3675 5672 Janua-

2092 5704 2234 5757 rinm
2272 5722 2515 5760 mensem
2548 5722 2672 5759 eum
2710 5719 2897 5762 nostro
2928 5708 3023 5762 651
3080 5710 3243 5763 habet
3299 5712 3671 5777 communem)

2098 5811 2114 5842 ι
2157 5793 2512 5847 lndirtionel
2556 5794 2883 5851 Novembris
2916 5797 2946 5849 7
3001 5796 3253 5851 lleraclio
3306 5797 3471 5851 David
3525 5798 3669 5855 filius

2090 5898 2251 5943 natus
2298 5900 2399 5943 est.
2440 5888 2641 5945 Eodem
2690 5907 2907 5961 quoque
2965 5893 3050 5948 die
3105 5891 3389 5949 ller'aclius
3446 5892 3664 5948 lleracli
