4440 6446
838 452 973 512 1183

1744 455 1837 514 DE
1874 457 1932 513 S.
1967 453 2451 515 THEOPHANIS
2488 456 3133 552 CHBONOGRAHIIA

3919 462 4056 524 “8‘

838 572 1006 624 nepos
1040 559 1090 609 in
1133 559 1305 612 lucem
1336 560 1506 621 venit,
1531 569 1585 613 et
1617 575 1643 612 a
1677 560 1867 629 Sergio
1898 561 1984 614 die
2009 560 2044 613 3
2076 559 2394 616 Novembris
2426 566 2468 618 Δ
2500 563 2520 614 l
2553 562 2695 617 diem
2728 563 2904 618 Martii
2932 580 2946 621 :
2991 573 3048 620 ut
3085 567 3252 636 igitur
3283 580 3392 621 non
3417 567 4058 636 errarerit'l'hcopltanes

839 646 1157 700 indictionis
1192 648 1244 709 5,
1280 650 1586 717 baptizatur
1633 649 1686 702 in
1716 649 2072 704 Blachernis:
2116 671 2133 700 ι
2187 666 2307 718 quae
2334 667 2402 706 ne

840 739 980 789 inter
1012 754 1069 790 se
1105 749 1363 806 pugnent,
1399 741 1452 792 in
1484 743 1588 792 line
1619 743 1698 794 sic
1741 743 2002 806 mutabis,
2033 743 2126 795 καὶ
2175 742 2402 795 ἐϐαπτί-

847 828 946 894 σθη
994 829 1050 879 ἐν
1098 829 1420 898 Βλαχέρναις
1454 832 1559 883 om
1609 832 1832 899 Σεργίου
1865 835 2201 903 πατριάρχου
2259 837 2320 903 τῇ
2361 834 2402 887 δ’

841 918 1148 982 ἱνδικτιιῗλνι,
1183 921 1312 988 μ.τηί
1341 921 1634 991 Νοεμόρῖῳ
1678 922 1767 990 ιγ’.
1819 944 1836 974 ι
1886 925 1950 978 ΕΙ.
1984 926 2289 993 baptizatus
2321 935 2404 980 est

841 1010 891 1059 in
934 1009 1261 1071 ,Blachernis
1299 1026 1324 1062 a
1373 1010 1564 1080 Sergio
1617 1014 1949 1082 patriarcha,
2007 1015 2299 1070 indictione
2347 1018 2400 1080 ti,

841 1101 1047 1152 mensis
1085 1101 1405 1155 Novembris
1433 1103 1520 1156 dic
1556 1103 1641 1157 15.
1681 1122 1700 1153 a

914 1205 1028 1242 vltt.
1065 1189 1250 1243 Tertio
1302 1202 1423 1260 post
1478 1193 1593 1246 haec
1650 1207 1816 1252 anno.
1867 1194 2248 1250 Alexandrinis
2279 1195 2401 1261 626,

843 1280 1001 1332 nobis
1030 1279 1153 1341 655,
1184 1290 1437 1333 narratur
1475 1278 1740 1348 pra-lium,
1779 1282 1846 1335 ab
1881 1285 2210 1352 imperatorii
2247 1303 2405 1339 exer-

846 1371 988 1421 citus
1022 1371 1159 1423 duce
1203 1372 1376 1423 llaane
1404 1379 1593 1423 contra
1625 1371 1928 1427 Saracenos
1977 1376 2182 1430 Arabes
2228 1377 2402 1431 infeli-

847 1463 981 1513 citer
1011 1461 1389 1522 commissum,
1423 1466 1490 1530 τῇ
1535 1461 1724 1531 πρώτῃ
1765 1465 1967 1533 ἡμέρᾳ,
2002 1467 2120 1534 ἥτις
2149 1462 2215 1531 ἦν
2249 1469 2402 1539 τρίτη

848 1550 946 1615 τῆς
978 1550 1287 1619 ἑϐδομάδος,
1320 1551 1402 1616 κγ’
1434 1551 1526 1602 τοῦ
1565 1552 1784 1605 Ἰουλίου
1818 1557 1982 1624 μηνός
2016 1571 2028 1583 ·
2078 1573 2196 1626 qua:
2238 1560 2406 1615 nihilo

849 1641 1053 1693 saniori
1091 1657 1253 1695 sensu
1287 1625 1474 1696 Latine
1529 1644 1849 1708 redduntur,
1890 1665 1908 1696 t
1946 1649 2062 1716 ipso
2093 1650 2267 1717 primo
2295 1651 2402 1716 die,

850 1731 938 1796 qui
1008 1730 1107 1783 fuit
1169 1734 1519 1789 hebdomadis
1575 1739 1786 1798 tertius,
1831 1738 1959 1792 Julii
2021 1757 2146 1796 vero
2202 1746 2406 1800 mensis

853 1822 1044 1876 tertius
1077 1839 1137 1877 ac
1172 1825 1507 1891 vigesimus:
1563 1847 1582 1878 ι
1618 1837 1806 1882 exacta
1845 1841 2022 1884 autem
2067 1835 2132 1887 ad
2169 1836 2406 1890 rationes

849 1913 974 1964 anni
1022 1914 1260 1980 prtedicti
1333 1917 1582 1972 habentis
1640 1919 1871 1973 litteram
1918 1921 2306 1981 Dominicalem
2364 1930 2406 1981 A

850 1999 1014 2068 Cyelo
1045 2005 1176 2059 solis
1197 2005 1285 2070 ‘28,
1313 2007 1389 2062 sic
1418 2008 1691 2062 reddenda
1718 2021 1844 2064 sunt
1877 2012 2170 2081 integritati
2199 2017 2407 2074 debitae:

851 2097 930 2164 Τῇ
949 2097 1138 2170 πρώτῃ
1165 2102 1349 2170 ἡμέρᾳ
1369 2103 1463 2170 τῆς
1487 2103 1800 2171 ἑϐδομάδος.
1823 2107 1942 2172 ἥτις
1963 2101 2029 2174 ἦν
2055 2108 2130 2162 κε’
2159 2109 2249 2173 τοῦ
2286 2111 2412 2165 Ἰου-

854 2189 968 2241 λέσυ
997 2193 1179 2258 μηνός.
1221 2213 1236 2242 ι
1277 2193 1460 2248 Primo
1515 2194 1602 2250 die
1658 2195 2026 2264 hebdomadae,
2083 2204 2175 2270 qui
2212 2203 2308 2256 fuit
2346 2204 2413 2257 23

853 2280 978 2335 Julii
1014 2287 1235 2340 mensis.
1274 2306 1289 2336 ι

926 2390 1000 2427 lx.
1036 2377 1192 2428 Auno
1226 2376 1349 2442 671,
1387 2381 1545 2436 nobis
1594 2380 1718 2445 680,
1764 2381 1948 2437 Mavize
1990 2387 2150 2453 primi
2183 2387 2410 2442 Sarace-

855 2482 1049 2520 norum
1113 2471 1252 2539 regis
1284 2485 1431 2526 mors
1483 2476 1784 2529 ascribitur
1827 2496 1844 2526 ι
1887 2475 2173 2534 lndictioni
2228 2482 2416 2548 prima:

853 2561 959 2614 diei
992 2572 1143 2616 sexto
1179 2565 1380 2633 Aprilis
1410 2585 1422 2618 :
1471 2586 1488 2618 ι
1520 2569 1612 2621 sed
1641 2578 1882 2621 aetat-am
1915 2570 2265 2626 indictionem
2295 2586 2418 2627 esse

859 2654 1140 2718 legendam
1205 2666 1475 2710 monstrat
1526 2659 1766 2725 ipsarum
1828 2661 2190 2717 indictionum
2246 2666 2416 2730 ordo,

859 2756 980 2793 cum
1011 2758 1154 2797 anno
1194 2744 1318 2798 650.
1350 2748 1508 2802 nobis
1539 2749 1663 2810 659,
1695 2752 1933 2804 secunda
1970 2753 2197 2808 indictio
2230 2763 2418 2809 notata

859 2831 1058 2886 fuerit:
1093 2836 1236 2903 quod
1270 2839 1433 2892 etiam
1473 2839 1616 2895 Goar
1651 2844 2057 2899 animadvertit.
2151 2869 2158 2877 ·

930 2943 979 2978 ιο
1013 2925 1169 2981 Auno
1205 2929 1323 2989 Tit.
1359 2932 1515 2987 nobis
1554 2934 1654 2988 730
1701 2954 1718 2986 ι
1777 2935 1884 2991 Leo
1929 2941 2198 2994 Armentis
2233 2949 2420 2996 contra

857 3030 1075 3074 sanctas
1132 3021 1395 3091 imagines
1449 3024 1727 3081 silentium
1790 3029 2108 3093 celebravit,
2153 3031 2424 3086 σελέντιον

857 3109 1187 3178 ἐκρότησε-θ,
1229 3131 1246 3164 ι
1303 3114 1354 3167 id
1408 3126 1512 3176 est,
1553 3133 1622 3172 ne
1659 3121 1783 3187 quis
1819 3135 2008 3174 earum
2041 3121 2245 3201 cultum
2293 3139 2423 3192 pro-

2505 653 2734 720 ipsotuct
2762 669 2926 717 anno,
2963 671 3072 724 quo
3101 657 3274 724 potuit
3318 659 3624 727 scripsisse,
3673 669 3727 711 tt
3765 676 3874 728 quo
3921 660 4058 714 alias

2504 743 2688 812 plures
2720 756 3022 814 temporum
3069 747 3226 801 notas
3265 755 3411 803 recte
3450 751 3795 817 composuit;
3828 751 4056 802 creden-

2503 833 2629 888 dum
2684 835 3029 890 librariorum
3092 837 3300 891 incuria
3353 839 3465 906 jam
3514 839 3640 892 olim
3696 841 3840 909 (nam
3891 841 4057 893 etiam

2504 928 2826 984 Anastasius
2857 930 2930 982 ita
2959 931 3222 999 scriptum
3257 930 3478 1000 reperit)
3513 933 3780 987 excidisse
3812 927 4058 986 voculam

2507 1031 2692 1084 unam,
2749 1021 3038 1090 ipsumque
3085 1012 3467 1090 TheOphanetn
3503 1026 3584 1079 (ut
3627 1026 3760 1078 alias
3791 1025 3843 1076 in
3892 1024 4056 1078 simili

2506 1124 2637 1164 casu
2671 1111 2737 1166 de
2777 1111 3070 1168 indictione
3097 1109 3330 1168 vidimus
3358 1128 3503 1168 anno
3531 1114 3871 1169 Constantini
3888 1114 3977 1175 28.
4003 1126 4057 1168 ct

2507 1199 2574 1254 dc
2625 1211 2793 1255 verno
2841 1204 3159 1270 temporein‘
3184 1203 3448 1259 chronica
3496 1204 3883 1272 Alexandrino)
3919 1203 4058 1259 scri-

2508 1291 2682 1359 psisse
2714 1293 3142 1360 μέλλοντος.εἱνε
3177 1295 3522 1362 ἐνισταμένου
3555 1295 3646 1347 τοῦ
3683 1294 3894 1362 πρώτου
3926 1283 4061 1346 {4‘-

2508 1382 2671 1434 ϐάτου
2731 1383 3171 1454 τῶνΝηστειῶν,
3232 1385 3465 1439 instante
3510 1387 3684 1456 primo
3726 1385 4059 1453 Jejuuiorutn

2510 1471 2766 1526 Sabhato.

2563 1583 2652 1638 28.
2693 1583 2816 1641 "rec
2865 1599 3014 1651 sunt,
3056 1593 3254 1660 quibus
3287 1592 3588 1647 observatis
3633 1590 4059 1659 emcndatisq-ttt‘,

2511 1675 2775 1731 inoffenso
2803 1676 2968 1734 ferme
3001 1682 3131 1749 pede
3163 1684 3377 1738 decurri
3423 1685 3619 1752 poterit
3662 1685 3730 1735 ab
3771 1682 4062 1735 Orientalis

2512 1764 2752 1820 historia:
2804 1768 3070 1826 studiosis
3120 1780 3232 1824 tota
3266 1767 3633 1840 "Theophanis
3673 1771 4015 1840 claronelogia
4047 1788 4064 1823 :

2513 1870 2635 1907 nam
2683 1857 2728 1910 si
2763 1871 2868 1926 qua
2904 1860 3134 1913 subinde
3169 1860 3414 1928 pluribus
3447 1869 3594 1927 gesta
3632 1861 3812 1924 annis,
3863 1875 3928 1913 eo
3958 1874 4070 1928 quo

2513 1950 2689 2010 empta
2725 1951 2854 1998 sunt
2876 1946 2987 2014 geri
3011 1962 3155 2001 anno
3191 1948 3527 2016 coniunctim
3566 1949 3834 2020 legantur,
3865 1965 3926 2002 ea
3959 1963 4067 2002 non

2513 2031 2585 2084 ita
2619 2034 2817 2087 morari
2856 2037 3112 2090 lectorem
3165 2049 3439 2106 poterunt,
3490 2053 3547 2094 ut
3595 2051 3877 2110 propterea
3931 2055 4070 2109 opus

2513 2124 2585 2176 sit
2633 2125 2844 2193 singula
2899 2127 2964 2180 ad
3021 2144 3246 2184 etamen
3281 2146 3559 2186 revocare.
3608 2133 3662 2186 Si
3703 2133 4069 2187 Romanorum

2514 2216 2831 2278 pontiﬁcum
2875 2227 2968 2273 aut
3015 2223 3247 2276 aliorum
3300 2226 3734 2294 patriarcharum
3769 2227 4071 2288 successio,

2513 2307 2846 2378 quandoque
2897 2310 2997 2379 ipsi
3054 2312 3258 2365 inserta
3298 2315 3468 2379 texui,
3506 2316 3630 2367 hinc
3666 2307 3789 2369 iurie
3821 2325 4074 2384 amarat

2515 2399 2832 2466 corrigenda
2885 2416 2951 2457 ex
2994 2405 3326 2461 certioribus
3379 2408 3769 2471 monumentis,
3821 2424 3924 2461 non
3968 2406 4071 2475 ipsi

2516 2491 2725 2545 auctori
2760 2492 2948 2548 vitium
2982 2491 3295 2563 imputetur,
3331 2498 3426 2552 sed
3465 2490 3938 2567 cataiogis,.quos
3978 2513 4076 2552 nec

2519 2581 2658 2648 ipse,
2694 2598 2794 2638 nec
2833 2585 2925 2652 qui
2955 2582 3127 2639 simili
3153 2586 3206 2639 in
3253 2579 3436 2640 studio
3479 2586 3767 2652 laboravit,
3824 2588 3882 2642 S.
3919 2586 4078 2642 Nice-

2518 2674 2746 2740 phorus,
2773 2671 2912 2730 satis
2947 2690 3223 2733 correctos
3253 2679 3462 2740 habuit,
3507 2692 3562 2732 ttt
3593 2680 3720 2733 alibi
3761 2688 3816 2732 et
3845 2679 4079 2732 maxime

2521 2764 2574 2817 itt
2635 2765 2693 2819 S.
2754 2764 2957 2834 Cyrillo
3012 2765 3504 2839 llierosolymitano
3567 2766 3891 2838 episcopo§
3945 2767 3978 2822 ὅ
4012 2767 4077 2819 ad

2521 2856 2588 2910 18
2620 2854 2793 2910 Martii
2835 2857 3205 2927 probavimus.
3271 2857 3326 2913 Si
3370 2858 3606 2928 denique
3650 2868 3898 2913 auctores
3941 2873 4081 2926 quos

2522 2950 2697 3021 potuit
2721 2962 2942 3007 secutus
2977 2952 3232 3021 optimos,
3252 2952 3488 3019 aliquem
3517 2951 3779 3021 temporis
3795 2951 4054 3005 cbaracte

2521 3056 2638 3096 rem
2674 3043 2742 3096 ab
2771 3043 2838 3097 iis
2867 3042 2947 3098 vel
2981 3056 3264 3112 perperam
3295 3043 3379 3096 vel
3414 3037 3667 3113 ambigue
3695 3049 3936 3097 notatum
3974 3055 4084 3110 pra

2523 3136 2697 3189 oculis
2737 3134 2945 3197 habuit,
2999 3134 3178 3189 danda
3207 3142 3294 3189 est
3337 3126 3493 3188 venia
3524 3135 3771 3189 humanae
3803 3124 4084 3188 itnbeeilli-
4177 3123 4184 3131 ’

861 3215 1125 3298 pugnaret
1149 3202 1336 3265 edixit,
1375 3224 1392 3255 ι
1430 3207 1516 3260 die
1543 3208 1571 3258 7
1607 3211 1810 3263 mensis
1833 3208 2098 3275 Januarii,
2127 3212 2423 3268 indictione
2449 3239 2493 3297 ο
2530 3226 2649 3291 mi,
2685 3228 2772 3282 cui
2815 3229 2960 3282 nulla
3010 3227 3186 3298 possit
3242 3235 3501 3296 praestare
3549 3217 3848 3296 diligentia,
3884 3237 3943 3278 ut
3975 3232 4084 3278 non

861 3290 950 3349 t3,
981 3290 1114 3342 feria
1157 3292 1517 3347 hebdomadis
1559 3298 1625 3356 δι
1667 3315 1685 3346 ι
1719 3299 1812 3350 sed
1869 3314 1992 3361 cum
2053 3309 2180 3355 tunc
2241 3302 2420 3358 littera

865 3379 1220 3435 {.outinicalis
1271 3383 1436 3438 fuerit
1470 3388 1534 3447 Α,
1565 3396 1789 3455 apparet
1816 3389 1958 3442 diem
2007 3392 2210 3445 mensis
2252 3391 2426 3448 fuisse

865 3472 954 3533 t7,
997 3472 1081 3534 ιζ’.
1117 3472 1178 3524 Et
1212 3474 1322 3527 hzec
1356 3484 1590 3544 quatuor
1619 3478 1684 3529 ad
1719 3487 1962 3546 tempora
1992 3487 2238 3549 spectant
2285 3496 2426 3551 prle-

866 3565 1536 3635 notatzeanticipationis:
1573 3584 1697 3638 qua!
1732 3578 2063 3640 sequuntur,
2091 3573 2425 3629 ordinariam

867 3666 1086 3710 servant
1135 3659 1420 3730 utriusque
1449 3676 1572 3716 azra:
1621 3661 2006 3729 ditl'erentiam,
2040 3676 2164 3721 octo
2220 3669 2429 3723 scilicet

867 3765 1160 3806 annorum.

942 3857 1016 3894 χι.
1047 3844 1203 3908 Anno
1243 3843 1368 3906 789,
1422 3846 1720 3901 secundum
1766 3849 2189 3916 Alexandrinos,
2229 3869 2248 3903 t
2285 3850 2430 3907 Junii

871 3933 1076 3989 mensis
1107 3934 1196 3990 die
1231 3937 1295 3990 i7
1323 3938 1623 3993 indictione
1655 3939 1688 3993 5
1723 3960 1739 3990 ι
1784 3941 1920 4009 fugit
1952 3940 2431 4013 Constantinopoli

868 4021 1164 4093 imperator
1208 4025 1603 4084 Constantinus
1636 4047 1649 4084 :
1680 4031 1774 4086 sed
1824 4032 1982 4099 jussu
2031 4034 2221 4089 matris
2254 4035 2433 4091 [renes

871 4115 1300 4181 comprehensus
1358 4119 1426 4172 ab
1502 4121 1734 4186 amicis,
1797 4121 2079 4176 reducitur
2135 4125 2189 4177 in
2244 4124 2433 4179 urbem

877 4222 896 4253 ι
939 4206 1176 4261 Sabbato
1203 4212 1405 4266 mensis
1439 4210 1684 4279 ejusdem
1725 4214 1815 4268 die
1849 4213 1950 4278 l5;
1991 4233 2008 4264 ι
2048 4230 2156 4282 quo
2182 4215 2316 4270 ‘loco
2349 4230 2434 4269 er-

873 4312 1050 4353 rorem
1114 4301 1488 4365 manifestum,
1545 4319 1610 4357 ex
1675 4306 2088 4372 comparatione
2154 4307 2439 4376 utriusque

871 4391 976 4461 diei
1011 4393 1403 4460 colligendmn,
1434 4395 1690 4458 emenda,
1715 4404 1768 4447 et
1807 4411 1902 4464 pro
1939 4398 2142 4452 mensis
2173 4397 2320 4452 Junii
2352 4398 2440 4453 die

874 4483 936 4535 Π
964 4484 1098 4554 lege,
1140 4485 1330 4537 mensis
1366 4484 1503 4536 Julii
1555 4486 1639 4538 die
1675 4485 1736 4549 7;
1771 4502 1916 4539 anno
1948 4489 2090 4540 enim
2125 4488 2281 4543 nobis
2316 4489 2438 4549 797,

872 4576 981 4630 dies
1014 4577 1080 4630 15
1129 4593 1236 4630 non
1269 4575 1440 4642 Junii,
1487 4577 1582 4632 sed
1630 4576 1766 4631 Julii
1806 4580 2092 4634 sabbatum
2135 4579 2258 4633 fuit.
2290 4582 2435 4634 Ana-
2471 4571 2514 4626 Ῐ)
2545 4592 2844 4646 Simocalta
2890 4589 3006 4658 ipse

875 4668 1076 4721 stasius
1131 4667 1598 4724 Bibliotheearius
1631 4670 1696 4723 16
1747 4669 1875 4722 Ital.
1920 4671 2056 4741 Aug.
2100 4679 2318 4725 vertens
2347 4669 2437 4724 ubi

875 4757 944 4809 de
978 4757 1101 4829 fuga
1137 4760 1247 4830 agit
1286 4760 1350 4811 17
1390 4757 1528 4811 Julii
1558 4758 1771 4812 videtur
1817 4760 2014 4829 legisse
2043 4779 2055 4814 :
2090 4775 2188 4830 pro
2229 4774 2339 4830 quo
2370 4775 2436 4814 an

877 4847 942 4900 17
964 4849 1104 4919 Aug.
1148 4849 1351 4903 alicubi
1379 4849 1647 4903 invenerit
1671 4847 1919 4920 Philippe
1943 4848 2122 4905 Labbe
2140 4853 2437 4906 nescimus:

874 4949 1021 4995 certe
1052 4943 1105 4995 in
1136 4943 1374 5012 epitome
1407 4941 1795 5011 chronologiea
1827 4941 2173 4997 Constantini
2205 4957 2445 4998 excaeca-

876 5035 1078 5090 tionem
1109 5033 1332 5090 ascribit
1360 5032 1466 5088 diei
1499 5033 1564 5086 l9
1581 5032 1718 5102 Aug.
1739 5047 1858 5098 qua:
1885 5031 2137 5088 similiter
2157 5033 2443 5089 sabbatum

861 5128 1000 5184 fuit.

948 5234 1041 5274 xu.
1085 5219 1242 5273 Anno
1270 5217 1396 5282 803,
1438 5215 1566 5282 Leo,
1602 5217 2048 5272 Armeniacorutn
2082 5216 2188 5273 dus
2221 5217 2322 5274 sub
2348 5217 2449 5272 im-

879 5323 1129 5384 peratore
1177 5311 1508 5382 Nieephoro,
1567 5326 1691 5366 cum
1743 5326 1939 5382 magna
1975 5313 2248 5367 exercitus
2286 5320 2448 5378 atque

881 5405 1127 5472 pecunia:
1190 5414 1344 5474 parte
1421 5403 1567 5456 venit
1634 5403 1688 5458 in
1741 5417 1934 5455 atauus
1994 5399 2449 5465 Sarracenorum,

881 5513 1064 5550 ulcnse
1147 5495 1447 5551 Februario
1517 5496 1835 5551 indictionis
1913 5504 2122 5565 quartae
2189 5495 2450 5564 (decima

883 5597 1088 5655 quartae
1119 5604 1406 5659 perperam
1435 5590 1579 5660 apud
1607 5588 1953 5644 Anastasittm
2010 5588 2253 5659 legitur),
2311 5587 2447 5641 Sabo

885 5677 1009 5735 bato
1043 5686 1217 5753 primo
1246 5684 1695 5754 quadragesimae.
1744 5681 1942 5737 Verum
1983 5697 2049 5735 eo
2084 5696 2251 5746 anno,
2283 5679 2452 5750 Cyelo

908 5785 1029 5825 unm.
1060 5774 1144 5838 Η,
1177 5778 1308 5830 solis
1345 5777 1399 5839 8,
1432 5777 1613 5832 littera
1657 5773 1978 5830 Donlinicali
2016 5773 2076 5836 Ε,
2103 5770 2310 5828 Pascha
2352 5772 2454 5826 fuit

871 5861 959 5921 ’15
989 5863 1212 5935 Aprilis,
1268 5868 1510 5935 adeoque
1558 5867 1762 5923 dictum
1814 5866 2116 5921 Sabbatutu
2168 5865 2366 5922 cecidit
2398 5863 2451 5919 in

2527 3318 2820 3386 aliquando
2849 3327 3062 3373 exerret
3101 3334 3129 3370 a
3177 3333 3327 3374 vero.
3376 3317 3451 3369 lta
3490 3332 3614 3371 cum
3648 3316 4090 3386 Theophylactn's

2531 3404 2830 3458 Simocatta
2873 3406 3062 3458 saeculi
3118 3403 3150 3456 7
3205 3404 3460 3472 scriptor,
3516 3404 3801 3456 historiam
3851 3402 4088 3456 Mauritii

2532 3495 2876 3564 imperatoris
2932 3495 3088 3550 libris
3130 3503 3254 3549 octo
3295 3493 3697 3561 descripsissa,
3743 3501 3795 3546 et
3833 3492 3929 3546 lib.
3956 3508 4012 3554 v,
4037 3509 4092 3546 c.

2533 3586 2599 3641 16
2645 3597 2838 3658 pacato
2895 3586 3258 3657 imperatoriis
3309 3585 3478 3640 armis
3522 3583 3742 3638 Oriente
3789 3583 3853 3637 ad
3908 3598 3995 3638 res
4037 3585 4095 3638 in

2531 3678 2746 3749 Europa
2775 3686 2956 3748 gestas
2991 3679 3263 3733 transiens
3296 3677 3546 3736 dixisset.
3578 3675 3721 3746 quod
3758 3691 3817 3730 eo
3855 3676 3957 3739 die,
3986 3691 4098 3744 quo

2532 3774 2647 3843 ipse
2681 3773 2973 3843 imperator
3015 3771 3283 3826 ducturus
3329 3769 3655 3834 exercitum,
3690 3784 3814 3823 vere
3851 3769 4098 3832 ineunte,

2539 3883 2557 3915 ι
2596 3862 2858 3935 Fgressus
2910 3877 2941 3916 c
3000 3861 3168 3932 regia,
3222 3874 3580 3930 parasangam
3633 3874 3796 3913 unam
3836 3868 3888 3913 et
3931 3861 4102 3913 semis

2537 3971 2710 4024 usque
2738 3955 2788 4008 in
2828 3953 3128 4023 Septimum
3160 3953 3454 4023 processit,
3508 3951 3588 4006 sol
3635 3967 3772 4020 pene.
3822 3960 3967 4006 totus
4014 3957 4102 4004 est

2533 4044 2898 4107 obscuratus,
2940 4061 2958 4095 ι
3013 4043 3537 4112 subiunxissetque:
3597 4042 3854 4094 Ἔννατον
3889 4041 3946 4095 δὲ
3993 4041 4104 4110 ἄρα

2536 4133 2692 4187 τοῦτο
2748 4135 2867 4197 ἔτος
2913 4134 3206 4203 ἐτύγχανεν
3243 4132 3305 4186 ὃν
3361 4133 3668 4203 Μαυρικίου
3709 4123 3804 4186 τοῢ
3836 4130 4104 4203 absorpta-

2539 4241 2717 4294 τορος,
2775 4224 2828 4278 id
2863 4222 3246 4294 TheOpbanes.
3288 4236 3442 4291 teque
3473 4237 3535 4277 ac
3561 4232 3746 4292 postea
3793 4225 4107 4278 Situm-altae

2539 4317 2807 4386 interpres
2862 4315 3093 4370 Latinus
3152 4313 3390 4369 Jacobus
3439 4312 3744 4377 Pontanus,
3793 4317 3859 4368 tle
3906 4334 3924 4366 t
3965 4326 4105 4367 anno

2541 4409 2747 4476 imperii
2793 4387 2930 4474 non
2965 4425 2984 4458 ι
3034 4405 3321 4460 intellexit.
3376 4402 3491 4460 Hoc
3541 4417 3702 4477 porro
3748 4408 3791 4461 si
3824 4423 3887 4460 ex
3927 4414 4107 4460 mente

2545 4500 2785 4554 auctoris
2817 4499 2942 4552 fecit
2972 4504 3219 4565 ulert’pte,
3246 4497 3452 4551 erravit
3471 4514 3625 4560 sane,
3657 4502 3714 4552 ut
3738 4515 3860 4553 mox
3905 4497 4108 4568 patebit

3052 4606 3064 4639 :
3131 4597 3339 4643 certum
3380 4597 3464 4645 est
3490 4590 3657 4646 enim.
3692 4590 3835 4658 quod
3870 4590 3972 4643 iste
4005 4602 4108 4642 an-

2547 4699 2648 4736 nus
2685 4679 2848 4734 fuerit
2874 4677 3131 4730 Mauritio
3163 4679 3373 4748 imperii
3415 4679 3681 4734 decimus.
3737 4677 3792 4730 Si
3831 4688 4108 4734 auctorem

2544 4786 2772 4828 excuses
2807 4783 3045 4838 eumque
3089 4779 3245 4838 putes
3300 4785 3407 4824 non
3461 4783 3662 4823 annum
3696 4767 3794 4836 τῆς
3838 4767 4112 4835 βασιλείας

2548 4858 2783 4927 imperii,
2829 4855 2924 4912 sed
2976 4853 3076 4921 τῆς
3124 4855 3384 4921 ὑπατείας
3430 4857 3748 4912 consulatus
3796 4869 4021 4917 nonum,
4053 4855 4116 4908 ut

2547 4949 2810 5017 scriptum
2845 4947 3096 5001 fortassis
3133 4957 3258 5002 ante
3280 4964 3340 5004 se
3379 4949 3676 5018 repererat)
3706 4944 4110 5002 numeravisse:

2549 5039 2877 5096 excusabilis
2901 5037 3064 5090 etiam
3106 5035 3466 5109 Theophanes
3499 5041 3622 5102 erit,
3653 5040 3796 5108 quod
3828 5037 3997 5105 magis
4027 5036 4122 5092 οδε

2553 5132 2697 5183 ιιιιιιι
2736 5140 2956 5185 secutus
2997 5142 3241 5196 sensum,
3301 5130 3364 5183 ad
3421 5130 3602 5184 minus
3661 5130 3920 5182 usitatum
3979 5129 4122 5179 alte-

2553 5238 2672 5276 rum
2726 5232 2779 5276 et
2829 5224 2883 5275 in
2938 5220 3040 5275 hoc
3105 5233 3252 5288 casu
3303 5223 3594 5292 specialem
3653 5235 3759 5275 non
3824 5219 4118 5274 adverterit

2554 5313 2826 5367 animum.

2623 5405 2714 5460 ΞΘ.
2757 5401 2988 5458 Errandi
3017 5386 3184 5468 porro
3205 5401 3423 5457 occasio
3466 5398 3594 5457 huic
3621 5398 3701 5454 vel
3728 5399 3801 5454 illi
3837 5397 4121 5468 foit.quotl

2557 5513 2702 5552 anno
2741 5496 3010 5551 duntaxat
3054 5495 3295 5548 secundo
3332 5494 3543 5564 imperii
3574 5493 3658 5548 sui
3693 5495 3882 5547 consul
3921 5483 4124 5544 Mauri-

2558 5592 2668 5646 tius
2695 5588 3001 5661 appellatus
3028 5587 3099 5640 sit
3136 5588 3285 5642 solus
3319 5589 3527 5656 absque
3554 5586 3799 5654 collega:
3859 5603 3877 5636 ι
3915 5582 4128 5653 primus

2559 5683 2759 5753 quippe
2794 5682 2942 5737 illius
2999 5694 3176 5734 anuus
3221 5679 3543 5734 consulibus
3594 5677 3794 5743 caruit,
3857 5681 4020 5746 atque
4055 5686 4126 5727 ex

2559 5772 2838 5832 communi
2867 5771 3152 5829 hominum
3183 5769 3745 5840 consensu'scriptum
3776 5777 3860 5824 est
3889 5787 3906 5823 :
3955 5785 3972 5818 ι
3998 5763 4130 5818 Post

2561 5864 2910 5924 consulatum
2949 5857 3149 5916 divinat:
3201 5859 3477 5916 memoria:
3533 5855 3737 5914 Tiberii
3778 5850 4125 5910 Constantini
