  <div class='ocr_page' id='page_1' title='image "/cluster/home/n/w/nwhite01/storage/ocr_20150623/108/nnc1.0046979921/616.png"; bbox 0 0 4440 6446; ppageno 0'>
   <div class='ocr_carea' id='block_1_1' title="bbox 444 420 581 487">
    <p class='ocr_par' dir='ltr' id='par_1_1' title="bbox 444 420 581 487">
     <span class='ocr_line' id='line_1_1' title="bbox 444 420 581 487; baseline -0.015 0"><span class='ocrx_word' id='word_1_1' title='bbox 444 420 581 487; x_wconf 84' lang='grc'>1185</span> 
     </span>
    </p>
   </div>
   <div class='ocr_carea' id='block_1_2' title="bbox 1457 420 2711 486">
    <p class='ocr_par' dir='ltr' id='par_1_2' title="bbox 1457 420 2711 486">
     <span class='ocr_line' id='line_1_2' title="bbox 1457 420 2711 486; baseline 0.004 -5"><span class='ocrx_word' id='word_1_2' title='bbox 1457 420 1631 483; x_wconf 87' lang='lat' dir='ltr'><strong>GOD.</strong></span> <span class='ocrx_word' id='word_1_3' title='bbox 1673 420 2143 481; x_wconf 73' lang='lat' dir='ltr'><strong>HENSCIIENII</strong></span> <span class='ocrx_word' id='word_1_4' title='bbox 2190 422 2711 486; x_wconf 67' lang='lat' dir='ltr'><strong>DISSERT‘ATIO.</strong></span> 
     </span>
    </p>
   </div>
   <div class='ocr_carea' id='block_1_3' title="bbox 3561 432 3698 498">
    <p class='ocr_par' dir='ltr' id='par_1_3' title="bbox 3561 432 3698 498">
     <span class='ocr_line' id='line_1_3' title="bbox 3561 432 3698 498; baseline 0.015 -2"><span class='ocrx_word' id='word_1_5' title='bbox 3561 432 3698 498; x_wconf 79' lang='grc'><strong>1186</strong></span> 
     </span>
    </p>
   </div>
   <div class='ocr_carea' id='block_1_4' title="bbox 437 529 3698 612">
    <p class='ocr_par' dir='ltr' id='par_1_4' title="bbox 437 529 3698 612">
     <span class='ocr_line' id='line_1_4' title="bbox 437 529 3698 612; baseline 0.003 -27"><span class='ocrx_word' id='word_1_6' title='bbox 437 546 581 585; x_wconf 89' lang='lat' dir='ltr'><strong>anno</strong></span> <span class='ocrx_word' id='word_1_7' title='bbox 632 537 854 600; x_wconf 83' lang='lat' dir='ltr'><strong>quarto,</strong></span> <span class='ocrx_word' id='word_1_8' title='bbox 889 546 909 581; x_wconf 71' lang='grc' dir='ltr'><strong>ι</strong></span> <span class='ocrx_word' id='word_1_9' title='bbox 948 529 1025 586; x_wconf 85' lang='grc' dir='ltr'>ιιῑί</span> <span class='ocrx_word' id='word_1_10' title='bbox 1080 529 1134 585; x_wconf 90' lang='lat' dir='ltr'><strong>in</strong></span> <span class='ocrx_word' id='word_1_11' title='bbox 1181 529 1446 586; x_wconf 93' lang='lat' dir='ltr'><strong>chronico</strong></span> <span class='ocrx_word' id='word_1_12' title='bbox 1492 532 1864 588; x_wconf 80' lang='lat' dir='ltr'><strong>Alexandrino</strong></span> <span class='ocrx_word' id='word_1_13' title='bbox 1921 546 2017 586; x_wconf 79' lang='lat' dir='ltr'><strong>ex—</strong></span> <span class='ocrx_word' id='word_1_14' title='bbox 2041 543 2094 604; x_wconf 77' lang='grc' dir='ltr'><strong>Α</strong></span> <span class='ocrx_word' id='word_1_15' title='bbox 2119 535 2279 589; x_wconf 85' lang='lat' dir='ltr'><strong>annis</strong></span> <span class='ocrx_word' id='word_1_16' title='bbox 2308 535 2547 590; x_wconf 88' lang='lat' dir='ltr'><strong>Mauritii</strong></span> <span class='ocrx_word' id='word_1_17' title='bbox 2584 535 2937 606; x_wconf 78' lang='lat' dir='ltr'><strong>imperatoris</strong></span> <span class='ocrx_word' id='word_1_18' title='bbox 2962 538 3286 595; x_wconf 84' lang='lat' dir='ltr'><strong>ordinandis</strong></span> <span class='ocrx_word' id='word_1_19' title='bbox 3318 540 3531 595; x_wconf 87' lang='lat' dir='ltr'><strong>tertiam</strong></span> <span class='ocrx_word' id='word_1_20' title='bbox 3566 560 3698 612; x_wconf 91' lang='lat' dir='ltr'><strong>epo-</strong></span> 
     </span>
    </p>
   </div>
   <div class='ocr_carea' id='block_1_5' title="bbox 440 621 2010 692">
    <p class='ocr_par' dir='ltr' id='par_1_5' title="bbox 440 621 2010 692">
     <span class='ocr_line' id='line_1_5' title="bbox 440 621 2010 692; baseline 0.001 -16"><span class='ocrx_word' id='word_1_21' title='bbox 440 637 630 692; x_wconf 87' lang='lat' dir='ltr'><strong>presse</strong></span> <span class='ocrx_word' id='word_1_22' title='bbox 685 622 907 677; x_wconf 88' lang='lat' dir='ltr'><strong>dicitur.</strong></span> <span class='ocrx_word' id='word_1_23' title='bbox 990 621 1130 678; x_wconf 81' lang='lat' dir='ltr'><strong>Iiinc</strong></span> <span class='ocrx_word' id='word_1_24' title='bbox 1178 633 1361 678; x_wconf 88' lang='lat' dir='ltr'><strong>autem</strong></span> <span class='ocrx_word' id='word_1_25' title='bbox 1416 631 1542 677; x_wconf 89' lang='lat' dir='ltr'><strong>nata</strong></span> <span class='ocrx_word' id='word_1_26' title='bbox 1598 629 1683 679; x_wconf 89' lang='lat' dir='ltr'><strong>est</strong></span> <span class='ocrx_word' id='word_1_27' title='bbox 1737 637 2010 677; x_wconf 89' lang='lat' dir='ltr'><strong>annorum</strong></span> 
     </span>
    </p>
   </div>
   <div class='ocr_carea' id='block_1_6' title="bbox 437 712 2011 793">
    <p class='ocr_par' dir='ltr' id='par_1_6' title="bbox 437 712 2011 793">
     <span class='ocr_line' id='line_1_6' title="bbox 437 712 2011 793; baseline 0.002 -27"><span class='ocrx_word' id='word_1_28' title='bbox 437 713 674 767; x_wconf 82' lang='lat' dir='ltr'><strong>Mauritii</strong></span> <span class='ocrx_word' id='word_1_29' title='bbox 714 712 910 782; x_wconf 81' lang='lat' dir='ltr'><strong>duplex</strong></span> <span class='ocrx_word' id='word_1_30' title='bbox 935 714 1167 793; x_wconf 88' lang='lat' dir='ltr'><strong>epocha,</strong></span> <span class='ocrx_word' id='word_1_31' title='bbox 1198 715 1369 769; x_wconf 88' lang='lat' dir='ltr'><strong>altera</strong></span> <span class='ocrx_word' id='word_1_32' title='bbox 1403 713 1643 783; x_wconf 90' lang='lat' dir='ltr'><strong>Imperii,</strong></span> <span class='ocrx_word' id='word_1_33' title='bbox 1674 714 1841 770; x_wconf 86' lang='lat' dir='ltr'><strong>altera</strong></span> <span class='ocrx_word' id='word_1_34' title='bbox 1861 714 2011 770; x_wconf 86' lang='lat' dir='ltr'><strong>Con-</strong></span> 
     </span>
    </p>
   </div>
   <div class='ocr_carea' id='block_1_7' title="bbox 441 808 2011 882">
    <p class='ocr_par' dir='ltr' id='par_1_7' title="bbox 441 808 2011 882">
     <span class='ocr_line' id='line_1_7' title="bbox 441 808 2011 882; baseline 0.003 -17"><span class='ocrx_word' id='word_1_35' title='bbox 441 808 675 865; x_wconf 84' lang='lat' dir='ltr'><strong>sulatus.</strong></span> <span class='ocrx_word' id='word_1_36' title='bbox 709 808 897 878; x_wconf 86' lang='lat' dir='ltr'><strong>Itaque</strong></span> <span class='ocrx_word' id='word_1_37' title='bbox 929 810 1022 880; x_wconf 89' lang='lat' dir='ltr'><strong>qui</strong></span> <span class='ocrx_word' id='word_1_38' title='bbox 1059 825 1238 868; x_wconf 87' lang='lat' dir='ltr'><strong>annus</strong></span> <span class='ocrx_word' id='word_1_39' title='bbox 1262 810 1581 882; x_wconf 80' lang='lat' dir='ltr'><strong>imperantis</strong></span> <span class='ocrx_word' id='word_1_40' title='bbox 1620 813 1719 867; x_wconf 80' lang='lat' dir='ltr'><strong>fuit</strong></span> <span class='ocrx_word' id='word_1_41' title='bbox 1741 814 2011 879; x_wconf 90' lang='lat' dir='ltr'><strong>decimus,</strong></span> 
     </span>
    </p>
   </div>
   <div class='ocr_carea' id='block_1_8' title="bbox 439 882 2015 975">
    <p class='ocr_par' dir='ltr' id='par_1_8' title="bbox 439 882 2015 975">
     <span class='ocr_line' id='line_1_8' title="bbox 439 882 2015 975; baseline 0.003 -20"><span class='ocrx_word' id='word_1_42' title='bbox 439 882 683 969; x_wconf 79' lang='lat' dir='ltr'><strong>ejusdem</strong></span> <span class='ocrx_word' id='word_1_43' title='bbox 720 900 908 955; x_wconf 82' lang='lat' dir='ltr'><strong>novies</strong></span> <span class='ocrx_word' id='word_1_44' title='bbox 939 902 1200 957; x_wconf 72' lang='lat' dir='ltr'><strong>Consulis</strong></span> <span class='ocrx_word' id='word_1_45' title='bbox 1232 901 1538 967; x_wconf 79' lang='lat' dir='ltr'><strong>dicebatur,</strong></span> <span class='ocrx_word' id='word_1_46' title='bbox 1593 904 1677 957; x_wconf 85' lang='lat' dir='ltr'><strong>vel</strong></span> <span class='ocrx_word' id='word_1_47' title='bbox 1724 906 1887 959; x_wconf 89' lang='lat' dir='ltr'><strong>etiam</strong></span> <span class='ocrx_word' id='word_1_48' title='bbox 1931 908 2015 975; x_wconf 93' lang='lat' dir='ltr'><strong>(ut</strong></span> 
     </span>
    </p>
   </div>
   <div class='ocr_carea' id='block_1_9' title="bbox 444 993 2017 1067">
    <p class='ocr_par' dir='ltr' id='par_1_9' title="bbox 444 993 2017 1067">
     <span class='ocr_line' id='line_1_9' title="bbox 444 993 2017 1067; baseline 0.003 -18"><span class='ocrx_word' id='word_1_49' title='bbox 444 993 754 1049; x_wconf 75' lang='lat' dir='ltr'><strong>Chronicon</strong></span> <span class='ocrx_word' id='word_1_50' title='bbox 779 995 1207 1049; x_wconf 76' lang='lat' dir='ltr'><strong>Alexandrinum</strong></span> <span class='ocrx_word' id='word_1_51' title='bbox 1238 999 1511 1058; x_wconf 82' lang='lat' dir='ltr'><strong>numerat)</strong></span> <span class='ocrx_word' id='word_1_52' title='bbox 1548 1015 1566 1048; x_wconf 83' lang='grc' dir='ltr'><strong>ι</strong></span> <span class='ocrx_word' id='word_1_53' title='bbox 1611 1007 1732 1067; x_wconf 88' lang='lat' dir='ltr'><strong>post</strong></span> <span class='ocrx_word' id='word_1_54' title='bbox 1767 998 2017 1055; x_wconf 87' lang='lat' dir='ltr'><strong>consula-</strong></span> 
     </span>
    </p>
   </div>
   <div class='ocr_carea' id='block_1_10' title="bbox 441 1084 2017 1159">
    <p class='ocr_par' dir='ltr' id='par_1_10' title="bbox 441 1084 2017 1159">
     <span class='ocr_line' id='line_1_10' title="bbox 441 1084 2017 1159; baseline 0.005 -21"><span class='ocrx_word' id='word_1_55' title='bbox 441 1093 556 1139; x_wconf 91' lang='lat' dir='ltr'><strong>tum</strong></span> <span class='ocrx_word' id='word_1_56' title='bbox 586 1084 825 1140; x_wconf 78' lang='lat' dir='ltr'><strong>Mauritii</strong></span> <span class='ocrx_word' id='word_1_57' title='bbox 865 1085 1069 1142; x_wconf 82' lang='lat' dir='ltr'><strong>Tiberii</strong></span> <span class='ocrx_word' id='word_1_58' title='bbox 1105 1096 1334 1143; x_wconf 90' lang='lat' dir='ltr'><strong>octavus</strong></span> <span class='ocrx_word' id='word_1_59' title='bbox 1370 1106 1383 1142; x_wconf 85' lang='lat'><strong><em>:</em></strong></span> <span class='ocrx_word' id='word_1_60' title='bbox 1421 1108 1440 1142; x_wconf 75' lang='grc' dir='ltr'><strong>ι</strong></span> <span class='ocrx_word' id='word_1_61' title='bbox 1481 1105 1588 1159; x_wconf 89' lang='lat' dir='ltr'><strong>quo</strong></span> <span class='ocrx_word' id='word_1_62' title='bbox 1622 1106 1767 1145; x_wconf 91' lang='lat' dir='ltr'><strong>anno</strong></span> <span class='ocrx_word' id='word_1_63' title='bbox 1802 1094 2017 1148; x_wconf 82' lang='lat' dir='ltr'><strong>eodem-</strong></span> 
     </span>
    </p>
   </div>
   <div class='ocr_carea' id='block_1_11' title="bbox 442 1176 2013 1249">
    <p class='ocr_par' dir='ltr' id='par_1_11' title="bbox 442 1176 2013 1249">
     <span class='ocr_line' id='line_1_11' title="bbox 442 1176 2013 1249; baseline 0.006 -17"><span class='ocrx_word' id='word_1_64' title='bbox 442 1193 549 1247; x_wconf 88' lang='lat' dir='ltr'><strong>que</strong></span> <span class='ocrx_word' id='word_1_65' title='bbox 597 1179 835 1249; x_wconf 81' lang='lat' dir='ltr'><strong>vulgaris</strong></span> <span class='ocrx_word' id='word_1_66' title='bbox 872 1195 994 1235; x_wconf 65' lang='lat' dir='ltr'><strong>aera:</strong></span> <span class='ocrx_word' id='word_1_67' title='bbox 1032 1180 1135 1243; x_wconf 73' lang='lat'><strong>592</strong></span> <span class='ocrx_word' id='word_1_68' title='bbox 1196 1182 1390 1238; x_wconf 89' lang='lat' dir='ltr'><strong>ductas</strong></span> <span class='ocrx_word' id='word_1_69' title='bbox 1438 1198 1559 1238; x_wconf 89' lang='lat' dir='ltr'><strong>esse</strong></span> <span class='ocrx_word' id='word_1_70' title='bbox 1611 1184 1666 1238; x_wconf 92' lang='lat' dir='ltr'><strong>in</strong></span> <span class='ocrx_word' id='word_1_71' title='bbox 1725 1176 2013 1241; x_wconf 84' lang='lat' dir='ltr'><strong>Thraciam</strong></span> 
     </span>
    </p>
   </div>
   <div class='ocr_carea' id='block_1_12' title="bbox 440 1270 2016 1351">
    <p class='ocr_par' dir='ltr' id='par_1_12' title="bbox 440 1270 2016 1351">
     <span class='ocr_line' id='line_1_12' title="bbox 440 1270 2016 1351; baseline 0.005 -26"><span class='ocrx_word' id='word_1_72' title='bbox 440 1270 654 1347; x_wconf 80' lang='lat' dir='ltr'><strong>capias,</strong></span> <span class='ocrx_word' id='word_1_73' title='bbox 683 1286 791 1325; x_wconf 93' lang='lat' dir='ltr'><strong>non</strong></span> <span class='ocrx_word' id='word_1_74' title='bbox 822 1287 951 1326; x_wconf 90' lang='lat' dir='ltr'><strong>vero</strong></span> <span class='ocrx_word' id='word_1_75' title='bbox 987 1274 1337 1341; x_wconf 54' lang='lat' dir='ltr'><strong>praecedenti,</strong></span> <span class='ocrx_word' id='word_1_76' title='bbox 1360 1275 1599 1351; x_wconf 87' lang='lat' dir='ltr'><strong>primum</strong></span> <span class='ocrx_word' id='word_1_77' title='bbox 1625 1292 1692 1331; x_wconf 78' lang='lat' dir='ltr'><strong>ex</strong></span> <span class='ocrx_word' id='word_1_78' title='bbox 1714 1293 1779 1332; x_wconf 90' lang='lat' dir='ltr'><strong>eo</strong></span> <span class='ocrx_word' id='word_1_79' title='bbox 1804 1278 2016 1349; x_wconf 77' lang='lat' dir='ltr'><strong>colligi-</strong></span> 
     </span>
    </p>
   </div>
   <div class='ocr_carea' id='block_1_13' title="bbox 440 1365 2015 1438">
    <p class='ocr_par' dir='ltr' id='par_1_13' title="bbox 440 1365 2015 1438">
     <span class='ocr_line' id='line_1_13' title="bbox 440 1365 2015 1438; baseline 0.006 -21"><span class='ocrx_word' id='word_1_80' title='bbox 440 1372 567 1436; x_wconf 85' lang='lat' dir='ltr'><strong>tur,</strong></span> <span class='ocrx_word' id='word_1_81' title='bbox 618 1365 761 1435; x_wconf 91' lang='lat' dir='ltr'><strong>quod</strong></span> <span class='ocrx_word' id='word_1_82' title='bbox 821 1367 1035 1420; x_wconf 89' lang='lat' dir='ltr'><strong>nonnisi</strong></span> <span class='ocrx_word' id='word_1_83' title='bbox 1095 1367 1425 1436; x_wconf 74' lang='lat' dir='ltr'><strong>przecedenti</strong></span> <span class='ocrx_word' id='word_1_84' title='bbox 1481 1384 1664 1438; x_wconf 88' lang='lat' dir='ltr'><strong>anno,</strong></span> <span class='ocrx_word' id='word_1_85' title='bbox 1714 1373 2015 1427; x_wconf 87' lang='lat' dir='ltr'><strong>secundum</strong></span> 
     </span>
    </p>
   </div>
   <div class='ocr_carea' id='block_1_14' title="bbox 439 1444 2016 1533">
    <p class='ocr_par' dir='ltr' id='par_1_14' title="bbox 439 1444 2016 1533">
     <span class='ocr_line' id='line_1_14' title="bbox 439 1444 2016 1533; baseline 0.006 -23"><span class='ocrx_word' id='word_1_86' title='bbox 439 1456 872 1511; x_wconf 76' lang='lat' dir='ltr'><strong>Alexandrinum</strong></span> <span class='ocrx_word' id='word_1_87' title='bbox 919 1459 1262 1523; x_wconf 88' lang='lat' dir='ltr'><strong>ebronicon,</strong></span> <span class='ocrx_word' id='word_1_88' title='bbox 1325 1444 1614 1516; x_wconf 84' lang='lat' dir='ltr'><strong>restitutus</strong></span> <span class='ocrx_word' id='word_1_89' title='bbox 1689 1479 1857 1533; x_wconf 81' lang='lat' dir='ltr'><strong>regno</strong></span> <span class='ocrx_word' id='word_1_90' title='bbox 1916 1482 2016 1520; x_wconf 89' lang='lat' dir='ltr'><strong>suo</strong></span> 
     </span>
    </p>
   </div>
   <div class='ocr_carea' id='block_1_15' title="bbox 442 1547 2014 1625">
    <p class='ocr_par' dir='ltr' id='par_1_15' title="bbox 442 1547 2014 1625">
     <span class='ocr_line' id='line_1_15' title="bbox 442 1547 2014 1625; baseline 0.005 -23"><span class='ocrx_word' id='word_1_91' title='bbox 442 1547 715 1603; x_wconf 88' lang='lat' dir='ltr'><strong>Chosroes</strong></span> <span class='ocrx_word' id='word_1_92' title='bbox 746 1550 838 1610; x_wconf 90' lang='lat' dir='ltr'><strong>sit,</strong></span> <span class='ocrx_word' id='word_1_93' title='bbox 886 1550 1069 1617; x_wconf 85' lang='lat' dir='ltr'><strong>itaque</strong></span> <span class='ocrx_word' id='word_1_94' title='bbox 1110 1560 1334 1621; x_wconf 87' lang='lat' dir='ltr'><strong>pacatus</strong></span> <span class='ocrx_word' id='word_1_95' title='bbox 1364 1551 1559 1607; x_wconf 80' lang='lat' dir='ltr'><strong>Oriens</strong></span> <span class='ocrx_word' id='word_1_96' title='bbox 1607 1570 1619 1607; x_wconf 92' lang='lat'><strong>:</strong></span> <span class='ocrx_word' id='word_1_97' title='bbox 1674 1556 2014 1625; x_wconf 88' lang='lat' dir='ltr'><strong>potissimum</strong></span> 
     </span>
    </p>
   </div>
   <div class='ocr_carea' id='block_1_16' title="bbox 440 1642 2016 1718">
    <p class='ocr_par' dir='ltr' id='par_1_16' title="bbox 440 1642 2016 1718">
     <span class='ocr_line' id='line_1_16' title="bbox 440 1642 2016 1718; baseline 0.006 -26"><span class='ocrx_word' id='word_1_98' title='bbox 440 1649 622 1695; x_wconf 91' lang='lat' dir='ltr'><strong>autem</strong></span> <span class='ocrx_word' id='word_1_99' title='bbox 678 1642 819 1696; x_wconf 90' lang='lat' dir='ltr'><strong>idem</strong></span> <span class='ocrx_word' id='word_1_100' title='bbox 874 1642 1299 1718; x_wconf 82' lang='lat' dir='ltr'><strong>demonstrative</strong></span> <span class='ocrx_word' id='word_1_101' title='bbox 1351 1646 1623 1699; x_wconf 90' lang='lat' dir='ltr'><strong>evincitur</strong></span> <span class='ocrx_word' id='word_1_102' title='bbox 1672 1661 1738 1701; x_wconf 80' lang='lat' dir='ltr'><strong>ex</strong></span> <span class='ocrx_word' id='word_1_103' title='bbox 1784 1648 1873 1706; x_wconf 87' lang='lat' dir='ltr'><strong>illa</strong></span> <span class='ocrx_word' id='word_1_104' title='bbox 1908 1658 2016 1703; x_wconf 88' lang='lat' dir='ltr'><strong>tam</strong></span> 
     </span>
    </p>
   </div>
   <div class='ocr_carea' id='block_1_17' title="bbox 443 1732 2016 1807">
    <p class='ocr_par' dir='ltr' id='par_1_17' title="bbox 443 1732 2016 1807">
     <span class='ocr_line' id='line_1_17' title="bbox 443 1732 2016 1807; baseline 0.01 -27"><span class='ocrx_word' id='word_1_105' title='bbox 443 1732 634 1801; x_wconf 78' lang='lat' dir='ltr'><strong>grandi</strong></span> <span class='ocrx_word' id='word_1_106' title='bbox 690 1735 1079 1789; x_wconf 89' lang='lat' dir='ltr'><strong>obscuratione</strong></span> <span class='ocrx_word' id='word_1_107' title='bbox 1129 1736 1305 1801; x_wconf 87' lang='lat' dir='ltr'><strong>solis,</strong></span> <span class='ocrx_word' id='word_1_108' title='bbox 1379 1751 1542 1807; x_wconf 86' lang='lat' dir='ltr'><strong>quam</strong></span> <span class='ocrx_word' id='word_1_109' title='bbox 1592 1752 1656 1791; x_wconf 80' lang='lat' dir='ltr'><strong>cx</strong></span> <span class='ocrx_word' id='word_1_110' title='bbox 1714 1737 2016 1795; x_wconf 84' lang='lat' dir='ltr'><strong>Simocatt&#39;a</strong></span> 
     </span>
    </p>
   </div>
   <div class='ocr_carea' id='block_1_18' title="bbox 444 1825 2018 1903">
    <p class='ocr_par' dir='ltr' id='par_1_18' title="bbox 444 1825 2018 1903">
     <span class='ocr_line' id='line_1_18' title="bbox 444 1825 2018 1903; baseline 0.004 -24"><span class='ocrx_word' id='word_1_111' title='bbox 444 1825 793 1894; x_wconf 81' lang='lat' dir='ltr'><strong>transcripsit</strong></span> <span class='ocrx_word' id='word_1_112' title='bbox 859 1826 1266 1897; x_wconf 89' lang='lat' dir='ltr'><strong>Theophanes,</strong></span> <span class='ocrx_word' id='word_1_113' title='bbox 1328 1839 1428 1897; x_wconf 80' lang='lat' dir='ltr'><strong>et,</strong></span> <span class='ocrx_word' id='word_1_114' title='bbox 1489 1840 1547 1882; x_wconf 91' lang='lat' dir='ltr'><strong>ut</strong></span> <span class='ocrx_word' id='word_1_115' title='bbox 1596 1829 1836 1887; x_wconf 80' lang='lat' dir='ltr'><strong>diximus</strong></span> <span class='ocrx_word' id='word_1_116' title='bbox 1896 1849 2018 1903; x_wconf 89' lang='lat' dir='ltr'><strong>per-</strong></span> 
     </span>
    </p>
   </div>
   <div class='ocr_carea' id='block_1_19' title="bbox 2121 624 3701 703">
    <p class='ocr_par' dir='ltr' id='par_1_19' title="bbox 2121 624 3701 703">
     <span class='ocr_line' id='line_1_19' title="bbox 2121 624 3701 703; baseline 0.008 -26"><span class='ocrx_word' id='word_1_117' title='bbox 2121 624 2281 691; x_wconf 87' lang='lat' dir='ltr'><strong>cham</strong></span> <span class='ocrx_word' id='word_1_118' title='bbox 2332 626 2550 689; x_wconf 87' lang='lat' dir='ltr'><strong>statuit,</strong></span> <span class='ocrx_word' id='word_1_119' title='bbox 2588 627 2642 681; x_wconf 91' lang='lat' dir='ltr'><strong>in</strong></span> <span class='ocrx_word' id='word_1_120' title='bbox 2686 643 2833 682; x_wconf 90' lang='lat' dir='ltr'><strong>anno</strong></span> <span class='ocrx_word' id='word_1_121' title='bbox 2878 629 3118 699; x_wconf 81' lang='lat' dir='ltr'><strong>vulgaris</strong></span> <span class='ocrx_word' id='word_1_122' title='bbox 3150 645 3273 684; x_wconf 67' lang='lat' dir='ltr'><strong>tera:</strong></span> <span class='ocrx_word' id='word_1_123' title='bbox 3308 631 3435 692; x_wconf 69' lang='lat'><strong>592.</strong></span> <span class='ocrx_word' id='word_1_124' title='bbox 3480 649 3609 703; x_wconf 89' lang='lat' dir='ltr'><strong>quo,</strong></span> <span class='ocrx_word' id='word_1_125' title='bbox 3644 646 3701 689; x_wconf 93' lang='lat' dir='ltr'><strong>ut</strong></span> 
     </span>
    </p>
   </div>
   <div class='ocr_carea' id='block_1_20' title="bbox 2120 714 3699 793">
    <p class='ocr_par' dir='ltr' id='par_1_20' title="bbox 2120 714 3699 793">
     <span class='ocr_line' id='line_1_20' title="bbox 2120 714 3699 793; baseline 0.007 -25"><span class='ocrx_word' id='word_1_126' title='bbox 2120 714 2218 778; x_wconf 88' lang='lat' dir='ltr'><strong>ait,</strong></span> <span class='ocrx_word' id='word_1_127' title='bbox 2251 733 2270 767; x_wconf 85' lang='grc' dir='ltr'><strong>ι</strong></span> <span class='ocrx_word' id='word_1_128' title='bbox 2309 715 2599 774; x_wconf 89' lang='lat' dir='ltr'><strong>Mauritius</strong></span> <span class='ocrx_word' id='word_1_129' title='bbox 2645 720 2937 789; x_wconf 88' lang='lat' dir='ltr'><strong>imperator</strong></span> <span class='ocrx_word' id='word_1_130' title='bbox 2972 725 3093 776; x_wconf 88' lang='lat' dir='ltr'><strong>sine</strong></span> <span class='ocrx_word' id='word_1_131' title='bbox 3141 724 3349 793; x_wconf 75' lang='lat' dir='ltr'><strong>collega</strong></span> <span class='ocrx_word' id='word_1_132' title='bbox 3399 726 3699 779; x_wconf 89' lang='lat' dir='ltr'><strong>secundum</strong></span> 
     </span>
    </p>
   </div>
   <div class='ocr_carea' id='block_1_21' title="bbox 2120 810 3699 883">
    <p class='ocr_par' dir='ltr' id='par_1_21' title="bbox 2120 810 3699 883">
     <span class='ocr_line' id='line_1_21' title="bbox 2120 810 3699 883; baseline 0.007 -23"><span class='ocrx_word' id='word_1_133' title='bbox 2120 810 2467 863; x_wconf 87' lang='lat' dir='ltr'><strong>consulatum</strong></span> <span class='ocrx_word' id='word_1_134' title='bbox 2524 812 2718 881; x_wconf 79' lang='lat' dir='ltr'><strong>gessit,</strong></span> <span class='ocrx_word' id='word_1_135' title='bbox 2765 828 2927 882; x_wconf 86' lang='lat' dir='ltr'><strong>quem</strong></span> <span class='ocrx_word' id='word_1_136' title='bbox 2966 829 3142 883; x_wconf 90' lang='lat' dir='ltr'><strong>usque</strong></span> <span class='ocrx_word' id='word_1_137' title='bbox 3195 816 3261 868; x_wconf 89' lang='lat' dir='ltr'><strong>ad</strong></span> <span class='ocrx_word' id='word_1_138' title='bbox 3311 816 3699 871; x_wconf 86' lang='lat' dir='ltr'><strong>duodecimum</strong></span> 
     </span>
    </p>
   </div>
   <div class='ocr_carea' id='block_1_22' title="bbox 2120 901 3701 966">
    <p class='ocr_par' dir='ltr' id='par_1_22' title="bbox 2120 901 3701 966">
     <span class='ocr_line' id='line_1_22' title="bbox 2120 901 3701 966; baseline 0.006 -13"><span class='ocrx_word' id='word_1_139' title='bbox 2120 901 2485 966; x_wconf 88' lang='lat' dir='ltr'><strong>continuavit,</strong></span> <span class='ocrx_word' id='word_1_140' title='bbox 2522 911 2581 957; x_wconf 97' lang='lat' dir='ltr'><strong>ut</strong></span> <span class='ocrx_word' id='word_1_141' title='bbox 2624 920 2687 957; x_wconf 78' lang='lat' dir='ltr'><strong>ex</strong></span> <span class='ocrx_word' id='word_1_142' title='bbox 2741 902 2898 959; x_wconf 81' lang='lat' dir='ltr'><strong>fastis</strong></span> <span class='ocrx_word' id='word_1_143' title='bbox 2925 904 3133 961; x_wconf 62' lang='lat' dir='ltr'><strong>Griecis</strong></span> <span class='ocrx_word' id='word_1_144' title='bbox 3185 917 3238 960; x_wconf 86' lang='lat' dir='ltr'><strong>et</strong></span> <span class='ocrx_word' id='word_1_145' title='bbox 3274 908 3414 961; x_wconf 92' lang='lat' dir='ltr'><strong>libro</strong></span> <span class='ocrx_word' id='word_1_146' title='bbox 3461 910 3701 964; x_wconf 66' lang='lat' dir='ltr'><strong>Matieio-</strong></span> 
     </span>
    </p>
   </div>
   <div class='ocr_carea' id='block_1_23' title="bbox 2120 994 3699 1073">
    <p class='ocr_par' dir='ltr' id='par_1_23' title="bbox 2120 994 3699 1073">
     <span class='ocr_line' id='line_1_23' title="bbox 2120 994 3699 1073; baseline 0.008 -27"><span class='ocrx_word' id='word_1_147' title='bbox 2120 1005 2243 1046; x_wconf 85' lang='lat' dir='ltr'><strong>rutn</strong></span> <span class='ocrx_word' id='word_1_148' title='bbox 2276 994 2620 1065; x_wconf 77' lang='lat' dir='ltr'><strong>intelligitur.</strong></span> <span class='ocrx_word' id='word_1_149' title='bbox 2650 994 2847 1052; x_wconf 87' lang='lat' dir='ltr'><strong>Fastos</strong></span> <span class='ocrx_word' id='word_1_150' title='bbox 2878 998 3098 1054; x_wconf 80' lang='lat' dir='ltr'><strong>Graecos</strong></span> <span class='ocrx_word' id='word_1_151' title='bbox 3131 1001 3218 1053; x_wconf 91' lang='lat' dir='ltr'><strong>hic</strong></span> <span class='ocrx_word' id='word_1_152' title='bbox 3262 1002 3523 1071; x_wconf 84' lang='lat' dir='ltr'><strong>appellat,</strong></span> <span class='ocrx_word' id='word_1_153' title='bbox 3558 1019 3699 1073; x_wconf 90' lang='lat' dir='ltr'><strong>quos</strong></span> 
     </span>
    </p>
   </div>
   <div class='ocr_carea' id='block_1_24' title="bbox 2120 1084 3701 1152">
    <p class='ocr_par' dir='ltr' id='par_1_24' title="bbox 2120 1084 3701 1152">
     <span class='ocr_line' id='line_1_24' title="bbox 2120 1084 3701 1152; baseline 0.009 -15"><span class='ocrx_word' id='word_1_154' title='bbox 2120 1084 2248 1139; x_wconf 80' lang='lat' dir='ltr'><strong>alibi</strong></span> <span class='ocrx_word' id='word_1_155' title='bbox 2303 1084 2538 1151; x_wconf 89' lang='lat' dir='ltr'><strong>Siculos,</strong></span> <span class='ocrx_word' id='word_1_156' title='bbox 2594 1098 2648 1145; x_wconf 86' lang='lat' dir='ltr'><strong>et.</strong></span> <span class='ocrx_word' id='word_1_157' title='bbox 2710 1091 3011 1145; x_wconf 89' lang='lat' dir='ltr'><strong>novissime</strong></span> <span class='ocrx_word' id='word_1_158' title='bbox 3072 1092 3324 1148; x_wconf 84' lang='lat' dir='ltr'><strong>Raderus</strong></span> <span class='ocrx_word' id='word_1_159' title='bbox 3386 1094 3701 1152; x_wconf 80' lang='lat' dir='ltr'><strong>Chronicon</strong></span> 
     </span>
    </p>
   </div>
   <div class='ocr_carea' id='block_1_25' title="bbox 2119 1173 3703 1259">
    <p class='ocr_par' dir='ltr' id='par_1_25' title="bbox 2119 1173 3703 1259">
     <span class='ocr_line' id='line_1_25' title="bbox 2119 1173 3703 1259; baseline 0.01 -32"><span class='ocrx_word' id='word_1_160' title='bbox 2119 1173 2549 1232; x_wconf 79' lang='lat' dir='ltr'><strong>Alexandrinum</strong></span> <span class='ocrx_word' id='word_1_161' title='bbox 2586 1183 2922 1251; x_wconf 90' lang='lat' dir='ltr'><strong>nuncupavit</strong></span> <span class='ocrx_word' id='word_1_162' title='bbox 2951 1201 2962 1235; x_wconf 93' lang='lat'>:</span> <span class='ocrx_word' id='word_1_163' title='bbox 2992 1184 3085 1238; x_wconf 88' lang='lat' dir='ltr'><strong>sed</strong></span> <span class='ocrx_word' id='word_1_164' title='bbox 3116 1185 3169 1237; x_wconf 90' lang='lat' dir='ltr'><strong>in</strong></span> <span class='ocrx_word' id='word_1_165' title='bbox 3204 1186 3604 1259; x_wconf 13' lang='lat' dir='ltr'><strong>his_7(idemque</strong></span> <span class='ocrx_word' id='word_1_166' title='bbox 3636 1188 3703 1243; x_wconf 87' lang='lat' dir='ltr'><strong>de</strong></span> 
     </span>
    </p>
   </div>
   <div class='ocr_carea' id='block_1_26' title="bbox 2122 1266 3703 1346">
    <p class='ocr_par' dir='ltr' id='par_1_26' title="bbox 2122 1266 3703 1346">
     <span class='ocr_line' id='line_1_26' title="bbox 2122 1266 3703 1346; baseline 0.008 -25"><span class='ocrx_word' id='word_1_167' title='bbox 2122 1266 2263 1322; x_wconf 91' lang='lat' dir='ltr'><strong>libro</strong></span> <span class='ocrx_word' id='word_1_168' title='bbox 2288 1266 2627 1325; x_wconf 77' lang='lat' dir='ltr'><strong>Maﬂeiorum</strong></span> <span class='ocrx_word' id='word_1_169' title='bbox 2652 1273 2759 1328; x_wconf 89' lang='lat' dir='ltr'><strong>dici</strong></span> <span class='ocrx_word' id='word_1_170' title='bbox 2790 1290 2950 1343; x_wconf 84' lang='lat' dir='ltr'><strong>posse</strong></span> <span class='ocrx_word' id='word_1_171' title='bbox 2974 1276 3327 1346; x_wconf 87' lang='lat' dir='ltr'><strong>arbitramur)</strong></span> <span class='ocrx_word' id='word_1_172' title='bbox 3354 1279 3488 1332; x_wconf 89' lang='lat' dir='ltr'><strong>nihil</strong></span> <span class='ocrx_word' id='word_1_173' title='bbox 3520 1280 3703 1339; x_wconf 81' lang='lat' dir='ltr'><strong>simile</strong></span> 
     </span>
    </p>
   </div>
   <div class='ocr_carea' id='block_1_27' title="bbox 2122 1356 3700 1425">
    <p class='ocr_par' dir='ltr' id='par_1_27' title="bbox 2122 1356 3700 1425">
     <span class='ocr_line' id='line_1_27' title="bbox 2122 1356 3700 1425; baseline 0.01 -15"><span class='ocrx_word' id='word_1_174' title='bbox 2122 1356 2345 1424; x_wconf 90' lang='lat' dir='ltr'><strong>dicitur,</strong></span> <span class='ocrx_word' id='word_1_175' title='bbox 2378 1369 2435 1415; x_wconf 89' lang='lat' dir='ltr'><strong>et</strong></span> <span class='ocrx_word' id='word_1_176' title='bbox 2463 1363 2614 1416; x_wconf 87' lang='lat' dir='ltr'><strong>nulla</strong></span> <span class='ocrx_word' id='word_1_177' title='bbox 2649 1363 2793 1419; x_wconf 75' lang='lat' dir='ltr'><strong>facta</strong></span> <span class='ocrx_word' id='word_1_178' title='bbox 2835 1366 3039 1420; x_wconf 87' lang='lat' dir='ltr'><strong>alicubi</strong></span> <span class='ocrx_word' id='word_1_179' title='bbox 3072 1369 3349 1422; x_wconf 88' lang='lat' dir='ltr'><strong>mentione</strong></span> <span class='ocrx_word' id='word_1_180' title='bbox 3378 1372 3700 1425; x_wconf 86' lang='lat' dir='ltr'><strong>consulatus</strong></span> 
     </span>
    </p>
   </div>
   <div class='ocr_carea' id='block_1_28' title="bbox 2121 1454 3700 1519">
    <p class='ocr_par' dir='ltr' id='par_1_28' title="bbox 2121 1454 3700 1519">
     <span class='ocr_line' id='line_1_28' title="bbox 2121 1454 3700 1519; baseline 0.009 -15"><span class='ocrx_word' id='word_1_181' title='bbox 2121 1454 2387 1519; x_wconf 86' lang='lat' dir='ltr'><strong>secundi,</strong></span> <span class='ocrx_word' id='word_1_182' title='bbox 2448 1454 2933 1513; x_wconf 84' lang='lat' dir='ltr'><strong>indiscriminatitn</strong></span> <span class='ocrx_word' id='word_1_183' title='bbox 2999 1472 3380 1516; x_wconf 85' lang='lat' dir='ltr'><strong>memorantur</strong></span> <span class='ocrx_word' id='word_1_184' title='bbox 3444 1465 3572 1518; x_wconf 86' lang='lat' dir='ltr'><strong>anni</strong></span> <span class='ocrx_word' id='word_1_185' title='bbox 3635 1466 3700 1519; x_wconf 80' lang='grc'>18</span> 
     </span>
    </p>
   </div>
   <div class='ocr_carea' id='block_1_29' title="bbox 2122 1546 3701 1626">
    <p class='ocr_par' dir='ltr' id='par_1_29' title="bbox 2122 1546 3701 1626">
     <span class='ocr_line' id='line_1_29' title="bbox 2122 1546 3701 1626; baseline 0.011 -34"><span class='ocrx_word' id='word_1_186' title='bbox 2122 1549 2245 1608; x_wconf 86' lang='lat' dir='ltr'><strong>post</strong></span> <span class='ocrx_word' id='word_1_187' title='bbox 2276 1546 2623 1626; x_wconf 86' lang='lat' dir='ltr'><strong>consulatum</strong></span> <span class='ocrx_word' id='word_1_188' title='bbox 2676 1547 2921 1604; x_wconf 87' lang='lat' dir='ltr'><strong>Mauricii</strong></span> <span class='ocrx_word' id='word_1_189' title='bbox 2974 1549 3201 1606; x_wconf 87' lang='lat' dir='ltr'><strong>Tiberii.</strong></span> <span class='ocrx_word' id='word_1_190' title='bbox 3236 1551 3468 1608; x_wconf 89' lang='lat' dir='ltr'><strong>Unicum</strong></span> <span class='ocrx_word' id='word_1_191' title='bbox 3535 1555 3701 1626; x_wconf 76' lang='lat' dir='ltr'><strong>igitur</strong></span> 
     </span>
    </p>
   </div>
   <div class='ocr_carea' id='block_1_30' title="bbox 2124 1622 3696 1708">
    <p class='ocr_par' dir='ltr' id='par_1_30' title="bbox 2124 1622 3696 1708">
     <span class='ocr_line' id='line_1_30' title="bbox 2124 1622 3696 1708; baseline 0.01 -23"><span class='ocrx_word' id='word_1_192' title='bbox 2124 1634 2298 1688; x_wconf 68' lang='lat' dir='ltr'><strong>tertiae</strong></span> <span class='ocrx_word' id='word_1_193' title='bbox 2328 1635 2449 1704; x_wconf 85' lang='lat' dir='ltr'><strong>ejus</strong></span> <span class='ocrx_word' id='word_1_194' title='bbox 2499 1622 2721 1708; x_wconf 75' lang='lat' dir='ltr'><strong>epocbae</strong></span> <span class='ocrx_word' id='word_1_195' title='bbox 2755 1643 3239 1699; x_wconf 64' lang='lat' dir='ltr'><strong>comminiscendte</strong></span> <span class='ocrx_word' id='word_1_196' title='bbox 3284 1648 3696 1701; x_wconf 80' lang='lat' dir='ltr'><strong>fundamentum</strong></span> 
     </span>
    </p>
   </div>
   <div class='ocr_carea' id='block_1_31' title="bbox 2125 1726 3694 1808">
    <p class='ocr_par' dir='ltr' id='par_1_31' title="bbox 2125 1726 3694 1808">
     <span class='ocr_line' id='line_1_31' title="bbox 2125 1726 3694 1808; baseline 0.01 -32"><span class='ocrx_word' id='word_1_197' title='bbox 2125 1726 2333 1795; x_wconf 89' lang='lat' dir='ltr'><strong>accepit</strong></span> <span class='ocrx_word' id='word_1_198' title='bbox 2363 1727 2683 1798; x_wconf 86' lang='lat' dir='ltr'><strong>Onuphrius</strong></span> <span class='ocrx_word' id='word_1_199' title='bbox 2722 1748 2787 1787; x_wconf 82' lang='lat' dir='ltr'><strong>ex</strong></span> <span class='ocrx_word' id='word_1_200' title='bbox 2821 1749 2905 1794; x_wconf 91' lang='lat' dir='ltr'><strong>eo,</strong></span> <span class='ocrx_word' id='word_1_201' title='bbox 2936 1737 3080 1804; x_wconf 91' lang='lat' dir='ltr'><strong>quod</strong></span> <span class='ocrx_word' id='word_1_202' title='bbox 3117 1739 3277 1806; x_wconf 76' lang='lat' dir='ltr'><strong>paulo</strong></span> <span class='ocrx_word' id='word_1_203' title='bbox 3314 1751 3435 1807; x_wconf 83' lang='lat' dir='ltr'><strong>post</strong></span> <span class='ocrx_word' id='word_1_204' title='bbox 3472 1741 3694 1808; x_wconf 69' lang='lat' dir='ltr'><strong>allegat,</strong></span> 
     </span>
    </p>
   </div>
   <div class='ocr_carea' id='block_1_32' title="bbox 2124 1818 3696 1899">
    <p class='ocr_par' dir='ltr' id='par_1_32' title="bbox 2124 1818 3696 1899">
     <span class='ocr_line' id='line_1_32' title="bbox 2124 1818 3696 1899; baseline 0.011 -30"><span class='ocrx_word' id='word_1_205' title='bbox 2124 1818 2360 1887; x_wconf 82' lang='lat' dir='ltr'><strong>registro</strong></span> <span class='ocrx_word' id='word_1_206' title='bbox 2406 1823 2764 1891; x_wconf 77' lang='lat' dir='ltr'><strong>epistolarum</strong></span> <span class='ocrx_word' id='word_1_207' title='bbox 2799 1827 2853 1880; x_wconf 93' lang='lat' dir='ltr'><strong>S.</strong></span> <span class='ocrx_word' id='word_1_208' title='bbox 2893 1826 3138 1899; x_wconf 80' lang='lat' dir='ltr'><strong>Gregorii</strong></span> <span class='ocrx_word' id='word_1_209' title='bbox 3190 1831 3229 1883; x_wconf 88' lang='grc' dir='ltr'>ι.</span> <span class='ocrx_word' id='word_1_210' title='bbox 3279 1830 3369 1896; x_wconf 71' lang='lat' dir='ltr'><strong>1X,</strong></span> <span class='ocrx_word' id='word_1_211' title='bbox 3418 1832 3609 1885; x_wconf 85' lang='lat' dir='ltr'><strong>lndict.</strong></span> <span class='ocrx_word' id='word_1_212' title='bbox 3642 1833 3696 1893; x_wconf 74' lang='grc'><strong>4.</strong></span> 
     </span>
    </p>
   </div>
   <div class='ocr_carea' id='block_1_33' title="bbox 442 1908 2195 1991">
    <p class='ocr_par' dir='ltr' id='par_1_33' title="bbox 442 1908 2189 1990">
     <span class='ocr_line' id='line_1_33' title="bbox 442 1908 2189 1990; baseline 0.003 -20"><span class='ocrx_word' id='word_1_213' title='bbox 442 1931 623 1985; x_wconf 87' lang='lat' dir='ltr'><strong>peram</strong></span> <span class='ocrx_word' id='word_1_214' title='bbox 682 1932 827 1971; x_wconf 91' lang='lat' dir='ltr'><strong>anno</strong></span> <span class='ocrx_word' id='word_1_215' title='bbox 880 1934 1025 1974; x_wconf 92' lang='lat' dir='ltr'><strong>nono</strong></span> <span class='ocrx_word' id='word_1_216' title='bbox 1083 1920 1328 1984; x_wconf 73' lang='lat' dir='ltr'><strong>Mauritii</strong></span> <span class='ocrx_word' id='word_1_217' title='bbox 1385 1921 1711 1990; x_wconf 87' lang='lat' dir='ltr'><strong>imperantis</strong></span> <span class='ocrx_word' id='word_1_218' title='bbox 1767 1925 2017 1979; x_wconf 89' lang='lat' dir='ltr'><strong>attribuit</strong></span> <span class='ocrx_word' id='word_1_219' title='bbox 2047 1908 2189 1975; x_wconf 73' lang='grc' dir='ltr'><strong>Βυί)</strong></span> 
     </span>
    </p>
   </div>
   <div class='ocr_carea' id='block_1_34' title="bbox 1947 1908 3700 1991">
    <p class='ocr_par' dir='ltr' id='par_1_34' title="bbox 1947 1908 3700 1991">
     <span class='ocr_line' id='line_1_34' title="bbox 1947 1908 3700 1991; baseline 0.011 -32"><span class='ocrx_word' id='word_1_220' title='bbox 1947 1925 2017 1979; x_wconf 66' lang='grc' dir='ltr'><strong>ηίι</strong></span> <span class='ocrx_word' id='word_1_221' title='bbox 2047 1911 2101 1975; x_wconf 77' lang='grc' dir='ltr'>Β,</span> <span class='ocrx_word' id='word_1_222' title='bbox 2121 1908 2207 1962; x_wconf 91' lang='lat' dir='ltr'><strong>ubi</strong></span> <span class='ocrx_word' id='word_1_223' title='bbox 2250 1911 2330 1965; x_wconf 88' lang='lat' dir='ltr'><strong>sic</strong></span> <span class='ocrx_word' id='word_1_224' title='bbox 2367 1911 2557 1991; x_wconf 72' lang='lat' dir='ltr'><strong>incipit</strong></span> <span class='ocrx_word' id='word_1_225' title='bbox 2589 1917 2751 1985; x_wconf 81' lang='lat' dir='ltr'><strong>epist.</strong></span> <span class='ocrx_word' id='word_1_226' title='bbox 2780 1918 2892 1973; x_wconf 62' lang='lat'><strong>2&#39;2:</strong></span> <span class='ocrx_word' id='word_1_227' title='bbox 2930 1939 2947 1970; x_wconf 81' lang='grc' dir='ltr'><strong>ι</strong></span> <span class='ocrx_word' id='word_1_228' title='bbox 2986 1921 3042 1975; x_wconf 86' lang='grc' dir='ltr'><strong>ιιι</strong></span> <span class='ocrx_word' id='word_1_229' title='bbox 3081 1923 3299 1977; x_wconf 86' lang='lat' dir='ltr'><strong>nomine</strong></span> <span class='ocrx_word' id='word_1_230' title='bbox 3351 1923 3561 1979; x_wconf 87' lang='lat' dir='ltr'><strong>Domini</strong></span> <span class='ocrx_word' id='word_1_231' title='bbox 3598 1942 3700 1979; x_wconf 80' lang='lat' dir='ltr'><strong>no-</strong></span> 
     </span>
    </p>
   </div>
   <div class='ocr_carea' id='block_1_35' title="bbox 444 1999 2019 2090">
    <p class='ocr_par' dir='ltr' id='par_1_35' title="bbox 444 1999 2019 2090">
     <span class='ocr_line' id='line_1_35' title="bbox 444 1999 2019 2090; baseline 0.008 -31"><span class='ocrx_word' id='word_1_232' title='bbox 444 2024 548 2061; x_wconf 86' lang='lat' dir='ltr'><strong>una</strong></span> <span class='ocrx_word' id='word_1_233' title='bbox 609 2024 732 2063; x_wconf 93' lang='lat' dir='ltr'><strong>cum</strong></span> <span class='ocrx_word' id='word_1_234' title='bbox 795 2010 959 2065; x_wconf 85' lang='lat' dir='ltr'><strong>rebus</strong></span> <span class='ocrx_word' id='word_1_235' title='bbox 1002 2021 1132 2090; x_wconf 76' lang='lat' dir='ltr'><strong>tunc</strong></span> <span class='ocrx_word' id='word_1_236' title='bbox 1198 1999 1388 2082; x_wconf 78' lang='lat' dir='ltr'><strong>gestis.</strong></span> <span class='ocrx_word' id='word_1_237' title='bbox 1438 2012 1691 2081; x_wconf 67' lang='lat' dir='ltr'><strong>“Constat.</strong></span> <span class='ocrx_word' id='word_1_238' title='bbox 1738 2008 1893 2070; x_wconf 78' lang='lat' dir='ltr'><strong>enim</strong></span> <span class='ocrx_word' id='word_1_239' title='bbox 1951 2033 2019 2072; x_wconf 79' lang='lat' dir='ltr'><strong>ex</strong></span> 
     </span>
    </p>
   </div>
   <div class='ocr_carea' id='block_1_36' title="bbox 443 2102 2021 2178">
    <p class='ocr_par' dir='ltr' id='par_1_36' title="bbox 443 2102 2021 2178">
     <span class='ocr_line' id='line_1_36' title="bbox 443 2102 2021 2178; baseline 0.006 -25"><span class='ocrx_word' id='word_1_240' title='bbox 443 2102 830 2156; x_wconf 82' lang='lat' dir='ltr'><strong>astronomiris</strong></span> <span class='ocrx_word' id='word_1_241' title='bbox 866 2104 1122 2165; x_wconf 83' lang='lat' dir='ltr'><strong>calculis,</strong></span> <span class='ocrx_word' id='word_1_242' title='bbox 1176 2103 1848 2178; x_wconf 16' lang='lat' dir='ltr'><strong>quodreelipsissqlaris,</strong></span> <span class='ocrx_word' id='word_1_243' title='bbox 1899 2122 2021 2176; x_wconf 74' lang='lat' dir='ltr'><strong>quae</strong></span> 
     </span>
    </p>
   </div>
   <div class='ocr_carea' id='block_1_37' title="bbox 440 2183 2018 2269">
    <p class='ocr_par' dir='ltr' id='par_1_37' title="bbox 440 2183 2018 2269">
     <span class='ocr_line' id='line_1_37' title="bbox 440 2183 2018 2269; baseline 0.004 -23"><span class='ocrx_word' id='word_1_244' title='bbox 440 2183 585 2247; x_wconf 74' lang='lat' dir='ltr'><strong>anno</strong></span> <span class='ocrx_word' id='word_1_245' title='bbox 626 2193 718 2247; x_wconf 78' lang='grc'><strong>591</strong></span> <span class='ocrx_word' id='word_1_246' title='bbox 759 2195 979 2259; x_wconf 84' lang='lat' dir='ltr'><strong>accidit,</strong></span> <span class='ocrx_word' id='word_1_247' title='bbox 1029 2196 1118 2248; x_wconf 89' lang='lat' dir='ltr'><strong>die</strong></span> <span class='ocrx_word' id='word_1_248' title='bbox 1168 2195 1237 2249; x_wconf 83' lang='lat'><strong>&#39;50</strong></span> <span class='ocrx_word' id='word_1_249' title='bbox 1288 2194 1488 2261; x_wconf 85' lang='lat' dir='ltr'><strong>Martii,</strong></span> <span class='ocrx_word' id='word_1_250' title='bbox 1543 2197 2018 2269; x_wconf 79' lang='lat' dir='ltr'><strong>Constantinopoli</strong></span> 
     </span>
    </p>
   </div>
   <div class='ocr_carea' id='block_1_38' title="bbox 441 2287 2021 2361">
    <p class='ocr_par' dir='ltr' id='par_1_38' title="bbox 441 2287 2021 2361">
     <span class='ocr_line' id='line_1_38' title="bbox 441 2287 2021 2361; baseline 0.004 -23"><span class='ocrx_word' id='word_1_251' title='bbox 441 2291 526 2340; x_wconf 83' lang='lat' dir='ltr'><strong>vix</strong></span> <span class='ocrx_word' id='word_1_252' title='bbox 581 2298 673 2341; x_wconf 90' lang='lat' dir='ltr'><strong>aut</strong></span> <span class='ocrx_word' id='word_1_253' title='bbox 724 2304 790 2343; x_wconf 92' lang='lat' dir='ltr'><strong>ne</strong></span> <span class='ocrx_word' id='word_1_254' title='bbox 848 2290 935 2341; x_wconf 80' lang='lat' dir='ltr'><strong>vix</strong></span> <span class='ocrx_word' id='word_1_255' title='bbox 974 2287 1192 2357; x_wconf 71' lang='lat' dir='ltr'><strong>quidem</strong></span> <span class='ocrx_word' id='word_1_256' title='bbox 1236 2287 1475 2357; x_wconf 90' lang='lat' dir='ltr'><strong>potuerit</strong></span> <span class='ocrx_word' id='word_1_257' title='bbox 1531 2290 1814 2361; x_wconf 85' lang='lat' dir='ltr'><strong>conspici,</strong></span> <span class='ocrx_word' id='word_1_258' title='bbox 1858 2299 2021 2360; x_wconf 90' lang='lat' dir='ltr'><strong>prout</strong></span> 
     </span>
    </p>
   </div>
   <div class='ocr_carea' id='block_1_39' title="bbox 443 2381 2020 2450">
    <p class='ocr_par' dir='ltr' id='par_1_39' title="bbox 443 2381 2020 2450">
     <span class='ocr_line' id='line_1_39' title="bbox 443 2381 2020 2450; baseline 0.003 -17"><span class='ocrx_word' id='word_1_259' title='bbox 443 2381 498 2435; x_wconf 78' lang='lat' dir='ltr'><strong>in</strong></span> <span class='ocrx_word' id='word_1_260' title='bbox 532 2382 703 2435; x_wconf 86' lang='lat' dir='ltr'><strong>nostri</strong></span> <span class='ocrx_word' id='word_1_261' title='bbox 735 2383 959 2450; x_wconf 80' lang='lat' dir='ltr'><strong>gratiam</strong></span> <span class='ocrx_word' id='word_1_262' title='bbox 994 2382 1424 2435; x_wconf 81' lang='lat' dir='ltr'><strong>observaverunt</strong></span> <span class='ocrx_word' id='word_1_263' title='bbox 1472 2384 1570 2436; x_wconf 89' lang='lat' dir='ltr'><strong>viri</strong></span> <span class='ocrx_word' id='word_1_264' title='bbox 1623 2385 2020 2438; x_wconf 81' lang='lat' dir='ltr'><strong>astronomica-</strong></span> 
     </span>
    </p>
   </div>
   <div class='ocr_carea' id='block_1_40' title="bbox 443 2471 2015 2549">
    <p class='ocr_par' dir='ltr' id='par_1_40' title="bbox 443 2471 2015 2549">
     <span class='ocr_line' id='line_1_40' title="bbox 443 2471 2015 2549; baseline 0.002 -23"><span class='ocrx_word' id='word_1_265' title='bbox 443 2489 561 2526; x_wconf 89' lang='lat' dir='ltr'><strong>rum</strong></span> <span class='ocrx_word' id='word_1_266' title='bbox 596 2490 776 2543; x_wconf 82' lang='lat' dir='ltr'><strong>rerum</strong></span> <span class='ocrx_word' id='word_1_267' title='bbox 813 2473 1133 2542; x_wconf 75' lang='lat' dir='ltr'><strong>peritissimi</strong></span> <span class='ocrx_word' id='word_1_268' title='bbox 1180 2471 1290 2531; x_wconf 85' lang='lat' dir='ltr'><strong>duo</strong></span> <span class='ocrx_word' id='word_1_269' title='bbox 1346 2473 1577 2530; x_wconf 88' lang='lat' dir='ltr'><strong>Michael</strong></span> <span class='ocrx_word' id='word_1_270' title='bbox 1621 2473 1919 2549; x_wconf 84' lang='lat' dir='ltr'><strong>Seneschal</strong></span> <span class='ocrx_word' id='word_1_271' title='bbox 1957 2476 2015 2531; x_wconf 91' lang='lat' dir='ltr'><strong>S.</strong></span> 
     </span>
    </p>
   </div>
   <div class='ocr_carea' id='block_1_41' title="bbox 439 2564 2022 2637">
    <p class='ocr_par' dir='ltr' id='par_1_41' title="bbox 439 2564 2022 2637">
     <span class='ocr_line' id='line_1_41' title="bbox 439 2564 2022 2637; baseline 0 -14"><span class='ocrx_word' id='word_1_272' title='bbox 439 2564 491 2623; x_wconf 79' lang='grc'><strong>1.</strong></span> <span class='ocrx_word' id='word_1_273' title='bbox 524 2575 579 2623; x_wconf 91' lang='lat' dir='ltr'><strong>et</strong></span> <span class='ocrx_word' id='word_1_274' title='bbox 610 2566 774 2620; x_wconf 82' lang='lat' dir='ltr'><strong>David</strong></span> <span class='ocrx_word' id='word_1_275' title='bbox 827 2566 1041 2623; x_wconf 91' lang='lat' dir='ltr'><strong>vanden</strong></span> <span class='ocrx_word' id='word_1_276' title='bbox 1086 2564 1548 2619; x_wconf 82' lang='lat' dir='ltr'><strong>Nieuwenhorcht</strong></span> <span class='ocrx_word' id='word_1_277' title='bbox 1604 2565 2022 2637; x_wconf 83' lang='lat' dir='ltr'><strong>Antuerpiensis</strong></span> 
     </span>
    </p>
   </div>
   <div class='ocr_carea' id='block_1_42' title="bbox 443 2650 2018 2730">
    <p class='ocr_par' dir='ltr' id='par_1_42' title="bbox 443 2650 2018 2730">
     <span class='ocr_line' id='line_1_42' title="bbox 443 2650 2018 2730; baseline 0.001 -17"><span class='ocrx_word' id='word_1_278' title='bbox 443 2650 757 2730; x_wconf 70' lang='lat' dir='ltr'><strong>presbyter.</strong></span> <span class='ocrx_word' id='word_1_279' title='bbox 828 2658 896 2720; x_wconf 78' lang='lat' dir='ltr'><strong>At</strong></span> <span class='ocrx_word' id='word_1_280' title='bbox 957 2673 1087 2713; x_wconf 90' lang='lat' dir='ltr'><strong>vero</strong></span> <span class='ocrx_word' id='word_1_281' title='bbox 1156 2672 1301 2713; x_wconf 89' lang='lat' dir='ltr'><strong>anno</strong></span> <span class='ocrx_word' id='word_1_282' title='bbox 1366 2658 1492 2723; x_wconf 76' lang='lat'><strong>592,</strong></span> <span class='ocrx_word' id='word_1_283' title='bbox 1548 2657 1636 2714; x_wconf 88' lang='lat' dir='ltr'><strong>die</strong></span> <span class='ocrx_word' id='word_1_284' title='bbox 1698 2659 1763 2721; x_wconf 65' lang='lat'><strong>(.9</strong></span> <span class='ocrx_word' id='word_1_285' title='bbox 1835 2660 2018 2714; x_wconf 84' lang='lat' dir='ltr'><strong>Martii</strong></span> 
     </span>
    </p>
   </div>
   <div class='ocr_carea' id='block_1_43' title="bbox 443 2743 2021 2823">
    <p class='ocr_par' dir='ltr' id='par_1_43' title="bbox 443 2743 2021 2823">
     <span class='ocr_line' id='line_1_43' title="bbox 443 2743 2021 2823; baseline 0.001 -18"><span class='ocrx_word' id='word_1_286' title='bbox 443 2766 641 2823; x_wconf 75' lang='lat' dir='ltr'><strong>inagna</strong></span> <span class='ocrx_word' id='word_1_287' title='bbox 679 2754 779 2805; x_wconf 90' lang='lat' dir='ltr'><strong>illa.</strong></span> <span class='ocrx_word' id='word_1_288' title='bbox 804 2750 1027 2821; x_wconf 86' lang='lat' dir='ltr'><strong>eclipsis</strong></span> <span class='ocrx_word' id='word_1_289' title='bbox 1088 2751 1304 2816; x_wconf 87' lang='lat' dir='ltr'><strong>accidit,</strong></span> <span class='ocrx_word' id='word_1_290' title='bbox 1334 2765 1495 2823; x_wconf 86' lang='lat' dir='ltr'><strong>quam</strong></span> <span class='ocrx_word' id='word_1_291' title='bbox 1527 2750 1780 2806; x_wconf 83' lang='lat' dir='ltr'><strong>Petavius</strong></span> <span class='ocrx_word' id='word_1_292' title='bbox 1834 2743 2021 2807; x_wconf 84' lang='lat' dir='ltr'><strong>uester</strong></span> 
     </span>
    </p>
   </div>
   <div class='ocr_carea' id='block_1_44' title="bbox 445 2824 2019 2911">
    <p class='ocr_par' dir='ltr' id='par_1_44' title="bbox 445 2824 2019 2911">
     <span class='ocr_line' id='line_1_44' title="bbox 445 2824 2019 2911; baseline 0.003 -15"><span class='ocrx_word' id='word_1_293' title='bbox 445 2843 481 2896; x_wconf 93' lang='lat' dir='ltr'><strong>l.</strong></span> <span class='ocrx_word' id='word_1_294' title='bbox 523 2841 623 2898; x_wconf 53' lang='lat' dir='ltr'><strong>vnt&#39;</strong></span> <span class='ocrx_word' id='word_1_295' title='bbox 650 2843 727 2896; x_wconf 87' lang='lat' dir='ltr'><strong>De</strong></span> <span class='ocrx_word' id='word_1_296' title='bbox 750 2844 991 2896; x_wconf 79' lang='lat' dir='ltr'><strong>doctrina</strong></span> <span class='ocrx_word' id='word_1_297' title='bbox 1018 2824 1333 2909; x_wconf 69' lang='lat' dir='ltr'><strong>temporum,</strong></span> <span class='ocrx_word' id='word_1_298' title='bbox 1370 2857 1489 2911; x_wconf 78' lang='lat' dir='ltr'><strong>pag.</strong></span> <span class='ocrx_word' id='word_1_299' title='bbox 1521 2842 1644 2907; x_wconf 77' lang='grc'>855,</span> <span class='ocrx_word' id='word_1_300' title='bbox 1681 2842 1842 2897; x_wconf 93' lang='lat' dir='ltr'><strong>docet</strong></span> <span class='ocrx_word' id='word_1_301' title='bbox 1871 2843 2019 2900; x_wconf 89' lang='lat' dir='ltr'><strong>Con-</strong></span> 
     </span>
    </p>
   </div>
   <div class='ocr_carea' id='block_1_45' title="bbox 445 2934 2019 3005">
    <p class='ocr_par' dir='ltr' id='par_1_45' title="bbox 445 2934 2019 3005">
     <span class='ocr_line' id='line_1_45' title="bbox 445 2934 2019 3005; baseline -0.001 -13"><span class='ocrx_word' id='word_1_302' title='bbox 445 2936 805 3005; x_wconf 74' lang='lat' dir='ltr'><strong>stantinopoli</strong></span> <span class='ocrx_word' id='word_1_303' title='bbox 832 2934 1023 2989; x_wconf 64' lang='lat' dir='ltr'><strong>fuisse</strong></span> <span class='ocrx_word' id='word_1_304' title='bbox 1054 2934 1352 3002; x_wconf 83' lang='lat' dir='ltr'><strong>digitorum</strong></span> <span class='ocrx_word' id='word_1_305' title='bbox 1409 2934 1498 2996; x_wconf 86' lang='grc'>10,</span> <span class='ocrx_word' id='word_1_306' title='bbox 1542 2943 1594 2987; x_wconf 88' lang='lat' dir='ltr'><strong>et</strong></span> <span class='ocrx_word' id='word_1_307' title='bbox 1628 2936 1915 2990; x_wconf 85' lang='lat' dir='ltr'><strong>duravisse</strong></span> <span class='ocrx_word' id='word_1_308' title='bbox 1951 2937 2019 2991; x_wconf 84' lang='lat' dir='ltr'><strong>ab</strong></span> 
     </span>
    </p>
   </div>
   <div class='ocr_carea' id='block_1_46' title="bbox 445 3024 2022 3096">
    <p class='ocr_par' dir='ltr' id='par_1_46' title="bbox 445 3024 2022 3096">
     <span class='ocr_line' id='line_1_46' title="bbox 445 3024 2022 3096; baseline 0 -15"><span class='ocrx_word' id='word_1_309' title='bbox 445 3026 581 3081; x_wconf 84' lang='lat' dir='ltr'><strong>ltora</strong></span> <span class='ocrx_word' id='word_1_310' title='bbox 609 3027 665 3096; x_wconf 91' lang='lat'><strong>9,</strong></span> <span class='ocrx_word' id='word_1_311' title='bbox 699 3027 967 3081; x_wconf 87' lang='lat' dir='ltr'><strong>matutina</strong></span> <span class='ocrx_word' id='word_1_312' title='bbox 1008 3026 1176 3081; x_wconf 76' lang='lat' dir='ltr'><strong>ferme</strong></span> <span class='ocrx_word' id='word_1_313' title='bbox 1236 3024 1303 3078; x_wconf 91' lang='lat' dir='ltr'><strong>ad</strong></span> <span class='ocrx_word' id='word_1_314' title='bbox 1350 3024 1589 3078; x_wconf 88' lang='lat' dir='ltr'><strong>medium</strong></span> <span class='ocrx_word' id='word_1_315' title='bbox 1645 3024 1794 3081; x_wconf 63' lang='lat' dir='ltr'><strong>horse</strong></span> <span class='ocrx_word' id='word_1_316' title='bbox 1826 3025 1911 3079; x_wconf 79' lang='grc'><strong>12.</strong></span> <span class='ocrx_word' id='word_1_317' title='bbox 1951 3025 2022 3081; x_wconf 87' lang='lat' dir='ltr'><strong>Ut</strong></span> 
     </span>
    </p>
   </div>
   <div class='ocr_carea' id='block_1_47' title="bbox 442 3117 2017 3188">
    <p class='ocr_par' dir='ltr' id='par_1_47' title="bbox 442 3117 2017 3188">
     <span class='ocr_line' id='line_1_47' title="bbox 442 3117 2017 3188; baseline 0.001 -14"><span class='ocrx_word' id='word_1_318' title='bbox 442 3120 668 3174; x_wconf 86' lang='lat' dir='ltr'><strong>dubium</strong></span> <span class='ocrx_word' id='word_1_319' title='bbox 700 3120 908 3173; x_wconf 89' lang='lat' dir='ltr'><strong>nullum</strong></span> <span class='ocrx_word' id='word_1_320' title='bbox 941 3119 1031 3182; x_wconf 88' lang='lat' dir='ltr'><strong>sit,</strong></span> <span class='ocrx_word' id='word_1_321' title='bbox 1078 3118 1211 3188; x_wconf 92' lang='lat' dir='ltr'><strong>quin</strong></span> <span class='ocrx_word' id='word_1_322' title='bbox 1262 3117 1375 3171; x_wconf 79' lang='lat' dir='ltr'><strong>hare</strong></span> <span class='ocrx_word' id='word_1_323' title='bbox 1404 3118 1494 3171; x_wconf 86' lang='lat' dir='ltr'><strong>illa</strong></span> <span class='ocrx_word' id='word_1_324' title='bbox 1529 3132 1746 3187; x_wconf 86' lang='lat' dir='ltr'><strong>quoque</strong></span> <span class='ocrx_word' id='word_1_325' title='bbox 1788 3118 2017 3188; x_wconf 85' lang='lat' dir='ltr'><strong>eclipsis</strong></span> 
     </span>
    </p>
   </div>
   <div class='ocr_carea' id='block_1_48' title="bbox 444 3205 2018 3279">
    <p class='ocr_par' dir='ltr' id='par_1_48' title="bbox 444 3205 2018 3279">
     <span class='ocr_line' id='line_1_48' title="bbox 444 3205 2018 3279; baseline -0.003 -14"><span class='ocrx_word' id='word_1_326' title='bbox 444 3212 536 3274; x_wconf 84' lang='lat' dir='ltr'><strong>sit,</strong></span> <span class='ocrx_word' id='word_1_327' title='bbox 571 3211 730 3279; x_wconf 83' lang='lat' dir='ltr'><strong>cujus</strong></span> <span class='ocrx_word' id='word_1_328' title='bbox 756 3210 820 3263; x_wconf 89' lang='lat' dir='ltr'><strong>ad</strong></span> <span class='ocrx_word' id='word_1_329' title='bbox 857 3224 1059 3262; x_wconf 81' lang='lat' dir='ltr'><strong>annum</strong></span> <span class='ocrx_word' id='word_1_330' title='bbox 1092 3206 1418 3268; x_wconf 82' lang='lat' dir='ltr'><strong>Guntrnmni</strong></span> <span class='ocrx_word' id='word_1_331' title='bbox 1466 3205 1559 3267; x_wconf 72' lang='grc'><strong>22,</strong></span> <span class='ocrx_word' id='word_1_332' title='bbox 1593 3206 1846 3260; x_wconf 89' lang='lat' dir='ltr'><strong>meminit</strong></span> <span class='ocrx_word' id='word_1_333' title='bbox 1887 3206 2018 3262; x_wconf 83' lang='lat' dir='ltr'><strong>Fre-</strong></span> 
     </span>
    </p>
   </div>
   <div class='ocr_carea' id='block_1_49' title="bbox 442 3302 2016 3372">
    <p class='ocr_par' dir='ltr' id='par_1_49' title="bbox 442 3302 2016 3372">
     <span class='ocr_line' id='line_1_49' title="bbox 442 3302 2016 3372; baseline 0 -14"><span class='ocrx_word' id='word_1_334' title='bbox 442 3305 717 3372; x_wconf 75' lang='lat' dir='ltr'><strong>degarins,</strong></span> <span class='ocrx_word' id='word_1_335' title='bbox 771 3303 1000 3357; x_wconf 88' lang='lat' dir='ltr'><strong>dicens:</strong></span> <span class='ocrx_word' id='word_1_336' title='bbox 1038 3303 1203 3372; x_wconf 86' lang='lat' dir='ltr'><strong>quod,</strong></span> <span class='ocrx_word' id='word_1_337' title='bbox 1251 3320 1269 3353; x_wconf 79' lang='grc' dir='ltr'><strong>ι</strong></span> <span class='ocrx_word' id='word_1_338' title='bbox 1326 3304 1365 3355; x_wconf 76' lang='grc' dir='ltr'><strong>Α</strong></span> <span class='ocrx_word' id='word_1_339' title='bbox 1402 3316 1560 3357; x_wconf 89' lang='lat' dir='ltr'><strong>mane</strong></span> <span class='ocrx_word' id='word_1_340' title='bbox 1591 3318 1765 3371; x_wconf 88' lang='lat' dir='ltr'><strong>usque</strong></span> <span class='ocrx_word' id='word_1_341' title='bbox 1816 3302 1871 3356; x_wconf 90' lang='lat' dir='ltr'><strong>in</strong></span> <span class='ocrx_word' id='word_1_342' title='bbox 1904 3319 2016 3358; x_wconf 86' lang='lat' dir='ltr'><strong>me-</strong></span> 
     </span>
    </p>
   </div>
   <div class='ocr_carea' id='block_1_50' title="bbox 444 3395 2015 3464">
    <p class='ocr_par' dir='ltr' id='par_1_50' title="bbox 444 3395 2015 3464">
     <span class='ocr_line' id='line_1_50' title="bbox 444 3395 2015 3464; baseline 0.001 -15"><span class='ocrx_word' id='word_1_343' title='bbox 444 3397 588 3450; x_wconf 86' lang='lat' dir='ltr'><strong>diam</strong></span> <span class='ocrx_word' id='word_1_344' title='bbox 619 3397 761 3451; x_wconf 82' lang='lat' dir='ltr'><strong>dicin</strong></span> <span class='ocrx_word' id='word_1_345' title='bbox 801 3396 874 3449; x_wconf 88' lang='lat' dir='ltr'><strong>ita</strong></span> <span class='ocrx_word' id='word_1_346' title='bbox 907 3395 1239 3449; x_wconf 85' lang='lat' dir='ltr'><strong>obscuratus</strong></span> <span class='ocrx_word' id='word_1_347' title='bbox 1271 3396 1343 3450; x_wconf 92' lang='lat' dir='ltr'><strong>sit</strong></span> <span class='ocrx_word' id='word_1_348' title='bbox 1376 3396 1483 3461; x_wconf 88' lang='lat' dir='ltr'><strong>sol,</strong></span> <span class='ocrx_word' id='word_1_349' title='bbox 1510 3404 1571 3448; x_wconf 89' lang='lat' dir='ltr'><strong>ut</strong></span> <span class='ocrx_word' id='word_1_350' title='bbox 1606 3396 1763 3448; x_wconf 88' lang='lat' dir='ltr'><strong>tertia</strong></span> <span class='ocrx_word' id='word_1_351' title='bbox 1796 3410 1921 3464; x_wconf 87' lang='lat' dir='ltr'><strong>pars</strong></span> <span class='ocrx_word' id='word_1_352' title='bbox 1948 3410 2015 3450; x_wconf 80' lang='lat' dir='ltr'><strong>ex</strong></span> 
     </span>
    </p>
   </div>
   <div class='ocr_carea' id='block_1_51' title="bbox 445 3486 2016 3567">
    <p class='ocr_par' dir='ltr' id='par_1_51' title="bbox 445 3486 2016 3567">
     <span class='ocr_line' id='line_1_51' title="bbox 445 3486 2016 3567; baseline 0 -26"><span class='ocrx_word' id='word_1_353' title='bbox 445 3488 565 3559; x_wconf 87' lang='lat' dir='ltr'><strong>ipso</strong></span> <span class='ocrx_word' id='word_1_354' title='bbox 619 3488 703 3541; x_wconf 76' lang='lat' dir='ltr'><strong>vix</strong></span> <span class='ocrx_word' id='word_1_355' title='bbox 748 3498 1055 3557; x_wconf 63' lang='lat' dir='ltr'><strong>appareret.</strong></span> <span class='ocrx_word' id='word_1_356' title='bbox 1102 3504 1121 3537; x_wconf 73' lang='grc' dir='ltr'><strong>ι</strong></span> <span class='ocrx_word' id='word_1_357' title='bbox 1165 3487 1276 3541; x_wconf 90' lang='grc' dir='ltr'>Ιιιιο</span> <span class='ocrx_word' id='word_1_358' title='bbox 1335 3502 1445 3541; x_wconf 91' lang='lat' dir='ltr'><strong>non</strong></span> <span class='ocrx_word' id='word_1_359' title='bbox 1511 3502 1574 3567; x_wconf 58' lang='lat' dir='ltr'><strong>es</strong></span> <span class='ocrx_word' id='word_1_360' title='bbox 1630 3486 2016 3541; x_wconf 88' lang='lat' dir='ltr'><strong>observatione</strong></span> 
     </span>
    </p>
   </div>
   <div class='ocr_carea' id='block_1_52' title="bbox 444 3577 2015 3652">
    <p class='ocr_par' dir='ltr' id='par_1_52' title="bbox 444 3577 2015 3652">
     <span class='ocr_line' id='line_1_52' title="bbox 444 3577 2015 3652; baseline -0.001 -17"><span class='ocrx_word' id='word_1_361' title='bbox 444 3583 585 3652; x_wconf 89' lang='lat' dir='ltr'><strong>apud</strong></span> <span class='ocrx_word' id='word_1_362' title='bbox 612 3579 856 3637; x_wconf 77' lang='lat' dir='ltr'><strong>Francos</strong></span> <span class='ocrx_word' id='word_1_363' title='bbox 892 3580 1057 3644; x_wconf 73' lang='lat' dir='ltr'><strong>facta,</strong></span> <span class='ocrx_word' id='word_1_364' title='bbox 1104 3581 1199 3634; x_wconf 89' lang='lat' dir='ltr'><strong>sed</strong></span> <span class='ocrx_word' id='word_1_365' title='bbox 1244 3596 1310 3635; x_wconf 80' lang='lat' dir='ltr'><strong>ex</strong></span> <span class='ocrx_word' id='word_1_366' title='bbox 1354 3580 1588 3649; x_wconf 84' lang='lat' dir='ltr'><strong>alicujus</strong></span> <span class='ocrx_word' id='word_1_367' title='bbox 1614 3577 1788 3634; x_wconf 67' lang='lat' dir='ltr'><strong>Graeci</strong></span> <span class='ocrx_word' id='word_1_368' title='bbox 1826 3587 2015 3634; x_wconf 87' lang='lat' dir='ltr'><strong>aucto-</strong></span> 
     </span>
    </p>
   </div>
   <div class='ocr_carea' id='block_1_53' title="bbox 443 3671 2016 3741">
    <p class='ocr_par' dir='ltr' id='par_1_53' title="bbox 443 3671 2016 3741">
     <span class='ocr_line' id='line_1_53' title="bbox 443 3671 2016 3741; baseline -0.001 -14"><span class='ocrx_word' id='word_1_369' title='bbox 443 3675 523 3727; x_wconf 86' lang='lat' dir='ltr'><strong>ris</strong></span> <span class='ocrx_word' id='word_1_370' title='bbox 561 3673 734 3727; x_wconf 87' lang='lat' dir='ltr'><strong>relatu</strong></span> <span class='ocrx_word' id='word_1_371' title='bbox 770 3672 943 3741; x_wconf 88' lang='lat' dir='ltr'><strong>ipsius</strong></span> <span class='ocrx_word' id='word_1_372' title='bbox 998 3671 1269 3741; x_wconf 82' lang='lat' dir='ltr'><strong>eclipscos</strong></span> <span class='ocrx_word' id='word_1_373' title='bbox 1309 3671 1651 3725; x_wconf 89' lang='lat' dir='ltr'><strong>durationem</strong></span> <span class='ocrx_word' id='word_1_374' title='bbox 1710 3671 2016 3725; x_wconf 87' lang='lat' dir='ltr'><strong>innotuisse</strong></span> 
     </span>
    </p>
   </div>
   <div class='ocr_carea' id='block_1_54' title="bbox 443 3763 2014 3835">
    <p class='ocr_par' dir='ltr' id='par_1_54' title="bbox 443 3763 2014 3835">
     <span class='ocr_line' id='line_1_54' title="bbox 443 3763 2014 3835; baseline -0.001 -17"><span class='ocrx_word' id='word_1_375' title='bbox 443 3764 791 3835; x_wconf 82' lang='lat' dir='ltr'><strong>Frcdegario,</strong></span> <span class='ocrx_word' id='word_1_376' title='bbox 814 3779 881 3818; x_wconf 84' lang='lat' dir='ltr'><strong>ex</strong></span> <span class='ocrx_word' id='word_1_377' title='bbox 913 3771 1157 3831; x_wconf 86' lang='lat' dir='ltr'><strong>tempore</strong></span> <span class='ocrx_word' id='word_1_378' title='bbox 1190 3778 1286 3833; x_wconf 90' lang='lat' dir='ltr'><strong>per</strong></span> <span class='ocrx_word' id='word_1_379' title='bbox 1315 3764 1568 3817; x_wconf 89' lang='lat' dir='ltr'><strong>eumdem</strong></span> <span class='ocrx_word' id='word_1_380' title='bbox 1602 3763 1888 3833; x_wconf 77' lang='lat' dir='ltr'><strong>designato</strong></span> <span class='ocrx_word' id='word_1_381' title='bbox 1917 3779 2014 3833; x_wconf 88' lang='lat' dir='ltr'><strong>ap-</strong></span> 
     </span>
    </p>
   </div>
   <div class='ocr_carea' id='block_1_55' title="bbox 445 3854 2012 3930">
    <p class='ocr_par' dir='ltr' id='par_1_55' title="bbox 445 3854 2012 3930">
     <span class='ocr_line' id='line_1_55' title="bbox 445 3854 2012 3930; baseline -0.001 -17"><span class='ocrx_word' id='word_1_382' title='bbox 445 3870 626 3930; x_wconf 83' lang='lat' dir='ltr'><strong>paret:</strong></span> <span class='ocrx_word' id='word_1_383' title='bbox 664 3874 787 3913; x_wconf 86' lang='lat' dir='ltr'><strong>nam</strong></span> <span class='ocrx_word' id='word_1_384' title='bbox 820 3857 947 3928; x_wconf 87' lang='lat' dir='ltr'><strong>(nisi</strong></span> <span class='ocrx_word' id='word_1_385' title='bbox 979 3854 1118 3912; x_wconf 77' lang='lat' dir='ltr'><strong>forte</strong></span> <span class='ocrx_word' id='word_1_386' title='bbox 1145 3857 1380 3913; x_wconf 82' lang='lat' dir='ltr'><strong>mediam</strong></span> <span class='ocrx_word' id='word_1_387' title='bbox 1405 3856 1548 3913; x_wconf 89' lang='lat' dir='ltr'><strong>diem</strong></span> <span class='ocrx_word' id='word_1_388' title='bbox 1580 3857 1687 3911; x_wconf 88' lang='lat' dir='ltr'><strong>dici</strong></span> <span class='ocrx_word' id='word_1_389' title='bbox 1726 3866 1882 3927; x_wconf 91' lang='lat' dir='ltr'><strong>putes</strong></span> <span class='ocrx_word' id='word_1_390' title='bbox 1916 3872 2012 3927; x_wconf 88' lang='lat' dir='ltr'><strong>pro</strong></span> 
     </span>
    </p>
   </div>
   <div class='ocr_carea' id='block_1_56' title="bbox 441 3941 2013 4029">
    <p class='ocr_par' dir='ltr' id='par_1_56' title="bbox 441 3941 2013 4029">
     <span class='ocr_line' id='line_1_56' title="bbox 441 3941 2013 4029; baseline 0 -25"><span class='ocrx_word' id='word_1_391' title='bbox 441 3941 600 4021; x_wconf 79' lang='lat' dir='ltr'><strong>plena</strong></span> <span class='ocrx_word' id='word_1_392' title='bbox 635 3951 742 4022; x_wconf 90' lang='lat' dir='ltr'><strong>die)</strong></span> <span class='ocrx_word' id='word_1_393' title='bbox 772 3951 863 4005; x_wconf 84' lang='lat' dir='ltr'><strong>illa</strong></span> <span class='ocrx_word' id='word_1_394' title='bbox 900 3949 1031 4005; x_wconf 90' lang='lat' dir='ltr'><strong>solis</strong></span> <span class='ocrx_word' id='word_1_395' title='bbox 1050 3951 1455 4029; x_wconf 28' lang='lat' dir='ltr'><strong>obscuratiolin</strong></span> <span class='ocrx_word' id='word_1_396' title='bbox 1483 3950 1656 4005; x_wconf 88' lang='lat' dir='ltr'><strong>Gallia</strong></span> <span class='ocrx_word' id='word_1_397' title='bbox 1686 3952 1850 4019; x_wconf 71' lang='lat' dir='ltr'><strong>cwpit</strong></span> <span class='ocrx_word' id='word_1_398' title='bbox 1881 3965 2013 4004; x_wconf 90' lang='lat' dir='ltr'><strong>con-</strong></span> 
     </span>
    </p>
   </div>
   <div class='ocr_carea' id='block_1_57' title="bbox 441 4042 2011 4112">
    <p class='ocr_par' dir='ltr' id='par_1_57' title="bbox 441 4042 2011 4112">
     <span class='ocr_line' id='line_1_57' title="bbox 441 4042 2011 4112; baseline -0.001 -14"><span class='ocrx_word' id='word_1_399' title='bbox 441 4046 688 4112; x_wconf 60' lang='lat' dir='ltr'><strong>Spici,,nt</strong></span> <span class='ocrx_word' id='word_1_400' title='bbox 726 4042 986 4098; x_wconf 89' lang='lat' dir='ltr'><strong>Petavius</strong></span> <span class='ocrx_word' id='word_1_401' title='bbox 1015 4043 1329 4098; x_wconf 88' lang='lat' dir='ltr'><strong>observavit</strong></span> <span class='ocrx_word' id='word_1_402' title='bbox 1363 4044 1514 4097; x_wconf 88' lang='lat' dir='ltr'><strong>circa</strong></span> <span class='ocrx_word' id='word_1_403' title='bbox 1549 4044 1734 4098; x_wconf 83' lang='lat' dir='ltr'><strong>horam</strong></span> <span class='ocrx_word' id='word_1_404' title='bbox 1767 4043 1796 4094; x_wconf 81' lang='lat'><strong>7</strong></span> <span class='ocrx_word' id='word_1_405' title='bbox 1832 4052 2011 4097; x_wconf 86' lang='lat' dir='ltr'><strong>matu-</strong></span> 
     </span>
    </p>
   </div>
   <div class='ocr_carea' id='block_1_58' title="bbox 442 4133 2008 4204">
    <p class='ocr_par' dir='ltr' id='par_1_58' title="bbox 442 4133 2008 4204">
     <span class='ocr_line' id='line_1_58' title="bbox 442 4133 2008 4204; baseline -0.001 -16"><span class='ocrx_word' id='word_1_406' title='bbox 442 4136 632 4198; x_wconf 90' lang='lat' dir='ltr'><strong>tinam,</strong></span> <span class='ocrx_word' id='word_1_407' title='bbox 661 4143 713 4204; x_wconf 84' lang='lat' dir='ltr'><strong>et</strong></span> <span class='ocrx_word' id='word_1_408' title='bbox 773 4148 883 4189; x_wconf 87' lang='lat' dir='ltr'><strong>non</strong></span> <span class='ocrx_word' id='word_1_409' title='bbox 918 4133 1160 4188; x_wconf 88' lang='lat' dir='ltr'><strong>.duravit</strong></span> <span class='ocrx_word' id='word_1_410' title='bbox 1193 4148 1367 4202; x_wconf 88' lang='lat' dir='ltr'><strong>usque</strong></span> <span class='ocrx_word' id='word_1_411' title='bbox 1421 4133 1486 4187; x_wconf 90' lang='lat' dir='ltr'><strong>ad</strong></span> <span class='ocrx_word' id='word_1_412' title='bbox 1540 4133 1780 4187; x_wconf 90' lang='lat' dir='ltr'><strong>medium</strong></span> <span class='ocrx_word' id='word_1_413' title='bbox 1829 4147 2008 4199; x_wconf 47' lang='lat' dir='ltr'><strong>nona»,</strong></span> 
     </span>
    </p>
   </div>
   <div class='ocr_carea' id='block_1_59' title="bbox 441 4225 2011 4297">
    <p class='ocr_par' dir='ltr' id='par_1_59' title="bbox 441 4225 2011 4297">
     <span class='ocr_line' id='line_1_59' title="bbox 441 4225 2011 4297; baseline -0.001 -16"><span class='ocrx_word' id='word_1_414' title='bbox 441 4227 649 4297; x_wconf 74' lang='lat' dir='ltr'><strong>fuitque</strong></span> <span class='ocrx_word' id='word_1_415' title='bbox 699 4227 1001 4281; x_wconf 87' lang='lat' dir='ltr'><strong>secundum</strong></span> <span class='ocrx_word' id='word_1_416' title='bbox 1052 4227 1303 4281; x_wconf 90' lang='lat' dir='ltr'><strong>eumdem</strong></span> <span class='ocrx_word' id='word_1_417' title='bbox 1352 4225 1633 4281; x_wconf 89' lang='lat' dir='ltr'><strong>Petaviutn</strong></span> <span class='ocrx_word' id='word_1_418' title='bbox 1672 4242 1779 4280; x_wconf 92' lang='lat' dir='ltr'><strong>non</strong></span> <span class='ocrx_word' id='word_1_419' title='bbox 1839 4227 2011 4280; x_wconf 86' lang='lat' dir='ltr'><strong>multo</strong></span> 
     </span>
    </p>
   </div>
   <div class='ocr_carea' id='block_1_60' title="bbox 438 4300 2011 4391">
    <p class='ocr_par' dir='ltr' id='par_1_60' title="bbox 438 4300 2011 4391">
     <span class='ocr_line' id='line_1_60' title="bbox 438 4300 2011 4391; baseline 0.001 -20"><span class='ocrx_word' id='word_1_420' title='bbox 438 4322 565 4391; x_wconf 90' lang='lat' dir='ltr'><strong>plus</strong></span> <span class='ocrx_word' id='word_1_421' title='bbox 596 4312 756 4389; x_wconf 88' lang='lat' dir='ltr'><strong>quam</strong></span> <span class='ocrx_word' id='word_1_422' title='bbox 796 4321 1091 4391; x_wconf 74' lang='lat' dir='ltr'><strong>digitorum</strong></span> <span class='ocrx_word' id='word_1_423' title='bbox 1128 4336 1219 4389; x_wconf 80' lang='lat' dir='ltr'><strong>sex</strong></span> <span class='ocrx_word' id='word_1_424' title='bbox 1250 4300 1271 4387; x_wconf 58' lang='grc'><strong>;’</strong></span> <span class='ocrx_word' id='word_1_425' title='bbox 1298 4318 1598 4375; x_wconf 88' lang='lat' dir='ltr'><strong>secundum</strong></span> <span class='ocrx_word' id='word_1_426' title='bbox 1628 4319 1872 4374; x_wconf 88' lang='lat' dir='ltr'><strong>calculos</strong></span> <span class='ocrx_word' id='word_1_427' title='bbox 1903 4317 2011 4372; x_wconf 57' lang='lat' dir='ltr'><strong>Da;</strong></span> 
     </span>
    </p>
   </div>
   <div class='ocr_carea' id='block_1_61' title="bbox 437 4396 2006 4484">
    <p class='ocr_par' dir='ltr' id='par_1_61' title="bbox 437 4396 2006 4484">
     <span class='ocr_line' id='line_1_61' title="bbox 437 4396 2006 4484; baseline -0.001 -18"><span class='ocrx_word' id='word_1_428' title='bbox 437 4396 582 4468; x_wconf 82' lang='lat' dir='ltr'><strong>vidis</strong></span> <span class='ocrx_word' id='word_1_429' title='bbox 640 4415 904 4484; x_wconf 65' lang='lat' dir='ltr'><strong>prarcitati</strong></span> <span class='ocrx_word' id='word_1_430' title='bbox 957 4415 1253 4483; x_wconf 80' lang='lat' dir='ltr'><strong>digitorum</strong></span> <span class='ocrx_word' id='word_1_431' title='bbox 1304 4413 1530 4467; x_wconf 91' lang='lat' dir='ltr'><strong>omnino</strong></span> <span class='ocrx_word' id='word_1_432' title='bbox 1580 4410 1742 4476; x_wconf 77' lang='lat' dir='ltr'><strong>octo&#39;;</strong></span> <span class='ocrx_word' id='word_1_433' title='bbox 1806 4430 1823 4462; x_wconf 86' lang='grc' dir='ltr'><strong>ι</strong></span> <span class='ocrx_word' id='word_1_434' title='bbox 1879 4427 2006 4466; x_wconf 86' lang='lat' dir='ltr'><strong>cum</strong></span> 
     </span>
    </p>
   </div>
   <div class='ocr_carea' id='block_1_62' title="bbox 438 4502 2004 4575">
    <p class='ocr_par' dir='ltr' id='par_1_62' title="bbox 438 4502 2004 4575">
     <span class='ocr_line' id='line_1_62' title="bbox 438 4502 2004 4575; baseline -0.002 -18"><span class='ocrx_word' id='word_1_435' title='bbox 438 4504 587 4567; x_wconf 90' lang='lat' dir='ltr'><strong>luna,</strong></span> <span class='ocrx_word' id='word_1_436' title='bbox 622 4506 801 4575; x_wconf 90' lang='lat' dir='ltr'><strong>inquit</strong></span> <span class='ocrx_word' id='word_1_437' title='bbox 864 4505 976 4568; x_wconf 91' lang='lat' dir='ltr'><strong>hic,</strong></span> <span class='ocrx_word' id='word_1_438' title='bbox 1013 4505 1261 4570; x_wconf 91' lang='lat' dir='ltr'><strong>habuerit</strong></span> <span class='ocrx_word' id='word_1_439' title='bbox 1325 4504 1666 4557; x_wconf 84' lang='lat' dir='ltr'><strong>latitudinem</strong></span> <span class='ocrx_word' id='word_1_440' title='bbox 1730 4502 2004 4556; x_wconf 89' lang='lat' dir='ltr'><strong>borealem</strong></span> 
     </span>
    </p>
   </div>
   <div class='ocr_carea' id='block_1_63' title="bbox 2121 2002 3698 2085">
    <p class='ocr_par' dir='ltr' id='par_1_63' title="bbox 2121 2002 3698 2085">
     <span class='ocr_line' id='line_1_63' title="bbox 2121 2002 3698 2085; baseline 0.01 -30"><span class='ocrx_word' id='word_1_441' title='bbox 2121 2002 2220 2055; x_wconf 90' lang='lat' dir='ltr'><strong>stri</strong></span> <span class='ocrx_word' id='word_1_442' title='bbox 2253 2012 2305 2058; x_wconf 91' lang='lat' dir='ltr'><strong>et</strong></span> <span class='ocrx_word' id='word_1_443' title='bbox 2355 2004 2658 2063; x_wconf 85' lang='lat' dir='ltr'><strong>Salvatoris</strong></span> <span class='ocrx_word' id='word_1_444' title='bbox 2708 2010 2837 2066; x_wconf 85' lang='lat' dir='ltr'><strong>.lesu</strong></span> <span class='ocrx_word' id='word_1_445' title='bbox 2873 2011 3102 2081; x_wconf 81' lang='lat' dir='ltr'><strong>Christi,</strong></span> <span class='ocrx_word' id='word_1_446' title='bbox 3144 2016 3538 2085; x_wconf 86' lang='lat' dir='ltr'><strong>imperantibus</strong></span> <span class='ocrx_word' id='word_1_447' title='bbox 3590 2019 3698 2070; x_wconf 85' lang='lat' dir='ltr'><strong>Du-</strong></span> 
     </span>
    </p>
   </div>
   <div class='ocr_carea' id='block_1_64' title="bbox 2126 2096 3695 2177">
    <p class='ocr_par' dir='ltr' id='par_1_64' title="bbox 2126 2096 3695 2177">
     <span class='ocr_line' id='line_1_64' title="bbox 2126 2096 3695 2177; baseline 0.01 -28"><span class='ocrx_word' id='word_1_448' title='bbox 2126 2109 2257 2149; x_wconf 81' lang='lat' dir='ltr'><strong>tnno</strong></span> <span class='ocrx_word' id='word_1_449' title='bbox 2288 2096 2623 2156; x_wconf 41' lang='lat' dir='ltr'><strong>Mauritio‘et</strong></span> <span class='ocrx_word' id='word_1_450' title='bbox 2660 2101 2880 2158; x_wconf 84' lang='lat' dir='ltr'><strong>Tiberio</strong></span> <span class='ocrx_word' id='word_1_451' title='bbox 2923 2108 3208 2177; x_wconf 78' lang='lat' dir='ltr'><strong>Augustis,</strong></span> <span class='ocrx_word' id='word_1_452' title='bbox 3243 2126 3387 2164; x_wconf 88' lang='lat' dir='ltr'><strong>anno</strong></span> <span class='ocrx_word' id='word_1_453' title='bbox 3436 2111 3695 2165; x_wconf 86' lang='lat' dir='ltr'><strong>incarna-</strong></span> 
     </span>
    </p>
   </div>
   <div class='ocr_carea' id='block_1_65' title="bbox 2122 2185 3697 2272">
    <p class='ocr_par' dir='ltr' id='par_1_65' title="bbox 2122 2185 3697 2272">
     <span class='ocr_line' id='line_1_65' title="bbox 2122 2185 3697 2272; baseline 0.012 -33"><span class='ocrx_word' id='word_1_454' title='bbox 2122 2186 2289 2242; x_wconf 89' lang='lat' dir='ltr'><strong>tionis</strong></span> <span class='ocrx_word' id='word_1_455' title='bbox 2335 2185 2636 2247; x_wconf 74' lang='lat' dir='ltr'><strong>Domiuica:</strong></span> <span class='ocrx_word' id='word_1_456' title='bbox 2684 2198 3092 2252; x_wconf 79' lang='lat' dir='ltr'><strong>sexcentesimo</strong></span> <span class='ocrx_word' id='word_1_457' title='bbox 3140 2201 3338 2268; x_wconf 86' lang='lat' dir='ltr'><strong>primo,</strong></span> <span class='ocrx_word' id='word_1_458' title='bbox 3394 2203 3697 2272; x_wconf 74' lang='lat' dir='ltr'><strong>eodemque</strong></span> 
     </span>
    </p>
   </div>
   <div class='ocr_carea' id='block_1_66' title="bbox 2121 2276 3695 2351">
    <p class='ocr_par' dir='ltr' id='par_1_66' title="bbox 2121 2276 3695 2351">
     <span class='ocr_line' id='line_1_66' title="bbox 2121 2276 3695 2351; baseline 0.012 -21"><span class='ocrx_word' id='word_1_459' title='bbox 2121 2276 2353 2334; x_wconf 77' lang='lat' dir='ltr'><strong>Domino</strong></span> <span class='ocrx_word' id='word_1_460' title='bbox 2391 2284 2648 2340; x_wconf 82' lang='lat' dir='ltr'><strong>undecies</strong></span> <span class='ocrx_word' id='word_1_461' title='bbox 2691 2290 2918 2345; x_wconf 89' lang='lat' dir='ltr'><strong>consule</strong></span> <span class='ocrx_word' id='word_1_462' title='bbox 2944 2292 3045 2345; x_wconf 88' lang='lat' dir='ltr'><strong>sub</strong></span> <span class='ocrx_word' id='word_1_463' title='bbox 3094 2291 3180 2346; x_wconf 89' lang='lat' dir='ltr'><strong>die</strong></span> <span class='ocrx_word' id='word_1_464' title='bbox 3218 2293 3251 2345; x_wconf 82' lang='lat'><strong>5</strong></span> <span class='ocrx_word' id='word_1_465' title='bbox 3279 2293 3558 2349; x_wconf 71' lang='lat' dir='ltr'><strong>Nonarum</strong></span> <span class='ocrx_word' id='word_1_466' title='bbox 3591 2294 3695 2351; x_wconf 80' lang='lat' dir='ltr'><strong>Oc-</strong></span> 
     </span>
    </p>
   </div>
   <div class='ocr_carea' id='block_1_67' title="bbox 2120 2372 2649 2437">
    <p class='ocr_par' dir='ltr' id='par_1_67' title="bbox 2120 2372 2649 2437">
     <span class='ocr_line' id='line_1_67' title="bbox 2120 2372 2649 2437; baseline 0.006 -14"><span class='ocrx_word' id='word_1_467' title='bbox 2120 2372 2383 2429; x_wconf 84' lang='lat' dir='ltr'><strong>tobriuni.</strong></span> <span class='ocrx_word' id='word_1_468' title='bbox 2424 2393 2441 2425; x_wconf 80' lang='grc' dir='ltr'><strong>ι</strong></span> <span class='ocrx_word' id='word_1_469' title='bbox 2641 2426 2649 2437; x_wconf 68' lang='grc'><strong>,</strong></span> 
     </span>
    </p>
   </div>
   <div class='ocr_carea' id='block_1_68' title="bbox 2190 2452 3693 2545">
    <p class='ocr_par' dir='ltr' id='par_1_68' title="bbox 2190 2452 3693 2545">
     <span class='ocr_line' id='line_1_68' title="bbox 2190 2452 3693 2545; baseline 0.009 -29"><span class='ocrx_word' id='word_1_470' title='bbox 2190 2452 2541 2532; x_wconf 48' lang='grc' dir='ltr'>διένειυιιι,</span> <span class='ocrx_word' id='word_1_471' title='bbox 2578 2469 2655 2523; x_wconf 89' lang='lat' dir='ltr'><strong>uti</strong></span> <span class='ocrx_word' id='word_1_472' title='bbox 2708 2471 2761 2525; x_wconf 89' lang='lat' dir='ltr'><strong>in</strong></span> <span class='ocrx_word' id='word_1_473' title='bbox 2798 2471 2900 2527; x_wconf 88' lang='lat' dir='ltr'><strong>hac</strong></span> <span class='ocrx_word' id='word_1_474' title='bbox 2929 2473 3160 2542; x_wconf 91' lang='lat' dir='ltr'><strong>cpistola</strong></span> <span class='ocrx_word' id='word_1_475' title='bbox 3194 2476 3545 2533; x_wconf 79' lang='lat' dir='ltr'><strong>manifestum</strong></span> <span class='ocrx_word' id='word_1_476' title='bbox 3585 2489 3693 2545; x_wconf 78' lang='lat' dir='ltr'><strong>cst,</strong></span> 
     </span>
    </p>
   </div>
   <div class='ocr_carea' id='block_1_69' title="bbox 2120 2556 3695 2640">
    <p class='ocr_par' dir='ltr' id='par_1_69' title="bbox 2120 2556 3695 2640">
     <span class='ocr_line' id='line_1_69' title="bbox 2120 2556 3695 2640; baseline 0.01 -28"><span class='ocrx_word' id='word_1_477' title='bbox 2120 2557 2411 2627; x_wconf 78' lang='lat' dir='ltr'><strong>oscitantis</strong></span> <span class='ocrx_word' id='word_1_478' title='bbox 2453 2562 2663 2616; x_wconf 81' lang='lat' dir='ltr'><strong>librarii</strong></span> <span class='ocrx_word' id='word_1_479' title='bbox 2709 2566 2964 2620; x_wconf 83' lang='lat' dir='ltr'><strong>mendum</strong></span> <span class='ocrx_word' id='word_1_480' title='bbox 2998 2556 3065 2621; x_wconf 85' lang='lat' dir='ltr'><strong>in</strong></span> <span class='ocrx_word' id='word_1_481' title='bbox 3098 2583 3184 2634; x_wconf 91' lang='lat' dir='ltr'><strong>eo,</strong></span> <span class='ocrx_word' id='word_1_482' title='bbox 3227 2572 3373 2640; x_wconf 91' lang='lat' dir='ltr'><strong>quod</strong></span> <span class='ocrx_word' id='word_1_483' title='bbox 3408 2573 3492 2627; x_wconf 89' lang='lat' dir='ltr'><strong>vel</strong></span> <span class='ocrx_word' id='word_1_484' title='bbox 3540 2573 3695 2628; x_wconf 82' lang='lat' dir='ltr'><strong>Tibe-</strong></span> 
     </span>
    </p>
   </div>
   <div class='ocr_carea' id='block_1_70' title="bbox 2119 2650 3692 2730">
    <p class='ocr_par' dir='ltr' id='par_1_70' title="bbox 2119 2650 3692 2730">
     <span class='ocr_line' id='line_1_70' title="bbox 2119 2650 3692 2730; baseline 0.013 -29"><span class='ocrx_word' id='word_1_485' title='bbox 2119 2650 2280 2714; x_wconf 83' lang='lat' dir='ltr'><strong>rium,</strong></span> <span class='ocrx_word' id='word_1_486' title='bbox 2311 2667 2409 2721; x_wconf 91' lang='lat' dir='ltr'><strong>pro</strong></span> <span class='ocrx_word' id='word_1_487' title='bbox 2430 2651 2740 2710; x_wconf 85' lang='lat' dir='ltr'><strong>Theodosio</strong></span> <span class='ocrx_word' id='word_1_488' title='bbox 2763 2660 2985 2729; x_wconf 88' lang='lat' dir='ltr'><strong>scripsit</strong></span> <span class='ocrx_word' id='word_1_489' title='bbox 3012 2661 3180 2730; x_wconf 88' lang='lat' dir='ltr'><strong>(hunc</strong></span> <span class='ocrx_word' id='word_1_490' title='bbox 3212 2664 3356 2717; x_wconf 91' lang='lat' dir='ltr'><strong>enim</strong></span> <span class='ocrx_word' id='word_1_491' title='bbox 3394 2680 3499 2718; x_wconf 91' lang='lat' dir='ltr'><strong>non</strong></span> <span class='ocrx_word' id='word_1_492' title='bbox 3528 2667 3692 2721; x_wconf 89' lang='lat' dir='ltr'><strong>istum</strong></span> 
     </span>
    </p>
   </div>
   <div class='ocr_carea' id='block_1_71' title="bbox 2119 2747 3694 2835">
    <p class='ocr_par' dir='ltr' id='par_1_71' title="bbox 2119 2747 3694 2835">
     <span class='ocr_line' id='line_1_71' title="bbox 2119 2747 3694 2835; baseline 0.013 -41"><span class='ocrx_word' id='word_1_493' title='bbox 2119 2752 2278 2835; x_wconf 44' lang='lat' dir='ltr'><strong>pater,</strong></span> <span class='ocrx_word' id='word_1_494' title='bbox 2321 2747 2532 2815; x_wconf 86' lang='lat' dir='ltr'><strong>imperii</strong></span> <span class='ocrx_word' id='word_1_495' title='bbox 2583 2760 2894 2806; x_wconf 88' lang='lat' dir='ltr'><strong>consortem</strong></span> <span class='ocrx_word' id='word_1_496' title='bbox 2932 2756 3200 2808; x_wconf 85' lang='lat' dir='ltr'><strong>asciverat</strong></span> <span class='ocrx_word' id='word_1_497' title='bbox 3248 2771 3393 2811; x_wconf 90' lang='lat' dir='ltr'><strong>anno</strong></span> <span class='ocrx_word' id='word_1_498' title='bbox 3430 2758 3577 2830; x_wconf 78' lang='lat'><strong>590),</strong></span> <span class='ocrx_word' id='word_1_499' title='bbox 3610 2762 3694 2815; x_wconf 88' lang='lat' dir='ltr'><strong>vel</strong></span> 
     </span>
    </p>
   </div>
   <div class='ocr_carea' id='block_1_72' title="bbox 2118 2836 3693 2924">
    <p class='ocr_par' dir='ltr' id='par_1_72' title="bbox 2118 2836 3693 2924">
     <span class='ocr_line' id='line_1_72' title="bbox 2118 2836 3693 2924; baseline 0.015 -39"><span class='ocrx_word' id='word_1_500' title='bbox 2118 2836 2263 2915; x_wconf 80' lang='lat' dir='ltr'><strong>quod</strong></span> <span class='ocrx_word' id='word_1_501' title='bbox 2320 2838 2429 2892; x_wconf 89' lang='lat' dir='ltr'><strong>duo</strong></span> <span class='ocrx_word' id='word_1_502' title='bbox 2491 2841 2652 2897; x_wconf 92' lang='lat' dir='ltr'><strong>unius</strong></span> <span class='ocrx_word' id='word_1_503' title='bbox 2707 2844 3057 2914; x_wconf 85' lang='lat' dir='ltr'><strong>imperatoris</strong></span> <span class='ocrx_word' id='word_1_504' title='bbox 3101 2850 3348 2924; x_wconf 74' lang='grc' dir='ltr'><strong>⁸ιιοιιιιιιιι</strong></span> <span class='ocrx_word' id='word_1_505' title='bbox 3406 2852 3693 2923; x_wconf 75' lang='lat' dir='ltr'><strong>intcrjcctat</strong></span> 
     </span>
    </p>
   </div>
   <div class='ocr_carea' id='block_1_73' title="bbox 2118 2924 3688 3007">
    <p class='ocr_par' dir='ltr' id='par_1_73' title="bbox 2118 2924 3688 3007">
     <span class='ocr_line' id='line_1_73' title="bbox 2118 2924 3688 3007; baseline 0.011 -30"><span class='ocrx_word' id='word_1_506' title='bbox 2118 2924 2525 2993; x_wconf 87' lang='lat' dir='ltr'><strong>conjunctione,</strong></span> <span class='ocrx_word' id='word_1_507' title='bbox 2552 2940 2625 2993; x_wconf 90' lang='lat' dir='ltr'><strong>et,</strong></span> <span class='ocrx_word' id='word_1_508' title='bbox 2660 2931 2713 2983; x_wconf 93' lang='lat' dir='ltr'><strong>in</strong></span> <span class='ocrx_word' id='word_1_509' title='bbox 2744 2932 2883 2988; x_wconf 89' lang='lat' dir='ltr'><strong>duas</strong></span> <span class='ocrx_word' id='word_1_510' title='bbox 2922 2926 3186 3003; x_wconf 84' lang='lat' dir='ltr'><strong>personas</strong></span> <span class='ocrx_word' id='word_1_511' title='bbox 3218 2938 3556 3007; x_wconf 74' lang='lat' dir='ltr'><strong>diatrahens,</strong></span> <span class='ocrx_word' id='word_1_512' title='bbox 3588 2959 3688 2997; x_wconf 81' lang='lat' dir='ltr'><strong>nu—</strong></span> 
     </span>
    </p>
   </div>
   <div class='ocr_carea' id='block_1_74' title="bbox 2118 3017 3693 3103">
    <p class='ocr_par' dir='ltr' id='par_1_74' title="bbox 2118 3017 3693 3103">
     <span class='ocr_line' id='line_1_74' title="bbox 2118 3017 3693 3103; baseline 0.013 -35"><span class='ocrx_word' id='word_1_513' title='bbox 2118 3017 2276 3082; x_wconf 80' lang='lat' dir='ltr'><strong>tavit,</strong></span> <span class='ocrx_word' id='word_1_514' title='bbox 2337 3036 2354 3068; x_wconf 87' lang='grc' dir='ltr'><strong>ι</strong></span> <span class='ocrx_word' id='word_1_515' title='bbox 2407 3018 2833 3089; x_wconf 86' lang='lat' dir='ltr'><strong>lmperatoribus</strong></span> <span class='ocrx_word' id='word_1_516' title='bbox 2889 3027 3176 3096; x_wconf 81' lang='lat' dir='ltr'><strong>Augustis,</strong></span> <span class='ocrx_word' id='word_1_517' title='bbox 3230 3046 3326 3099; x_wconf 89' lang='lat' dir='ltr'><strong>pro</strong></span> <span class='ocrx_word' id='word_1_518' title='bbox 3386 3032 3693 3103; x_wconf 79' lang='lat' dir='ltr'><strong>imperante</strong></span> 
     </span>
    </p>
   </div>
   <div class='ocr_carea' id='block_1_75' title="bbox 2118 3109 3696 3192">
    <p class='ocr_par' dir='ltr' id='par_1_75' title="bbox 2118 3109 3696 3192">
     <span class='ocr_line' id='line_1_75' title="bbox 2118 3109 3696 3192; baseline 0.01 -29"><span class='ocrx_word' id='word_1_519' title='bbox 2118 3112 2322 3164; x_wconf 88' lang='lat' dir='ltr'><strong>domno</strong></span> <span class='ocrx_word' id='word_1_520' title='bbox 2367 3109 2621 3167; x_wconf 81' lang='lat' dir='ltr'><strong>Mauritio</strong></span> <span class='ocrx_word' id='word_1_521' title='bbox 2664 3114 2883 3170; x_wconf 81' lang='lat' dir='ltr'><strong>Tiberio</strong></span> <span class='ocrx_word' id='word_1_522' title='bbox 2932 3121 3182 3188; x_wconf 82' lang='lat' dir='ltr'><strong>Augusto</strong></span> <span class='ocrx_word' id='word_1_523' title='bbox 3233 3138 3247 3174; x_wconf 89' lang='lat'><strong>:</strong></span> <span class='ocrx_word' id='word_1_524' title='bbox 3307 3140 3325 3173; x_wconf 76' lang='grc' dir='ltr'><strong>ι</strong></span> <span class='ocrx_word' id='word_1_525' title='bbox 3383 3124 3464 3178; x_wconf 91' lang='lat' dir='ltr'><strong>sic</strong></span> <span class='ocrx_word' id='word_1_526' title='bbox 3515 3128 3696 3192; x_wconf 82' lang='lat' dir='ltr'><strong>potuit.</strong></span> 
     </span>
    </p>
   </div>
   <div class='ocr_carea' id='block_1_76' title="bbox 2121 3200 3688 3287">
    <p class='ocr_par' dir='ltr' id='par_1_76' title="bbox 2121 3200 3688 3287">
     <span class='ocr_line' id='line_1_76' title="bbox 2121 3200 3688 3287; baseline 0.01 -32"><span class='ocrx_word' id='word_1_527' title='bbox 2121 3200 2263 3257; x_wconf 85' lang='lat' dir='ltr'><strong>idem</strong></span> <span class='ocrx_word' id='word_1_528' title='bbox 2294 3206 2568 3261; x_wconf 88' lang='lat' dir='ltr'><strong>erravisse</strong></span> <span class='ocrx_word' id='word_1_529' title='bbox 2612 3209 2665 3262; x_wconf 91' lang='lat' dir='ltr'><strong>in</strong></span> <span class='ocrx_word' id='word_1_530' title='bbox 2710 3226 2941 3265; x_wconf 90' lang='lat' dir='ltr'><strong>numero</strong></span> <span class='ocrx_word' id='word_1_531' title='bbox 2993 3214 3317 3269; x_wconf 83' lang='lat' dir='ltr'><strong>consulatus</strong></span> <span class='ocrx_word' id='word_1_532' title='bbox 3348 3214 3415 3267; x_wconf 89' lang='lat' dir='ltr'><strong>ad</strong></span> <span class='ocrx_word' id='word_1_533' title='bbox 3470 3217 3688 3287; x_wconf 79' lang='lat' dir='ltr'><strong>longum</strong></span> 
     </span>
    </p>
   </div>
   <div class='ocr_carea' id='block_1_77' title="bbox 2072 3296 3690 3380">
    <p class='ocr_par' dir='ltr' id='par_1_77' title="bbox 2072 3296 3690 3380">
     <span class='ocr_line' id='line_1_77' title="bbox 2072 3296 3690 3380; baseline 0.011 -33"><span class='ocrx_word' id='word_1_534' title='bbox 2072 3296 2089 3318; x_wconf 86' lang='lat'>‘</span> <span class='ocrx_word' id='word_1_535' title='bbox 2120 3307 2319 3366; x_wconf 77' lang='lat' dir='ltr'><strong>praeter</strong></span> <span class='ocrx_word' id='word_1_536' title='bbox 2351 3302 2807 3357; x_wconf 90' lang='lat' dir='ltr'><strong>consuetudinem</strong></span> <span class='ocrx_word' id='word_1_537' title='bbox 2838 3304 3190 3380; x_wconf 74' lang='lat' dir='ltr'><strong>antiquorum</strong></span> <span class='ocrx_word' id='word_1_538' title='bbox 3230 3306 3609 3374; x_wconf 74' lang='lat' dir='ltr'><strong>describenda,</strong></span> <span class='ocrx_word' id='word_1_539' title='bbox 3636 3320 3690 3364; x_wconf 86' lang='lat' dir='ltr'><strong>et</strong></span> 
     </span>
    </p>
   </div>
   <div class='ocr_carea' id='block_1_78' title="bbox 2120 3386 3689 3468">
    <p class='ocr_par' dir='ltr' id='par_1_78' title="bbox 2120 3386 3689 3468">
     <span class='ocr_line' id='line_1_78' title="bbox 2120 3386 3689 3468; baseline 0.01 -31"><span class='ocrx_word' id='word_1_540' title='bbox 2120 3386 2209 3439; x_wconf 92' lang='lat' dir='ltr'><strong>ubi</strong></span> <span class='ocrx_word' id='word_1_541' title='bbox 2243 3388 2510 3456; x_wconf 89' lang='lat' dir='ltr'><strong>scriptum</strong></span> <span class='ocrx_word' id='word_1_542' title='bbox 2547 3390 2726 3443; x_wconf 80' lang='lat' dir='ltr'><strong>fuerat</strong></span> <span class='ocrx_word' id='word_1_543' title='bbox 2755 3391 2836 3444; x_wconf 88' lang='lat' dir='ltr'><strong>vel</strong></span> <span class='ocrx_word' id='word_1_544' title='bbox 2868 3393 3038 3447; x_wconf 88' lang='lat' dir='ltr'><strong>scribi</strong></span> <span class='ocrx_word' id='word_1_545' title='bbox 3069 3393 3352 3460; x_wconf 83' lang='lat' dir='ltr'><strong>debuerat,</strong></span> <span class='ocrx_word' id='word_1_546' title='bbox 3385 3396 3689 3468; x_wconf 86' lang='lat' dir='ltr'><strong>eodemque</strong></span> 
     </span>
    </p>
   </div>
   <div class='ocr_carea' id='block_1_79' title="bbox 2118 3476 3692 3553">
    <p class='ocr_par' dir='ltr' id='par_1_79' title="bbox 2118 3476 3692 3553">
     <span class='ocr_line' id='line_1_79' title="bbox 2118 3476 3692 3553; baseline 0.009 -23"><span class='ocrx_word' id='word_1_547' title='bbox 2118 3476 2339 3532; x_wconf 87' lang='lat' dir='ltr'><strong>domino</strong></span> <span class='ocrx_word' id='word_1_548' title='bbox 2383 3480 2770 3546; x_wconf 6' lang='lat' dir='ltr'><strong>18pconsule,</strong></span> <span class='ocrx_word' id='word_1_549' title='bbox 2829 3483 3031 3553; x_wconf 82' lang='lat' dir='ltr'><strong>legisse</strong></span> <span class='ocrx_word' id='word_1_550' title='bbox 3091 3486 3368 3543; x_wconf 82' lang='lat' dir='ltr'><strong>undecies.</strong></span> <span class='ocrx_word' id='word_1_551' title='bbox 3426 3488 3692 3544; x_wconf 87' lang='lat' dir='ltr'><strong>Similiter</strong></span> 
     </span>
    </p>
   </div>
   <div class='ocr_carea' id='block_1_80' title="bbox 2115 3571 3690 3655">
    <p class='ocr_par' dir='ltr' id='par_1_80' title="bbox 2115 3571 3690 3655">
     <span class='ocr_line' id='line_1_80' title="bbox 2115 3571 3690 3655; baseline 0.008 -31"><span class='ocrx_word' id='word_1_552' title='bbox 2115 3571 2289 3655; x_wconf 67' lang='lat' dir='ltr'><strong>eidem</strong></span> <span class='ocrx_word' id='word_1_553' title='bbox 2351 3574 2602 3642; x_wconf 73' lang='lat' dir='ltr'><strong>epistolae</strong></span> <span class='ocrx_word' id='word_1_554' title='bbox 2636 3576 2838 3630; x_wconf 67' lang='lat' dir='ltr'><strong>insert‘a</strong></span> <span class='ocrx_word' id='word_1_555' title='bbox 2885 3576 3046 3631; x_wconf 85' lang='lat' dir='ltr'><strong>Probi</strong></span> <span class='ocrx_word' id='word_1_556' title='bbox 3104 3575 3318 3632; x_wconf 76' lang='lat' dir='ltr'><strong>abbatis</strong></span> <span class='ocrx_word' id='word_1_557' title='bbox 3360 3582 3690 3649; x_wconf 86' lang='lat' dir='ltr'><strong>supplicatio</strong></span> 
     </span>
    </p>
   </div>
   <div class='ocr_carea' id='block_1_81' title="bbox 2117 3664 3690 3743">
    <p class='ocr_par' dir='ltr' id='par_1_81' title="bbox 2117 3664 3690 3743">
     <span class='ocr_line' id='line_1_81' title="bbox 2117 3664 3690 3743; baseline 0.008 -26"><span class='ocrx_word' id='word_1_558' title='bbox 2117 3664 2195 3717; x_wconf 92' lang='lat' dir='ltr'><strong>sic</strong></span> <span class='ocrx_word' id='word_1_559' title='bbox 2252 3665 2584 3743; x_wconf 84' lang='lat' dir='ltr'><strong>ineipiens_:</strong></span> <span class='ocrx_word' id='word_1_560' title='bbox 2622 3687 2641 3720; x_wconf 84' lang='grc' dir='ltr'><strong>ι</strong></span> <span class='ocrx_word' id='word_1_561' title='bbox 2705 3667 3012 3738; x_wconf 86' lang='lat' dir='ltr'><strong>lmpcrante</strong></span> <span class='ocrx_word' id='word_1_562' title='bbox 3068 3669 3269 3725; x_wconf 91' lang='lat' dir='ltr'><strong>domno</strong></span> <span class='ocrx_word' id='word_1_563' title='bbox 3327 3670 3579 3727; x_wconf 86' lang='lat' dir='ltr'><strong>Mauritio</strong></span> <span class='ocrx_word' id='word_1_564' title='bbox 3636 3689 3690 3729; x_wconf 90' lang='lat' dir='ltr'><strong>ct</strong></span> 
     </span>
    </p>
   </div>
   <div class='ocr_carea' id='block_1_82' title="bbox 2115 3753 3684 3833">
    <p class='ocr_par' dir='ltr' id='par_1_82' title="bbox 2115 3753 3684 3833">
     <span class='ocr_line' id='line_1_82' title="bbox 2115 3753 3684 3833; baseline 0.009 -27"><span class='ocrx_word' id='word_1_565' title='bbox 2115 3753 2340 3817; x_wconf 85' lang='lat' dir='ltr'><strong>Tiberio</strong></span> <span class='ocrx_word' id='word_1_566' title='bbox 2380 3758 2651 3825; x_wconf 84' lang='lat' dir='ltr'><strong>piissimo,</strong></span> <span class='ocrx_word' id='word_1_567' title='bbox 2697 3778 2714 3810; x_wconf 80' lang='grc' dir='ltr'><strong>ι</strong></span> <span class='ocrx_word' id='word_1_568' title='bbox 2746 3763 2948 3831; x_wconf 65' lang='lat' dir='ltr'><strong>corrigi</strong></span> <span class='ocrx_word' id='word_1_569' title='bbox 2984 3763 3142 3816; x_wconf 88' lang='lat' dir='ltr'><strong>debet</strong></span> <span class='ocrx_word' id='word_1_570' title='bbox 3169 3763 3345 3818; x_wconf 89' lang='lat' dir='ltr'><strong>deleta</strong></span> <span class='ocrx_word' id='word_1_571' title='bbox 3396 3766 3684 3833; x_wconf 86' lang='lat' dir='ltr'><strong>particula,</strong></span> 
     </span>
    </p>
   </div>
   <div class='ocr_carea' id='block_1_83' title="bbox 2115 3847 3686 3926">
    <p class='ocr_par' dir='ltr' id='par_1_83' title="bbox 2115 3847 3686 3926">
     <span class='ocr_line' id='line_1_83' title="bbox 2115 3847 3686 3926; baseline 0.007 -24"><span class='ocrx_word' id='word_1_572' title='bbox 2115 3856 2220 3902; x_wconf 92' lang='lat' dir='ltr'><strong>etc.</strong></span> <span class='ocrx_word' id='word_1_573' title='bbox 2256 3847 2386 3913; x_wconf 66' lang='lat' dir='ltr'><strong>Quae</strong></span> <span class='ocrx_word' id='word_1_574' title='bbox 2420 3849 2509 3903; x_wconf 91' lang='lat' dir='ltr'><strong>hic</strong></span> <span class='ocrx_word' id='word_1_575' title='bbox 2543 3851 2686 3905; x_wconf 90' lang='lat' dir='ltr'><strong>dicta</strong></span> <span class='ocrx_word' id='word_1_576' title='bbox 2716 3860 2879 3906; x_wconf 91' lang='lat' dir='ltr'><strong>sunto</strong></span> <span class='ocrx_word' id='word_1_577' title='bbox 2910 3855 3198 3910; x_wconf 88' lang='lat' dir='ltr'><strong>occasione</strong></span> <span class='ocrx_word' id='word_1_578' title='bbox 3234 3859 3437 3926; x_wconf 89' lang='lat' dir='ltr'><strong>sumpti</strong></span> <span class='ocrx_word' id='word_1_579' title='bbox 3471 3873 3498 3911; x_wconf 90' lang='lat' dir='ltr'><strong>a</strong></span> <span class='ocrx_word' id='word_1_580' title='bbox 3533 3858 3686 3913; x_wconf 84' lang='lat' dir='ltr'><strong>Mau-</strong></span> 
     </span>
    </p>
   </div>
   <div class='ocr_carea' id='block_1_84' title="bbox 2115 3941 3687 4019">
    <p class='ocr_par' dir='ltr' id='par_1_84' title="bbox 2115 3941 3687 4019">
     <span class='ocr_line' id='line_1_84' title="bbox 2115 3941 3687 4019; baseline 0.006 -26"><span class='ocrx_word' id='word_1_581' title='bbox 2115 3941 2243 3995; x_wconf 91' lang='lat' dir='ltr'><strong>ritio</strong></span> <span class='ocrx_word' id='word_1_582' title='bbox 2281 3942 2624 4009; x_wconf 90' lang='lat' dir='ltr'><strong>consulatus,</strong></span> <span class='ocrx_word' id='word_1_583' title='bbox 2665 3946 2829 4001; x_wconf 91' lang='lat' dir='ltr'><strong>nullis</strong></span> <span class='ocrx_word' id='word_1_584' title='bbox 2863 3948 3125 4017; x_wconf 70' lang='lat' dir='ltr'><strong>posthaec,</strong></span> <span class='ocrx_word' id='word_1_585' title='bbox 3159 3944 3334 4019; x_wconf 73' lang='lat' dir='ltr'><strong>quo&#39;a&#39;d</strong></span> <span class='ocrx_word' id='word_1_586' title='bbox 3366 3952 3497 4004; x_wconf 82' lang='lat' dir='ltr'><strong>vixit</strong></span> <span class='ocrx_word' id='word_1_587' title='bbox 3533 3952 3687 4005; x_wconf 87' lang='lat' dir='ltr'><strong>novis</strong></span> 
     </span>
    </p>
   </div>
   <div class='ocr_carea' id='block_1_85' title="bbox 2114 4030 3685 4113">
    <p class='ocr_par' dir='ltr' id='par_1_85' title="bbox 2114 4030 3685 4113">
     <span class='ocr_line' id='line_1_85' title="bbox 2114 4030 3685 4113; baseline 0.005 -24"><span class='ocrx_word' id='word_1_588' title='bbox 2114 4035 2438 4091; x_wconf 91' lang='lat' dir='ltr'><strong>consulibus</strong></span> <span class='ocrx_word' id='word_1_589' title='bbox 2472 4038 2805 4108; x_wconf 75' lang='lat' dir='ltr'><strong>subrogatis,</strong></span> <span class='ocrx_word' id='word_1_590' title='bbox 2835 4048 2894 4092; x_wconf 93' lang='lat' dir='ltr'><strong>ut</strong></span> <span class='ocrx_word' id='word_1_591' title='bbox 2917 4055 3038 4109; x_wconf 75' lang='lat' dir='ltr'><strong>qua:</strong></span> <span class='ocrx_word' id='word_1_592' title='bbox 3077 4030 3327 4110; x_wconf 70' lang='lat' dir='ltr'><strong>Sequenti</strong></span> <span class='ocrx_word' id='word_1_593' title='bbox 3355 4042 3569 4113; x_wconf 79' lang='lat' dir='ltr'><strong>exegesi</strong></span> <span class='ocrx_word' id='word_1_594' title='bbox 3599 4044 3685 4097; x_wconf 87' lang='lat' dir='ltr'><strong>di-</strong></span> 
     </span>
    </p>
   </div>
   <div class='ocr_carea' id='block_1_86' title="bbox 2114 4127 3685 4204">
    <p class='ocr_par' dir='ltr' id='par_1_86' title="bbox 2114 4127 3685 4204">
     <span class='ocr_line' id='line_1_86' title="bbox 2114 4127 3685 4204; baseline 0.007 -26"><span class='ocrx_word' id='word_1_595' title='bbox 2114 4127 2257 4181; x_wconf 90' lang='lat' dir='ltr'><strong>cturi</strong></span> <span class='ocrx_word' id='word_1_596' title='bbox 2288 4142 2480 4182; x_wconf 89' lang='lat' dir='ltr'><strong>sumus</strong></span> <span class='ocrx_word' id='word_1_597' title='bbox 2530 4131 2596 4185; x_wconf 91' lang='lat' dir='ltr'><strong>de</strong></span> <span class='ocrx_word' id='word_1_598' title='bbox 2621 4129 2949 4184; x_wconf 88' lang='lat' dir='ltr'><strong>Guntratnni</strong></span> <span class='ocrx_word' id='word_1_599' title='bbox 3002 4141 3198 4196; x_wconf 89' lang='lat' dir='ltr'><strong>morte,</strong></span> <span class='ocrx_word' id='word_1_600' title='bbox 3237 4147 3303 4186; x_wconf 83' lang='lat' dir='ltr'><strong>ex</strong></span> <span class='ocrx_word' id='word_1_601' title='bbox 3351 4133 3497 4186; x_wconf 83' lang='lat' dir='ltr'><strong>illam</strong></span> <span class='ocrx_word' id='word_1_602' title='bbox 3546 4149 3685 4204; x_wconf 74' lang='lat' dir='ltr'><strong>prae-</strong></span> 
     </span>
    </p>
   </div>
   <div class='ocr_carea' id='block_1_87' title="bbox 2113 4218 3683 4295">
    <p class='ocr_par' dir='ltr' id='par_1_87' title="bbox 2113 4218 3683 4295">
     <span class='ocr_line' id='line_1_87' title="bbox 2113 4218 3683 4295; baseline 0.006 -22"><span class='ocrx_word' id='word_1_603' title='bbox 2113 4236 2299 4290; x_wconf 65' lang='lat' dir='ltr'><strong>gressa</strong></span> <span class='ocrx_word' id='word_1_604' title='bbox 2327 4218 2470 4276; x_wconf 71' lang='lat' dir='ltr'><strong>anno</strong></span> <span class='ocrx_word' id='word_1_605' title='bbox 2506 4238 2617 4276; x_wconf 92' lang='lat' dir='ltr'><strong>uno</strong></span> <span class='ocrx_word' id='word_1_606' title='bbox 2653 4224 2842 4293; x_wconf 89' lang='lat' dir='ltr'><strong>eclipsi</strong></span> <span class='ocrx_word' id='word_1_607' title='bbox 2868 4224 3197 4289; x_wconf 78' lang='lat' dir='ltr'><strong>deﬁnienda,</strong></span> <span class='ocrx_word' id='word_1_608' title='bbox 3234 4224 3337 4278; x_wconf 88' lang='lat' dir='ltr'><strong>hac</strong></span> <span class='ocrx_word' id='word_1_609' title='bbox 3373 4242 3589 4295; x_wconf 90' lang='lat' dir='ltr'><strong>quoque</strong></span> <span class='ocrx_word' id='word_1_610' title='bbox 3618 4242 3683 4282; x_wconf 81' lang='lat' dir='ltr'><strong>ex</strong></span> 
     </span>
    </p>
   </div>
   <div class='ocr_carea' id='block_1_88' title="bbox 2112 4304 3678 4390">
    <p class='ocr_par' dir='ltr' id='par_1_88' title="bbox 2112 4304 3678 4390">
     <span class='ocr_line' id='line_1_88' title="bbox 2112 4304 3678 4390; baseline 0.003 -21"><span class='ocrx_word' id='word_1_611' title='bbox 2112 4326 2265 4385; x_wconf 86' lang='lat' dir='ltr'><strong>parte</strong></span> <span class='ocrx_word' id='word_1_612' title='bbox 2324 4326 2584 4370; x_wconf 83' lang='lat' dir='ltr'><strong>maneant</strong></span> <span class='ocrx_word' id='word_1_613' title='bbox 2641 4304 3010 4386; x_wconf 80' lang='lat' dir='ltr'><strong>inconcussa;</strong></span> <span class='ocrx_word' id='word_1_614' title='bbox 3069 4329 3238 4388; x_wconf 89' lang='lat' dir='ltr'><strong>utque</strong></span> <span class='ocrx_word' id='word_1_615' title='bbox 3290 4318 3678 4390; x_wconf 78' lang='lat' dir='ltr'><strong>Theophanem</strong></span> 
     </span>
    </p>
   </div>
   <div class='ocr_carea' id='block_1_89' title="bbox 2112 4408 3683 4481">
    <p class='ocr_par' dir='ltr' id='par_1_89' title="bbox 2112 4408 3683 4481">
     <span class='ocr_line' id='line_1_89' title="bbox 2112 4408 3683 4481; baseline 0.003 -19"><span class='ocrx_word' id='word_1_616' title='bbox 2112 4408 2315 4478; x_wconf 79' lang='lat' dir='ltr'><strong>legens,</strong></span> <span class='ocrx_word' id='word_1_617' title='bbox 2358 4425 2419 4463; x_wconf 91' lang='lat' dir='ltr'><strong>ea</strong></span> <span class='ocrx_word' id='word_1_618' title='bbox 2458 4426 2578 4480; x_wconf 75' lang='lat' dir='ltr'><strong>quae</strong></span> <span class='ocrx_word' id='word_1_619' title='bbox 2624 4411 2738 4481; x_wconf 89' lang='lat' dir='ltr'><strong>ipse</strong></span> <span class='ocrx_word' id='word_1_620' title='bbox 2773 4411 2839 4464; x_wconf 85' lang='lat' dir='ltr'><strong>ad</strong></span> <span class='ocrx_word' id='word_1_621' title='bbox 2892 4426 3094 4464; x_wconf 88' lang='lat' dir='ltr'><strong>anumn</strong></span> <span class='ocrx_word' id='word_1_622' title='bbox 3129 4412 3513 4475; x_wconf 63' lang='lat' dir='ltr'><strong>Alexandrina:</strong></span> <span class='ocrx_word' id='word_1_623' title='bbox 3560 4428 3683 4467; x_wconf 61' lang='lat' dir='ltr'><strong>ante</strong></span> 
     </span>
    </p>
   </div>
   <div class='ocr_carea' id='block_1_90' title="bbox 2111 4494 3680 4575">
    <p class='ocr_par' dir='ltr' id='par_1_90' title="bbox 2111 4494 3680 4575">
     <span class='ocr_line' id='line_1_90' title="bbox 2111 4494 3680 4575; baseline 0.001 -19"><span class='ocrx_word' id='word_1_624' title='bbox 2111 4502 2236 4567; x_wconf 74' lang='grc'>582,</span> <span class='ocrx_word' id='word_1_625' title='bbox 2277 4494 2423 4556; x_wconf 82' lang='lat' dir='ltr'><strong>velut</strong></span> <span class='ocrx_word' id='word_1_626' title='bbox 2464 4518 2572 4557; x_wconf 89' lang='lat' dir='ltr'><strong>uno</strong></span> <span class='ocrx_word' id='word_1_627' title='bbox 2632 4503 2934 4572; x_wconf 87' lang='lat' dir='ltr'><strong>eodemque</strong></span> <span class='ocrx_word' id='word_1_628' title='bbox 2978 4518 3123 4557; x_wconf 90' lang='lat' dir='ltr'><strong>anno</strong></span> <span class='ocrx_word' id='word_1_629' title='bbox 3174 4509 3325 4575; x_wconf 80' lang='lat' dir='ltr'><strong>gesta</strong></span> <span class='ocrx_word' id='word_1_630' title='bbox 3373 4505 3680 4575; x_wconf 77' lang='lat' dir='ltr'><strong>conjungit,</strong></span> 
     </span>
    </p>
   </div>
   <div class='ocr_carea' id='block_1_91' title="bbox 438 4593 3677 4667">
    <p class='ocr_par' dir='ltr' id='par_1_91' title="bbox 438 4593 3677 4667">
     <span class='ocr_line' id='line_1_91' title="bbox 438 4593 3677 4667; baseline -0.001 -16"><span class='ocrx_word' id='word_1_631' title='bbox 438 4599 773 4651; x_wconf 85' lang='lat' dir='ltr'><strong>minutorum</strong></span> <span class='ocrx_word' id='word_1_632' title='bbox 801 4598 890 4662; x_wconf 78' lang='lat'><strong>58,</strong></span> <span class='ocrx_word' id='word_1_633' title='bbox 927 4599 1247 4667; x_wconf 73' lang='lat' dir='ltr'><strong>parallaxim</strong></span> <span class='ocrx_word' id='word_1_634' title='bbox 1284 4597 1617 4651; x_wconf 90' lang='lat' dir='ltr'><strong>minutorum</strong></span> <span class='ocrx_word' id='word_1_635' title='bbox 1667 4595 1756 4661; x_wconf 80' lang='lat'><strong>60,</strong></span> <span class='ocrx_word' id='word_1_636' title='bbox 1797 4612 1916 4665; x_wconf 78' lang='lat' dir='ltr'><strong>quae</strong></span> <span class='ocrx_word' id='word_1_637' title='bbox 1944 4596 2007 4651; x_wconf 89' lang='lat' dir='ltr'><strong>ad</strong></span> <span class='ocrx_word' id='word_1_638' title='bbox 2041 4596 2085 4652; x_wconf 87' lang='lat' dir='ltr'><strong>D</strong></span> <span class='ocrx_word' id='word_1_639' title='bbox 2116 4610 2213 4667; x_wconf 84' lang='lat' dir='ltr'><strong>pro</strong></span> <span class='ocrx_word' id='word_1_640' title='bbox 2254 4595 2447 4662; x_wconf 88' lang='lat' dir='ltr'><strong>majori</strong></span> <span class='ocrx_word' id='word_1_641' title='bbox 2478 4603 2630 4666; x_wconf 90' lang='lat' dir='ltr'><strong>parte</strong></span> <span class='ocrx_word' id='word_1_642' title='bbox 2681 4598 2819 4650; x_wconf 87' lang='lat' dir='ltr'><strong>sciat</strong></span> <span class='ocrx_word' id='word_1_643' title='bbox 2874 4595 2940 4649; x_wconf 91' lang='lat' dir='ltr'><strong>ad</strong></span> <span class='ocrx_word' id='word_1_644' title='bbox 2998 4593 3223 4652; x_wconf 59' lang='lat' dir='ltr'><strong>annum.‘</strong></span> <span class='ocrx_word' id='word_1_645' title='bbox 3264 4594 3367 4649; x_wconf 83' lang='lat'><strong>585</strong></span> <span class='ocrx_word' id='word_1_646' title='bbox 3432 4594 3677 4664; x_wconf 86' lang='lat' dir='ltr'><strong>ejusdem</strong></span> 
     </span>
    </p>
   </div>
   <div class='ocr_carea' id='block_1_92' title="bbox 440 4682 3676 4766">
    <p class='ocr_par' dir='ltr' id='par_1_92' title="bbox 440 4682 3676 4766">
     <span class='ocr_line' id='line_1_92' title="bbox 440 4682 3676 4766; baseline -0.001 -22"><span class='ocrx_word' id='word_1_647' title='bbox 440 4692 791 4746; x_wconf 71' lang='lat' dir='ltr'><strong>incidettliant</strong></span> <span class='ocrx_word' id='word_1_648' title='bbox 821 4694 1086 4765; x_wconf 59' lang='lat' dir='ltr'><strong>eclipti‘cap</strong></span> <span class='ocrx_word' id='word_1_649' title='bbox 1115 4692 1218 4746; x_wconf 78' lang='lat' dir='ltr'><strong>fuit</strong></span> <span class='ocrx_word' id='word_1_650' title='bbox 1252 4693 1591 4755; x_wconf 86' lang='lat' dir='ltr'><strong>minutorum</strong></span> <span class='ocrx_word' id='word_1_651' title='bbox 1638 4690 1728 4754; x_wconf 74' lang='grc'>48,</span> <span class='ocrx_word' id='word_1_652' title='bbox 1764 4690 2009 4759; x_wconf 86' lang='lat' dir='ltr'><strong>adeoque</strong></span> <span class='ocrx_word' id='word_1_653' title='bbox 2048 4761 2053 4766; x_wconf 24' lang='lat'><strong><em>‘</em></strong></span> <span class='ocrx_word' id='word_1_654' title='bbox 2107 4704 2229 4744; x_wconf 70' lang='lat' dir='ltr'><strong>aera:</strong></span> <span class='ocrx_word' id='word_1_655' title='bbox 2270 4688 2544 4758; x_wconf 74' lang='lat' dir='ltr'><strong>pertinere</strong></span> <span class='ocrx_word' id='word_1_656' title='bbox 2572 4707 2583 4741; x_wconf 93' lang='lat'>:</span> <span class='ocrx_word' id='word_1_657' title='bbox 2618 4682 2671 4742; x_wconf 84' lang='lat' dir='ltr'><strong>et</strong></span> <span class='ocrx_word' id='word_1_658' title='bbox 2700 4702 2820 4758; x_wconf 72' lang='lat' dir='ltr'><strong>qure</strong></span> <span class='ocrx_word' id='word_1_659' title='bbox 2854 4689 2977 4741; x_wconf 88' lang='lat' dir='ltr'><strong>huic</strong></span> <span class='ocrx_word' id='word_1_660' title='bbox 3018 4703 3163 4743; x_wconf 88' lang='lat' dir='ltr'><strong>anno</strong></span> <span class='ocrx_word' id='word_1_661' title='bbox 3196 4703 3303 4741; x_wconf 90' lang='lat' dir='ltr'><strong>una</strong></span> <span class='ocrx_word' id='word_1_662' title='bbox 3327 4702 3450 4742; x_wconf 90' lang='lat' dir='ltr'><strong>cum</strong></span> <span class='ocrx_word' id='word_1_663' title='bbox 3484 4688 3676 4763; x_wconf 83' lang='lat' dir='ltr'><strong>eclipsi</strong></span> 
     </span>
    </p>
   </div>
   <div class='ocr_carea' id='block_1_93' title="bbox 436 4778 2009 4857">
    <p class='ocr_par' dir='ltr' id='par_1_93' title="bbox 436 4778 2009 4857">
     <span class='ocr_line' id='line_1_93' title="bbox 436 4778 2009 4857; baseline -0.001 -21"><span class='ocrx_word' id='word_1_664' title='bbox 436 4784 563 4837; x_wconf 83' lang='lat' dir='ltr'><strong>iuna</strong></span> <span class='ocrx_word' id='word_1_665' title='bbox 596 4783 916 4852; x_wconf 76' lang='lat' dir='ltr'><strong>appiruerit</strong></span> <span class='ocrx_word' id='word_1_666' title='bbox 942 4784 1056 4836; x_wconf 91' lang='lat' dir='ltr'><strong>sole</strong></span> <span class='ocrx_word' id='word_1_667' title='bbox 1087 4782 1319 4836; x_wconf 80' lang='lat' dir='ltr'><strong>inferior</strong></span> <span class='ocrx_word' id='word_1_668' title='bbox 1348 4782 1575 4857; x_wconf 85' lang='lat' dir='ltr'><strong>minutis</strong></span> <span class='ocrx_word' id='word_1_669' title='bbox 1603 4778 1691 4845; x_wconf 85' lang='grc'><strong>10,</strong></span> <span class='ocrx_word' id='word_1_670' title='bbox 1733 4799 1751 4833; x_wconf 75' lang='grc' dir='ltr'><strong>ι</strong></span> <span class='ocrx_word' id='word_1_671' title='bbox 1792 4789 1849 4834; x_wconf 85' lang='grc' dir='ltr'><strong>ιιι</strong></span> <span class='ocrx_word' id='word_1_672' title='bbox 1882 4795 2009 4835; x_wconf 89' lang='lat' dir='ltr'><strong>vere</strong></span> 
     </span>
    </p>
   </div>
   <div class='ocr_carea' id='block_1_94' title="bbox 435 4871 2004 4943">
    <p class='ocr_par' dir='ltr' id='par_1_94' title="bbox 435 4871 2004 4943">
     <span class='ocr_line' id='line_1_94' title="bbox 435 4871 2004 4943; baseline -0.001 -16"><span class='ocrx_word' id='word_1_673' title='bbox 435 4888 523 4927; x_wconf 55' lang='grc' dir='ltr'><strong>να</strong></span> <span class='ocrx_word' id='word_1_674' title='bbox 563 4877 722 4928; x_wconf 86' lang='lat' dir='ltr'><strong>tertia</strong></span> <span class='ocrx_word' id='word_1_675' title='bbox 775 4881 912 4943; x_wconf 85' lang='lat' dir='ltr'><strong>pars</strong></span> <span class='ocrx_word' id='word_1_676' title='bbox 941 4874 1075 4929; x_wconf 86' lang='lat' dir='ltr'><strong>solis</strong></span> <span class='ocrx_word' id='word_1_677' title='bbox 1106 4873 1351 4943; x_wconf 85' lang='lat' dir='ltr'><strong>conspici</strong></span> <span class='ocrx_word' id='word_1_678' title='bbox 1384 4888 1412 4926; x_wconf 87' lang='lat' dir='ltr'><strong>a</strong></span> <span class='ocrx_word' id='word_1_679' title='bbox 1462 4871 1691 4926; x_wconf 83' lang='lat' dir='ltr'><strong>Francis</strong></span> <span class='ocrx_word' id='word_1_680' title='bbox 1745 4873 2004 4943; x_wconf 90' lang='lat' dir='ltr'><strong>potuerit,</strong></span> 
     </span>
    </p>
   </div>
   <div class='ocr_carea' id='block_1_95' title="bbox 434 4953 1572 5039">
    <p class='ocr_par' dir='ltr' id='par_1_95' title="bbox 434 4953 1572 5039">
     <span class='ocr_line' id='line_1_95' title="bbox 434 4953 1572 5039; baseline 0.003 -25"><span class='ocrx_word' id='word_1_681' title='bbox 434 4966 893 5030; x_wconf 77' lang='lat' dir='ltr'><strong>quemadmodum</strong></span> <span class='ocrx_word' id='word_1_682' title='bbox 919 4953 1296 5039; x_wconf 20' lang='lat' dir='ltr'><strong>‘Fi&#39;edegarius</strong></span> <span class='ocrx_word' id='word_1_683' title='bbox 1329 4965 1572 5033; x_wconf 84' lang='lat' dir='ltr'><strong>scripsit.</strong></span> 
     </span>
    </p>
   </div>
   <div class='ocr_carea' id='block_1_96' title="bbox 505 5053 2001 5125">
    <p class='ocr_par' dir='ltr' id='par_1_96' title="bbox 505 5053 2001 5125">
     <span class='ocr_line' id='line_1_96' title="bbox 505 5053 2001 5125; baseline -0.001 -15"><span class='ocrx_word' id='word_1_684' title='bbox 505 5055 591 5110; x_wconf 73' lang='lat'><strong>50.</strong></span> <span class='ocrx_word' id='word_1_685' title='bbox 655 5053 976 5125; x_wconf 88' lang='lat' dir='ltr'><strong>Onuphrius</strong></span> <span class='ocrx_word' id='word_1_686' title='bbox 1032 5054 1362 5122; x_wconf 81' lang='lat' dir='ltr'><strong>Panvinius,</strong></span> <span class='ocrx_word' id='word_1_687' title='bbox 1403 5055 1498 5110; x_wconf 89' lang='lat' dir='ltr'><strong>lib.</strong></span> <span class='ocrx_word' id='word_1_688' title='bbox 1554 5069 1613 5109; x_wconf 88' lang='grc' dir='ltr'><strong>ιιι</strong></span> <span class='ocrx_word' id='word_1_689' title='bbox 1676 5054 2001 5110; x_wconf 74' lang='lat' dir='ltr'><strong>Fastorum-—</strong></span> 
     </span>
    </p>
   </div>
   <div class='ocr_carea' id='block_1_97' title="bbox 2108 4777 3679 4851">
    <p class='ocr_par' dir='ltr' id='par_1_97' title="bbox 2108 4777 3679 4851">
     <span class='ocr_line' id='line_1_97' title="bbox 2108 4777 3679 4851; baseline -0.001 -18"><span class='ocrx_word' id='word_1_690' title='bbox 2108 4779 2451 4849; x_wconf 72' lang='lat' dir='ltr'><strong>imputantur</strong></span> <span class='ocrx_word' id='word_1_691' title='bbox 2482 4778 2741 4849; x_wconf 75' lang='lat' dir='ltr'><strong>conjungi</strong></span> <span class='ocrx_word' id='word_1_692' title='bbox 2775 4777 2974 4833; x_wconf 89' lang='lat' dir='ltr'><strong>debere</strong></span> <span class='ocrx_word' id='word_1_693' title='bbox 3008 4778 3251 4851; x_wconf 56' lang='lat' dir='ltr'><strong>historia;</strong></span> <span class='ocrx_word' id='word_1_694' title='bbox 3284 4780 3412 4832; x_wconf 89' lang='lat' dir='ltr'><strong>anni</strong></span> <span class='ocrx_word' id='word_1_695' title='bbox 3446 4794 3679 4846; x_wconf 84' lang='lat' dir='ltr'><strong>sequen-</strong></span> 
     </span>
    </p>
   </div>
   <div class='ocr_carea' id='block_1_98' title="bbox 2108 4870 3675 4941">
    <p class='ocr_par' dir='ltr' id='par_1_98' title="bbox 2108 4870 3675 4941">
     <span class='ocr_line' id='line_1_98' title="bbox 2108 4870 3675 4941; baseline -0.001 -16"><span class='ocrx_word' id='word_1_696' title='bbox 2108 4874 2198 4934; x_wconf 91' lang='lat' dir='ltr'><strong>tis,</strong></span> <span class='ocrx_word' id='word_1_697' title='bbox 2230 4888 2339 4941; x_wconf 85' lang='lat' dir='ltr'><strong>quo</strong></span> <span class='ocrx_word' id='word_1_698' title='bbox 2381 4886 2568 4926; x_wconf 88' lang='lat' dir='ltr'><strong>revera</strong></span> <span class='ocrx_word' id='word_1_699' title='bbox 2620 4871 2846 4939; x_wconf 88' lang='lat' dir='ltr'><strong>eclipsis</strong></span> <span class='ocrx_word' id='word_1_700' title='bbox 2876 4872 3112 4937; x_wconf 90' lang='lat' dir='ltr'><strong>accidit,</strong></span> <span class='ocrx_word' id='word_1_701' title='bbox 3165 4880 3219 4927; x_wconf 88' lang='lat' dir='ltr'><strong>et</strong></span> <span class='ocrx_word' id='word_1_702' title='bbox 3263 4871 3563 4927; x_wconf 72' lang='lat' dir='ltr'><strong>exercitum</strong></span> <span class='ocrx_word' id='word_1_703' title='bbox 3620 4870 3675 4924; x_wconf 90' lang='lat' dir='ltr'><strong>in</strong></span> 
     </span>
    </p>
   </div>
   <div class='ocr_carea' id='block_1_99' title="bbox 2108 4950 2937 5032">
    <p class='ocr_par' dir='ltr' id='par_1_99' title="bbox 2108 4950 2937 5032">
     <span class='ocr_line' id='line_1_99' title="bbox 2108 4950 2937 5032; baseline -0.005 -12"><span class='ocrx_word' id='word_1_704' title='bbox 2108 4950 2395 5020; x_wconf 84' lang='lat' dir='ltr'><strong>Thraciam</strong></span> <span class='ocrx_word' id='word_1_705' title='bbox 2432 4963 2731 5032; x_wconf 88' lang='lat' dir='ltr'><strong>imperator</strong></span> <span class='ocrx_word' id='word_1_706' title='bbox 2761 4962 2937 5018; x_wconf 85' lang='lat' dir='ltr'><strong>duxit.</strong></span> 
     </span>
    </p>
   </div>
   <div class='ocr_carea' id='block_1_100' title="bbox 1828 5496 2317 5521">
    <p class='ocr_par' dir='ltr' id='par_1_100' title="bbox 1828 5496 2317 5521">
     <span class='ocr_line' id='line_1_100' title="bbox 1828 5496 2317 5521; baseline 0.008 -4"><span class='ocrx_word' id='word_1_707' title='bbox 1828 5496 2317 5521; x_wconf 38' lang='grc' dir='ltr'><strong>ᾤου-</strong></span> 
     </span>
    </p>
   </div>
  </div>
