4440 6446
743 420 882 485 1137
1860 417 2253 481 AXASTASH
2300 414 2927 476 BlBlJOTIIECARIl
3866 418 4016 484 1183

1004 566 2781 583 ———————.—————.—_————-—~———————

753 575 1804 601 ==-:———————————————r~——-———-_—_‘
1722 575 2185 595 ———-———-———___
2076 575 2422 593 ——-—r—-—-—"—
2373 575 2416 576 ἠγ
2430 585 2519 592 .—

868 749 2033 988 ANASTASII
2150 746 3949 930 BIBLIOTHECARII

1443 1079 2132 1241 HISTORIA
2194 1074 3306 1192 ECCLESIASTICA

751 1310 852 1370 EX
921 1306 1354 1377 NICEPHORO
1415 1302 1929 1376 PATRMRCHA,
2004 1301 2340 1365 GEORGIO
2406 1303 2789 1365 SYNCELLO
2871 1303 2967 1363 ET
3029 1300 3487 1364 THEOPIIANE
3554 1299 4021 1361 CONTRM‘IA.

2442 567 2693 576 _—__——

2076 569 2435 580 —__——

1346 1629 1721 1690 CAROLUS
1784 1628 2159 1711 .-l.\'.\'IB.lL
2232 1626 2729 1687 FABROTITS
2794 1624 2960 1685 ICT.
3031 1622 3421 1683 LECTORI.

825 1946 1125 2005 Historiam
1173 1943 1617 2001 Ecclesiasticam
1670 1942 1967 2005 Anastasii,
1996 1940 2062 1996 de
2096 1940 2303 1995 ϐιηθεὶς
2352 1940 2578 2010 ΝίρυνΙι(

2279 1958 2303 1995 s
2352 1940 2667 2010 Niccphmi,
2696 1945 2910 2017 Georgii
2945 1949 3181 2020 Syncelli
3217 1957 3270 2005 et
3298 1946 3651 2016 Theophanis
3681 1956 3989 2015 excerpta»!
4011 1985 4023 2003 .

756 2054 904 2092 nunc
936 2038 1173 2108 primum
1223 2034 1277 2088 in
1317 2034 1495 2087 lucem
1543 2031 1762 2086 damus.
1798 2028 2002 2095 Quanti
2033 2040 2213 2083 autem
2267 2028 2513 2085 facienda
2562 2034 2631 2087 sit
2682 2035 2909 2089 historia
2938 2039 3053 2093 hrec
3091 2056 3197 2093 non
3231 2040 3485 2105 ignorant
3514 2037 3606 2104 qui
3633 2036 4026 2104 Theophanem

753 2126 941 2182 GI-zece
967 2127 1278 2195 loquentem
1314 2123 1596 2191 legerunt.
1630 2120 1723 2189 qui
1783 2133 1889 2173 non
1938 2119 2151 2172 minore
2201 2118 2305 2172 fide
2346 2133 2509 2186 quam
2546 2118 2826 2189 diligentia
2860 2138 2919 2175 ea
2963 2140 3083 2190 qua:
3112 2135 3220 2177 tam
3254 2123 3321 2176 ad
3356 2138 3468 2176 rem
3518 2120 3823 2175 Romanam
3858 2136 4023 2190 quam

753 2215 1113 2285 Byzantinam
1141 2213 1415 2281 pertinent
1441 2208 1788 2277 exsequitur.
1823 2207 1979 2261 llunc
2003 2208 2331 2261 Anastasius
2364 2222 2499 2274 pene
2535 2215 2709 2259 totum
2744 2224 2851 2261 non
2884 2210 3091 2265 infelici
3124 2226 3386 2265 successu
3422 2210 3475 2262 in
3516 2208 3769 2261 Latinum
3798 2225 4029 2262 conver-

756 2304 841 2356 tit.
875 2298 1032 2368 Quod
1088 2314 1222 2353 sane
1246 2296 1499 2367 quisquis
1551 2311 1737 2350 verum
1798 2303 1966 2358 amat,
2022 2294 2237 2347 inficias
2286 2311 2393 2347 non
2438 2296 2570 2348 ibit:
2610 2312 2730 2347 nam
2764 2305 2817 2349 et
2853 2299 3114 2366 pleraque
3145 2300 3367 2353 suut'iu
3426 2298 3761 2367 Theophane
3810 2295 4032 2350 (lmen-

754 2391 1014 2454 barbara,
1057 2404 1178 2458 quzn
1210 2390 1341 2441 viris
1382 2386 1544 2440 ctiam
1580 2382 1768 2438 Graece
1796 2383 2135 2437 doctissimis
2159 2382 2323 2435 hodie
2353 2384 2626 2451 negotium
2656 2382 3012 2439 facesserent.
3034 2386 3205 2455 Cujus
3237 2387 3309 2441 rei
3337 2388 3493 2440 lidem
3525 2384 3726 2438 facient
3757 2387 4027 2454 glossaria

756 2492 947 2533 nostra
1002 2477 1446 2536 mino-barbara,
1503 2489 1625 2542 quze
1679 2472 1805 2527 aliis
1845 2486 2066 2542 quoque
2127 2471 2310 2525 saeculi
2365 2470 2644 2538 sequioris
2697 2473 3020 2527 auctoribus
3067 2473 3501 2543 interpietandis
3557 2472 3729 2527 facem
3770 2471 4033 2541 piieferic

758 2576 1034 2637 poterunt.
1072 2564 1329 2632 Quaedam
1373 2578 1496 2616 esse
1532 2561 1769 2615 barbara
1816 2571 1869 2614 et
1903 2574 2095 2613 eorum
2143 2568 2449 2627 temporum
2481 2558 2857 2612 infelicitatem
2909 2560 3213 2615 redolentia
3263 2564 3315 2614 in
3348 2562 3449 2613 hac
3484 2561 3734 2615 versione
3769 2561 4023 2627 equidem

757 2672 865 2710 non
894 2656 1227 2710 abnuerim:
1268 2652 1362 2709 sed
1413 2653 1528 2705 har:
1567 2651 1742 2719 magis
1790 2650 2050 2703 iuernditi
2105 2650 2295 2705 saeculi
2349 2646 2481 2699 vitia
2538 2654 2667 2699 sunt
2702 2662 2863 2714 quam
2899 2650 3254 2717 scriptorum,
3283 2648 3484 2717 quibus
3525 2648 3864 2718 propositum
3908 2658 4027 2701 era:

756 2744 1108 2797 monimentis
1140 2742 1255 2796 suis
1287 2740 1595 2811 posteritati
1636 2738 1918 2808 prodesse,
1952 2753 2059 2791 non
2097 2736 2303 2791 Latinze
2332 2736 2531 2804 linguae
2566 2744 2882 2789 venustates
2946 2746 2999 2790 et
3038 2739 3369 2806 eloquentia:
3411 2737 3572 2791 ﬂores
3608 2740 3661 2790 in
3714 2738 3883 2789 sterili
3914 2740 4031 2789 sofo

757 2847 1022 2901 qumrere.
1058 2831 1200 2897 Quid
1235 2838 1414 2883 autem
1470 2830 1523 2881 in
1579 2826 1794 2883 edendo
1848 2828 2141 2880 Anastasio
2200 2824 2638 2895 prsestiterimus,
2688 2824 2946 2888 breviter,
2990 2823 3207 2890 Lector,
3260 2826 3567 2879 monendus
3603 2840 3681 2880 es.
3719 2825 4027 2878 Romanum

756 2920 921 2989 igitur
940 2922 1220 2989 exemplar
1249 2918 1317 2971 ad
1360 2932 1456 2970 nos
1510 2916 1681 2970 Roma
1714 2918 2103 2971 transmissum
2142 2914 2408 2969 beneficio
2446 2911 2872 2964 eminentissimi
2913 2912 3214 2967 cardinalis
3248 2913 3527 2967 Francisci
3580 2913 3880 2971 Barberini,
3939 2912 4032 2963 lit-

760 3016 1007 3063 teraram
1042 3008 1308 3076 parentis,
1340 3014 1395 3059 et
1444 3019 1610 3073 opera
1643 3004 1805 3058 Lucae
1831 3004 2127 3067 llolslenii,
2166 3004 2261 3058 viri
2288 3006 2446 3069 longe.
2488 2998 2820 3064 doctissimi,
2855 3015 2981 3052 cum
3019 3002 3235 3069 optimm
3273 3012 3414 3054 notae
3448 3000 3639 3055 codice
3666 2999 4031 3055 contulimus.

760 3107 927 3160 quem
953 3092 1112 3145 nobis
1138 3088 1493 3145 celeberrima
1528 3088 1757 3142 Thuana
1810 3088 2143 3142 bibliotheca
2197 3088 2581 3157 suppeditavit.
2616 3087 2794 3154 Hujus
2834 3102 2937 3156 ope
2975 3086 3120 3142 fmda
3168 3090 3364 3143 menda
3414 3088 3769 3148 sustulimus,
3808 3102 3927 3157 qua?
3981 3088 4035 3138 in

760 3179 1069 3233 Romanum
1103 3178 1349 3232 codicem
1391 3176 1606 3231 fortean
1641 3177 2004 3246 exseriptoris
2029 3177 2162 3229 vitio
2193 3176 2551 3245 irrepseraut,
2596 3184 2655 3228 ut
2688 3176 2789 3228 hoc
2832 3192 3053 3245 quoque
3082 3178 3303 3232 nomine
3337 3179 3598 3247 ptmclare
3634 3180 3699 3231 de
3754 3176 4036 3247 republina

761 3265 1025 3321 litteraiia
1073 3266 1304 3319 meritus
1328 3265 1403 3317 sit
1433 3265 1763 3335 perillustris
1790 3265 1873 3317 vir
1904 3262 2144 3319 Jacobus
2168 3264 2448 3332 Augustus
2479 3262 2768 3325 Thuanus,
2809 3264 2862 3317 in
2892 3266 3135 3333 primore
3168 3266 3316 3335 regni
3367 3267 3524 3320 curia
3580 3282 3786 3339 praeses
3820 3264 4041 3332 ampfiv

760 3354 959 3415 simus,
983 3353 1163 3421 magni
1188 3353 1429 3421 parentis
1472 3367 1673 3421 magna
1719 3351 1956 3405 soboles.
1987 3348 2093 3405 Sed
2147 3360 2200 3405 et
2257 3350 2429 3419 gratia
2455 3352 2703 3407 habenda
2746 3361 2833 3407 est
2874 3352 3253 3407 illustrissimo
3294 3365 3348 3409 et
3376 3355 3593 3409 eximiae
3622 3354 3888 3408 doctrinae
3914 3352 4036 3403 \‘iro

764 3440 827 3498 D.
858 3443 1055 3497 Carolo
1083 3441 1149 3496 de
1182 3440 1471 3511 Monchal,
1500 3441 1918 3510 archiepiscopo
1937 3440 2235 3505 Tolosano,
2262 3439 2354 3509 qui
2387 3441 2780 3496 bibliothecam
2812 3457 2969 3496 suam
3005 3457 3129 3495 cum
3168 3445 3360 3511 paucis
3396 3443 3825 3513 comparandam
3855 3441 4036 3495 doctis

760 3531 1019 3585 omnibus
1048 3536 1233 3600 patere
1262 3530 1377 3583 vult
1406 3546 1419 3582 :
1450 3529 1695 3583 codicem
1735 3542 1931 3597 nempe
1968 3543 2131 3581 manu
2162 3527 2502 3597 descriptum
2536 3530 2693 3584 nobis
2718 3529 3089 3584 commodavit
3131 3531 3271 3583 idem
3300 3530 3378 3583 vir
3404 3532 3840 3589 illustrissimus,
3877 3529 4039 3597 cujus

763 3617 1328 3695 subsidiomonnulla
1376 3616 1697 3671 sanavimus
1752 3626 1807 3669 et
1862 3616 2097 3685 pristino
2135 3615 2300 3669 nitori
2350 3618 2718 3672 restituimus.
2749 3618 3023 3672 Praeterea
3066 3618 3109 3672 si
3140 3634 3260 3687 qum
3308 3628 3464 3673 erant
3490 3620 3909 3674 subobscuram
3936 3618 4039 3668 huc

764 3707 1136 3771 versione,_ea
1170 3705 1342 3759 ϐταξεί
1376 3704 1586 3759 codicis
1619 3704 1911 3757 collatione
1940 3713 1994 3757 et
2026 3704 2259 3757 aliorqu
2317 3717 2602 3759 auctorum
2647 3705 2827 3758 allatis
2888 3706 3023 3759 locis
3064 3705 3491 3770 illustravimus,
3531 3718 3589 3761 ut
3616 3709 3840 3761 omnino
3866 3719 4037 3776 pauca

764 3794 875 3848 sint
898 3809 1016 3865 qua:
1037 3793 1385 3849 mediocriter
1406 3794 1566 3848 etiam
1599 3791 1800 3847 eruditi
1834 3807 1943 3846 non
1973 3791 2217 3861 capiant,
2254 3792 2299 3845 si
2336 3806 2462 3845 .cum
2496 3790 2703 3845 Graecis
2739 3806 3065 3862 comparare
3096 3807 3204 3847 non
3226 3804 3541 3863 graventur.
3588 3791 3741 3849 Vale.

2038 4068 2323 4163 INCIPIT.
2384 4100 2784 4163 PRIEFM‘IO

1244 4279 1648 4341 ANASTASII
1674 4243 2290 4342 BIBLIOTHECARII
2327 4277 2612 4338 SUMMEE
2664 4276 2757 4336 AC
2803 4274 3277 4336 APOSTOLICE
3324 4273 3537 4336 SEDIS

1651 4456 1743 4513 AD
1772 4454 2092 4514 JOANNEM
2135 4449 2489 4510 DlACONEM‘
2558 4442 2765 4514 ΗΚΒιὸ
2818 4429 3153 4509 nouum

846 4749 1314 4817 Ecclesiasticam,
1344 4752 1672 4807 charissime
1691 4752 1862 4807 frater
1887 4730 1942 4808 et
1966 4753 2131 4820 diguc
2149 4752 2355 4809 Ch‘risti
2388 4765 2431 4819 Α
2460 4763 2581 4802 rum
2618 4746 2735 4801 fore
2765 4761 3075 4811 asseveras,
3102 4748 3147 4803 si
3182 4762 3244 4806 ea
3271 4762 3392 4816 quae
3428 4747 3482 4801 in
3512 4745 3725 4803 Latinis
3756 4748 4043 4807 codicibus

776 4841 963 4898 Levita
988 4838 1253 4907 Joannes,
1275 4851 1501 4897 auctore
1528 4842 1660 4905 Deo,
1696 4844 2006 4913 scripturus
2039 4844 2353 4909 historiam,
2460 4842 2695 4896 inveniri
2732 4856 2838 4895 non
2903 4848 3159 4910 possunt,
3208 4840 3361 4909 prius
3403 4855 3471 4894 ex
3514 4838 3834 4895 Graecorum
3898 4846 4043 4896 lonte

777 4934 953 5004 exigis
987 4949 1017 4987 a
1054 4950 1139 4989 me
1169 4934 1419 5004 quaedam
1456 4935 1510 4989 in
1533 4934 1786 4990 Latinum
1822 4937 2025 5006 stylum
2062 4951 2127 4991 ex
2151 4936 2356 4995 Graecis
2466 4932 2769 4989 haurienda
2824 4934 3101 5001 percipias
3125 4973 3141 4995 ,
3192 4932 3387 4987 faciant
3436 4931 3546 4987 Deo
3605 4935 3838 5003 propitio
3896 4933 4044 5004 quod
4112 4942 4124 4948 '

779 5023 1157 5077 voluminibus
1204 5023 1627 5087 transferenda,
1689 5040 1797 5094 quo
1854 5035 1907 5079 et
1972 5026 2088 5095 ipsa
2138 5041 2403 5095 quoqne—
2460 5027 2725 5091 hortaris,
2754 5026 3054 5096 praesertim
3107 5040 3235 5080 cum
3290 5012 3381 5079 Dei
3442 5026 3515 5080 sit
3565 5024 3711 5095 quod
3772 5026 4041 5096 agendum

779 5116 1067 5186 proposito
1084 5114 1302 5170 inseras
1335 5117 1487 5186 operi
1536 5125 1589 5171 et
1617 5119 1861 5185 iutexas;
1912 5120 1997 5174 his
2040 5121 2185 5173 enim
2222 5121 2358 5174 dua-
2468 5120 2845 5192 proponimus.
2872 5130 2923 5173 et
2956 5120 3147 5175 multis
3171 5119 3360 5187 procul
3387 5118 3552 5171 dubio
3578 5132 3745 5171 causa
3768 5118 4045 5188 profectus

782 5209 883 5263 bus
920 5208 1121 5276 linguis
1154 5209 1447 5279 praecipue,
1491 5226 1611 5281 qua:
1651 5212 1706 5266 in
1756 5210 1996 5267 Ecclesia
2030 5220 2184 5283 gesta
2212 5224 2360 5277 sunt,
2468 5223 2634 5283 atque
2688 5213 2902 5266 salutis.
2960 5211 3071 5267 Nec
3121 5212 3266 5266 enim
3325 5210 3421 5264 tibi
3452 5218 3565 5261 tam
3617 5208 3785 5262 charo
3831 5219 4046 5277 tamque

786 5307 1138 5354 enarrantur.
1195 5299 1305 5371 ligo
1333 5318 1484 5367 vero,
1535 5305 1812 5374 propriam
1858 5306 2133 5360 inscitiam
2163 5314 2215 5360 et
2248 5322 2367 5361 ser~
2473 5306 2707 5376 sapienti
2758 5305 3055 5375 quidquam
3122 5320 3321 5373 negare
3382 5312 3597 5372 potero.
3659 5302 3751 5371 qui
3805 5301 4048 5370 profecto

784 5394 963 5445 monis
1003 5393 1314 5462 angustiam
1363 5410 1469 5449 non
1513 5397 1796 5465 ignorans,
1836 5396 1942 5451 hoc
2002 5412 2162 5467 agere
2212 5405 2367 5453 tanto
2472 5397 2725 5468 Apostoli
2755 5396 3087 5451 documento
3119 5396 3362 5449 imbutus
3394 5396 3408 5425 ⁸
3460 5392 3799 5461 sapientibus
3831 5402 3881 5445 et
3916 5392 4049 5446 insi-

782 5491 1027 5552 tempore
1051 5484 1249 5539 merito
1301 5490 1573 5553 recusavi,
1624 5504 1789 5558 supra
1846 5505 1931 5543 mc
1964 5489 2211 5544 videlicet
2245 5504 2368 5545 esse
2473 5492 2751 5563 pientibus
2778 5491 2993 5546 debitor
3016 5506 3157 5544 sum.
3184 5488 3385 5544 Verum
3411 5490 3533 5558 quia
3559 5488 3829 5556 prmeipue
3859 5502 4050 5541 neces-

784 5581 896 5626 tam
948 5575 1179 5631 arduum
1242 5591 1507 5633 conamen
1573 5581 1761 5648 procul
1811 5580 1979 5635 dubio
2029 5592 2203 5636 ratus.
2258 5581 2365 5637 Sed
2474 5584 2679 5640 sarium
2711 5582 2951 5637 arbitror
2994 5598 3056 5637 ea
3109 5597 3229 5650 qum
3269 5598 3296 5635 a
3331 5580 3641 5635 Theodosio
3687 5580 3930 5649 ρτῑηοίριε
3966 5578 4054 5646 Ῑυ·

785 5666 1044 5735 quoniam
1075 5668 1269 5737 ipsete
1301 5671 1639 5740 propositum
1669 5688 1807 5742 opus
1843 5672 2037 5729 melius
2077 5682 2367 5759 exsecutu-
2482 5676 2639 5731 niore
2679 5675 2733 5729 in
2765 5674 3008 5731 Ecclesia
3059 5685 3211 5745 gesta
3262 5685 3391 5729 sunt
3447 5672 3761 5740 enarrandi,
3795 5671 3862 5726 ad
3895 5668 4053 5740 cujus

857 5849 877 5885 ⁸
909 5847 1070 5906 ﬁant.
1091 5864 1127 5914 t,
1162 5802 1251 5905 ιλ.
