4440 6446
428 376 567 443 1189

1878 357 2299 421 ΡΒᾸΞΡᾹΤΙΟ.

3547 349 3680 419 1190

426 488 677 545 videlicet
708 494 950 553 tempora
1010 478 1412 541 Theodoretus,
1458 474 1717 531 Socrates
1749 470 2003 528 etSmo-
2029 472 2286 532 Aratum
2354 466 2484 521 duxi
2545 465 2686 519 beati
2741 463 3033 535 Nicephori
3083 461 3677 532 Constantiuoriolitani

426 596 645 642 menus,
702 576 998 633 Eusebium
1034 572 1306 643 Pamphili
1351 571 1785 639 subsequentes,
1837 566 2005 621 libros

428 674 813 732 ecclesiastica:
861 669 1105 723 historiae
1177 671 1490 728 texuerunt,
1532 674 1712 732 operat
1770 660 2003 729 pretium

430 767 559 822 duxi
585 782 651 820 ex
680 763 897 833 Georgii
920 759 1234 816 summatim
1273 756 1523 828 quaedam
1556 765 1610 810 et
1652 750 2007 823 Theophanis

430 858 869 929 chronographia
895 857 1070 926 plura,
1105 854 1198 909 sed
1239 851 1521 907 succincte
1569 862 1833 917 carpere,
1866 860 2005 916 quo-

432 968 552 1007 rum
580 951 726 1017 prior
757 964 928 1017 usque
966 947 1033 1001 ad
1086 943 1507 1005 Diocletianum,
1567 941 1843 1009 posterior
1874 952 2008 991 vero

434 1061 609 1115 usque
663 1044 727 1096 ad
758 1042 989 1096 Leonem
1036 1040 1129 1110 qui
1182 1045 1304 1107 post
1344 1032 1661 1089 Michaelcm
1695 1030 2004 1100 imperavit,

435 1150 642 1208 patrem
672 1136 885 1190 scilicet
928 1133 1121 1203 lgnatii
1148 1130 1242 1200 qui
1275 1130 1455 1183 adhuc
1488 1136 1739 1194 superest
1764 1124 2005 1180 habenas

433 1228 1058 1296 Constantinopolitanae
1084 1232 1274 1278 tenens
1301 1220 1577 1283 Ecclesia),
1598 1218 1845 1289 praedicti
1872 1234 2005 1289 ope-

436 1326 512 1378 ris
541 1324 626 1377 sui
650 1322 849 1392 stylutn
892 1319 1180 1389 protraxit.
1219 1315 1323 1383 Qui
1378 1323 1557 1368 autem
1618 1314 1729 1367 sint
1767 1312 1852 1366 isti
1880 1311 2003 1365 breo

434 1418 574 1470 viter
599 1413 893 1468 annotabo.
935 1410 1139 1468 florum
1198 1409 1361 1478 igitur
1420 1406 1559 1459 alter
1596 1403 1770 1459 electa
1818 1416 2009 1456 mona-

437 1510 574 1565 stica
609 1507 715 1562 vita
752 1504 1061 1573 mundoque
1091 1509 1400 1569 contempto
1429 1496 1633 1553 Christi
1669 1511 1725 1551 se
1748 1496 1848 1551 levi
1875 1494 2009 1563 jugo

431 1609 489 1656 et
518 1599 670 1654 suavi
700 1596 928 1652 sarcime
954 1591 1307 1663 maneipavit.
1336 1590 1603 1645 Praeterea
1625 1597 1815 1643 contra
1840 1586 2007 1640 haere-

437 1688 893 1747 ticosineessanti
931 1701 1105 1758 agone
1162 1686 1463 1747 desudans,
1517 1682 1703 1735 mundi
1740 1678 2005 1749 principi-

436 1786 538 1842 bus
570 1793 756 1839 contra
783 1780 1038 1837 Ecclesiae
1068 1779 1230 1835 ritum
1254 1776 1628 1837 saevientibus,
1664 1772 1850 1827 multis
1883 1788 2006 1827 ver-

436 1877 659 1933 beribus
690 1875 1031 1945 diversisque
1090 1873 1267 1944 poenis
1321 1870 1549 1926 affectus
1587 1877 1690 1923 est.
1733 1868 1823 1923 Sic
1875 1882 2005 1936 ergo

435 1972 688 2040 stigmata
725 1965 931 2022 Christi
965 1966 1019 2019 in
1068 1978 1298 2033 corpore
1330 1976 1431 2017 suo
1482 1967 1730 2030 portans,
1766 1968 1872 2010 tam
1909 1970 2006 2024 pro

434 2061 559 2119 ﬁdei
590 2075 703 2115 suae
727 2056 1057 2117 constantia,
1085 2068 1244 2124 quam
1274 2068 1372 2124 pro
1417 2051 1711 2105 multarum
1741 2049 2004 2101 virtutum

435 2152 742 2223 insignibus
792 2156 997 2204 sanctae
1036 2145 1312 2200 memoria
1367 2140 1601 2205 Tarasii,
1658 2138 1819 2209 regia:
1854 2136 2004 2191 urbis

434 2244 705 2316 praesulis,
732 2238 1007 2312 synceflus
1038 2235 1265 2292 effectus
1299 2242 1400 2289 est.
1439 2230 1544 2287 Sed
1577 2246 1644 2285 ne
1685 2229 1855 2283 multa
1881 2242 2007 2297 pro-

436 2351 654 2403 sequar,
680 2330 924 2387 sufficere
952 2328 1190 2383 arbitror
1234 2327 1297 2381 ad
1329 2324 1658 2396 praeconium
1702 2323 1821 2393 ejus
1858 2322 2002 2391 quod

434 2441 464 2479 a
495 2426 623 2479 sede
660 2422 995 2493 approbato:
1040 2418 1109 2473 sit
1145 2417 1468 2487 apostolica,
1526 2413 1747 2483 quando
1792 2413 2005 2467 scilicet

433 2515 620 2569 vicarii
670 2515 788 2580 ejus
858 2525 961 2562 una
996 2524 1117 2562 cum
1168 2507 1429 2560 trecentis
1464 2504 1863 2574 quinquaginta
1903 2501 2005 2556 Pa-

433 2610 607 2664 tribus
639 2609 689 2659 in
720 2603 895 2657 Nicaea
928 2600 1061 2654 urbe
1092 2599 1335 2654 secundo
1359 2598 1747 2652 convenientes
1784 2597 2004 2649 univer-

431 2702 597 2753 salem
637 2696 902 2765 synodum
936 2694 1300 2755 celebrarunt,
1334 2689 1607 2759 siquidem
1633 2698 1687 2742 et
1723 2689 1841 2742 laus
1880 2687 2001 2757 ejus

431 2791 484 2842 in
514 2786 699 2841 eodem
718 2788 1010 2853 septimoet
1037 2791 1226 2838 sancto
1252 2781 1491 2835 concilio
1522 2781 1813 2848 reperitur.
1832 2778 2002 2832 Porro

429 2880 497 2933 de
527 2878 699 2931 altero
728 2892 797 2947 qu
826 2877 855 2927 d
889 2874 1106 2930 dicam?
1138 2888 1261 2927 cum
1296 2880 1348 2927 et
1374 2873 1491 2941 ejus
1522 2871 1832 2939 conscripta
1871 2870 1999 2935 vita,

429 2971 663 3039 qualiter
703 2968 950 3023 videlicet
989 2966 1186 3034 amplis
1219 2963 1565 3034 patrimoniis
1601 2961 1837 3016 venditis
1870 2976 2001 3015 crn-

429 3076 544 3114 cem
568 3076 724 3115 suam
764 3058 967 3121 tulerit,
986 3057 1286 3126 qualiterve
1310 3064 1533 3109 secutus
1553 3052 1859 3117 Christum,
1895 3054 1996 3107 ab-

2106 565 2345 635 episcnpi
2383 561 2893 631 [chronographiam
2926 575 3263 630 prceponcre,
3304 569 3361 612 ut
3392 559 3601 613 scilicet
3631 564 3683 612 ct

2106 670 2171 711 ex
2199 672 2262 711 ea
2289 655 2470 725 possis
2502 652 2839 723 aliquantula
2880 665 3125 721 carpere,
3145 660 3197 705 et
3222 650 3398 706 sicubi
3432 650 3681 706 fortassis

2110 747 2210 802 hac
2235 746 2501 801 utendum
2533 745 2891 814 judicaveris,
2922 753 3070 799 tuam
3126 758 3233 797 non
3265 744 3429 799 lateat
3458 744 3681 798 omnino

2108 839 2383 893 notitiam.
2441 836 2683 893 Obsecro
2743 845 2919 890 autem
2985 836 3311 892 charitatem
3348 846 3515 899 tuam,
3563 852 3682 906 quae

2109 930 2293 983 omnia
2332 930 2627 983 secundum
2658 928 2975 996 Apostolum
3013 926 3224 991 suffert,
3259 935 3311 979 et
3353 942 3462 980 non
3487 927 3681 995 quaerit

2108 1038 2228 1093 quae
2247 1038 2345 1077 sua
2381 1031 2528 1085 sunt,
2554 1052 2622 1063 —-
2650 1021 2762 1074 imo
2799 1035 2896 1089 per
2927 1034 2985 1073 se
3021 1035 3104 1074 me
3125 1020 3381 1073 obsecrat
3423 1019 3679 1072 universa

2108 1117 2431 1175 Latinorum
2463 1114 2710 1170 Ecclesia
2738 1122 2795 1167 ut
2827 1113 2905 1166 sic
2935 1114 3236 1167 scribendae
3262 1128 3290 1165 a
3320 1121 3370 1167 te
3396 1112 3683 1165 inclinetur

2107 1224 2247 1279 opus
2278 1208 2541 1268 historiae,
2578 1214 2637 1259 ut
2668 1220 2787 1274 quae
2826 1204 2895 1259 ab
2943 1205 3061 1273 ipso
3114 1204 3318 1259 Christi
3351 1204 3590 1258 adventu
3628 1204 3681 1257 in

2111 1302 2353 1356 Ecclesia
2379 1310 2529 1370 gesta
2560 1308 2685 1351 sunt
2728 1309 2781 1352 et
2814 1308 2962 1352 testu
3017 1297 3403 1352 ecclesiasticae
3442 1297 3683 1351 historia:

2112 1411 2216 1449 non
2242 1395 2561 1464 judicantur
2591 1392 2834 1460 indigna.
2884 1390 3034 1445 nullo
3066 1388 3228 1444 modo
3274 1390 3679 1458 praetermittas,

2107 1489 2352 1558 exceptis
2382 1486 2469 1541 his
2496 1484 2633 1540 forte
2661 1501 2780 1554 qua:
2804 1484 3073 1538 Eusebius
3091 1482 3457 1537 Theodoritus
3483 1480 3682 1535 Socra-

2109 1591 2190 1636 tes
2225 1589 2279 1634 et
2312 1578 2649 1633 Snzomcnus
2679 1576 2966 1645 scripsisse
2994 1587 3312 1629 noscuntur.
3338 1573 3535 1629 Verum
3557 1574 3682 1641 quia

2110 1674 2373 1743 quosdam
2417 1673 2607 1726 horum
2660 1672 2919 1724 mentitos
2957 1671 3008 1723 in
3064 1668 3391 1739 quibusdam
3429 1667 3599 1721 fuisse
3629 1676 3682 1718 et

2110 1768 2354 1837 qu:edam
2409 1764 2827 1836 pra'termisisse
2872 1765 3164 1831 probatur,
3223 1760 3681 1829 quemadmodum

2110 1872 2162 1915 et
2196 1870 2415 1913 sanctus
2439 1873 2573 1928 papa
2602 1857 2898 1927 Gregorius
2919 1856 2983 1908 de.
3012 1856 3315 1907 Sozozneno
3337 1852 3685 1922 apet'tissime

2110 1956 2323 2016 scribit,
2341 1954 2572 2006 obsecro
2593 1951 2872 2005 mendacia
2894 1964 3079 2002 eorum
3108 1948 3251 2002 veris
3271 1947 3684 2017 approbationi-

2108 2048 2210 2103 bus
2235 2060 2454 2115 arguas,
2480 2054 2530 2099 et
2556 2059 2675 2114 quae
2702 2044 3007 2098 omiserunt
3028 2042 3386 2095 nihilominus
3405 2040 3681 2112 suppleas.

2178 2140 2379 2208 Accipe
2433 2139 2614 2208 itaque
2668 2137 2794 2202 hoc,
2862 2137 3205 2199 charissime,
3260 2136 3679 2205 incompositum

2107 2248 2267 2303 opus,
2296 2240 2345 2285 et
2369 2231 2502 2283 nihil
2528 2245 2707 2282 meum
2745 2228 2796 2281 in
2853 2229 2953 2281 hoc
2984 2244 3210 2297 prorsus
3244 2227 3511 2281 incertum
3547 2244 3685 2296 pra:-

2111 2340 2293 2377 nosce.
2323 2323 2382 2376 Et
2413 2321 2456 2375 si
2488 2320 2747 2374 decessns
2785 2318 2889 2371 inci
2925 2319 3108 2371 debito
3145 2329 3452 2385 prmventus
3481 2332 3679 2385 propo-

2107 2416 2269 2469 situm
2332 2428 2471 2482 opus
2520 2428 2619 2481 ego
2669 2412 2849 2465 minus
2910 2412 2974 2463 ad
3027 2412 3227 2464 calcem
3268 2410 3591 2479 perduvero,
3625 2422 3680 2464 ιιι

2106 2512 2287 2559 tamen
2330 2504 2380 2557 id
2418 2502 2666 2574 deperire
2696 2503 2917 2557 minime
2942 2514 3150 2573 patere,
3185 2502 3278 2557 sed
3312 2503 3364 2556 in
3415 2514 3677 2572 quantum

2104 2610 2207 2658 est.
2248 2598 2481 2667 qualiter
2517 2606 2569 2651 et
2604 2596 2691 2649 ubi
2725 2597 2943 2650 libuerit
2983 2606 3154 2649 ntere.
3192 2595 3364 2650 Porro
3408 2599 3449 2650 si
3491 2598 3680 2652 fortea

2105 2706 2191 2743 me
2224 2691 2319 2743 tihi
2379 2697 2472 2743 aut
2503 2704 2564 2744 ex
2624 2688 2812 2741 Granio
2866 2701 2945 2741 tra
2993 2690 3152 2742 slez'ri
3206 2700 3297 2741 aut
3336 2706 3397 2742 C!
3447 2690 3680 2742 diversis

2104 2779 2422 2835 Latinorum
2482 2781 3026 2851 conscriptionibus,
3093 2798 3213 2846 qua:
3270 2781 3514 2835 historia:
3575 2792 3680 2835 tua:

2100 2872 2341 2937 inseras,
2382 2871 2635 2927 deflorari
2698 2870 3005 2935 desideras,
3042 2871 3274 2925 libenter
3314 2872 3423 2925 tuis
3456 2872 3680 2926 satisfa-

2098 2966 2239 3021 ciam
2272 2966 2433 3019 votis.
2492 2963 2725 3017 Tantum
2769 2964 3037 3017 industria
3074 2975 3165 3016 tua
3207 2965 3422 3017 interim
3454 2974 3679 3033 aposto-

2100 3057 2202 3113 lice
2234 3060 2427 3112 doctus
2461 3057 2514 3110 in
2546 3059 2763 3110 nomine
2781 3057 2991 3109 Domini
3014 3056 3337 3125 opus.quod
3371 3059 3680 3120 hortamur,

430 3151 645 3205 batisin
681 3149 1015 3202 monasterio
1042 3146 1170 3216 Agri
1205 3146 1425 3200 functus
1468 3145 1667 3207 cilicio,
1710 3145 2000 3198 virtutibus
2027 3160 2067 3218 ε
2102 3150 2352 3219 arripiat,
2412 3158 2466 3203 et
2529 3148 2673 3217 quod
2718 3147 3134 3201 imminentibus
3174 3149 3328 3201 nobis
3372 3151 3677 3216 proposuit,

427 3243 662 3304 fulserit,
694 3240 971 3293 miraculis
996 3238 1370 3292 cornscaverit
1390 3247 1444 3292 et
1470 3236 1756 3291 confessor
1779 3238 1997 3300 obierit,

428 3337 562 3391 satis
587 3344 880 3403 aperteque
916 3348 1013 3402 per
1063 3331 1380 3402 Byzantium
1417 3340 1469 3386 et
1504 3332 1712 3385 circum
1750 3346 2001 3400 quasque

426 3430 696 3496 regiones,
738 3427 823 3479 his
879 3426 972 3494 qui
1021 3440 1188 3493 prope
1234 3432 1286 3477 et
1344 3424 1428 3479 his
1460 3425 1555 3494 qui
1606 3424 1765 3493 longe
1798 3434 1925 3479 sunt
1956 3427 1998 3490 ',

426 3521 642 3574 clamet.
674 3518 777 3571 Sed
804 3529 855 3572 et
892 3517 1070 3571 studia
1110 3516 1231 3585 ejus
1286 3517 1351 3569 ad
1402 3531 1504 3571 nos
1542 3531 1714 3586 usque
1769 3517 1997 3584 perlata,

424 3616 548 3685 quis
570 3615 651 3667 vel
692 3622 929 3683 quantus
963 3613 1046 3665 vir
1078 3614 1178 3666 iste
1231 3610 1396 3664 fuerit
1428 3610 1725 3664 solertibus
1762 3606 1997 3661 manife-

425 3715 592 3761 stant.
624 3704 695 3756 Ex
736 3705 926 3758 horum
963 3718 1094 3772 ergo
1132 3699 1585 3770 chronographiae
1616 3701 1999 3754 arnmnissimo

424 3797 668 3865 quaedam
696 3796 983 3864 decerpant
1027 3796 1207 3858 horto,
1237 3808 1361 3864 quze
1384 3793 1735 3863 amplissime
1767 3793 1998 3861 tuiOpe-

428 3888 502 3941 ris
533 3902 734 3940 mensa:
765 3886 1025 3941 obediens
1070 3886 1365 3939 obsecutor
1418 3899 1687 3953 apponam
1714 3901 1729 3949 ;
1765 3900 1887 3953 quae
1910 3883 1999 3938 ni-

426 3977 624 4031 mirum
658 3986 1012 4031 contemnere
1053 3991 1161 4029 non
1218 3974 1408 4037 debes.
1457 3974 1551 4029 sed
1595 3976 1736 4029 inter
1767 3985 1857 4029 tua
1886 3976 1997 4031 sal-

427 4080 530 4124 tem
563 4070 863 4125 secundum
894 4084 1091 4123 sensus
1120 4068 1373 4122 virtutem
1406 4068 1524 4122 sine
1567 4066 1787 4123 fastidio
1821 4069 1992 4122 collo-

420 4176 570 4224 care,
613 4163 789 4231 primo
818 4161 944 4230 quia
971 4169 1065 4215 tuo
1093 4168 1221 4215 sunt
1260 4160 1438 4214 elicita
1471 4160 1743 4228 frequenti
1764 4176 1995 4229 prorsus

423 4253 662 4315 hortatu,
694 4253 891 4307 deinde
919 4253 1045 4321 quia
1080 4252 1222 4306 inter
1253 4252 1482 4306 crebras
1526 4261 1579 4306 et
1605 4260 1868 4315 assuetas
1898 4253 1995 4307 de-

424 4344 578 4401 licias
609 4357 1000 4412 nonnunquam
1051 4343 1238 4398 vilium
1272 4359 1524 4398 escarum
1557 4344 1996 4413 quasinelecta-

422 4434 608 4487 bilium
659 4432 1013 4501 requiruntur
1045 4432 1247 4497 edulia,
1288 4434 1448 4488 tertio
1482 4434 1630 4501 quia,
1663 4431 1837 4489 donec
1867 4450 1994 4504 pro-

2104 3249 2455 3309 exsequatur.
2484 3239 2655 3293 Porro
2686 3242 2765 3293 sic
2798 3257 2977 3310 egnex
3014 3240 3097 3292 his
3127 3240 3339 3294 duobus
3375 3240 3679 3294 illustribus

2103 3334 2236 3387 viris
2278 3335 2521 3403 quaedam
2584 3332 2848 3387 deflorarc
2880 3333 3161 3402 proposui,
3218 3340 3275 3385 ut
3311 3346 3445 3401 pene
3472 3332 3676 3395 omnia,

2058 3482 2067 3487 _
2102 3440 2221 3493 qua:
2248 3440 2413 3495 supra
2442 3426 2741 3478 nominatis
2777 3424 3232 3493 historiographis
3249 3435 3676 3477 commemorata

2101 3526 2251 3581 sunt,
2284 3532 2312 3569 a
2346 3533 2427 3570 me
2461 3518 2939 3571 commemoramla
2973 3532 3079 3569 non
3108 3516 3377 3570 durerim.
3404 3514 3475 3568 Ex
3499 3516 3678 3569 civili-

2102 3606 2204 3661 bus
2258 3616 2437 3661 autem
2478 3608 2647 3675 gestis
2716 3607 2964 3674 quit-dam
3034 3607 3347 3659 summatim
3400 3612 3673 3675 excerpsi,

2100 3700 2353 3767 quamvis
2384 3715 2412 3751 ιι
2449 3696 2758 3753 Justiniano
2803 3698 3048 3765 principe
3090 3712 3153 3750 ac
3203 3698 3464 3766 deinceps
3503 3712 3672 3765 pauiu

2098 3792 2380 3847 omiserim
2413 3807 2602 3846 eorum
2630 3807 2749 3860 quae
2786 3791 2854 3845 ab
2888 3791 2971 3846 his
3021 3791 3457 3860 chronographis
3508 3791 3671 3844 relata

2100 3892 2248 3939 sunt.
2283 3883 2399 3939 Non
2437 3884 2604 3946 enim,
2633 3894 2690 3937 ut
2723 3886 2977 3953 prastatns
3013 3884 3363 3937 beatissimus
3382 3882 3675 3953 TheOpha-

2098 3991 2197 4031 ncs
2221 3990 2280 4031 se
2314 3976 2527 4045 opinari
2560 3984 2813 4041 testatur,
2850 3975 3075 4029 modica:
3140 3974 3377 4031 fructum
3420 3976 3675 4030 utilitatis

2096 4072 2274 4140 carpit
2302 4072 2394 4141 qui
2424 4071 2732 4141 priscorum
2788 4072 2978 4140 relegit
3016 4079 3192 4125 actus.
3216 4070 3324 4124 Oro
3352 4080 3530 4125 autem
3558 4087 3675 4123 om-

2096 4165 2250 4217 nium
2292 4165 2614 4219 charitatem
2670 4165 2808 4219 hanc
2842 4166 3135 4220 editionem
3194 4176 3435 4219 nostram
3489 4165 3672 4233 legen-

2096 4256 2254 4321 tium,
2295 4264 2352 4309 ut
2405 4256 2534 4310 siin
2589 4270 2651 4309 ea
2693 4259 2996 4324 proficuum
3037 4255 3337 4326 quidquam
3379 4255 3671 4319 invenerit,

2096 4348 2351 4402 decentes
2391 4348 2690 4416 gratiarum
2725 4348 2973 4403 actiones
3003 4347 3216 4411 Deo,ex
3251 4363 3359 4417 quo
3386 4354 3472 4402 est
3511 4361 3673 4401 omne

2099 4438 2324 4502 bonum,
2358 4438 2552 4493 devote
2610 4438 2903 4507 persolvat,
2955 4450 3008 4493 et
3048 4452 3146 4507 pro
3188 4438 3347 4492 nobis
3382 4437 3670 4491 ineruditis

423 4525 609 4595 posita:
634 4538 774 4594 opus
797 4525 1038 4578 historiae
1085 4540 1181 4594 per
1210 4533 1263 4579 te
1294 4525 1359 4578 ad
1388 4526 1778 4595 perfectionem
1828 4526 1991 4581 fuerit
2020 4499 2072 4559 Β
2094 4539 2147 4585 et
2174 4499 2551 4599 peccatoribus
2584 4499 2801 4600 p‘r0pter
2830 4499 3116 4584 Dominum
3173 4544 3332 4583 orare
3362 4543 3428 4583 ne
3465 4528 3669 4597 pigeat.

425 4616 528 4672 Deo
569 4617 780 4671 favente
811 4618 1156 4685 perductum,
1188 4620 1386 4688 poterit
1418 4620 1555 4674 forte
1590 4628 1839 4675 nostrum
1868 4636 1991 4677 esse

418 4708 860 4763 desiderantibus
885 4710 1354 4780 aliquantisperiu
1390 4728 1569 4776 usum,
1604 4722 1658 4767 et
1684 4714 1776 4784 qui
1806 4715 1987 4784 opima

419 4810 592 4854 vestra
650 4801 912 4869 consequi
956 4816 1067 4855 non
1122 4804 1412 4865 valuerint.
1455 4816 1618 4859 erunt
1646 4807 1864 4862 interim
1904 4808 1990 4865 his

412 4893 647 4947 exilibus
677 4894 881 4947 nastris
915 4903 1192 4964 utcunque
1218 4897 1479 4952 contenti.
1508 4894 1646 4953 Huic
1676 4914 1808 4956 sane
1834 4902 1985 4970 operi

479 5076 499 5107 ι
536 5074 734 5143 Ephes.
774 5092 831 5143 ιι,
869 5078 953 5133 l7.

2094 4620 2269 4678 Porro
2297 4625 2343 4679 si
2372 4623 2502 4695 quid
2536 4624 2823 4678 inhoneste
2856 4622 3093 4692 positum
3119 4621 3409 4691 repererit,
3441 4619 3671 4675 indisci-

2094 4716 2378 4786 plinatioui
2434 4723 2636 4771 nostra:
2704 4714 2807 4770 hoc
2871 4715 3150 4784 iiuputans
3207 4714 3424 4768 veniam
3479 4712 3665 4767 donet.

2092 4808 2317 4862 Gratum
2349 4812 2492 4861 enim
2516 4815 2599 4863 est
2626 4805 2733 4862 Deo
2758 4814 2812 4862 et
2832 4814 3113 4877 acceptum
3135 4806 3276 4875 quod
3299 4806 3345 4859 ei
3365 4804 3665 4861 secundum

2093 4902 2236 4957 vires
2265 4900 2511 4957 offertur.
