4440 6446
776 384 909 450 1191

1888 380 2287 447 ANAS’I‘ASII
2328 379 2956 443 RlBLlOTHECARII

3889 382 4027 453 1192

784 525 3928 571 Μ

1225 680 2091 781 CHRONOLOGIA
2196 685 2624 774 BREVIS
2696 686 2801 773 B.
2884 685 3551 780 NICEPHORI

1712 878 2526 945 CONSTAN‘TINOPOLITANI
2574 881 2902 941 EPISCOPI.

776 1036 969 1086 Exstat
998 1032 1136 1087 inter
1150 1029 1268 1097 ejus
1288 1042 1445 1095 opera
1474 1034 1674 1091 nostra
1697 1023 1965 1088 editionis,
1986 1022 2206 1091 hujusce
2246 1021 2576 1094 Patrologim
2629 1024 2825 1079 σταται
2853 1026 2993 1087 'tont.
3044 1024 3106 1097 ϐ,
3132 1026 3234 1081 col.
3267 1024 3391 1081 1001
3418 1044 3434 1091 ;
3491 1027 3814 1101 I‘atrolagiaz
3864 1036 4019 1088 etiam

1588 1122 1828 1181 ,l.atina:
1870 1128 1999 1173 tant.
2031 1116 2288 1185 CXXIX,
2320 1121 2455 1183 inter
2491 1120 2662 1187 ipsius
2692 1121 2965 1175 Anastasii
2998 1136 3177 1190 opera.

780 1302 3994 1332 ww

1327 1427 1651 1491 ABHINC
1682 1427 2168 1489 EXCERPTIO
2196 1426 2314 1487 EX
2344 1427 3066 1493 CIIRONOGRAPHIA
3099 1430 3479 1501 GEORGII.

848 1576 1140 1649 Pompeius
1174 1575 1313 1658 bello
1341 1573 1714 1644 Hierosolyma
1748 1582 2022 1643 percepta,
2059 1572 2347 1627 Aristobu-
2375 1575 2426 1633 Α
2524 1570 2809 1627 Secundus
2841 1574 3207 1629 Romanorum
3261 1578 3591 1634 monarehus
3627 1580 3811 1635 Caesar
3855 1580 4019 1638 Octa-

778 1673 888 1725 lum
918 1671 1133 1741 quidem
1167 1670 1405 1721 vinctttm
1435 1683 1558 1721 cum
1601 1668 1747 1727 filiis,
1768 1666 2084 1720 Alexandro
2112 1675 2165 1721 et
2195 1667 2348 1719 Anti-

778 1780 941 1834 gono,
968 1762 1206 1825 tenebat,
1232 1759 1456 1815 Romam
1482 1774 1777 1829 properans
1809 1759 2269 1831 triumphaturus,
2295 1768 2350 1813 et

778 1855 1007 1908 aliarun‘i
1037 1866 1255 1922 quoque
1280 1850 1518 1920 gentium
1552 1864 1707 1919 rcges
1757 1857 1812 1902 et
1858 1848 2048 1902 duces.
2086 1848 2348 1917 Hyrcano

759 1956 959 2002 'autem
994 1946 1158 2016 hujus
1214 1944 1366 1997 fratri
1422 1958 1640 1998 summo
1689 1945 1984 1995 commisso
2046 1941 2349 2010 pontiﬁcio,

782 2042 1097 2093 tributarios
1126 2038 1317 2091 statuit
1376 2034 1640 2089 Romanis
1689 2032 1928 2088 Judzeos.
1962 2034 2063 2100 Qui
2120 2031 2349 2087 Romam

780 2133 954 2185 vietor
997 2133 1278 2199 ingressus
1326 2128 1560 2181 amicitia
1597 2127 1848 2196 jungitur
1868 2125 2095 2181 C.Julio
2125 2125 2347 2191 Caesari,

780 2225 871 2294 qui
900 2220 1117 2277 creatus
1152 2229 1343 2274 contra
1367 2220 1549 2274 Gallos
1570 2229 1621 2273 et
1646 2219 1937 2297 Britannos
1975 2228 2177 2288 praetor
2215 2219 2351 2272 diri-

780 2316 947 2388 gitur,
970 2314 1287 2385 magnisque
1311 2312 1512 2381 prteliis
1541 2326 1637 2380 per
1665 2311 2045 2365 annos*decem
2078 2308 2265 2365 Gallos
2300 2319 2353 2364 et

786 2412 1080 2464 Britannos
1112 2406 1372 2460 Remanis
1396 2405 1719 2458 tributarios
1743 2404 1903 2475 fecit;
1955 2402 2045 2473 qui
2082 2404 2354 2473 quingen-

726 2566 729 2569 _
782 2514 865 2558 tas
918 2503 1167 2557 civitates
1230 2498 1619 2569 possidebant,
1674 2505 1733 2551 ut
1780 2497 2107 2551 Plutarchus
2140 2496 2352 2561 scribit,

779 2593 1162 2651 Clueronensis
1201 2591 1586 2662 philosophus.
1604 2589 1770 2665 ’Tunt:
1790 2589 2025 2645 Crassus
2053 2589 2355 2645 succedens

780 2689 1012 2744 Gabinio
1040 2687 1324 2757 Syriacum
1376 2684 1611 2737 obtinuit
1668 2682 2058 2751 principatum,
2082 2689 2137 2735 et
2166 2692 2356 2735 contra

785 2764 1037 2843 Parthos,
1070 2776 1122 2829 id
1155 2773 1475 2837 estPersas,
1496 2771 1798 2826 exercitum
1835 2774 2026 2825 movit.
2057 2769 2228 2824 Porro
2248 2772 2357 2824 An-

785 2872 981 2940 tipater
1040 2869 1248 2923 amicos
1308 2866 1408 2922 sibi
1444 2866 1645 2934 ubique
1697 2848 2067 2919 Romanorum
2110 2872 2357 2932 potentes

2456 1665 2673 1727 vianus,
2702 1666 2792 1734 qui
2823 1675 2873 1719 ct
2906 1666 3185 1734 Augustus
3217 1672 3518 1738 appellatus
3540 1682 3643 1727 est.
3672 1673 3718 1725 Α
3748 1677 4023 1730 creatione

2456 1760 2643 1812 mundi
2692 1752 2874 1827 usque
2940 1760 3023 1826 ad,
3058 1762 3269 1813 initium
3311 1764 3456 1817 tertii
3518 1766 3744 1841 Augusti
3795 1767 4024 1826 Ctesaris

2457 1847 2609 1909 anni,
2672 1850 2722 1900 in
2785 1863 2891 1917 quo
2947 1856 3001 1903 et
3063 1849 3289 1903 indictio
3336 1856 3676 1923 promulgata
3729 1866 3834 1920 est,
3862 1860 4023 1914 sicuti

2458 1940 2649 1995 beatus
2669 1938 2937 1994 Maximus
2960 1942 3013 1994 in
3042 1956 3295 1997 sermone
3319 1960 3419 1997 suo
3445 1945 3511 1998 de
3541 1946 3748 2002 Pascha
3774 1959 4021 2017 testatur,

2458 2031 2586 2083 anni
2640 2040 2768 2083 sunt
2798 2031 2958 2084 5460.
2995 2032 3187 2088 Cicero
3226 2035 3412 2088 rhetor
3454 2047 3506 2090 et
3554 2048 3776 2092 senator
3824 2040 4026 2097 Gaietis

2460 2122 2629 2177 Italia:
2669 2123 3032 2194 interemptus
3097 2137 3217 2193 est;
3260 2134 3319 2181 ut
3374 2138 3552 2182 autem
3589 2130 3679 2184 alii
3711 2134 3882 2197 aiunt,
3931 2150 4029 2189 ve-

2458 2232 2599 2271 neno
2623 2232 2744 2271 sese
2776 2203 3008 2270 necavit.

2532 2292 2876 2396 l’rineipatus
2914 2325 3106 2365 eorum
3156 2296 3363 2381 septem
3389 2314 3481 2383 qtti
3524 2316 3663 2385 apud
3704 2316 4027 2388 Pergamum

2420 2418 2423 2421 λ
2462 2403 2876 2474 imperaverunt
2904 2403 3160 2478 cessavit,
3183 2419 3305 2457 cum
3344 2406 3697 2473 perdurasset
3724 2408 3825 2461 156
3848 2411 4026 2463 annis.

2536 2498 2688 2552 Sicut
2734 2498 2786 2550 in
2844 2496 3175 2566 quibusdam
3218 2496 3426 2551 Latinis
3473 2500 3805 2556 editionibus
3835 2502 4029 2565 fertur,

2463 2592 2531 2644 ab
2568 2590 2879 2645 Alexandro
2933 2605 3111 2662 usque
3148 2590 3216 2644 ad
3261 2590 3492 2662 Augusti
3544 2602 3783 2663 tempora
3812 2593 4033 2650 fuerunt

2462 2684 2591 2735 anni
2634 2682 2755 2750 plus
2797 2680 3136 2755 minus500.

2532 2773 2845 2827 Iudaeorum
2904 2774 3112 2843 primus
3159 2788 3253 2828 rex
3292 2774 3593 2844 alienigena
3639 2774 3879 2831 Herodes
3936 2778 4036 2832 fuit

2465 2869 2623 2921 annis
2660 2868 2750 2932 137,
2782 2866 2877 2937 qui
2909 2867 3202 2922 Ananilum
3251 2869 3566 2937 quemdam,
3601 2867 3907 2925 Judaeorum
3942 2872 4037 2940 qui

788 2962 1107 3017 muneribus
1137 2969 1191 3015 et
1218 2960 1341 3014 aliis
1393 2958 1672 3027 obsequiis
1724 2956 1977 3010 faciebat.
2030 2956 2171 3011 Inter
2220 2970 2358 3024 quos
2391 2955 2433 3012 Β
2465 2960 2516 3013 in
2556 2959 2833 3030 Babylone
2859 2969 3013 3014 erant
3036 2975 3311 3014 summum
3334 2962 3664 3029 pontificem,
3696 2963 4026 3028 accersiens,

787 3063 843 3111 et
870 3052 1071 3107 Harcth
1108 3052 1369 3115 Arabum,
1392 3050 1443 3103 id
1475 3059 1559 3105 est
1588 3047 2009 3112 Saracenorum,
2039 3047 2149 3117 regi
2180 3047 2355 3101 valida

789 3149 1030 3203 sociatus
1063 3154 1146 3198 est
1210 3142 1470 3204 amicitia,
1507 3151 1724 3211 propter
1772 3141 2175 3193 matrimonium
2226 3138 2359 3192 insi-

790 3243 911 3315 gnis
944 3238 1125 3294 uxoris
1165 3237 1409 3291 Arabica:
1435 3236 1710 3307 Cypridis,
1749 3250 1813 3289 ex
1859 3250 1965 3303 qua
2002 3235 2142 3288 filios
2171 3233 2361 3287 habuit

791 3343 1048 3402 quatuor,
1077 3328 1391 3393 l’hasailum
1445 3328 1699 3382 videlicet
1722 3334 1777 3380 et
1819 3327 2114 3383 Herodem.
2143 3329 2235 3395 qui
2265 3341 2362 3379 rex

792 3438 914 3499 post
940 3425 1250 3498 Hyrcanum
1288 3404 1500 3478 exstitit
1532 3420 1885 3473 Hebraeorum
1922 3421 2135 3493 primus
2171 3417 2362 3472 alieni-

791 3537 949 3592 gena,
981 3527 1033 3574 et
1070 3518 1293 3573 tertium
1335 3513 1727 3582 Jnsepliuin,et
1767 3512 2041 3566 Pheroran
2083 3506 2361 3580 quantum,

788 3617 900 3683 jam
942 3623 1053 3667 tum
1097 3608 1393 3675 .Arabibus
1449 3604 1785 3669 Judazorum,
1850 3604 1995 3659 sicut
2036 3619 2181 3657 nunc
2208 3602 2366 3656 Chri-

793 3717 1120 3767 stianorum,
1154 3701 1391 3771 legitima
1417 3697 1920 3753 -confundentibus.

861 3796 1152 3867 Pompeius
1182 3795 1348 3865 igitur
1388 3789 1644 3863 Hyrcano
1696 3803 1969 3843 summum
2024 3787 2365 3858 pontiﬁcium

792 3888 1196 3953 roboravit,eti
1207 3902 1297 3956 pse
1312 3883 1574 3939 Romanis
1592 3879 1809 3935 Judaeos
1823 3880 2142 3934 tributarios
2155 3879 2368 3937 statuit.

797 3984 943 4037 Idem
974 3982 1088 4051 ipse
1103 3979 1447 4046 Antipatrum
1464 3974 1849 4042 alienigenam,
1864 3969 2093 4026 Herodis
2107 3971 2299 4032 ﬁlium,
2318 3977 2372 4024 et

704 4066 709 4069 ’
796 4076 1022 4132 alterius
1040 4071 1270 4128 Herodis
1293 4078 1500 4140 patrem
1521 4064 2375 4139 Palaestinteordinavitprocura-

800 4152 993 4238 torem.
1012 4166 1080 4219 At
1100 4180 1224 4219 vero
1245 4160 1506 4227 C.Julius
1523 4160 1701 4213 Caesar
1731 4156 1957 4209 Romam
1985 4154 2204 4209 rediens
2226 4154 2381 4221 omni

800 4261 940 4332 parti
962 4257 1202 4327 Pompeii
1233 4254 1494 4325 pepercit,
1516 4251 1580 4304 de
1600 4265 1705 4319 qua
1724 4259 1835 4303 erat
1857 4246 2073 4313 Cicero,
2094 4246 2292 4303 Brutus
2324 4248 2378 4301 et

2469 3050 2525 3105 itt
2559 3049 2864 3105 Jerusalem
2920 3066 3194 3105 summum
3251 3052 3565 3121 pontiﬁcem
3622 3055 3927 3111 constituit.
3970 3053 4037 3108 Et

2471 3144 2573 3198 hoc
2628 3141 2803 3198 elccfo
2859 3154 2985 3214 post
3018 3144 3292 3197 modicum
3348 3146 3631 3199 constituit
3662 3145 4034 3201 Aristobulum

2468 3253 2744 3292 summum
2798 3237 3135 3305 pontiﬁcem,
3172 3237 3392 3291 fratrem
3442 3238 3627 3292 uxoris
3686 3254 3816 3301 suae.
3863 3240 4034 3293 ﬁlium

2470 3327 2730 3399 Hyrcani.
2771 3328 2834 3381 Et
2857 3332 2959 3382 hoc
3003 3328 3333 3398 interempto
3362 3343 3557 3383 rursus
3588 3329 3878 3384 Ananilum
3917 3344 4039 3403 post

2471 3433 2675 3472 annum
2705 3418 2973 3487 provexit.

2544 3510 2704 3567 Anno
2748 3510 2939 3563 mundi
3000 3508 3141 3563 5500
3191 3508 3447 3564 devoluto
3482 3519 3535 3583 et
3570 3510 3701 3565 5501
3751 3512 4043 3584 incipiente

2476 3600 2621 3657 facta
2674 3608 2761 3657 est
2802 3602 3114 3660 incarnatio
3146 3601 3362 3660 Domini
3414 3612 3469 3656 et
3526 3602 3825 3668 Salv-aleris
3871 3609 4039 3661 nostri

2474 3692 2603 3750 Jesu
2646 3693 2879 3759 Christi,
2929 3708 3122 3749 mense
3163 3694 3464 3750 secundum
3511 3693 3787 3751 Romanos
3827 3696 4043 3759 Martio,

2475 3788 2565 3842 die
2608 3787 2701 3851 25,
2763 3787 3063 3842 secundum
3120 3786 3362 3841 divinant
3411 3786 3731 3851 editionem,
3783 3804 3903 3857 qua:
3938 3774 4048 3858 ’prr

2480 3880 2701 3951 Moysen
2750 3880 2960 3949 prolata
2993 3888 3099 3946 est,
3126 3880 3298 3949 prima
3346 3878 3433 3931 die
3487 3880 3684 3934 mensis
3719 3879 3909 3945 Nisae,
3951 3885 4041 3953 qui

2481 3973 2623 4045 apud
2662 3973 2921 4039 llehra'os
2951 3972 3165 4042 primus
3189 3979 3405 4025 creatus
3433 3980 3540 4035 est,
3570 3987 3675 4041 qua
3706 3970 3923 4026 Gabriel
3959 3991 4045 4027 ar-

2482 4066 2777 4135 changelus
2814 4066 2884 4124 ci,
2919 4080 3039 4131 qua:
3092 4079 3216 4115 vere
3265 4072 3348 4117 est
3386 4078 3445 4114 ac
3495 4064 3731 4132 proprie,
3765 4065 3851 4117 Dei
3885 4064 4051 4118 Geni-
4138 4126 4145 4129 Ἰ

2485 4158 2624 4220 trix,
2687 4162 2859 4212 totius
2895 4156 3083 4209 mundi
3138 4156 3321 4225 gaudii
3368 4155 3565 4208 obtulit
3618 4158 3913 4225 evangelia.
3962 4158 4053 4213 Sic

2487 4251 2634 4303 enim
2696 4259 2751 4303 et
2800 4250 3033 4303 viviﬁrze
3084 4247 3506 4302 resurrectionis
3540 4248 3667 4315 ejus
3715 4249 3831 4303 dies
3865 4251 4051 4305 eadem

799 4352 1046 4411 Cassius,
1078 4347 1475 4413 consulumque
1494 4344 1859 4414 principatum
1898 4335 2381 4394 destruxit.Tum-
2408 4333 2453 4394 C
2488 4343 2660 4422 prima
2696 4345 2902 4396 mensis
2933 4343 3021 4397 die
3065 4342 3344 4395 concurrit
3388 4340 3689 4393 secundum
3726 4342 4054 4408 apostolicus

791 4447 909 4514 'quc
936 4439 1213 4496 Antonius
1244 4437 1547 4504 Cleopatrae
1577 4434 1836 4487 Arabiam
1859 4430 2101 4495 tradidit.
2173 4445 2183 4454 '
2260 4448 2265 4453 ·
2324 4454 2349 4497 χ

877 4532 1247 4602 Romanorum
1271 4525 1332 4579 C.
1368 4523 1545 4578 Julius
1590 4522 1774 4577 Caesar
1800 4522 2013 4591 primus
2047 4520 2381 4597 monarchus

804 4623 1060 4678 habetur.
1091 4618 1273 4674 Mundi
1303 4632 1447 4670 anno
1479 4614 1616 4669 545i
1643 4613 1705 4667 C.
1737 4611 1915 4669 Julius
1948 4612 2131 4668 Cresar
2158 4613 2382 4668 veniens

808 4717 863 4770 in
883 4712 1125 4769 Juda'am
1168 4718 1290 4779 post
1317 4706 1558 4775 Pompeii
1601 4713 1833 4760 mortem
1891 4706 1961 4759 ab
2002 4703 2258 4775 Egypto,
2288 4720 2382 4758 ro-

806 4809 965 4865 borat
1002 4817 1276 4860 summum
1307 4798 1644 4878 pontiﬁcium
1694 4796 1967 4868 Hyrcano,
2001 4794 2055 4851 et
2099 4798 2385 4869 Antipatro

810 4908 1123 4967 potentatus
1157 4894 1485 4949 divisionem
1518 4891 1609 4945 dat
1637 4906 1656 4961 ί
1684 4891 1777 4959 qui
1832 4890 1958 4943 dolo
1989 4889 2139 4942 Bruti
2174 4900 2226 4943 et
2250 4889 2386 4945 Cas-

811 4990 877 5044 sii
909 4988 1202 5049 occiditur,
1235 5000 1339 5037 non
1372 4982 1661 5037 ferentium
1694 4980 1932 5049 Pompeii
1958 4981 2386 5049 peremptionem

813 5092 989 5146 neque
1010 5076 1297 5131 c0nsulum
1328 5072 1752 5142 depositionem.
1784 5068 1957 5136 Hujus
1978 5073 2150 5125 haeres
2172 5072 2391 5141 adopta-

784 5180 904 5221 .tus
934 5175 1053 5220 erat
1074 5165 1403 5219 Octavianus
1427 5162 1635 5225 Caesar,
1675 5161 1816 5216 ﬁlius
1840 5162 1999 5214 Attia:
2041 5162 2247 5216 sororis
2271 5161 2390 5231 ejus

814 5269 870 5315 et
893 5257 1125 5313 Octavii.
1170 5254 1299 5309 Dein
1332 5267 1519 5326 parata
1560 5254 1789 5307 victoria
1830 5254 2113 5308 venientes
2162 5253 2391 5311 Romam

814 5355 1099 5421 Augustus
1132 5358 1185 5403 et
1209 5348 1478 5403 Antonius
1505 5346 1903 5400 dividuntcum
1930 5345 2180 5417 Helpidio
2211 5346 2393 5415 tripli-

817 5447 951 5500 citcr
1003 5452 1176 5497 totum
1234 5440 1605 5497 Romanorum
1649 5439 2043 5510 principatum,
2094 5448 2168 5505 et,
2212 5447 2268 5493 ut
2321 5447 2394 5494 tta

818 5536 1072 5602 dixerim,
1097 5534 1266 5589 totius
1294 5534 1444 5586 orbis
1473 5541 1780 5597 terrarum;
1806 5542 1859 5585 et
1876 5531 2155 5601 Augustus
2177 5533 2394 5602 quidem

821 5626 1093 5697 Europam
1153 5624 1382 5680 sortitur
1435 5637 1609 5693 usque
1645 5622 1713 5676 ad
1754 5622 2043 5678 occiduum
2091 5622 2390 5689 Oceanum,

825 5718 1107 5788 Helpidius
1148 5728 1328 5772 autem
1375 5731 1496 5785 qua:
1545 5715 1691 5770 circa
1730 5715 1953 5788 Libyam
2004 5724 2131 5772 sunt
2186 5716 2395 5783 omnia,

828 5827 992 5891 porro
1016 5812 1285 5867 Antonius
1307 5819 1473 5865 totum
1494 5810 1719 5871 ‘Asiam.

2429 5683 2475 5741 ι)

2386 4447 2393 4452 ·
2485 4432 2829 4487 traditiones.

2556 4528 2839 4596 Augustus
2874 4523 3117 4595 pontifex
3164 4525 3436 4594 maximus
3472 4524 3726 4580 decretus
3747 4536 3846 4580 est.
3885 4525 4057 4580 llero-

2486 4619 2583 4675 des
2612 4620 2851 4691 priscam
2885 4618 3212 4684 Samariam,
3242 4634 3365 4672 cum
3397 4626 3547 4673 esset
3575 4618 3813 4681 deserta,
3855 4634 3884 4671 a
3930 4618 4058 4672 luu-

2489 4712 2763 4765 damcntis
2824 4712 3033 4774 erexit,
3089 4709 3352 4764 Sebasten
3408 4710 3460 4762 in
3526 4712 3784 4765 honorem
3828 4709 4058 4765 Caesaris

2491 4804 2803 4857 nominans.
2862 4801 3102 4856 Herodes
3159 4802 3421 4869 templum
3473 4804 3618 4877 quod
3668 4800 4061 4871 Hierosolymis

2490 4903 2608 4949 erat
2637 4894 2833 4969 duplex
2864 4893 3231 4959 rerediﬁcavit.
3256 4893 3497 4948 Herodes
3524 4894 3759 4962 priscam
3789 4894 4061 4948 Stratonis

2492 4984 2692 5039 turrim
2728 4982 3033 5038 Cwsaream
3076 4983 3129 5037 in
3182 4984 3449 5037 honorem
3471 4981 3705 5039 Caesaris
3763 4983 4062 5052 superandi-

2494 5077 2666 5131 licans
2690 5076 3011 5130 nominavit.
3044 5074 3184 5131 ldetn
3230 5076 3346 5145 ipse
3370 5074 3684 5128 Judreorum
3720 5074 4064 5145 legisperitos
4150 5117 4156 5121 .

2496 5167 2701 5221 orcidit
2726 5176 2777 5221 et
2814 5168 3050 5235 scriptas
3088 5166 3435 5237 genealogias
3471 5166 3730 5221 incendit.

2570 5258 2753 5313 Mundi
2818 5274 2961 5313 anno
3017 5258 3189 5322 5500,
3248 5260 3447 5312 divinae
3500 5274 3628 5311 vero
3673 5256 4065 5311 incarnationis

2499 5365 2644 5403 anno
2677 5351 2727 5414 1,
2765 5359 2955 5420 pastor
2978 5351 3156 5406 honus
3187 5358 3435 5421 pastores
3482 5352 3687 5421 primos
3712 5350 3777 5403 ad
3824 5349 4067 5405 inellabi-

2466 5458 2472 5465 ι
2500 5454 2633 5497 nunt
2670 5442 2940 5496 visionem
2973 5450 3027 5496 et
3057 5442 3386 5497 auditionem
3420 5458 3515 5510 per
3550 5442 3769 5511 angelos
3796 5441 4063 5495 invitavit.

2572 5531 2757 5585 Mundi
2815 5546 2993 5586 annus
3043 5542 3161 5585 erat
3216 5531 3392 5593 5501,
3443 5530 3636 5586 Sestus
3702 5531 4068 5601 Pythagoreus

2502 5622 2861 5695 philosophus
2895 5621 3145 5677 ﬂorebat.
3178 5620 3349 5676 Judas
3376 5620 3632 5676 Galiltcus
3665 5620 3928 5675 adversus
3960 5620 4069 5672 Ro-

2508 5732 2705 5772 manos
2742 5717 3052 5772 simultates
3077 5732 3235 5786 agere
3259 5715 3579 5769 hortabatur
3604 5713 3822 5769 Judaaos
3854 5729 4075 5783 propter

2508 5810 2951 5886 descriptionem.
2998 5810 3238 5867 Herodes
3269 5818 3518 5863 mortuus
3550 5818 3652 5872 est,
3691 5823 3811 5862 cum
3848 5807 4073 5861 ruisset
