  <div class='ocr_page' id='page_1' title='image "/cluster/home/n/w/nwhite01/storage/ocr_20150623/108/nnc1.0046979921/620.png"; bbox 0 0 4440 6446; ppageno 0'>
   <div class='ocr_carea' id='block_1_1' title="bbox 409 414 544 479">
    <p class='ocr_par' dir='ltr' id='par_1_1' title="bbox 409 414 544 479">
     <span class='ocr_line' id='line_1_1' title="bbox 409 414 544 479; baseline -0.007 -1"><span class='ocrx_word' id='word_1_1' title='bbox 409 414 544 479; x_wconf 81' lang='lat'><strong>1193</strong></span> 
     </span>
    </p>
   </div>
   <div class='ocr_carea' id='block_1_2' title="bbox 1248 399 2794 471">
    <p class='ocr_par' dir='ltr' id='par_1_2' title="bbox 1248 399 2794 471">
     <span class='ocr_line' id='line_1_2' title="bbox 1248 399 2794 471; baseline -0.003 -1"><span class='ocrx_word' id='word_1_2' title='bbox 1248 406 1613 471; x_wconf 79' lang='lat' dir='ltr'><strong>HISTORIA</strong></span> <span class='ocrx_word' id='word_1_3' title='bbox 1655 399 2228 466; x_wconf 74' lang='lat' dir='ltr'><strong>ECCLESIASTICA</strong></span> <span class='ocrx_word' id='word_1_4' title='bbox 2263 406 2360 466; x_wconf 75' lang='lat' dir='ltr'><strong>EX</strong></span> <span class='ocrx_word' id='word_1_5' title='bbox 2398 406 2794 466; x_wconf 62' lang='lat' dir='ltr'><strong>SYNCEILO.</strong></span> 
     </span>
    </p>
   </div>
   <div class='ocr_carea' id='block_1_3' title="bbox 3517 405 3649 471">
    <p class='ocr_par' dir='ltr' id='par_1_3' title="bbox 3517 405 3649 471">
     <span class='ocr_line' id='line_1_3' title="bbox 3517 405 3649 471; baseline 0.008 -6"><span class='ocrx_word' id='word_1_6' title='bbox 3517 405 3539 465; x_wconf 86' lang='lat'><strong>1</strong></span> <span class='ocrx_word' id='word_1_7' title='bbox 3558 405 3649 471; x_wconf 73' lang='lat'><strong>194.</strong></span> 
     </span>
    </p>
   </div>
   <div class='ocr_carea' id='block_1_4' title="bbox 406 515 3654 596">
    <p class='ocr_par' dir='ltr' id='par_1_4' title="bbox 406 515 3654 596">
     <span class='ocr_line' id='line_1_4' title="bbox 406 515 3654 596; baseline -0.003 -12"><span class='ocrx_word' id='word_1_8' title='bbox 406 530 562 585; x_wconf 83' lang='lat' dir='ltr'><strong>annis</strong></span> <span class='ocrx_word' id='word_1_9' title='bbox 593 529 698 591; x_wconf 78' lang='lat'><strong>70;</strong></span> <span class='ocrx_word' id='word_1_10' title='bbox 739 526 831 596; x_wconf 85' lang='lat' dir='ltr'><strong>qui</strong></span> <span class='ocrx_word' id='word_1_11' title='bbox 886 525 1087 581; x_wconf 71' lang='lat' dir='ltr'><strong>Judmis</strong></span> <span class='ocrx_word' id='word_1_12' title='bbox 1137 524 1329 594; x_wconf 81' lang='lat' dir='ltr'><strong>inique</strong></span> <span class='ocrx_word' id='word_1_13' title='bbox 1376 519 1666 588; x_wconf 83' lang='lat' dir='ltr'><strong>imperavit</strong></span> <span class='ocrx_word' id='word_1_14' title='bbox 1694 518 1854 571; x_wconf 85' lang='lat' dir='ltr'><strong>annis</strong></span> <span class='ocrx_word' id='word_1_15' title='bbox 1882 515 1972 567; x_wconf 70' lang='lat'><strong>37.</strong></span> <span class='ocrx_word' id='word_1_16' title='bbox 2011 520 2049 571; x_wconf 79' lang='grc' dir='ltr'><strong>Λ</strong></span> <span class='ocrx_word' id='word_1_17' title='bbox 2084 518 2453 574; x_wconf 76' lang='lat' dir='ltr'><strong>ducentesimw</strong></span> <span class='ocrx_word' id='word_1_18' title='bbox 2489 523 2734 575; x_wconf 70' lang='lat' dir='ltr'><strong>secundm</strong></span> <span class='ocrx_word' id='word_1_19' title='bbox 2764 520 3094 589; x_wconf 68' lang='lat' dir='ltr'><strong>Olympiadis</strong></span> <span class='ocrx_word' id='word_1_20' title='bbox 3126 520 3271 588; x_wconf 73' lang='lat' dir='ltr'><strong>facta</strong></span> <span class='ocrx_word' id='word_1_21' title='bbox 3313 530 3392 573; x_wconf 80' lang='lat' dir='ltr'><strong>est</strong></span> <span class='ocrx_word' id='word_1_22' title='bbox 3432 520 3654 589; x_wconf 74' lang='lat' dir='ltr'><strong>defectio</strong></span> 
     </span>
    </p>
   </div>
   <div class='ocr_carea' id='block_1_5' title="bbox 409 606 1982 689">
    <p class='ocr_par' dir='ltr' id='par_1_5' title="bbox 409 606 1982 689">
     <span class='ocr_line' id='line_1_5' title="bbox 409 606 1982 689; baseline -0.011 -13"><span class='ocrx_word' id='word_1_23' title='bbox 409 620 523 676; x_wconf 90' lang='lat' dir='ltr'><strong>Sub</strong></span> <span class='ocrx_word' id='word_1_24' title='bbox 549 637 656 689; x_wconf 88' lang='lat' dir='ltr'><strong>quo</strong></span> <span class='ocrx_word' id='word_1_25' title='bbox 676 628 729 671; x_wconf 86' lang='lat' dir='ltr'><strong>et</strong></span> <span class='ocrx_word' id='word_1_26' title='bbox 755 617 1036 687; x_wconf 77' lang='lat' dir='ltr'><strong>prophetia</strong></span> <span class='ocrx_word' id='word_1_27' title='bbox 1064 614 1235 670; x_wconf 90' lang='lat' dir='ltr'><strong>Jacob</strong></span> <span class='ocrx_word' id='word_1_28' title='bbox 1266 614 1560 680; x_wconf 82' lang='lat' dir='ltr'><strong>adimpleta</strong></span> <span class='ocrx_word' id='word_1_29' title='bbox 1597 618 1704 667; x_wconf 88' lang='lat' dir='ltr'><strong>est.</strong></span> <span class='ocrx_word' id='word_1_30' title='bbox 1736 606 1834 661; x_wconf 90' lang='lat' dir='ltr'><strong>llic</strong></span> <span class='ocrx_word' id='word_1_31' title='bbox 1868 606 1982 676; x_wconf 83' lang='lat' dir='ltr'><strong>pri-</strong></span> 
     </span>
    </p>
   </div>
   <div class='ocr_carea' id='block_1_6' title="bbox 408 698 1981 781">
    <p class='ocr_par' dir='ltr' id='par_1_6' title="bbox 408 698 1981 781">
     <span class='ocr_line' id='line_1_6' title="bbox 408 698 1981 781; baseline -0.01 -14"><span class='ocrx_word' id='word_1_32' title='bbox 408 729 529 767; x_wconf 87' lang='lat' dir='ltr'><strong>mus</strong></span> <span class='ocrx_word' id='word_1_33' title='bbox 557 710 858 781; x_wconf 78' lang='lat' dir='ltr'><strong>alienigena</strong></span> <span class='ocrx_word' id='word_1_34' title='bbox 885 708 1100 778; x_wconf 79' lang='lat' dir='ltr'><strong>praefuit</strong></span> <span class='ocrx_word' id='word_1_35' title='bbox 1135 706 1361 769; x_wconf 71' lang='lat' dir='ltr'><strong>Judaeis,</strong></span> <span class='ocrx_word' id='word_1_36' title='bbox 1393 720 1518 757; x_wconf 90' lang='lat' dir='ltr'><strong>cum</strong></span> <span class='ocrx_word' id='word_1_37' title='bbox 1543 710 1691 757; x_wconf 80' lang='lat' dir='ltr'><strong>esset</strong></span> <span class='ocrx_word' id='word_1_38' title='bbox 1712 698 1981 752; x_wconf 66' lang='lat' dir='ltr'><strong>ldumazus</strong></span> 
     </span>
    </p>
   </div>
   <div class='ocr_carea' id='block_1_7' title="bbox 411 792 1980 869">
    <p class='ocr_par' dir='ltr' id='par_1_7' title="bbox 411 792 1980 869">
     <span class='ocr_line' id='line_1_7' title="bbox 411 792 1980 869; baseline -0.011 -10"><span class='ocrx_word' id='word_1_39' title='bbox 411 808 605 860; x_wconf 81' lang='lat' dir='ltr'><strong>Arabs.</strong></span> <span class='ocrx_word' id='word_1_40' title='bbox 643 804 786 857; x_wconf 81' lang='lat' dir='ltr'><strong>idem</strong></span> <span class='ocrx_word' id='word_1_41' title='bbox 822 803 938 869; x_wconf 91' lang='lat' dir='ltr'><strong>ipse</strong></span> <span class='ocrx_word' id='word_1_42' title='bbox 966 800 1177 869; x_wconf 88' lang='lat' dir='ltr'><strong>primus</strong></span> <span class='ocrx_word' id='word_1_43' title='bbox 1214 797 1574 867; x_wconf 89' lang='lat' dir='ltr'><strong>alienigenam</strong></span> <span class='ocrx_word' id='word_1_44' title='bbox 1601 792 1804 847; x_wconf 64' lang='lat' dir='ltr'><strong>Judaeis</strong></span> <span class='ocrx_word' id='word_1_45' title='bbox 1842 805 1980 861; x_wconf 87' lang='lat' dir='ltr'><strong>pon-</strong></span> 
     </span>
    </p>
   </div>
   <div class='ocr_carea' id='block_1_8' title="bbox 412 893 1270 953">
    <p class='ocr_par' dir='ltr' id='par_1_8' title="bbox 412 893 1270 953">
     <span class='ocr_line' id='line_1_8' title="bbox 412 893 1270 953; baseline -0.012 0"><span class='ocrx_word' id='word_1_46' title='bbox 412 900 607 953; x_wconf 81' lang='lat' dir='ltr'><strong>tiﬁc--m</strong></span> <span class='ocrx_word' id='word_1_47' title='bbox 646 896 932 949; x_wconf 82' lang='lat' dir='ltr'><strong>constituit</strong></span> <span class='ocrx_word' id='word_1_48' title='bbox 956 893 1270 946; x_wconf 84' lang='lat' dir='ltr'><strong>Ananilum.</strong></span> 
     </span>
    </p>
   </div>
   <div class='ocr_carea' id='block_1_9' title="bbox 480 973 1983 1053">
    <p class='ocr_par' dir='ltr' id='par_1_9' title="bbox 480 973 1983 1053">
     <span class='ocr_line' id='line_1_9' title="bbox 480 973 1983 1053; baseline -0.013 -9"><span class='ocrx_word' id='word_1_49' title='bbox 480 991 791 1045; x_wconf 70' lang='lat' dir='ltr'><strong>Jndzeorum</strong></span> <span class='ocrx_word' id='word_1_50' title='bbox 837 988 1110 1040; x_wconf 88' lang='lat' dir='ltr'><strong>secundus</strong></span> <span class='ocrx_word' id='word_1_51' title='bbox 1158 984 1462 1053; x_wconf 74' lang='lat' dir='ltr'><strong>alienigena</strong></span> <span class='ocrx_word' id='word_1_52' title='bbox 1512 978 1812 1031; x_wconf 77' lang='lat' dir='ltr'><strong>Archelaus</strong></span> <span class='ocrx_word' id='word_1_53' title='bbox 1840 973 1983 1027; x_wconf 79' lang='lat' dir='ltr'><strong>filius</strong></span> 
     </span>
    </p>
   </div>
   <div class='ocr_carea' id='block_1_10' title="bbox 417 1070 1983 1149">
    <p class='ocr_par' dir='ltr' id='par_1_10' title="bbox 417 1070 1983 1149">
     <span class='ocr_line' id='line_1_10' title="bbox 417 1070 1983 1149; baseline -0.011 -12"><span class='ocrx_word' id='word_1_54' title='bbox 417 1084 667 1145; x_wconf 77' lang='lat' dir='ltr'><strong>Herodis,</strong></span> <span class='ocrx_word' id='word_1_55' title='bbox 692 1082 851 1149; x_wconf 89' lang='lat' dir='ltr'><strong>cujus</strong></span> <span class='ocrx_word' id='word_1_56' title='bbox 883 1093 1026 1131; x_wconf 90' lang='lat' dir='ltr'><strong>anno</strong></span> <span class='ocrx_word' id='word_1_57' title='bbox 1052 1078 1107 1141; x_wconf 88' lang='lat'><strong>9,</strong></span> <span class='ocrx_word' id='word_1_58' title='bbox 1144 1075 1331 1129; x_wconf 86' lang='lat' dir='ltr'><strong>mundi</strong></span> <span class='ocrx_word' id='word_1_59' title='bbox 1362 1087 1491 1125; x_wconf 89' lang='lat' dir='ltr'><strong>vero</strong></span> <span class='ocrx_word' id='word_1_60' title='bbox 1514 1070 1672 1134; x_wconf 82' lang='grc'>5506,</span> <span class='ocrx_word' id='word_1_61' title='bbox 1707 1070 1983 1136; x_wconf 81' lang='lat' dir='ltr'><strong>Augustus</strong></span> 
     </span>
    </p>
   </div>
   <div class='ocr_carea' id='block_1_11' title="bbox 415 1162 1985 1240">
    <p class='ocr_par' dir='ltr' id='par_1_11' title="bbox 415 1162 1985 1240">
     <span class='ocr_line' id='line_1_11' title="bbox 415 1162 1985 1240; baseline -0.013 -10"><span class='ocrx_word' id='word_1_62' title='bbox 415 1176 736 1230; x_wconf 77' lang='lat' dir='ltr'><strong>Archelaum</strong></span> <span class='ocrx_word' id='word_1_63' title='bbox 762 1171 1004 1240; x_wconf 88' lang='lat' dir='ltr'><strong>quidem,</strong></span> <span class='ocrx_word' id='word_1_64' title='bbox 1035 1168 1202 1222; x_wconf 83' lang='lat' dir='ltr'><strong>lilium</strong></span> <span class='ocrx_word' id='word_1_65' title='bbox 1240 1164 1490 1227; x_wconf 81' lang='lat' dir='ltr'><strong>Herodis,</strong></span> <span class='ocrx_word' id='word_1_66' title='bbox 1519 1162 1828 1217; x_wconf 71' lang='lat' dir='ltr'><strong>Judteorum</strong></span> <span class='ocrx_word' id='word_1_67' title='bbox 1856 1174 1985 1229; x_wconf 77' lang='lat' dir='ltr'><strong>gen-</strong></span> 
     </span>
    </p>
   </div>
   <div class='ocr_carea' id='block_1_12' title="bbox 418 1253 1984 1338">
    <p class='ocr_par' dir='ltr' id='par_1_12' title="bbox 418 1253 1984 1338">
     <span class='ocr_line' id='line_1_12' title="bbox 418 1253 1984 1338; baseline -0.012 -15"><span class='ocrx_word' id='word_1_68' title='bbox 418 1271 486 1323; x_wconf 89' lang='lat' dir='ltr'><strong>tis</strong></span> <span class='ocrx_word' id='word_1_69' title='bbox 521 1265 817 1338; x_wconf 82' lang='lat' dir='ltr'><strong>principem</strong></span> <span class='ocrx_word' id='word_1_70' title='bbox 845 1261 1060 1324; x_wconf 84' lang='lat' dir='ltr'><strong>statuit,</strong></span> <span class='ocrx_word' id='word_1_71' title='bbox 1093 1260 1231 1313; x_wconf 91' lang='lat' dir='ltr'><strong>alios</strong></span> <span class='ocrx_word' id='word_1_72' title='bbox 1259 1269 1438 1311; x_wconf 88' lang='lat' dir='ltr'><strong>autem</strong></span> <span class='ocrx_word' id='word_1_73' title='bbox 1466 1256 1663 1309; x_wconf 81' lang='lat' dir='ltr'><strong>fratres</strong></span> <span class='ocrx_word' id='word_1_74' title='bbox 1698 1253 1817 1322; x_wconf 83' lang='lat' dir='ltr'><strong>ejus</strong></span> <span class='ocrx_word' id='word_1_75' title='bbox 1847 1267 1984 1321; x_wconf 88' lang='lat' dir='ltr'><strong>qua-</strong></span> 
     </span>
    </p>
   </div>
   <div class='ocr_carea' id='block_1_13' title="bbox 419 1346 1982 1422">
    <p class='ocr_par' dir='ltr' id='par_1_13' title="bbox 419 1346 1982 1422">
     <span class='ocr_line' id='line_1_13' title="bbox 419 1346 1982 1422; baseline -0.013 -7"><span class='ocrx_word' id='word_1_76' title='bbox 419 1372 561 1422; x_wconf 83' lang='lat' dir='ltr'><strong>tuor,</strong></span> <span class='ocrx_word' id='word_1_77' title='bbox 596 1356 861 1411; x_wconf 85' lang='lat' dir='ltr'><strong>Herodem</strong></span> <span class='ocrx_word' id='word_1_78' title='bbox 910 1354 1124 1408; x_wconf 85' lang='lat' dir='ltr'><strong>scilicet</strong></span> <span class='ocrx_word' id='word_1_79' title='bbox 1163 1352 1555 1419; x_wconf 80' lang='lat' dir='ltr'><strong>homonymum</strong></span> <span class='ocrx_word' id='word_1_80' title='bbox 1582 1347 1751 1416; x_wconf 91' lang='lat' dir='ltr'><strong>patri,</strong></span> <span class='ocrx_word' id='word_1_81' title='bbox 1786 1356 1838 1398; x_wconf 91' lang='lat' dir='ltr'><strong>et</strong></span> <span class='ocrx_word' id='word_1_82' title='bbox 1869 1346 1982 1398; x_wconf 84' lang='lat' dir='ltr'><strong>An-</strong></span> 
     </span>
    </p>
   </div>
   <div class='ocr_carea' id='block_1_14' title="bbox 420 1436 1987 1521">
    <p class='ocr_par' dir='ltr' id='par_1_14' title="bbox 420 1436 1987 1521">
     <span class='ocr_line' id='line_1_14' title="bbox 420 1436 1987 1521; baseline -0.012 -15"><span class='ocrx_word' id='word_1_83' title='bbox 420 1455 674 1521; x_wconf 89' lang='lat' dir='ltr'><strong>tipatrum</strong></span> <span class='ocrx_word' id='word_1_84' title='bbox 726 1446 1202 1516; x_wconf 58' lang='lat' dir='ltr'><strong>avo‘zequivocnm</strong></span> <span class='ocrx_word' id='word_1_85' title='bbox 1245 1440 1653 1513; x_wconf 80' lang='lat' dir='ltr'><strong>Lysaniamqne</strong></span> <span class='ocrx_word' id='word_1_86' title='bbox 1697 1446 1750 1492; x_wconf 86' lang='lat' dir='ltr'><strong>et</strong></span> <span class='ocrx_word' id='word_1_87' title='bbox 1779 1436 1987 1503; x_wconf 84' lang='lat' dir='ltr'><strong>Philip-</strong></span> 
     </span>
    </p>
   </div>
   <div class='ocr_carea' id='block_1_15' title="bbox 421 1538 1191 1616">
    <p class='ocr_par' dir='ltr' id='par_1_15' title="bbox 421 1538 1191 1616">
     <span class='ocr_line' id='line_1_15' title="bbox 421 1538 1191 1616; baseline -0.008 -19"><span class='ocrx_word' id='word_1_88' title='bbox 421 1562 545 1616; x_wconf 87' lang='lat' dir='ltr'><strong>pum</strong></span> <span class='ocrx_word' id='word_1_89' title='bbox 572 1542 877 1598; x_wconf 85' lang='lat' dir='ltr'><strong>tetrarchas</strong></span> <span class='ocrx_word' id='word_1_90' title='bbox 916 1538 1191 1593; x_wconf 78' lang='lat' dir='ltr'><strong>exhibuit.</strong></span> 
     </span>
    </p>
   </div>
   <div class='ocr_carea' id='block_1_16' title="bbox 494 1622 1985 1695">
    <p class='ocr_par' dir='ltr' id='par_1_16' title="bbox 494 1622 1985 1695">
     <span class='ocr_line' id='line_1_16' title="bbox 494 1622 1985 1695; baseline -0.011 -5"><span class='ocrx_word' id='word_1_91' title='bbox 494 1636 674 1691; x_wconf 75' lang='lat' dir='ltr'><strong>Mundi</strong></span> <span class='ocrx_word' id='word_1_92' title='bbox 699 1650 844 1687; x_wconf 92' lang='lat' dir='ltr'><strong>anno</strong></span> <span class='ocrx_word' id='word_1_93' title='bbox 873 1631 1033 1695; x_wconf 77' lang='grc'>5515,</span> <span class='ocrx_word' id='word_1_94' title='bbox 1067 1631 1265 1684; x_wconf 63' lang='grc' dir='ltr'><strong>άὶήηςε</strong></span> <span class='ocrx_word' id='word_1_95' title='bbox 1291 1626 1690 1682; x_wconf 81' lang='lat' dir='ltr'><strong>incarnationis</strong></span> <span class='ocrx_word' id='word_1_96' title='bbox 1721 1637 1865 1678; x_wconf 93' lang='lat' dir='ltr'><strong>anno</strong></span> <span class='ocrx_word' id='word_1_97' title='bbox 1898 1622 1985 1685; x_wconf 77' lang='lat'><strong>13,</strong></span> 
     </span>
    </p>
   </div>
   <div class='ocr_carea' id='block_1_17' title="bbox 421 1714 1987 1794">
    <p class='ocr_par' dir='ltr' id='par_1_17' title="bbox 421 1714 1987 1794">
     <span class='ocr_line' id='line_1_17' title="bbox 421 1714 1987 1794; baseline -0.012 -10"><span class='ocrx_word' id='word_1_98' title='bbox 421 1732 521 1785; x_wconf 89' lang='lat' dir='ltr'><strong>sub</strong></span> <span class='ocrx_word' id='word_1_99' title='bbox 551 1729 768 1782; x_wconf 65' lang='lat' dir='ltr'><strong>Ctesare</strong></span> <span class='ocrx_word' id='word_1_100' title='bbox 812 1729 1058 1794; x_wconf 82' lang='lat' dir='ltr'><strong>Augusto</strong></span> <span class='ocrx_word' id='word_1_101' title='bbox 1088 1724 1365 1791; x_wconf 88' lang='lat' dir='ltr'><strong>sapientes</strong></span> <span class='ocrx_word' id='word_1_102' title='bbox 1398 1722 1639 1790; x_wconf 76' lang='lat' dir='ltr'><strong>insignes</strong></span> <span class='ocrx_word' id='word_1_103' title='bbox 1667 1726 1825 1774; x_wconf 90' lang='lat' dir='ltr'><strong>erant</strong></span> <span class='ocrx_word' id='word_1_104' title='bbox 1863 1714 1987 1767; x_wconf 82' lang='lat' dir='ltr'><strong>Vir-</strong></span> 
     </span>
    </p>
   </div>
   <div class='ocr_carea' id='block_1_18' title="bbox 421 1799 1984 1893">
    <p class='ocr_par' dir='ltr' id='par_1_18' title="bbox 421 1799 1984 1893">
     <span class='ocr_line' id='line_1_18' title="bbox 421 1799 1984 1893; baseline -0.008 -17"><span class='ocrx_word' id='word_1_105' title='bbox 421 1824 605 1893; x_wconf 85' lang='lat' dir='ltr'><strong>gilius,</strong></span> <span class='ocrx_word' id='word_1_106' title='bbox 655 1799 954 1880; x_wconf 73' lang='lat' dir='ltr'><strong>Salustius,</strong></span> <span class='ocrx_word' id='word_1_107' title='bbox 1008 1817 1218 1878; x_wconf 87' lang='lat' dir='ltr'><strong>Livius,</strong></span> <span class='ocrx_word' id='word_1_108' title='bbox 1274 1814 1624 1875; x_wconf 87' lang='lat' dir='ltr'><strong>Hortensius,</strong></span> <span class='ocrx_word' id='word_1_109' title='bbox 1675 1810 1984 1873; x_wconf 88' lang='lat' dir='ltr'><strong>Terentius,</strong></span> 
     </span>
    </p>
   </div>
   <div class='ocr_carea' id='block_1_19' title="bbox 425 1903 1990 1977">
    <p class='ocr_par' dir='ltr' id='par_1_19' title="bbox 425 1903 1990 1977">
     <span class='ocr_line' id='line_1_19' title="bbox 425 1903 1990 1977; baseline -0.01 -9"><span class='ocrx_word' id='word_1_110' title='bbox 425 1914 704 1977; x_wconf 85' lang='lat' dir='ltr'><strong>Horatius,</strong></span> <span class='ocrx_word' id='word_1_111' title='bbox 757 1910 1143 1965; x_wconf 85' lang='lat' dir='ltr'><strong>Athenodorus</strong></span> <span class='ocrx_word' id='word_1_112' title='bbox 1188 1906 1429 1961; x_wconf 88' lang='lat' dir='ltr'><strong>Tarseus</strong></span> <span class='ocrx_word' id='word_1_113' title='bbox 1460 1916 1513 1960; x_wconf 79' lang='lat' dir='ltr'><strong>et</strong></span> <span class='ocrx_word' id='word_1_114' title='bbox 1568 1904 1709 1959; x_wconf 88' lang='lat' dir='ltr'><strong>Sitio</strong></span> <span class='ocrx_word' id='word_1_115' title='bbox 1754 1903 1990 1956; x_wconf 83' lang='lat' dir='ltr'><strong>Alexan-</strong></span> 
     </span>
    </p>
   </div>
   <div class='ocr_carea' id='block_1_20' title="bbox 422 1984 1994 2071">
    <p class='ocr_par' dir='ltr' id='par_1_20' title="bbox 422 1984 1994 2071">
     <span class='ocr_line' id='line_1_20' title="bbox 422 1984 1994 2071; baseline -0.01 -7"><span class='ocrx_word' id='word_1_116' title='bbox 422 2011 638 2064; x_wconf 90' lang='lat' dir='ltr'><strong>drinus.</strong></span> <span class='ocrx_word' id='word_1_117' title='bbox 670 2008 814 2061; x_wconf 89' lang='lat' dir='ltr'><strong>Idem</strong></span> <span class='ocrx_word' id='word_1_118' title='bbox 841 2019 968 2057; x_wconf 89' lang='lat' dir='ltr'><strong>vero</strong></span> <span class='ocrx_word' id='word_1_119' title='bbox 994 1984 1273 2071; x_wconf 71' lang='lat' dir='ltr'><strong>Augustus</strong></span> <span class='ocrx_word' id='word_1_120' title='bbox 1308 2001 1709 2057; x_wconf 83' lang='lat' dir='ltr'><strong>habitatoribus</strong></span> <span class='ocrx_word' id='word_1_121' title='bbox 1738 1997 1994 2051; x_wconf 61' lang='lat' dir='ltr'><strong>[initiante</strong></span> 
     </span>
    </p>
   </div>
   <div class='ocr_carea' id='block_1_21' title="bbox 424 2092 1993 2171">
    <p class='ocr_par' dir='ltr' id='par_1_21' title="bbox 424 2092 1993 2171">
     <span class='ocr_line' id='line_1_21' title="bbox 424 2092 1993 2171; baseline -0.009 -15"><span class='ocrx_word' id='word_1_122' title='bbox 424 2104 578 2157; x_wconf 88' lang='lat' dir='ltr'><strong>urbis</strong></span> <span class='ocrx_word' id='word_1_123' title='bbox 614 2117 708 2171; x_wconf 86' lang='lat' dir='ltr'><strong>per</strong></span> <span class='ocrx_word' id='word_1_124' title='bbox 741 2100 910 2154; x_wconf 78' lang='lat' dir='ltr'><strong>facies</strong></span> <span class='ocrx_word' id='word_1_125' title='bbox 932 2097 1293 2151; x_wconf 83' lang='lat' dir='ltr'><strong>dinumeratis</strong></span> <span class='ocrx_word' id='word_1_126' title='bbox 1324 2094 1534 2149; x_wconf 86' lang='lat' dir='ltr'><strong>invenit</strong></span> <span class='ocrx_word' id='word_1_127' title='bbox 1562 2093 1800 2145; x_wconf 80' lang='lat' dir='ltr'><strong>virorum</strong></span> <span class='ocrx_word' id='word_1_128' title='bbox 1839 2092 1993 2145; x_wconf 87' lang='lat' dir='ltr'><strong>habi-</strong></span> 
     </span>
    </p>
   </div>
   <div class='ocr_carea' id='block_1_22' title="bbox 424 2191 1081 2249">
    <p class='ocr_par' dir='ltr' id='par_1_22' title="bbox 424 2191 1081 2249">
     <span class='ocr_line' id='line_1_22' title="bbox 424 2191 1081 2249; baseline -0.011 0"><span class='ocrx_word' id='word_1_129' title='bbox 424 2195 656 2249; x_wconf 88' lang='lat' dir='ltr'><strong>tantium</strong></span> <span class='ocrx_word' id='word_1_130' title='bbox 696 2207 814 2247; x_wconf 89' lang='lat' dir='ltr'><strong>eam</strong></span> <span class='ocrx_word' id='word_1_131' title='bbox 850 2191 1081 2243; x_wconf 76' lang='grc'>151057.</span> 
     </span>
    </p>
   </div>
   <div class='ocr_carea' id='block_1_23' title="bbox 496 2272 1995 2339">
    <p class='ocr_par' dir='ltr' id='par_1_23' title="bbox 496 2272 1995 2339">
     <span class='ocr_line' id='line_1_23' title="bbox 496 2272 1995 2339; baseline -0.008 -1"><span class='ocrx_word' id='word_1_132' title='bbox 496 2286 678 2339; x_wconf 75' lang='lat' dir='ltr'><strong>Mutidi</strong></span> <span class='ocrx_word' id='word_1_133' title='bbox 712 2298 855 2337; x_wconf 90' lang='lat' dir='ltr'><strong>anno</strong></span> <span class='ocrx_word' id='word_1_134' title='bbox 887 2282 1025 2335; x_wconf 71' lang='lat'><strong>559.0</strong></span> <span class='ocrx_word' id='word_1_135' title='bbox 1052 2276 1457 2333; x_wconf 85' lang='lat' dir='ltr'><strong>incarnationis</strong></span> <span class='ocrx_word' id='word_1_136' title='bbox 1495 2277 1691 2330; x_wconf 69' lang='lat' dir='ltr'><strong>divinae</strong></span> <span class='ocrx_word' id='word_1_137' title='bbox 1728 2289 1904 2327; x_wconf 90' lang='lat' dir='ltr'><strong>annus</strong></span> <span class='ocrx_word' id='word_1_138' title='bbox 1925 2272 1995 2326; x_wconf 75' lang='lat'><strong>20</strong></span> 
     </span>
    </p>
   </div>
   <div class='ocr_carea' id='block_1_24' title="bbox 426 2366 1991 2447">
    <p class='ocr_par' dir='ltr' id='par_1_24' title="bbox 426 2366 1991 2447">
     <span class='ocr_line' id='line_1_24' title="bbox 426 2366 1991 2447; baseline -0.01 -16"><span class='ocrx_word' id='word_1_139' title='bbox 426 2379 723 2447; x_wconf 82' lang='lat' dir='ltr'><strong>agebatur,</strong></span> <span class='ocrx_word' id='word_1_140' title='bbox 762 2390 924 2444; x_wconf 91' lang='lat' dir='ltr'><strong>quam</strong></span> <span class='ocrx_word' id='word_1_141' title='bbox 976 2373 1261 2426; x_wconf 67' lang='lat' dir='ltr'><strong>Matthaans</strong></span> <span class='ocrx_word' id='word_1_142' title='bbox 1319 2367 1603 2436; x_wconf 79' lang='lat' dir='ltr'><strong>Lucasque</strong></span> <span class='ocrx_word' id='word_1_143' title='bbox 1655 2366 1991 2427; x_wconf 70' lang='lat' dir='ltr'><strong>describunt,</strong></span> 
     </span>
    </p>
   </div>
   <div class='ocr_carea' id='block_1_25' title="bbox 429 2452 1991 2536">
    <p class='ocr_par' dir='ltr' id='par_1_25' title="bbox 429 2452 1991 2536">
     <span class='ocr_line' id='line_1_25' title="bbox 429 2452 1991 2536; baseline -0.01 -14"><span class='ocrx_word' id='word_1_144' title='bbox 429 2471 710 2523; x_wconf 69' lang='lat' dir='ltr'><strong>Mattha&#39;ns</strong></span> <span class='ocrx_word' id='word_1_145' title='bbox 734 2468 952 2536; x_wconf 88' lang='lat' dir='ltr'><strong>quidem</strong></span> <span class='ocrx_word' id='word_1_146' title='bbox 982 2465 1182 2531; x_wconf 84' lang='lat' dir='ltr'><strong>regiam</strong></span> <span class='ocrx_word' id='word_1_147' title='bbox 1216 2478 1276 2514; x_wconf 79' lang='lat' dir='ltr'><strong>es</strong></span> <span class='ocrx_word' id='word_1_148' title='bbox 1300 2460 1469 2512; x_wconf 82' lang='lat' dir='ltr'><strong>David</strong></span> <span class='ocrx_word' id='word_1_149' title='bbox 1502 2473 1594 2525; x_wconf 88' lang='lat' dir='ltr'><strong>per</strong></span> <span class='ocrx_word' id='word_1_150' title='bbox 1625 2452 1991 2519; x_wconf 83' lang='lat' dir='ltr'><strong>SalomOnc‘m,</strong></span> 
     </span>
    </p>
   </div>
   <div class='ocr_carea' id='block_1_26' title="bbox 428 2547 1992 2618">
    <p class='ocr_par' dir='ltr' id='par_1_26' title="bbox 428 2547 1992 2618">
     <span class='ocr_line' id='line_1_26' title="bbox 428 2547 1992 2618; baseline -0.011 -3"><span class='ocrx_word' id='word_1_151' title='bbox 428 2564 601 2616; x_wconf 87' lang='lat' dir='ltr'><strong>Lucas</strong></span> <span class='ocrx_word' id='word_1_152' title='bbox 631 2576 758 2613; x_wconf 89' lang='lat' dir='ltr'><strong>vero</strong></span> <span class='ocrx_word' id='word_1_153' title='bbox 788 2574 851 2611; x_wconf 78' lang='lat' dir='ltr'><strong>ex</strong></span> <span class='ocrx_word' id='word_1_154' title='bbox 885 2556 1072 2609; x_wconf 83' lang='lat' dir='ltr'><strong>eodem</strong></span> <span class='ocrx_word' id='word_1_155' title='bbox 1110 2552 1272 2605; x_wconf 87' lang='lat' dir='ltr'><strong>David</strong></span> <span class='ocrx_word' id='word_1_156' title='bbox 1306 2566 1401 2618; x_wconf 88' lang='lat' dir='ltr'><strong>per</strong></span> <span class='ocrx_word' id='word_1_157' title='bbox 1425 2548 1654 2601; x_wconf 73' lang='lat' dir='ltr'><strong>Natham</strong></span> <span class='ocrx_word' id='word_1_158' title='bbox 1674 2548 1792 2615; x_wconf 83' lang='lat' dir='ltr'><strong>ejus</strong></span> <span class='ocrx_word' id='word_1_159' title='bbox 1824 2547 1992 2599; x_wconf 87' lang='lat' dir='ltr'><strong>lilium</strong></span> 
     </span>
    </p>
   </div>
   <div class='ocr_carea' id='block_1_27' title="bbox 393 2652 691 2727">
    <p class='ocr_par' dir='ltr' id='par_1_27' title="bbox 393 2652 691 2727">
     <span class='ocr_line' id='line_1_27' title="bbox 393 2652 691 2727; baseline -0.01 -23"><span class='ocrx_word' id='word_1_160' title='bbox 393 2722 400 2727; x_wconf 19' lang='grc' dir='ltr'><strong>ξ</strong></span> <span class='ocrx_word' id='word_1_161' title='bbox 430 2652 691 2704; x_wconf 75' lang='lat' dir='ltr'><strong>referens.</strong></span> 
     </span>
    </p>
   </div>
   <div class='ocr_carea' id='block_1_28' title="bbox 502 2724 1994 2794">
    <p class='ocr_par' dir='ltr' id='par_1_28' title="bbox 502 2724 1994 2794">
     <span class='ocr_line' id='line_1_28' title="bbox 502 2724 1994 2794; baseline -0.011 -1"><span class='ocrx_word' id='word_1_162' title='bbox 502 2741 756 2794; x_wconf 70' lang='lat' dir='ltr'><strong>Tibi-rius</strong></span> <span class='ocrx_word' id='word_1_163' title='bbox 814 2738 1008 2792; x_wconf 88' lang='lat' dir='ltr'><strong>tertius</strong></span> <span class='ocrx_word' id='word_1_164' title='bbox 1067 2731 1402 2787; x_wconf 84' lang='lat' dir='ltr'><strong>tuouarchus</strong></span> <span class='ocrx_word' id='word_1_165' title='bbox 1450 2728 1702 2783; x_wconf 85' lang='lat' dir='ltr'><strong>Pontium</strong></span> <span class='ocrx_word' id='word_1_166' title='bbox 1759 2724 1994 2779; x_wconf 86' lang='lat' dir='ltr'><strong>Pilatum</strong></span> 
     </span>
    </p>
   </div>
   <div class='ocr_carea' id='block_1_29' title="bbox 430 2829 1180 2907">
    <p class='ocr_par' dir='ltr' id='par_1_29' title="bbox 430 2829 1180 2907">
     <span class='ocr_line' id='line_1_29' title="bbox 430 2829 1180 2907; baseline -0.015 -17"><span class='ocrx_word' id='word_1_167' title='bbox 430 2836 712 2907; x_wconf 78' lang='lat' dir='ltr'><strong>prasidem</strong></span> <span class='ocrx_word' id='word_1_168' title='bbox 736 2832 934 2886; x_wconf 67' lang='lat' dir='ltr'><strong>Iuda-te</strong></span> <span class='ocrx_word' id='word_1_169' title='bbox 961 2829 1180 2881; x_wconf 80' lang='lat' dir='ltr'><strong>direxit.</strong></span> 
     </span>
    </p>
   </div>
   <div class='ocr_carea' id='block_1_30' title="bbox 498 2910 1995 2981">
    <p class='ocr_par' dir='ltr' id='par_1_30' title="bbox 498 2910 1995 2981">
     <span class='ocr_line' id='line_1_30' title="bbox 498 2910 1995 2981; baseline -0.01 -4"><span class='ocrx_word' id='word_1_170' title='bbox 498 2924 676 2977; x_wconf 75' lang='lat' dir='ltr'><strong>Mundi</strong></span> <span class='ocrx_word' id='word_1_171' title='bbox 708 2936 851 2975; x_wconf 87' lang='lat' dir='ltr'><strong>anno</strong></span> <span class='ocrx_word' id='word_1_172' title='bbox 886 2919 1046 2981; x_wconf 69' lang='grc'>5552,</span> <span class='ocrx_word' id='word_1_173' title='bbox 1078 2918 1277 2981; x_wconf 75' lang='lat' dir='ltr'><strong>divina:</strong></span> <span class='ocrx_word' id='word_1_174' title='bbox 1308 2913 1703 2970; x_wconf 89' lang='lat' dir='ltr'><strong>incarnationis</strong></span> <span class='ocrx_word' id='word_1_175' title='bbox 1721 2913 1809 2975; x_wconf 73' lang='lat'><strong>3‘2,</strong></span> <span class='ocrx_word' id='word_1_176' title='bbox 1831 2910 1995 2965; x_wconf 76' lang='lat' dir='ltr'><strong>Joan-</strong></span> 
     </span>
    </p>
   </div>
   <div class='ocr_carea' id='block_1_31' title="bbox 431 3003 1997 3081">
    <p class='ocr_par' dir='ltr' id='par_1_31' title="bbox 431 3003 1997 3081">
     <span class='ocr_line' id='line_1_31' title="bbox 431 3003 1997 3081; baseline -0.008 -14"><span class='ocrx_word' id='word_1_177' title='bbox 431 3032 550 3069; x_wconf 89' lang='lat' dir='ltr'><strong>nem</strong></span> <span class='ocrx_word' id='word_1_178' title='bbox 595 3012 923 3081; x_wconf 89' lang='lat' dir='ltr'><strong>Baptistam,</strong></span> <span class='ocrx_word' id='word_1_179' title='bbox 957 3009 1085 3062; x_wconf 89' lang='lat' dir='ltr'><strong>dmn</strong></span> <span class='ocrx_word' id='word_1_180' title='bbox 1119 3009 1187 3062; x_wconf 93' lang='lat' dir='ltr'><strong>ab</strong></span> <span class='ocrx_word' id='word_1_181' title='bbox 1219 3007 1475 3061; x_wconf 80' lang='lat' dir='ltr'><strong>omnibus</strong></span> <span class='ocrx_word' id='word_1_182' title='bbox 1516 3013 1573 3057; x_wconf 92' lang='lat' dir='ltr'><strong>ut</strong></span> <span class='ocrx_word' id='word_1_183' title='bbox 1606 3005 1865 3073; x_wconf 84' lang='lat' dir='ltr'><strong>prOpheta</strong></span> <span class='ocrx_word' id='word_1_184' title='bbox 1897 3003 1997 3054; x_wconf 65' lang='lat' dir='ltr'><strong>lio-</strong></span> 
     </span>
    </p>
   </div>
   <div class='ocr_carea' id='block_1_32' title="bbox 432 3092 1998 3168">
    <p class='ocr_par' dir='ltr' id='par_1_32' title="bbox 432 3092 1998 3168">
     <span class='ocr_line' id='line_1_32' title="bbox 432 3092 1998 3168; baseline -0.008 -9"><span class='ocrx_word' id='word_1_185' title='bbox 432 3112 739 3168; x_wconf 87' lang='lat' dir='ltr'><strong>noraretur,</strong></span> <span class='ocrx_word' id='word_1_186' title='bbox 777 3104 976 3155; x_wconf 86' lang='lat' dir='ltr'><strong>timens</strong></span> <span class='ocrx_word' id='word_1_187' title='bbox 1008 3099 1249 3155; x_wconf 85' lang='lat' dir='ltr'><strong>Herodes</strong></span> <span class='ocrx_word' id='word_1_188' title='bbox 1283 3097 1429 3151; x_wconf 82' lang='lat' dir='ltr'><strong>filius</strong></span> <span class='ocrx_word' id='word_1_189' title='bbox 1465 3095 1717 3159; x_wconf 85' lang='lat' dir='ltr'><strong>Herodis,</strong></span> <span class='ocrx_word' id='word_1_190' title='bbox 1752 3102 1811 3147; x_wconf 92' lang='lat' dir='ltr'><strong>ut</strong></span> <span class='ocrx_word' id='word_1_191' title='bbox 1844 3092 1998 3147; x_wconf 86' lang='lat' dir='ltr'><strong>Jose—</strong></span> 
     </span>
    </p>
   </div>
   <div class='ocr_carea' id='block_1_33' title="bbox 2086 612 3656 682">
    <p class='ocr_par' dir='ltr' id='par_1_33' title="bbox 2086 612 3656 682">
     <span class='ocr_line' id='line_1_33' title="bbox 2086 612 3656 682; baseline 0 -17"><span class='ocrx_word' id='word_1_192' title='bbox 2086 612 2212 666; x_wconf 79' lang='lat' dir='ltr'><strong>solis</strong></span> <span class='ocrx_word' id='word_1_193' title='bbox 2250 616 2505 675; x_wconf 75' lang='lat' dir='ltr'><strong>maxima,</strong></span> <span class='ocrx_word' id='word_1_194' title='bbox 2536 626 2585 667; x_wconf 86' lang='lat' dir='ltr'><strong>et</strong></span> <span class='ocrx_word' id='word_1_195' title='bbox 2630 632 2732 667; x_wconf 76' lang='lat' dir='ltr'><strong>nox</strong></span> <span class='ocrx_word' id='word_1_196' title='bbox 2760 614 2893 666; x_wconf 77' lang='lat' dir='ltr'><strong>liora</strong></span> <span class='ocrx_word' id='word_1_197' title='bbox 2923 624 3071 666; x_wconf 79' lang='lat' dir='ltr'><strong>sexta</strong></span> <span class='ocrx_word' id='word_1_198' title='bbox 3112 614 3219 667; x_wconf 85' lang='lat' dir='ltr'><strong>diei</strong></span> <span class='ocrx_word' id='word_1_199' title='bbox 3260 614 3406 682; x_wconf 80' lang='lat' dir='ltr'><strong>facta</strong></span> <span class='ocrx_word' id='word_1_200' title='bbox 3446 625 3546 677; x_wconf 82' lang='lat' dir='ltr'><strong>est,</strong></span> <span class='ocrx_word' id='word_1_201' title='bbox 3577 614 3656 666; x_wconf 81' lang='lat' dir='ltr'><strong>ita</strong></span> 
     </span>
    </p>
   </div>
   <div class='ocr_carea' id='block_1_34' title="bbox 2086 706 3657 773">
    <p class='ocr_par' dir='ltr' id='par_1_34' title="bbox 2086 706 3657 773">
     <span class='ocr_line' id='line_1_34' title="bbox 2086 706 3657 773; baseline 0 -16"><span class='ocrx_word' id='word_1_202' title='bbox 2086 714 2142 757; x_wconf 84' lang='lat' dir='ltr'><strong>ut</strong></span> <span class='ocrx_word' id='word_1_203' title='bbox 2207 708 2367 759; x_wconf 85' lang='lat' dir='ltr'><strong>etiam</strong></span> <span class='ocrx_word' id='word_1_204' title='bbox 2415 708 2585 759; x_wconf 78' lang='lat' dir='ltr'><strong>stella:</strong></span> <span class='ocrx_word' id='word_1_205' title='bbox 2647 709 2700 760; x_wconf 83' lang='lat' dir='ltr'><strong>in</strong></span> <span class='ocrx_word' id='word_1_206' title='bbox 2748 708 2876 760; x_wconf 67' lang='lat' dir='ltr'><strong>creto</strong></span> <span class='ocrx_word' id='word_1_207' title='bbox 2933 716 3197 773; x_wconf 70' lang='lat' dir='ltr'><strong>parerent.</strong></span> <span class='ocrx_word' id='word_1_208' title='bbox 3252 706 3429 759; x_wconf 77' lang='lat' dir='ltr'><strong>Terra:</strong></span> <span class='ocrx_word' id='word_1_209' title='bbox 3485 714 3657 758; x_wconf 85' lang='lat' dir='ltr'><strong>motus</strong></span> 
     </span>
    </p>
   </div>
   <div class='ocr_carea' id='block_1_35' title="bbox 2083 797 3659 870">
    <p class='ocr_par' dir='ltr' id='par_1_35' title="bbox 2083 797 3659 870">
     <span class='ocr_line' id='line_1_35' title="bbox 2083 797 3659 870; baseline -0.002 -17"><span class='ocrx_word' id='word_1_210' title='bbox 2083 802 2244 853; x_wconf 83' lang='lat' dir='ltr'><strong>etiam</strong></span> <span class='ocrx_word' id='word_1_211' title='bbox 2292 816 2511 869; x_wconf 77' lang='lat' dir='ltr'><strong>magnus</strong></span> <span class='ocrx_word' id='word_1_212' title='bbox 2561 800 2610 852; x_wconf 85' lang='lat' dir='ltr'><strong>in</strong></span> <span class='ocrx_word' id='word_1_213' title='bbox 2667 798 2919 870; x_wconf 77' lang='lat' dir='ltr'><strong>Bithynia</strong></span> <span class='ocrx_word' id='word_1_214' title='bbox 2969 799 3145 869; x_wconf 80' lang='lat' dir='ltr'><strong>factus</strong></span> <span class='ocrx_word' id='word_1_215' title='bbox 3191 798 3425 866; x_wconf 84' lang='lat' dir='ltr'><strong>plurima</strong></span> <span class='ocrx_word' id='word_1_216' title='bbox 3460 797 3659 852; x_wconf 57' lang='lat' dir='ltr'><strong>Nicaea:</strong></span> 
     </span>
    </p>
   </div>
   <div class='ocr_carea' id='block_1_36' title="bbox 2083 892 2354 946">
    <p class='ocr_par' dir='ltr' id='par_1_36' title="bbox 2083 892 2354 946">
     <span class='ocr_line' id='line_1_36' title="bbox 2083 892 2354 946; baseline -0.004 -1"><span class='ocrx_word' id='word_1_217' title='bbox 2083 892 2354 946; x_wconf 74' lang='lat' dir='ltr'><strong>subvertit.</strong></span> 
     </span>
    </p>
   </div>
   <div class='ocr_carea' id='block_1_37' title="bbox 2156 981 3659 1049">
    <p class='ocr_par' dir='ltr' id='par_1_37' title="bbox 2156 981 3659 1049">
     <span class='ocr_line' id='line_1_37' title="bbox 2156 981 3659 1049; baseline 0.001 -12"><span class='ocrx_word' id='word_1_218' title='bbox 2156 983 2343 1037; x_wconf 82' lang='lat' dir='ltr'><strong>Mundi</strong></span> <span class='ocrx_word' id='word_1_219' title='bbox 2373 999 2518 1036; x_wconf 82' lang='lat' dir='ltr'><strong>anno</strong></span> <span class='ocrx_word' id='word_1_220' title='bbox 2548 981 2711 1046; x_wconf 63' lang='lat'><strong>5534,</strong></span> <span class='ocrx_word' id='word_1_221' title='bbox 2746 981 2944 1035; x_wconf 75' lang='lat' dir='ltr'><strong>divina:</strong></span> <span class='ocrx_word' id='word_1_222' title='bbox 2973 983 3371 1037; x_wconf 83' lang='lat' dir='ltr'><strong>incarnationis</strong></span> <span class='ocrx_word' id='word_1_223' title='bbox 3398 997 3543 1037; x_wconf 88' lang='lat' dir='ltr'><strong>anno</strong></span> <span class='ocrx_word' id='word_1_224' title='bbox 3568 983 3659 1049; x_wconf 68' lang='lat'><strong>&#39;54,</strong></span> 
     </span>
    </p>
   </div>
   <div class='ocr_carea' id='block_1_38' title="bbox 2088 1073 3664 1144">
    <p class='ocr_par' dir='ltr' id='par_1_38' title="bbox 2088 1073 3664 1144">
     <span class='ocr_line' id='line_1_38' title="bbox 2088 1073 3664 1144; baseline -0.001 -19"><span class='ocrx_word' id='word_1_225' title='bbox 2088 1076 2260 1144; x_wconf 88' lang='lat' dir='ltr'><strong>prima</strong></span> <span class='ocrx_word' id='word_1_226' title='bbox 2292 1074 2378 1128; x_wconf 84' lang='lat' dir='ltr'><strong>die</strong></span> <span class='ocrx_word' id='word_1_227' title='bbox 2418 1074 2581 1144; x_wconf 88' lang='lat' dir='ltr'><strong>hujus</strong></span> <span class='ocrx_word' id='word_1_228' title='bbox 2621 1075 2775 1139; x_wconf 90' lang='lat' dir='ltr'><strong>anni,</strong></span> <span class='ocrx_word' id='word_1_229' title='bbox 2826 1073 3003 1126; x_wconf 79' lang='lat' dir='ltr'><strong>Martii</strong></span> <span class='ocrx_word' id='word_1_230' title='bbox 3048 1075 3252 1129; x_wconf 85' lang='lat' dir='ltr'><strong>mensis</strong></span> <span class='ocrx_word' id='word_1_231' title='bbox 3294 1075 3383 1129; x_wconf 87' lang='lat' dir='ltr'><strong>die</strong></span> <span class='ocrx_word' id='word_1_232' title='bbox 3427 1074 3519 1140; x_wconf 77' lang='lat'><strong>9.5,</strong></span> <span class='ocrx_word' id='word_1_233' title='bbox 3557 1075 3664 1129; x_wconf 73' lang='lat' dir='ltr'><strong>Du-</strong></span> 
     </span>
    </p>
   </div>
   <div class='ocr_carea' id='block_1_39' title="bbox 2088 1168 3663 1237">
    <p class='ocr_par' dir='ltr' id='par_1_39' title="bbox 2088 1168 3663 1237">
     <span class='ocr_line' id='line_1_39' title="bbox 2088 1168 3663 1237; baseline -0.001 -17"><span class='ocrx_word' id='word_1_234' title='bbox 2088 1169 2267 1222; x_wconf 90' lang='lat' dir='ltr'><strong>minus</strong></span> <span class='ocrx_word' id='word_1_235' title='bbox 2298 1181 2483 1222; x_wconf 87' lang='lat' dir='ltr'><strong>noster</strong></span> <span class='ocrx_word' id='word_1_236' title='bbox 2504 1184 2568 1221; x_wconf 72' lang='lat' dir='ltr'><strong>ex</strong></span> <span class='ocrx_word' id='word_1_237' title='bbox 2602 1169 2835 1221; x_wconf 90' lang='lat' dir='ltr'><strong>mortuis</strong></span> <span class='ocrx_word' id='word_1_238' title='bbox 2866 1168 3025 1220; x_wconf 86' lang='lat' dir='ltr'><strong>tertio</strong></span> <span class='ocrx_word' id='word_1_239' title='bbox 3060 1168 3148 1220; x_wconf 90' lang='lat' dir='ltr'><strong>die</strong></span> <span class='ocrx_word' id='word_1_240' title='bbox 3203 1169 3472 1234; x_wconf 78' lang='lat' dir='ltr'><strong>surrexit;</strong></span> <span class='ocrx_word' id='word_1_241' title='bbox 3524 1183 3663 1237; x_wconf 91' lang='lat' dir='ltr'><strong>qua-</strong></span> 
     </span>
    </p>
   </div>
   <div class='ocr_carea' id='block_1_40' title="bbox 2087 1259 3666 1329">
    <p class='ocr_par' dir='ltr' id='par_1_40' title="bbox 2087 1259 3666 1329">
     <span class='ocr_line' id='line_1_40' title="bbox 2087 1259 3666 1329; baseline -0.001 -16"><span class='ocrx_word' id='word_1_242' title='bbox 2087 1260 2399 1329; x_wconf 78' lang='lat' dir='ltr'><strong>dragesimo</strong></span> <span class='ocrx_word' id='word_1_243' title='bbox 2424 1277 2555 1315; x_wconf 85' lang='lat' dir='ltr'><strong>vero</strong></span> <span class='ocrx_word' id='word_1_244' title='bbox 2577 1260 2661 1314; x_wconf 90' lang='lat' dir='ltr'><strong>die</strong></span> <span class='ocrx_word' id='word_1_245' title='bbox 2685 1259 3108 1315; x_wconf 86' lang='lat' dir='ltr'><strong>resurrectionis</strong></span> <span class='ocrx_word' id='word_1_246' title='bbox 3136 1277 3269 1325; x_wconf 63' lang='lat' dir='ltr'><strong>sum,</strong></span> <span class='ocrx_word' id='word_1_247' title='bbox 3291 1259 3342 1313; x_wconf 90' lang='lat' dir='ltr'><strong>id</strong></span> <span class='ocrx_word' id='word_1_248' title='bbox 3364 1270 3447 1315; x_wconf 83' lang='lat' dir='ltr'><strong>est</strong></span> <span class='ocrx_word' id='word_1_249' title='bbox 3476 1276 3666 1313; x_wconf 84' lang='lat' dir='ltr'><strong>menso</strong></span> 
     </span>
    </p>
   </div>
   <div class='ocr_carea' id='block_1_41' title="bbox 2089 1352 3665 1422">
    <p class='ocr_par' dir='ltr' id='par_1_41' title="bbox 2089 1352 3665 1422">
     <span class='ocr_line' id='line_1_41' title="bbox 2089 1352 3665 1422; baseline -0.001 -16"><span class='ocrx_word' id='word_1_250' title='bbox 2089 1353 2229 1407; x_wconf 76' lang='lat' dir='ltr'><strong>Maio</strong></span> <span class='ocrx_word' id='word_1_251' title='bbox 2258 1354 2344 1409; x_wconf 89' lang='lat' dir='ltr'><strong>die</strong></span> <span class='ocrx_word' id='word_1_252' title='bbox 2373 1354 2559 1418; x_wconf 89' lang='lat' dir='ltr'><strong>tertio,</strong></span> <span class='ocrx_word' id='word_1_253' title='bbox 2586 1363 2898 1422; x_wconf 81' lang='lat' dir='ltr'><strong>assumptus</strong></span> <span class='ocrx_word' id='word_1_254' title='bbox 2925 1353 3073 1406; x_wconf 88' lang='lat' dir='ltr'><strong>misit</strong></span> <span class='ocrx_word' id='word_1_255' title='bbox 3100 1352 3362 1421; x_wconf 84' lang='lat' dir='ltr'><strong>apostolis</strong></span> <span class='ocrx_word' id='word_1_256' title='bbox 3398 1352 3665 1420; x_wconf 77' lang='lat' dir='ltr'><strong>Spiritum</strong></span> 
     </span>
    </p>
   </div>
   <div class='ocr_carea' id='block_1_42' title="bbox 2087 1434 3657 1514">
    <p class='ocr_par' dir='ltr' id='par_1_42' title="bbox 2087 1434 3657 1514">
     <span class='ocr_line' id='line_1_42' title="bbox 2087 1434 3657 1514; baseline -0.004 -13"><span class='ocrx_word' id='word_1_257' title='bbox 2087 1462 2243 1501; x_wconf 87' lang='lat' dir='ltr'><strong>sumn</strong></span> <span class='ocrx_word' id='word_1_258' title='bbox 2276 1446 2604 1514; x_wconf 87' lang='lat' dir='ltr'><strong>paraclitum</strong></span> <span class='ocrx_word' id='word_1_259' title='bbox 2652 1445 2705 1497; x_wconf 94' lang='lat' dir='ltr'><strong>in</strong></span> <span class='ocrx_word' id='word_1_260' title='bbox 2756 1455 2947 1499; x_wconf 81' lang='lat' dir='ltr'><strong>sancta</strong></span> <span class='ocrx_word' id='word_1_261' title='bbox 2980 1444 3326 1498; x_wconf 78' lang='lat' dir='ltr'><strong>Pentecoste.</strong></span> <span class='ocrx_word' id='word_1_262' title='bbox 3363 1434 3657 1502; x_wconf 63' lang='lat' dir='ltr'><strong>Caunum,</strong></span> 
     </span>
    </p>
   </div>
   <div class='ocr_carea' id='block_1_43' title="bbox 2088 1535 3664 1601">
    <p class='ocr_par' dir='ltr' id='par_1_43' title="bbox 2088 1535 3664 1601">
     <span class='ocr_line' id='line_1_43' title="bbox 2088 1535 3664 1601; baseline -0.004 -8"><span class='ocrx_word' id='word_1_263' title='bbox 2088 1550 2147 1593; x_wconf 93' lang='lat' dir='ltr'><strong>ut</strong></span> <span class='ocrx_word' id='word_1_264' title='bbox 2172 1539 2425 1593; x_wconf 87' lang='lat' dir='ltr'><strong>Clemens</strong></span> <span class='ocrx_word' id='word_1_265' title='bbox 2459 1537 2671 1601; x_wconf 87' lang='lat' dir='ltr'><strong>scribit,</strong></span> <span class='ocrx_word' id='word_1_266' title='bbox 2700 1536 2901 1591; x_wconf 85' lang='lat' dir='ltr'><strong>Jacobo</strong></span> <span class='ocrx_word' id='word_1_267' title='bbox 2930 1537 3087 1592; x_wconf 87' lang='lat' dir='ltr'><strong>Justo</strong></span> <span class='ocrx_word' id='word_1_268' title='bbox 3112 1550 3163 1592; x_wconf 92' lang='lat' dir='ltr'><strong>et</strong></span> <span class='ocrx_word' id='word_1_269' title='bbox 3184 1536 3383 1590; x_wconf 86' lang='lat' dir='ltr'><strong>Joanui</strong></span> <span class='ocrx_word' id='word_1_270' title='bbox 3410 1552 3473 1590; x_wconf 92' lang='lat' dir='ltr'><strong>ac</strong></span> <span class='ocrx_word' id='word_1_271' title='bbox 3503 1535 3664 1589; x_wconf 71' lang='lat' dir='ltr'><strong>Petro</strong></span> 
     </span>
    </p>
   </div>
   <div class='ocr_carea' id='block_1_44' title="bbox 2090 1630 3664 1699">
    <p class='ocr_par' dir='ltr' id='par_1_44' title="bbox 2090 1630 3664 1699">
     <span class='ocr_line' id='line_1_44' title="bbox 2090 1630 3664 1699; baseline -0.001 -14"><span class='ocrx_word' id='word_1_272' title='bbox 2090 1644 2210 1699; x_wconf 87' lang='lat' dir='ltr'><strong>post</strong></span> <span class='ocrx_word' id='word_1_273' title='bbox 2259 1632 2720 1687; x_wconf 85' lang='lat' dir='ltr'><strong>resurrectionem</strong></span> <span class='ocrx_word' id='word_1_274' title='bbox 2768 1630 2992 1684; x_wconf 83' lang='lat' dir='ltr'><strong>tradidit</strong></span> <span class='ocrx_word' id='word_1_275' title='bbox 3038 1632 3319 1683; x_wconf 82' lang='lat' dir='ltr'><strong>scientiam</strong></span> <span class='ocrx_word' id='word_1_276' title='bbox 3377 1630 3664 1683; x_wconf 79' lang='lat' dir='ltr'><strong>Dominus.</strong></span> 
     </span>
    </p>
   </div>
   <div class='ocr_carea' id='block_1_45' title="bbox 2087 1718 3665 1790">
    <p class='ocr_par' dir='ltr' id='par_1_45' title="bbox 2087 1718 3665 1790">
     <span class='ocr_line' id='line_1_45' title="bbox 2087 1718 3665 1790; baseline -0.003 -11"><span class='ocrx_word' id='word_1_277' title='bbox 2087 1733 2142 1779; x_wconf 87' lang='lat' dir='ltr'><strong>et</strong></span> <span class='ocrx_word' id='word_1_278' title='bbox 2189 1724 2278 1777; x_wconf 90' lang='lat' dir='ltr'><strong>isti</strong></span> <span class='ocrx_word' id='word_1_279' title='bbox 2336 1722 2551 1775; x_wconf 64' lang='lat' dir='ltr'><strong>caeteris</strong></span> <span class='ocrx_word' id='word_1_280' title='bbox 2611 1718 2979 1781; x_wconf 85' lang='lat' dir='ltr'><strong>tradiderunt.</strong></span> <span class='ocrx_word' id='word_1_281' title='bbox 3027 1721 3209 1773; x_wconf 69' lang='lat' dir='ltr'><strong>cancri</strong></span> <span class='ocrx_word' id='word_1_282' title='bbox 3261 1736 3387 1775; x_wconf 85' lang='lat' dir='ltr'><strong>vero</strong></span> <span class='ocrx_word' id='word_1_283' title='bbox 3434 1722 3665 1790; x_wconf 76' lang='lat' dir='ltr'><strong>apostnti</strong></span> 
     </span>
    </p>
   </div>
   <div class='ocr_carea' id='block_1_46' title="bbox 2092 1813 3637 1886">
    <p class='ocr_par' dir='ltr' id='par_1_46' title="bbox 2092 1813 3637 1886">
     <span class='ocr_line' id='line_1_46' title="bbox 2092 1813 3637 1886; baseline -0.003 -17"><span class='ocrx_word' id='word_1_284' title='bbox 2092 1815 2461 1886; x_wconf 77' lang='lat' dir='ltr'><strong>septuaginta.</strong></span> <span class='ocrx_word' id='word_1_285' title='bbox 2518 1813 2732 1868; x_wconf 84' lang='lat' dir='ltr'><strong>Eisdem</strong></span> <span class='ocrx_word' id='word_1_286' title='bbox 2767 1813 2964 1867; x_wconf 88' lang='lat' dir='ltr'><strong>diebus</strong></span> <span class='ocrx_word' id='word_1_287' title='bbox 3000 1815 3254 1881; x_wconf 71' lang='lat' dir='ltr'><strong>(itSCipuii</strong></span> <span class='ocrx_word' id='word_1_288' title='bbox 3296 1814 3637 1882; x_wconf 67' lang='lat' dir='ltr'><strong>interrogari-</strong></span> 
     </span>
    </p>
   </div>
   <div class='ocr_carea' id='block_1_47' title="bbox 2098 1905 3662 1975">
    <p class='ocr_par' dir='ltr' id='par_1_47' title="bbox 2098 1905 3662 1975">
     <span class='ocr_line' id='line_1_47' title="bbox 2098 1905 3662 1975; baseline -0.006 -13"><span class='ocrx_word' id='word_1_289' title='bbox 2098 1917 2222 1962; x_wconf 89' lang='lat' dir='ltr'><strong>runt</strong></span> <span class='ocrx_word' id='word_1_290' title='bbox 2256 1906 2541 1959; x_wconf 73' lang='lat' dir='ltr'><strong>Douniunm</strong></span> <span class='ocrx_word' id='word_1_291' title='bbox 2576 1908 2631 1960; x_wconf 89' lang='lat' dir='ltr'><strong>in</strong></span> <span class='ocrx_word' id='word_1_292' title='bbox 2667 1914 2850 1958; x_wconf 83' lang='lat' dir='ltr'><strong>monte.</strong></span> <span class='ocrx_word' id='word_1_293' title='bbox 2876 1905 3095 1967; x_wconf 86' lang='lat' dir='ltr'><strong>Oliveti,</strong></span> <span class='ocrx_word' id='word_1_294' title='bbox 3127 1906 3170 1958; x_wconf 83' lang='lat' dir='ltr'><strong>si</strong></span> <span class='ocrx_word' id='word_1_295' title='bbox 3208 1906 3260 1957; x_wconf 90' lang='lat' dir='ltr'><strong>in</strong></span> <span class='ocrx_word' id='word_1_296' title='bbox 3296 1915 3535 1975; x_wconf 83' lang='lat' dir='ltr'><strong>tempore</strong></span> <span class='ocrx_word' id='word_1_297' title='bbox 3563 1907 3662 1958; x_wconf 76' lang='grc' dir='ltr'><strong>Ιιοι·</strong></span> 
     </span>
    </p>
   </div>
   <div class='ocr_carea' id='block_1_48' title="bbox 2099 1994 3667 2067">
    <p class='ocr_par' dir='ltr' id='par_1_48' title="bbox 2099 1994 3667 2067">
     <span class='ocr_line' id='line_1_48' title="bbox 2099 1994 3667 2067; baseline -0.003 -16"><span class='ocrx_word' id='word_1_298' title='bbox 2099 1998 2412 2051; x_wconf 88' lang='lat' dir='ltr'><strong>restitueret</strong></span> <span class='ocrx_word' id='word_1_299' title='bbox 2469 2013 2694 2067; x_wconf 83' lang='lat' dir='ltr'><strong>regnum</strong></span> <span class='ocrx_word' id='word_1_300' title='bbox 2748 1995 2935 2051; x_wconf 83' lang='lat' dir='ltr'><strong>Israel.</strong></span> <span class='ocrx_word' id='word_1_301' title='bbox 2978 1996 3176 2049; x_wconf 78' lang='lat' dir='ltr'><strong>Eodem</strong></span> <span class='ocrx_word' id='word_1_302' title='bbox 3229 2011 3376 2049; x_wconf 79' lang='lat' dir='ltr'><strong>anno</strong></span> <span class='ocrx_word' id='word_1_303' title='bbox 3427 1994 3667 2049; x_wconf 76' lang='lat' dir='ltr'><strong>Jacolms</strong></span> 
     </span>
    </p>
   </div>
   <div class='ocr_carea' id='block_1_49' title="bbox 2097 2086 3664 2157">
    <p class='ocr_par' dir='ltr' id='par_1_49' title="bbox 2097 2086 3664 2157">
     <span class='ocr_line' id='line_1_49' title="bbox 2097 2086 3664 2157; baseline -0.004 -14"><span class='ocrx_word' id='word_1_304' title='bbox 2097 2086 2265 2144; x_wconf 77' lang='lat' dir='ltr'><strong>frater</strong></span> <span class='ocrx_word' id='word_1_305' title='bbox 2318 2089 2528 2145; x_wconf 79' lang='lat' dir='ltr'><strong>Domini</strong></span> <span class='ocrx_word' id='word_1_306' title='bbox 2581 2087 2790 2156; x_wconf 90' lang='lat' dir='ltr'><strong>primus</strong></span> <span class='ocrx_word' id='word_1_307' title='bbox 2833 2089 3123 2156; x_wconf 82' lang='lat' dir='ltr'><strong>cpiscopus</strong></span> <span class='ocrx_word' id='word_1_308' title='bbox 3168 2086 3664 2157; x_wconf 77' lang='lat' dir='ltr'><strong>Hierosolymorum</strong></span> 
     </span>
    </p>
   </div>
   <div class='ocr_carea' id='block_1_50' title="bbox 2096 2180 3670 2245">
    <p class='ocr_par' dir='ltr' id='par_1_50' title="bbox 2096 2180 3670 2245">
     <span class='ocr_line' id='line_1_50' title="bbox 2096 2180 3670 2245; baseline -0.003 -7"><span class='ocrx_word' id='word_1_309' title='bbox 2096 2187 2403 2239; x_wconf 82' lang='lat' dir='ltr'><strong>ordinatur.</strong></span> <span class='ocrx_word' id='word_1_310' title='bbox 2445 2183 2561 2236; x_wconf 90' lang='lat' dir='ltr'><strong>Duo</strong></span> <span class='ocrx_word' id='word_1_311' title='bbox 2592 2182 2785 2236; x_wconf 85' lang='lat' dir='ltr'><strong>Jacobi</strong></span> <span class='ocrx_word' id='word_1_312' title='bbox 2820 2192 2999 2241; x_wconf 89' lang='lat' dir='ltr'><strong>erant,</strong></span> <span class='ocrx_word' id='word_1_313' title='bbox 3030 2180 3222 2235; x_wconf 80' lang='lat' dir='ltr'><strong>frater</strong></span> <span class='ocrx_word' id='word_1_314' title='bbox 3259 2180 3492 2245; x_wconf 82' lang='lat' dir='ltr'><strong>Domini,</strong></span> <span class='ocrx_word' id='word_1_315' title='bbox 3526 2180 3670 2234; x_wconf 77' lang='lat' dir='ltr'><strong>filius</strong></span> 
     </span>
    </p>
   </div>
   <div class='ocr_carea' id='block_1_51' title="bbox 2096 2270 3669 2344">
    <p class='ocr_par' dir='ltr' id='par_1_51' title="bbox 2096 2270 3669 2344">
     <span class='ocr_line' id='line_1_51' title="bbox 2096 2270 3669 2344; baseline -0.007 -13"><span class='ocrx_word' id='word_1_316' title='bbox 2096 2278 2371 2331; x_wconf 78' lang='lat' dir='ltr'><strong>exsistens</strong></span> <span class='ocrx_word' id='word_1_317' title='bbox 2426 2273 2654 2344; x_wconf 88' lang='lat' dir='ltr'><strong>Joscph,</strong></span> <span class='ocrx_word' id='word_1_318' title='bbox 2705 2274 2796 2343; x_wconf 89' lang='lat' dir='ltr'><strong>qui</strong></span> <span class='ocrx_word' id='word_1_319' title='bbox 2854 2273 3141 2326; x_wconf 87' lang='lat' dir='ltr'><strong>dicebatur</strong></span> <span class='ocrx_word' id='word_1_320' title='bbox 3190 2270 3399 2334; x_wconf 84' lang='lat' dir='ltr'><strong>Justus,</strong></span> <span class='ocrx_word' id='word_1_321' title='bbox 3441 2273 3509 2326; x_wconf 84' lang='lat' dir='ltr'><strong>de</strong></span> <span class='ocrx_word' id='word_1_322' title='bbox 3559 2289 3669 2341; x_wconf 77' lang='lat' dir='ltr'><strong>qmi</strong></span> 
     </span>
    </p>
   </div>
   <div class='ocr_carea' id='block_1_52' title="bbox 2095 2364 3670 2431">
    <p class='ocr_par' dir='ltr' id='par_1_52' title="bbox 2095 2364 3670 2431">
     <span class='ocr_line' id='line_1_52' title="bbox 2095 2364 3670 2431; baseline -0.006 -7"><span class='ocrx_word' id='word_1_323' title='bbox 2095 2371 2258 2424; x_wconf 88' lang='lat' dir='ltr'><strong>etiam</strong></span> <span class='ocrx_word' id='word_1_324' title='bbox 2310 2368 2508 2421; x_wconf 84' lang='lat' dir='ltr'><strong>Paulus</strong></span> <span class='ocrx_word' id='word_1_325' title='bbox 2549 2368 2666 2419; x_wconf 87' lang='lat' dir='ltr'><strong>ait:</strong></span> <span class='ocrx_word' id='word_1_326' title='bbox 2716 2366 2894 2418; x_wconf 71' lang='lat' dir='ltr'><strong>Alium</strong></span> <span class='ocrx_word' id='word_1_327' title='bbox 2940 2377 3112 2417; x_wconf 83' lang='lat' dir='ltr'><strong>autem</strong></span> <span class='ocrx_word' id='word_1_328' title='bbox 3149 2364 3507 2431; x_wconf 75' lang='lat' dir='ltr'><strong>apostolorum</strong></span> <span class='ocrx_word' id='word_1_329' title='bbox 3564 2366 3670 2418; x_wconf 84' lang='lat' dir='ltr'><strong>vidi</strong></span> 
     </span>
    </p>
   </div>
   <div class='ocr_carea' id='block_1_53' title="bbox 2097 2454 3672 2526">
    <p class='ocr_par' dir='ltr' id='par_1_53' title="bbox 2097 2454 3672 2526">
     <span class='ocr_line' id='line_1_53' title="bbox 2097 2454 3672 2526; baseline -0.004 -14"><span class='ocrx_word' id='word_1_330' title='bbox 2097 2461 2351 2513; x_wconf 80' lang='lat' dir='ltr'><strong>neminem</strong></span> <span class='ocrx_word' id='word_1_331' title='bbox 2410 2458 2513 2511; x_wconf 80' lang='lat' dir='ltr'><strong>nisi</strong></span> <span class='ocrx_word' id='word_1_332' title='bbox 2564 2456 2825 2509; x_wconf 74' lang='lat' dir='ltr'><strong>Iacobum</strong></span> <span class='ocrx_word' id='word_1_333' title='bbox 2856 2456 3077 2523; x_wconf 71' lang='lat' dir='ltr'><strong>fratrem</strong></span> <span class='ocrx_word' id='word_1_334' title='bbox 3134 2454 3347 2508; x_wconf 82' lang='lat' dir='ltr'><strong>Domini</strong></span> <span class='ocrx_word' id='word_1_335' title='bbox 3378 2457 3417 2518; x_wconf 88' lang='lat'><strong>&#39;,</strong></span> <span class='ocrx_word' id='word_1_336' title='bbox 3470 2456 3562 2526; x_wconf 89' lang='lat' dir='ltr'><strong>qtti</strong></span> <span class='ocrx_word' id='word_1_337' title='bbox 3604 2458 3672 2508; x_wconf 81' lang='lat' dir='ltr'><strong>de</strong></span> 
     </span>
    </p>
   </div>
   <div class='ocr_carea' id='block_1_54' title="bbox 2099 2547 3670 2622">
    <p class='ocr_par' dir='ltr' id='par_1_54' title="bbox 2099 2547 3670 2622">
     <span class='ocr_line' id='line_1_54' title="bbox 2099 2547 3670 2622; baseline 0 -17"><span class='ocrx_word' id='word_1_338' title='bbox 2099 2552 2390 2622; x_wconf 89' lang='lat' dir='ltr'><strong>piunaculo</strong></span> <span class='ocrx_word' id='word_1_339' title='bbox 2416 2551 2657 2619; x_wconf 89' lang='lat' dir='ltr'><strong>jactatus</strong></span> <span class='ocrx_word' id='word_1_340' title='bbox 2684 2564 2713 2602; x_wconf 91' lang='lat' dir='ltr'><strong>a</strong></span> <span class='ocrx_word' id='word_1_341' title='bbox 2742 2547 2945 2603; x_wconf 67' lang='lat' dir='ltr'><strong>Judaais</strong></span> <span class='ocrx_word' id='word_1_342' title='bbox 2972 2550 3118 2618; x_wconf 87' lang='lat' dir='ltr'><strong>ligno</strong></span> <span class='ocrx_word' id='word_1_343' title='bbox 3144 2548 3367 2604; x_wconf 63' lang='lat' dir='ltr'><strong>fullonis</strong></span> <span class='ocrx_word' id='word_1_344' title='bbox 3390 2549 3670 2605; x_wconf 86' lang='lat' dir='ltr'><strong>sauciatus</strong></span> 
     </span>
    </p>
   </div>
   <div class='ocr_carea' id='block_1_55' title="bbox 2098 2641 3672 2711">
    <p class='ocr_par' dir='ltr' id='par_1_55' title="bbox 2098 2641 3672 2711">
     <span class='ocr_line' id='line_1_55' title="bbox 2098 2641 3672 2711; baseline 0.001 -16"><span class='ocrx_word' id='word_1_345' title='bbox 2098 2645 2351 2697; x_wconf 88' lang='lat' dir='ltr'><strong>moritur.</strong></span> <span class='ocrx_word' id='word_1_346' title='bbox 2389 2644 2453 2695; x_wconf 81' lang='lat' dir='ltr'><strong>Et</strong></span> <span class='ocrx_word' id='word_1_347' title='bbox 2484 2642 2620 2695; x_wconf 88' lang='lat' dir='ltr'><strong>alter</strong></span> <span class='ocrx_word' id='word_1_348' title='bbox 2671 2642 2763 2711; x_wconf 93' lang='lat' dir='ltr'><strong>qui</strong></span> <span class='ocrx_word' id='word_1_349' title='bbox 2816 2642 2997 2711; x_wconf 86' lang='lat' dir='ltr'><strong>capite</strong></span> <span class='ocrx_word' id='word_1_350' title='bbox 3034 2650 3329 2696; x_wconf 87' lang='lat' dir='ltr'><strong>truncatus</strong></span> <span class='ocrx_word' id='word_1_351' title='bbox 3364 2650 3469 2708; x_wconf 90' lang='lat' dir='ltr'><strong>est,</strong></span> <span class='ocrx_word' id='word_1_352' title='bbox 3500 2641 3672 2697; x_wconf 82' lang='lat' dir='ltr'><strong>frater</strong></span> 
     </span>
    </p>
   </div>
   <div class='ocr_carea' id='block_1_56' title="bbox 2097 2732 3030 2809">
    <p class='ocr_par' dir='ltr' id='par_1_56' title="bbox 2097 2732 3030 2809">
     <span class='ocr_line' id='line_1_56' title="bbox 2097 2732 3030 2809; baseline -0.005 -20"><span class='ocrx_word' id='word_1_353' title='bbox 2097 2734 2357 2789; x_wconf 87' lang='lat' dir='ltr'><strong>videlicet</strong></span> <span class='ocrx_word' id='word_1_354' title='bbox 2381 2732 2611 2788; x_wconf 91' lang='lat' dir='ltr'><strong>Joannis</strong></span> <span class='ocrx_word' id='word_1_355' title='bbox 2640 2732 2905 2801; x_wconf 90' lang='lat' dir='ltr'><strong>deiloqui.</strong></span> <span class='ocrx_word' id='word_1_356' title='bbox 2946 2800 2954 2807; x_wconf 32' lang='lat'><em>.</em></span> <span class='ocrx_word' id='word_1_357' title='bbox 3018 2793 3030 2809; x_wconf 44' lang='grc' dir='ltr'>ι</span> 
     </span>
    </p>
   </div>
   <div class='ocr_carea' id='block_1_57' title="bbox 2166 2820 3671 2889">
    <p class='ocr_par' dir='ltr' id='par_1_57' title="bbox 2166 2820 3671 2889">
     <span class='ocr_line' id='line_1_57' title="bbox 2166 2820 3671 2889; baseline 0.001 -15"><span class='ocrx_word' id='word_1_358' title='bbox 2166 2820 2371 2875; x_wconf 71' lang='lat' dir='ltr'><strong>Judaeis</strong></span> <span class='ocrx_word' id='word_1_359' title='bbox 2412 2822 2610 2876; x_wconf 92' lang='lat' dir='ltr'><strong>tertius</strong></span> <span class='ocrx_word' id='word_1_360' title='bbox 2649 2822 2954 2888; x_wconf 84' lang='lat' dir='ltr'><strong>alienigena</strong></span> <span class='ocrx_word' id='word_1_361' title='bbox 2997 2820 3213 2889; x_wconf 70' lang='lat' dir='ltr'><strong>prtefuit</strong></span> <span class='ocrx_word' id='word_1_362' title='bbox 3245 2820 3487 2876; x_wconf 82' lang='lat' dir='ltr'><strong>Herodes</strong></span> <span class='ocrx_word' id='word_1_363' title='bbox 3525 2822 3671 2877; x_wconf 76' lang='lat' dir='ltr'><strong>filius</strong></span> 
     </span>
    </p>
   </div>
   <div class='ocr_carea' id='block_1_58' title="bbox 2100 2913 3671 2982">
    <p class='ocr_par' dir='ltr' id='par_1_58' title="bbox 2100 2913 3671 2982">
     <span class='ocr_line' id='line_1_58' title="bbox 2100 2913 3671 2982; baseline -0.001 -14"><span class='ocrx_word' id='word_1_364' title='bbox 2100 2913 2353 2977; x_wconf 81' lang='lat' dir='ltr'><strong>Herodis,</strong></span> <span class='ocrx_word' id='word_1_365' title='bbox 2370 2916 2528 2982; x_wconf 82' lang='lat' dir='ltr'><strong>cujus</strong></span> <span class='ocrx_word' id='word_1_366' title='bbox 2553 2920 2795 2982; x_wconf 84' lang='lat' dir='ltr'><strong>tempore</strong></span> <span class='ocrx_word' id='word_1_367' title='bbox 2820 2914 3048 2978; x_wconf 87' lang='lat' dir='ltr'><strong>Pilatus,</strong></span> <span class='ocrx_word' id='word_1_368' title='bbox 3070 2922 3191 2982; x_wconf 89' lang='lat' dir='ltr'><strong>post</strong></span> <span class='ocrx_word' id='word_1_369' title='bbox 3218 2915 3545 2969; x_wconf 88' lang='lat' dir='ltr'><strong>simultatem</strong></span> <span class='ocrx_word' id='word_1_370' title='bbox 3573 2914 3637 2969; x_wconf 92' lang='lat' dir='ltr'><strong>Jn</strong></span> <span class='ocrx_word' id='word_1_371' title='bbox 3654 2946 3671 2956; x_wconf 88' lang='lat'><strong>-</strong></span> 
     </span>
    </p>
   </div>
   <div class='ocr_carea' id='block_1_59' title="bbox 2100 3004 3674 3075">
    <p class='ocr_par' dir='ltr' id='par_1_59' title="bbox 2100 3004 3674 3075">
     <span class='ocr_line' id='line_1_59' title="bbox 2100 3004 3674 3075; baseline -0.003 -14"><span class='ocrx_word' id='word_1_372' title='bbox 2100 3007 2342 3061; x_wconf 62' lang='lat' dir='ltr'><strong>decorum</strong></span> <span class='ocrx_word' id='word_1_373' title='bbox 2378 3015 2596 3075; x_wconf 87' lang='lat' dir='ltr'><strong>propter</strong></span> <span class='ocrx_word' id='word_1_374' title='bbox 2618 3006 2881 3075; x_wconf 83' lang='lat' dir='ltr'><strong>imagines</strong></span> <span class='ocrx_word' id='word_1_375' title='bbox 2899 3004 3153 3065; x_wconf 54' lang='lat' dir='ltr'><strong>Cesaris,</strong></span> <span class='ocrx_word' id='word_1_376' title='bbox 3176 3006 3496 3067; x_wconf 89' lang='lat' dir='ltr'><strong>corbonam,</strong></span> <span class='ocrx_word' id='word_1_377' title='bbox 3520 3006 3570 3060; x_wconf 88' lang='lat' dir='ltr'><strong>id</strong></span> <span class='ocrx_word' id='word_1_378' title='bbox 3588 3016 3674 3059; x_wconf 88' lang='lat' dir='ltr'><strong>est</strong></span> 
     </span>
    </p>
   </div>
   <div class='ocr_carea' id='block_1_60' title="bbox 2101 3097 3665 3165">
    <p class='ocr_par' dir='ltr' id='par_1_60' title="bbox 2101 3097 3665 3165">
     <span class='ocr_line' id='line_1_60' title="bbox 2101 3097 3665 3165; baseline -0.001 -14"><span class='ocrx_word' id='word_1_379' title='bbox 2101 3112 2320 3151; x_wconf 90' lang='lat' dir='ltr'><strong>sacrum</strong></span> <span class='ocrx_word' id='word_1_380' title='bbox 2363 3098 2701 3159; x_wconf 87' lang='lat' dir='ltr'><strong>thesaurum,</strong></span> <span class='ocrx_word' id='word_1_381' title='bbox 2738 3097 2791 3149; x_wconf 92' lang='lat' dir='ltr'><strong>in</strong></span> <span class='ocrx_word' id='word_1_382' title='bbox 2829 3112 3092 3165; x_wconf 88' lang='lat' dir='ltr'><strong>aquarum</strong></span> <span class='ocrx_word' id='word_1_383' title='bbox 3133 3097 3507 3150; x_wconf 74' lang='lat' dir='ltr'><strong>adrectionem</strong></span> <span class='ocrx_word' id='word_1_384' title='bbox 3536 3113 3665 3150; x_wconf 53' lang='lat' dir='ltr'><strong>con.</strong></span> 
     </span>
    </p>
   </div>
   <div class='ocr_carea' id='block_1_61' title="bbox 433 3187 3670 3266">
    <p class='ocr_par' dir='ltr' id='par_1_61' title="bbox 433 3187 3670 3266">
     <span class='ocr_line' id='line_1_61' title="bbox 433 3187 3670 3266; baseline -0.003 -15"><span class='ocrx_word' id='word_1_385' title='bbox 433 3200 571 3266; x_wconf 82' lang='lat' dir='ltr'><strong>phus</strong></span> <span class='ocrx_word' id='word_1_386' title='bbox 601 3196 754 3259; x_wconf 87' lang='lat' dir='ltr'><strong>dicit,</strong></span> <span class='ocrx_word' id='word_1_387' title='bbox 793 3194 1063 3264; x_wconf 84' lang='lat' dir='ltr'><strong>peremit;</strong></span> <span class='ocrx_word' id='word_1_388' title='bbox 1111 3204 1168 3246; x_wconf 91' lang='lat' dir='ltr'><strong>ut</strong></span> <span class='ocrx_word' id='word_1_389' title='bbox 1201 3200 1382 3246; x_wconf 87' lang='lat' dir='ltr'><strong>autem</strong></span> <span class='ocrx_word' id='word_1_390' title='bbox 1436 3190 1617 3263; x_wconf 71' lang='lat' dir='ltr'><strong>verius</strong></span> <span class='ocrx_word' id='word_1_391' title='bbox 1667 3188 1997 3258; x_wconf 79' lang='lat' dir='ltr'><strong>evangelista</strong></span> <span class='ocrx_word' id='word_1_392' title='bbox 2024 3201 2071 3259; x_wconf 70' lang='grc' dir='ltr'>α</span> <span class='ocrx_word' id='word_1_393' title='bbox 2106 3189 2358 3257; x_wconf 89' lang='lat' dir='ltr'><strong>sumpsit,</strong></span> <span class='ocrx_word' id='word_1_394' title='bbox 2392 3200 2443 3243; x_wconf 87' lang='lat' dir='ltr'><strong>et</strong></span> <span class='ocrx_word' id='word_1_395' title='bbox 2474 3204 2668 3243; x_wconf 87' lang='lat' dir='ltr'><strong>rursus</strong></span> <span class='ocrx_word' id='word_1_396' title='bbox 2694 3190 2999 3242; x_wconf 87' lang='lat' dir='ltr'><strong>simultates</strong></span> <span class='ocrx_word' id='word_1_397' title='bbox 3024 3203 3186 3255; x_wconf 84' lang='lat' dir='ltr'><strong>agere</strong></span> <span class='ocrx_word' id='word_1_398' title='bbox 3217 3189 3497 3257; x_wconf 89' lang='lat' dir='ltr'><strong>compulit.</strong></span> <span class='ocrx_word' id='word_1_399' title='bbox 3527 3187 3670 3243; x_wconf 89' lang='lat' dir='ltr'><strong>Idem</strong></span> 
     </span>
    </p>
   </div>
   <div class='ocr_carea' id='block_1_62' title="bbox 431 3266 2012 3355">
    <p class='ocr_par' dir='ltr' id='par_1_62' title="bbox 431 3266 2012 3355">
     <span class='ocr_line' id='line_1_62' title="bbox 431 3266 2012 3355; baseline -0.006 -15"><span class='ocrx_word' id='word_1_400' title='bbox 431 3290 617 3352; x_wconf 87' lang='lat' dir='ltr'><strong>refert,</strong></span> <span class='ocrx_word' id='word_1_401' title='bbox 632 3304 696 3340; x_wconf 88' lang='lat' dir='ltr'><strong>eo</strong></span> <span class='ocrx_word' id='word_1_402' title='bbox 717 3286 859 3355; x_wconf 84' lang='lat' dir='ltr'><strong>quod</strong></span> <span class='ocrx_word' id='word_1_403' title='bbox 878 3286 1225 3352; x_wconf 83' lang='lat' dir='ltr'><strong>redargueret</strong></span> <span class='ocrx_word' id='word_1_404' title='bbox 1242 3298 1365 3337; x_wconf 90' lang='lat' dir='ltr'><strong>eum</strong></span> <span class='ocrx_word' id='word_1_405' title='bbox 1384 3290 1606 3351; x_wconf 88' lang='lat' dir='ltr'><strong>propter</strong></span> <span class='ocrx_word' id='word_1_406' title='bbox 1621 3266 2012 3334; x_wconf 41' lang='lat' dir='ltr'><strong>Herodiadem.‘</strong></span> 
     </span>
    </p>
   </div>
   <div class='ocr_carea' id='block_1_63' title="bbox 503 3369 2004 3438">
    <p class='ocr_par' dir='ltr' id='par_1_63' title="bbox 503 3369 2004 3438">
     <span class='ocr_line' id='line_1_63' title="bbox 503 3369 2004 3438; baseline -0.003 -9"><span class='ocrx_word' id='word_1_407' title='bbox 503 3377 687 3429; x_wconf 74' lang='lat' dir='ltr'><strong>Mundi</strong></span> <span class='ocrx_word' id='word_1_408' title='bbox 739 3390 884 3428; x_wconf 91' lang='lat' dir='ltr'><strong>anno</strong></span> <span class='ocrx_word' id='word_1_409' title='bbox 915 3373 1076 3438; x_wconf 75' lang='grc'>5553,</span> <span class='ocrx_word' id='word_1_410' title='bbox 1111 3374 1308 3425; x_wconf 72' lang='lat' dir='ltr'><strong>divina:</strong></span> <span class='ocrx_word' id='word_1_411' title='bbox 1344 3371 1747 3425; x_wconf 88' lang='lat' dir='ltr'><strong>incarnationis</strong></span> <span class='ocrx_word' id='word_1_412' title='bbox 1773 3371 1864 3433; x_wconf 78' lang='grc'><strong>55,</strong></span> <span class='ocrx_word' id='word_1_413' title='bbox 1898 3369 2004 3424; x_wconf 87' lang='lat' dir='ltr'><strong>Do-</strong></span> 
     </span>
    </p>
   </div>
   <div class='ocr_carea' id='block_1_64' title="bbox 433 3463 2003 3533">
    <p class='ocr_par' dir='ltr' id='par_1_64' title="bbox 433 3463 2003 3533">
     <span class='ocr_line' id='line_1_64' title="bbox 433 3463 2003 3533; baseline -0.006 -9"><span class='ocrx_word' id='word_1_414' title='bbox 433 3472 615 3524; x_wconf 89' lang='lat' dir='ltr'><strong>minus</strong></span> <span class='ocrx_word' id='word_1_415' title='bbox 656 3477 842 3522; x_wconf 89' lang='lat' dir='ltr'><strong>uoster</strong></span> <span class='ocrx_word' id='word_1_416' title='bbox 880 3465 1040 3519; x_wconf 86' lang='lat' dir='ltr'><strong>Jesus</strong></span> <span class='ocrx_word' id='word_1_417' title='bbox 1083 3464 1338 3518; x_wconf 84' lang='lat' dir='ltr'><strong>Christus</strong></span> <span class='ocrx_word' id='word_1_418' title='bbox 1374 3472 1497 3533; x_wconf 91' lang='lat' dir='ltr'><strong>post</strong></span> <span class='ocrx_word' id='word_1_419' title='bbox 1538 3463 1695 3532; x_wconf 86' lang='lat' dir='ltr'><strong>signa</strong></span> <span class='ocrx_word' id='word_1_420' title='bbox 1748 3464 1918 3516; x_wconf 89' lang='lat' dir='ltr'><strong>multa</strong></span> <span class='ocrx_word' id='word_1_421' title='bbox 1949 3470 2003 3516; x_wconf 91' lang='lat' dir='ltr'><strong>et</strong></span> 
     </span>
    </p>
   </div>
   <div class='ocr_carea' id='block_1_65' title="bbox 432 3554 1999 3625">
    <p class='ocr_par' dir='ltr' id='par_1_65' title="bbox 432 3554 1999 3625">
     <span class='ocr_line' id='line_1_65' title="bbox 432 3554 1999 3625; baseline -0.004 -12"><span class='ocrx_word' id='word_1_422' title='bbox 432 3577 543 3614; x_wconf 80' lang='lat' dir='ltr'><strong>sua:</strong></span> <span class='ocrx_word' id='word_1_423' title='bbox 573 3560 878 3612; x_wconf 72' lang='lat' dir='ltr'><strong>divinitatis</strong></span> <span class='ocrx_word' id='word_1_424' title='bbox 926 3557 1166 3610; x_wconf 91' lang='lat' dir='ltr'><strong>revelata</strong></span> <span class='ocrx_word' id='word_1_425' title='bbox 1200 3554 1489 3625; x_wconf 79' lang='lat' dir='ltr'><strong>mysteria,</strong></span> <span class='ocrx_word' id='word_1_426' title='bbox 1531 3563 1729 3623; x_wconf 90' lang='lat' dir='ltr'><strong>sponte</strong></span> <span class='ocrx_word' id='word_1_427' title='bbox 1761 3556 1827 3606; x_wconf 91' lang='lat' dir='ltr'><strong>ad</strong></span> <span class='ocrx_word' id='word_1_428' title='bbox 1872 3568 1999 3622; x_wconf 83' lang='lat' dir='ltr'><strong>pas-</strong></span> 
     </span>
    </p>
   </div>
   <div class='ocr_carea' id='block_1_66' title="bbox 431 3646 2001 3716">
    <p class='ocr_par' dir='ltr' id='par_1_66' title="bbox 431 3646 2001 3716">
     <span class='ocr_line' id='line_1_66' title="bbox 431 3646 2001 3716; baseline -0.006 -8"><span class='ocrx_word' id='word_1_429' title='bbox 431 3655 639 3708; x_wconf 79' lang='lat' dir='ltr'><strong>sionem</strong></span> <span class='ocrx_word' id='word_1_430' title='bbox 676 3653 935 3715; x_wconf 82' lang='lat' dir='ltr'><strong>accessit,</strong></span> <span class='ocrx_word' id='word_1_431' title='bbox 986 3658 1039 3702; x_wconf 89' lang='lat' dir='ltr'><strong>et</strong></span> <span class='ocrx_word' id='word_1_432' title='bbox 1089 3648 1429 3716; x_wconf 83' lang='lat' dir='ltr'><strong>cruciﬁgitur</strong></span> <span class='ocrx_word' id='word_1_433' title='bbox 1487 3646 1621 3700; x_wconf 85' lang='lat' dir='ltr'><strong>feria</strong></span> <span class='ocrx_word' id='word_1_434' title='bbox 1652 3655 1830 3708; x_wconf 78' lang='lat' dir='ltr'><strong>sexta,</strong></span> <span class='ocrx_word' id='word_1_435' title='bbox 1869 3647 2001 3699; x_wconf 90' lang='lat' dir='ltr'><strong>hora</strong></span> 
     </span>
    </p>
   </div>
   <div class='ocr_carea' id='block_1_67' title="bbox 433 3734 1998 3802">
    <p class='ocr_par' dir='ltr' id='par_1_67' title="bbox 433 3734 1998 3802">
     <span class='ocr_line' id='line_1_67' title="bbox 433 3734 1998 3802; baseline -0.006 -4"><span class='ocrx_word' id='word_1_436' title='bbox 433 3752 606 3799; x_wconf 73' lang='lat' dir='ltr'><strong>sexta,</strong></span> <span class='ocrx_word' id='word_1_437' title='bbox 634 3741 805 3792; x_wconf 75' lang='lat' dir='ltr'><strong>Martii</strong></span> <span class='ocrx_word' id='word_1_438' title='bbox 846 3742 1050 3793; x_wconf 87' lang='lat' dir='ltr'><strong>mensis</strong></span> <span class='ocrx_word' id='word_1_439' title='bbox 1091 3738 1178 3791; x_wconf 87' lang='lat' dir='ltr'><strong>die</strong></span> <span class='ocrx_word' id='word_1_440' title='bbox 1208 3738 1302 3802; x_wconf 71' lang='lat'><strong>23,</strong></span> <span class='ocrx_word' id='word_1_441' title='bbox 1351 3737 1637 3791; x_wconf 89' lang='lat' dir='ltr'><strong>consulatu</strong></span> <span class='ocrx_word' id='word_1_442' title='bbox 1683 3734 1915 3789; x_wconf 77' lang='lat' dir='ltr'><strong>Neronis</strong></span> <span class='ocrx_word' id='word_1_443' title='bbox 1944 3735 1998 3799; x_wconf 86' lang='grc'>’5,</span> 
     </span>
    </p>
   </div>
   <div class='ocr_carea' id='block_1_68' title="bbox 430 3826 2002 3900">
    <p class='ocr_par' dir='ltr' id='par_1_68' title="bbox 430 3826 2002 3900">
     <span class='ocr_line' id='line_1_68' title="bbox 430 3826 2002 3900; baseline -0.006 -12"><span class='ocrx_word' id='word_1_444' title='bbox 430 3844 479 3888; x_wconf 89' lang='lat' dir='ltr'><strong>et</strong></span> <span class='ocrx_word' id='word_1_445' title='bbox 520 3833 756 3900; x_wconf 87' lang='lat' dir='ltr'><strong>resurgit</strong></span> <span class='ocrx_word' id='word_1_446' title='bbox 804 3828 981 3883; x_wconf 76' lang='lat' dir='ltr'><strong>Martii</strong></span> <span class='ocrx_word' id='word_1_447' title='bbox 1016 3829 1105 3884; x_wconf 91' lang='lat' dir='ltr'><strong>die</strong></span> <span class='ocrx_word' id='word_1_448' title='bbox 1143 3830 1233 3893; x_wconf 73' lang='lat'><strong>25,</strong></span> <span class='ocrx_word' id='word_1_449' title='bbox 1267 3844 1389 3881; x_wconf 86' lang='lat' dir='ltr'><strong>cum</strong></span> <span class='ocrx_word' id='word_1_450' title='bbox 1432 3828 1780 3881; x_wconf 88' lang='lat' dir='ltr'><strong>illucesceret</strong></span> <span class='ocrx_word' id='word_1_451' title='bbox 1819 3826 2002 3881; x_wconf 90' lang='lat' dir='ltr'><strong>Domi-</strong></span> 
     </span>
    </p>
   </div>
   <div class='ocr_carea' id='block_1_69' title="bbox 430 3918 2000 3991">
    <p class='ocr_par' dir='ltr' id='par_1_69' title="bbox 430 3918 2000 3991">
     <span class='ocr_line' id='line_1_69' title="bbox 430 3918 2000 3991; baseline -0.006 -11"><span class='ocrx_word' id='word_1_452' title='bbox 430 3928 588 3980; x_wconf 88' lang='lat' dir='ltr'><strong>nicus</strong></span> <span class='ocrx_word' id='word_1_453' title='bbox 619 3923 759 3988; x_wconf 91' lang='lat' dir='ltr'><strong>dies,</strong></span> <span class='ocrx_word' id='word_1_454' title='bbox 796 3923 827 3977; x_wconf 92' lang='lat'><strong>8</strong></span> <span class='ocrx_word' id='word_1_455' title='bbox 866 3922 1090 3977; x_wconf 89' lang='lat' dir='ltr'><strong>Calend.</strong></span> <span class='ocrx_word' id='word_1_456' title='bbox 1146 3921 1436 3991; x_wconf 88' lang='lat' dir='ltr'><strong>Aprilium,</strong></span> <span class='ocrx_word' id='word_1_457' title='bbox 1478 3920 1655 3988; x_wconf 88' lang='lat' dir='ltr'><strong>prima</strong></span> <span class='ocrx_word' id='word_1_458' title='bbox 1704 3918 1791 3972; x_wconf 90' lang='lat' dir='ltr'><strong>die</strong></span> <span class='ocrx_word' id='word_1_459' title='bbox 1839 3918 2000 3987; x_wconf 92' lang='lat' dir='ltr'><strong>primi</strong></span> 
     </span>
    </p>
   </div>
   <div class='ocr_carea' id='block_1_70' title="bbox 433 4007 2000 4083">
    <p class='ocr_par' dir='ltr' id='par_1_70' title="bbox 433 4007 2000 4083">
     <span class='ocr_line' id='line_1_70' title="bbox 433 4007 2000 4083; baseline -0.004 -15"><span class='ocrx_word' id='word_1_460' title='bbox 433 4015 655 4080; x_wconf 84' lang='lat' dir='ltr'><strong>mensis,</strong></span> <span class='ocrx_word' id='word_1_461' title='bbox 684 4016 775 4083; x_wconf 89' lang='lat' dir='ltr'><strong>qui</strong></span> <span class='ocrx_word' id='word_1_462' title='bbox 823 4012 1012 4077; x_wconf 84' lang='lat' dir='ltr'><strong>Nisan,</strong></span> <span class='ocrx_word' id='word_1_463' title='bbox 1064 4012 1115 4065; x_wconf 90' lang='lat' dir='ltr'><strong>id</strong></span> <span class='ocrx_word' id='word_1_464' title='bbox 1148 4023 1232 4067; x_wconf 90' lang='lat' dir='ltr'><strong>est</strong></span> <span class='ocrx_word' id='word_1_465' title='bbox 1276 4011 1502 4066; x_wconf 79' lang='lat' dir='ltr'><strong>Martius</strong></span> <span class='ocrx_word' id='word_1_466' title='bbox 1539 4010 1767 4073; x_wconf 88' lang='lat' dir='ltr'><strong>mensis,</strong></span> <span class='ocrx_word' id='word_1_467' title='bbox 1820 4007 2000 4063; x_wconf 90' lang='lat' dir='ltr'><strong>nomi-</strong></span> 
     </span>
    </p>
   </div>
   <div class='ocr_carea' id='block_1_71' title="bbox 434 4100 2003 4173">
    <p class='ocr_par' dir='ltr' id='par_1_71' title="bbox 434 4100 2003 4173">
     <span class='ocr_line' id='line_1_71' title="bbox 434 4100 2003 4173; baseline -0.003 -15"><span class='ocrx_word' id='word_1_468' title='bbox 434 4118 592 4159; x_wconf 90' lang='lat' dir='ltr'><strong>natur</strong></span> <span class='ocrx_word' id='word_1_469' title='bbox 629 4107 766 4173; x_wconf 73' lang='lat' dir='ltr'><strong>apud</strong></span> <span class='ocrx_word' id='word_1_470' title='bbox 812 4103 1069 4158; x_wconf 70' lang='lat' dir='ltr'><strong>llebraaos</strong></span> <span class='ocrx_word' id='word_1_471' title='bbox 1101 4112 1155 4157; x_wconf 86' lang='lat' dir='ltr'><strong>et</strong></span> <span class='ocrx_word' id='word_1_472' title='bbox 1197 4103 1566 4157; x_wconf 88' lang='lat' dir='ltr'><strong>Christianos.</strong></span> <span class='ocrx_word' id='word_1_473' title='bbox 1610 4100 1681 4156; x_wconf 90' lang='lat' dir='ltr'><strong>De</strong></span> <span class='ocrx_word' id='word_1_474' title='bbox 1721 4117 1828 4171; x_wconf 92' lang='lat' dir='ltr'><strong>qua</strong></span> <span class='ocrx_word' id='word_1_475' title='bbox 1853 4101 2003 4169; x_wconf 36' lang='lat' dir='ltr'><strong>.dici-</strong></span> 
     </span>
    </p>
   </div>
   <div class='ocr_carea' id='block_1_72' title="bbox 433 4194 1999 4266">
    <p class='ocr_par' dir='ltr' id='par_1_72' title="bbox 433 4194 1999 4266">
     <span class='ocr_line' id='line_1_72' title="bbox 433 4194 1999 4266; baseline -0.003 -15"><span class='ocrx_word' id='word_1_476' title='bbox 433 4209 518 4251; x_wconf 87' lang='lat' dir='ltr'><strong>tur</strong></span> <span class='ocrx_word' id='word_1_477' title='bbox 547 4217 560 4252; x_wconf 89' lang='lat'><strong>:</strong></span> <span class='ocrx_word' id='word_1_478' title='bbox 611 4198 674 4250; x_wconf 85' lang='lat' dir='ltr'><strong>In</strong></span> <span class='ocrx_word' id='word_1_479' title='bbox 729 4200 987 4266; x_wconf 81' lang='lat' dir='ltr'><strong>principio</strong></span> <span class='ocrx_word' id='word_1_480' title='bbox 1038 4198 1159 4265; x_wconf 82' lang='lat' dir='ltr'><strong>fecit</strong></span> <span class='ocrx_word' id='word_1_481' title='bbox 1190 4196 1330 4248; x_wconf 81' lang='lat' dir='ltr'><strong>Deus</strong></span> <span class='ocrx_word' id='word_1_482' title='bbox 1357 4194 1544 4248; x_wconf 67' lang='lat' dir='ltr'><strong>castum</strong></span> <span class='ocrx_word' id='word_1_483' title='bbox 1580 4203 1629 4247; x_wconf 83' lang='lat' dir='ltr'><strong>et</strong></span> <span class='ocrx_word' id='word_1_484' title='bbox 1664 4204 1902 4257; x_wconf 84' lang='lat' dir='ltr'><strong>terram;</strong></span> <span class='ocrx_word' id='word_1_485' title='bbox 1946 4202 1999 4247; x_wconf 82' lang='lat' dir='ltr'><strong>et</strong></span> 
     </span>
    </p>
   </div>
   <div class='ocr_carea' id='block_1_73' title="bbox 435 4286 1999 4355">
    <p class='ocr_par' dir='ltr' id='par_1_73' title="bbox 435 4286 1999 4355">
     <span class='ocr_line' id='line_1_73' title="bbox 435 4286 1999 4355; baseline -0.003 -13"><span class='ocrx_word' id='word_1_486' title='bbox 435 4306 624 4344; x_wconf 88' lang='lat' dir='ltr'><strong>rursus</strong></span> <span class='ocrx_word' id='word_1_487' title='bbox 657 4312 667 4344; x_wconf 90' lang='lat'>:</span> <span class='ocrx_word' id='word_1_488' title='bbox 707 4288 807 4341; x_wconf 83' lang='lat' dir='ltr'><strong>llic</strong></span> <span class='ocrx_word' id='word_1_489' title='bbox 842 4299 917 4341; x_wconf 82' lang='lat' dir='ltr'><strong>est</strong></span> <span class='ocrx_word' id='word_1_490' title='bbox 948 4289 1081 4339; x_wconf 84' lang='lat' dir='ltr'><strong>liber</strong></span> <span class='ocrx_word' id='word_1_491' title='bbox 1122 4286 1473 4355; x_wconf 72' lang='lat' dir='ltr'><strong>generationis</strong></span> <span class='ocrx_word' id='word_1_492' title='bbox 1501 4287 1617 4339; x_wconf 70' lang='lat' dir='ltr'><strong>creti</strong></span> <span class='ocrx_word' id='word_1_493' title='bbox 1656 4296 1705 4339; x_wconf 83' lang='lat' dir='ltr'><strong>et</strong></span> <span class='ocrx_word' id='word_1_494' title='bbox 1737 4295 1910 4353; x_wconf 68' lang='lat' dir='ltr'><strong>terrm,</strong></span> <span class='ocrx_word' id='word_1_495' title='bbox 1944 4286 1999 4338; x_wconf 78' lang='lat' dir='ltr'><strong>in</strong></span> 
     </span>
    </p>
   </div>
   <div class='ocr_carea' id='block_1_74' title="bbox 431 4377 1999 4449">
    <p class='ocr_par' dir='ltr' id='par_1_74' title="bbox 431 4377 1999 4449">
     <span class='ocr_line' id='line_1_74' title="bbox 431 4377 1999 4449; baseline 0 -17"><span class='ocrx_word' id='word_1_496' title='bbox 431 4383 516 4434; x_wconf 80' lang='lat' dir='ltr'><strong>die</strong></span> <span class='ocrx_word' id='word_1_497' title='bbox 546 4398 649 4449; x_wconf 87' lang='lat' dir='ltr'><strong>qua</strong></span> <span class='ocrx_word' id='word_1_498' title='bbox 682 4381 803 4449; x_wconf 72' lang='lat' dir='ltr'><strong>fecit</strong></span> <span class='ocrx_word' id='word_1_499' title='bbox 844 4378 979 4432; x_wconf 81' lang='lat' dir='ltr'><strong>Deus</strong></span> <span class='ocrx_word' id='word_1_500' title='bbox 1013 4379 1200 4431; x_wconf 72' lang='lat' dir='ltr'><strong>caelum</strong></span> <span class='ocrx_word' id='word_1_501' title='bbox 1248 4388 1297 4431; x_wconf 83' lang='lat' dir='ltr'><strong>et</strong></span> <span class='ocrx_word' id='word_1_502' title='bbox 1330 4388 1547 4431; x_wconf 82' lang='lat' dir='ltr'><strong>terram.</strong></span> <span class='ocrx_word' id='word_1_503' title='bbox 1596 4377 1714 4442; x_wconf 85' lang='lat' dir='ltr'><strong>Qua</strong></span> <span class='ocrx_word' id='word_1_504' title='bbox 1746 4378 1999 4449; x_wconf 48' lang='lat' dir='ltr'><strong>ergo’die</strong></span> 
     </span>
    </p>
   </div>
   <div class='ocr_carea' id='block_1_75' title="bbox 433 4466 1997 4537">
    <p class='ocr_par' dir='ltr' id='par_1_75' title="bbox 433 4466 1997 4537">
     <span class='ocr_line' id='line_1_75' title="bbox 433 4466 1997 4537; baseline 0 -16"><span class='ocrx_word' id='word_1_505' title='bbox 433 4470 671 4521; x_wconf 91' lang='lat' dir='ltr'><strong>mundus</strong></span> <span class='ocrx_word' id='word_1_506' title='bbox 698 4475 919 4522; x_wconf 88' lang='lat' dir='ltr'><strong>creatus</strong></span> <span class='ocrx_word' id='word_1_507' title='bbox 957 4474 1062 4530; x_wconf 80' lang='lat' dir='ltr'><strong>est,</strong></span> <span class='ocrx_word' id='word_1_508' title='bbox 1095 4482 1157 4521; x_wconf 89' lang='lat' dir='ltr'><strong>ea</strong></span> <span class='ocrx_word' id='word_1_509' title='bbox 1189 4466 1447 4521; x_wconf 85' lang='lat' dir='ltr'><strong>Christus</strong></span> <span class='ocrx_word' id='word_1_510' title='bbox 1482 4478 1803 4537; x_wconf 88' lang='lat' dir='ltr'><strong>conceptus,</strong></span> <span class='ocrx_word' id='word_1_511' title='bbox 1851 4480 1905 4523; x_wconf 91' lang='lat' dir='ltr'><strong>et</strong></span> <span class='ocrx_word' id='word_1_512' title='bbox 1934 4484 1997 4524; x_wconf 86' lang='lat' dir='ltr'><strong>ea</strong></span> 
     </span>
    </p>
   </div>
   <div class='ocr_carea' id='block_1_76' title="bbox 433 4558 1123 4634">
    <p class='ocr_par' dir='ltr' id='par_1_76' title="bbox 433 4558 1123 4634">
     <span class='ocr_line' id='line_1_76' title="bbox 433 4558 1123 4634; baseline -0.006 -21"><span class='ocrx_word' id='word_1_513' title='bbox 433 4576 495 4613; x_wconf 79' lang='lat' dir='ltr'><strong>ex</strong></span> <span class='ocrx_word' id='word_1_514' title='bbox 526 4559 761 4612; x_wconf 87' lang='lat' dir='ltr'><strong>mortuis</strong></span> <span class='ocrx_word' id='word_1_515' title='bbox 798 4558 1123 4634; x_wconf 80' lang='lat' dir='ltr'><strong>resurrexit.</strong></span> 
     </span>
    </p>
   </div>
   <div class='ocr_carea' id='block_1_77' title="bbox 506 4648 2000 4717">
    <p class='ocr_par' dir='ltr' id='par_1_77' title="bbox 506 4648 2000 4717">
     <span class='ocr_line' id='line_1_77' title="bbox 506 4648 2000 4717; baseline -0.001 -12"><span class='ocrx_word' id='word_1_516' title='bbox 506 4652 717 4705; x_wconf 80' lang='lat' dir='ltr'><strong>Eusebii</strong></span> <span class='ocrx_word' id='word_1_517' title='bbox 767 4649 1035 4717; x_wconf 83' lang='lat' dir='ltr'><strong>Pamphili</strong></span> <span class='ocrx_word' id='word_1_518' title='bbox 1071 4650 1133 4701; x_wconf 82' lang='lat' dir='ltr'><strong>de</strong></span> <span class='ocrx_word' id='word_1_519' title='bbox 1187 4649 1283 4701; x_wconf 86' lang='lat' dir='ltr'><strong>hoc</strong></span> <span class='ocrx_word' id='word_1_520' title='bbox 1330 4649 1465 4717; x_wconf 86' lang='lat' dir='ltr'><strong>ipso.</strong></span> <span class='ocrx_word' id='word_1_521' title='bbox 1514 4648 1675 4704; x_wconf 90' lang='lat' dir='ltr'><strong>Jesus</strong></span> <span class='ocrx_word' id='word_1_522' title='bbox 1722 4649 2000 4714; x_wconf 88' lang='lat' dir='ltr'><strong>Christus,</strong></span> 
     </span>
    </p>
   </div>
   <div class='ocr_carea' id='block_1_78' title="bbox 436 4731 2006 4813">
    <p class='ocr_par' dir='ltr' id='par_1_78' title="bbox 436 4731 2006 4813">
     <span class='ocr_line' id='line_1_78' title="bbox 436 4731 2006 4813; baseline -0.001 -15"><span class='ocrx_word' id='word_1_523' title='bbox 436 4731 602 4798; x_wconf 64' lang='lat' dir='ltr'><strong>Fusus</strong></span> <span class='ocrx_word' id='word_1_524' title='bbox 633 4743 725 4797; x_wconf 88' lang='lat' dir='ltr'><strong>Dei</strong></span> <span class='ocrx_word' id='word_1_525' title='bbox 763 4752 817 4797; x_wconf 90' lang='lat' dir='ltr'><strong>et</strong></span> <span class='ocrx_word' id='word_1_526' title='bbox 859 4742 1121 4795; x_wconf 86' lang='lat' dir='ltr'><strong>Dominus</strong></span> <span class='ocrx_word' id='word_1_527' title='bbox 1175 4751 1385 4810; x_wconf 72' lang='lat' dir='ltr'><strong>noster,</strong></span> <span class='ocrx_word' id='word_1_528' title='bbox 1431 4742 1736 4797; x_wconf 88' lang='lat' dir='ltr'><strong>secundum</strong></span> <span class='ocrx_word' id='word_1_529' title='bbox 1774 4744 2006 4813; x_wconf 87' lang='lat' dir='ltr'><strong>pr0phe-</strong></span> 
     </span>
    </p>
   </div>
   <div class='ocr_carea' id='block_1_79' title="bbox 436 4834 2003 4904">
    <p class='ocr_par' dir='ltr' id='par_1_79' title="bbox 436 4834 2003 4904">
     <span class='ocr_line' id='line_1_79' title="bbox 436 4834 2003 4904; baseline 0.002 -18"><span class='ocrx_word' id='word_1_530' title='bbox 436 4835 561 4896; x_wconf 86' lang='lat' dir='ltr'><strong>tias,</strong></span> <span class='ocrx_word' id='word_1_531' title='bbox 585 4848 704 4902; x_wconf 74' lang='lat' dir='ltr'><strong>qua:</strong></span> <span class='ocrx_word' id='word_1_532' title='bbox 731 4835 797 4886; x_wconf 87' lang='lat' dir='ltr'><strong>de</strong></span> <span class='ocrx_word' id='word_1_533' title='bbox 826 4834 945 4901; x_wconf 84' lang='lat' dir='ltr'><strong>ipso</strong></span> <span class='ocrx_word' id='word_1_534' title='bbox 974 4842 1125 4895; x_wconf 89' lang='lat' dir='ltr'><strong>sunt,</strong></span> <span class='ocrx_word' id='word_1_535' title='bbox 1153 4834 1216 4884; x_wconf 88' lang='lat' dir='ltr'><strong>ad</strong></span> <span class='ocrx_word' id='word_1_536' title='bbox 1250 4834 1559 4902; x_wconf 88' lang='lat' dir='ltr'><strong>passionem</strong></span> <span class='ocrx_word' id='word_1_537' title='bbox 1588 4843 1841 4904; x_wconf 86' lang='lat' dir='ltr'><strong>properat</strong></span> <span class='ocrx_word' id='word_1_538' title='bbox 1862 4850 2003 4889; x_wconf 88' lang='lat' dir='ltr'><strong>anno</strong></span> 
     </span>
    </p>
   </div>
   <div class='ocr_carea' id='block_1_80' title="bbox 437 4922 2004 4994">
    <p class='ocr_par' dir='ltr' id='par_1_80' title="bbox 437 4922 2004 4994">
     <span class='ocr_line' id='line_1_80' title="bbox 437 4922 2004 4994; baseline 0.001 -17"><span class='ocrx_word' id='word_1_539' title='bbox 437 4940 581 4977; x_wconf 86' lang='lat' dir='ltr'><strong>nouo</strong></span> <span class='ocrx_word' id='word_1_540' title='bbox 608 4926 825 4978; x_wconf 88' lang='lat' dir='ltr'><strong>decimo</strong></span> <span class='ocrx_word' id='word_1_541' title='bbox 862 4924 1075 4992; x_wconf 90' lang='lat' dir='ltr'><strong>imperii</strong></span> <span class='ocrx_word' id='word_1_542' title='bbox 1104 4922 1651 4986; x_wconf 85' lang='lat' dir='ltr'><strong>’l‘iberii,secundum</strong></span> <span class='ocrx_word' id='word_1_543' title='bbox 1693 4926 1836 4994; x_wconf 91' lang='lat' dir='ltr'><strong>quod</strong></span> <span class='ocrx_word' id='word_1_544' title='bbox 1868 4934 2004 4981; x_wconf 85' lang='lat' dir='ltr'><strong>tem-</strong></span> 
     </span>
    </p>
   </div>
   <div class='ocr_carea' id='block_1_81' title="bbox 437 5016 2005 5086">
    <p class='ocr_par' dir='ltr' id='par_1_81' title="bbox 437 5016 2005 5086">
     <span class='ocr_line' id='line_1_81' title="bbox 437 5016 2005 5086; baseline 0.001 -17"><span class='ocrx_word' id='word_1_545' title='bbox 437 5033 559 5086; x_wconf 89' lang='lat' dir='ltr'><strong>pus,</strong></span> <span class='ocrx_word' id='word_1_546' title='bbox 590 5016 729 5069; x_wconf 91' lang='lat' dir='ltr'><strong>sicut</strong></span> <span class='ocrx_word' id='word_1_547' title='bbox 763 5017 927 5068; x_wconf 87' lang='lat' dir='ltr'><strong>etiam</strong></span> <span class='ocrx_word' id='word_1_548' title='bbox 964 5017 1017 5068; x_wconf 93' lang='lat' dir='ltr'><strong>in</strong></span> <span class='ocrx_word' id='word_1_549' title='bbox 1049 5016 1171 5069; x_wconf 89' lang='lat' dir='ltr'><strong>aliis</strong></span> <span class='ocrx_word' id='word_1_550' title='bbox 1204 5016 1487 5085; x_wconf 85' lang='lat' dir='ltr'><strong>gentilium</strong></span> <span class='ocrx_word' id='word_1_551' title='bbox 1526 5018 1798 5085; x_wconf 86' lang='lat' dir='ltr'><strong>reperitur</strong></span> <span class='ocrx_word' id='word_1_552' title='bbox 1834 5019 2005 5072; x_wconf 84' lang='lat' dir='ltr'><strong>histo-</strong></span> 
     </span>
    </p>
   </div>
   <div class='ocr_carea' id='block_1_82' title="bbox 438 5107 2003 5177">
    <p class='ocr_par' dir='ltr' id='par_1_82' title="bbox 438 5107 2003 5177">
     <span class='ocr_line' id='line_1_82' title="bbox 438 5107 2003 5177; baseline 0.001 -16"><span class='ocrx_word' id='word_1_553' title='bbox 438 5111 552 5170; x_wconf 86' lang='lat' dir='ltr'><strong>riis,</strong></span> <span class='ocrx_word' id='word_1_554' title='bbox 588 5124 679 5176; x_wconf 89' lang='lat' dir='ltr'><strong>per</strong></span> <span class='ocrx_word' id='word_1_555' title='bbox 709 5108 953 5177; x_wconf 88' lang='lat' dir='ltr'><strong>singulas</strong></span> <span class='ocrx_word' id='word_1_556' title='bbox 983 5107 1273 5172; x_wconf 79' lang='lat' dir='ltr'><strong>dictiones,</strong></span> <span class='ocrx_word' id='word_1_557' title='bbox 1310 5122 1430 5175; x_wconf 70' lang='lat' dir='ltr'><strong>qua:</strong></span> <span class='ocrx_word' id='word_1_558' title='bbox 1461 5117 1579 5160; x_wconf 84' lang='lat' dir='ltr'><strong>aeta</strong></span> <span class='ocrx_word' id='word_1_559' title='bbox 1604 5118 1751 5170; x_wconf 86' lang='lat' dir='ltr'><strong>sunt,</strong></span> <span class='ocrx_word' id='word_1_560' title='bbox 1780 5123 2003 5162; x_wconf 87' lang='lat' dir='ltr'><strong>enarra-</strong></span> 
     </span>
    </p>
   </div>
   <div class='ocr_carea' id='block_1_83' title="bbox 438 5197 2001 5268">
    <p class='ocr_par' dir='ltr' id='par_1_83' title="bbox 438 5197 2001 5268">
     <span class='ocr_line' id='line_1_83' title="bbox 438 5197 2001 5268; baseline 0.001 -17"><span class='ocrx_word' id='word_1_561' title='bbox 438 5201 640 5253; x_wconf 89' lang='lat' dir='ltr'><strong>bimus.</strong></span> <span class='ocrx_word' id='word_1_562' title='bbox 674 5197 804 5251; x_wconf 74' lang='lat' dir='ltr'><strong>Nam</strong></span> <span class='ocrx_word' id='word_1_563' title='bbox 843 5199 924 5251; x_wconf 89' lang='lat' dir='ltr'><strong>sol</strong></span> <span class='ocrx_word' id='word_1_564' title='bbox 955 5198 1445 5268; x_wconf 84' lang='lat' dir='ltr'><strong>defecit,Bithynia</strong></span> <span class='ocrx_word' id='word_1_565' title='bbox 1472 5206 1617 5252; x_wconf 88' lang='lat' dir='ltr'><strong>mota</strong></span> <span class='ocrx_word' id='word_1_566' title='bbox 1647 5208 1751 5262; x_wconf 89' lang='lat' dir='ltr'><strong>est,</strong></span> <span class='ocrx_word' id='word_1_567' title='bbox 1772 5199 2001 5268; x_wconf 90' lang='lat' dir='ltr'><strong>plurima</strong></span> 
     </span>
    </p>
   </div>
   <div class='ocr_carea' id='block_1_84' title="bbox 435 5282 2002 5361">
    <p class='ocr_par' dir='ltr' id='par_1_84' title="bbox 435 5282 2002 5361">
     <span class='ocr_line' id='line_1_84' title="bbox 435 5282 2002 5361; baseline 0.002 -16"><span class='ocrx_word' id='word_1_568' title='bbox 435 5291 665 5345; x_wconf 72' lang='lat' dir='ltr'><strong>Nicaana:</strong></span> <span class='ocrx_word' id='word_1_569' title='bbox 714 5292 862 5344; x_wconf 91' lang='lat' dir='ltr'><strong>urbis</strong></span> <span class='ocrx_word' id='word_1_570' title='bbox 912 5282 1261 5357; x_wconf 80' lang='lat' dir='ltr'><strong>ceciderunt;</strong></span> <span class='ocrx_word' id='word_1_571' title='bbox 1305 5309 1427 5361; x_wconf 72' lang='lat' dir='ltr'><strong>qua:</strong></span> <span class='ocrx_word' id='word_1_572' title='bbox 1462 5295 1646 5347; x_wconf 87' lang='lat' dir='ltr'><strong>omnia</strong></span> <span class='ocrx_word' id='word_1_573' title='bbox 1701 5294 2002 5348; x_wconf 79' lang='lat' dir='ltr'><strong>concinnat</strong></span> 
     </span>
    </p>
   </div>
   <div class='ocr_carea' id='block_1_85' title="bbox 434 5383 2001 5453">
    <p class='ocr_par' dir='ltr' id='par_1_85' title="bbox 434 5383 2001 5453">
     <span class='ocr_line' id='line_1_85' title="bbox 434 5383 2001 5453; baseline 0.002 -16"><span class='ocrx_word' id='word_1_574' title='bbox 434 5384 521 5437; x_wconf 87' lang='lat' dir='ltr'><strong>bis</strong></span> <span class='ocrx_word' id='word_1_575' title='bbox 562 5399 683 5453; x_wconf 61' lang='lat' dir='ltr'><strong>qua:</strong></span> <span class='ocrx_word' id='word_1_576' title='bbox 736 5384 879 5437; x_wconf 85' lang='lat' dir='ltr'><strong>circa</strong></span> <span class='ocrx_word' id='word_1_577' title='bbox 910 5384 1215 5453; x_wconf 87' lang='lat' dir='ltr'><strong>passionem</strong></span> <span class='ocrx_word' id='word_1_578' title='bbox 1246 5383 1549 5440; x_wconf 83' lang='lat' dir='ltr'><strong>Salvatoris</strong></span> <span class='ocrx_word' id='word_1_579' title='bbox 1596 5388 1766 5441; x_wconf 89' lang='lat' dir='ltr'><strong>nostri</strong></span> <span class='ocrx_word' id='word_1_580' title='bbox 1806 5402 2001 5441; x_wconf 83' lang='lat' dir='ltr'><strong>evene-</strong></span> 
     </span>
    </p>
   </div>
   <div class='ocr_carea' id='block_1_86' title="bbox 438 5474 2000 5549">
    <p class='ocr_par' dir='ltr' id='par_1_86' title="bbox 438 5474 2000 5549">
     <span class='ocr_line' id='line_1_86' title="bbox 438 5474 2000 5549; baseline 0.003 -22"><span class='ocrx_word' id='word_1_581' title='bbox 438 5485 586 5529; x_wconf 89' lang='lat' dir='ltr'><strong>runt.</strong></span> <span class='ocrx_word' id='word_1_582' title='bbox 624 5476 884 5529; x_wconf 86' lang='lat' dir='ltr'><strong>Scrihens</strong></span> <span class='ocrx_word' id='word_1_583' title='bbox 941 5485 1119 5529; x_wconf 90' lang='lat' dir='ltr'><strong>autem</strong></span> <span class='ocrx_word' id='word_1_584' title='bbox 1147 5484 1200 5529; x_wconf 89' lang='lat' dir='ltr'><strong>et</strong></span> <span class='ocrx_word' id='word_1_585' title='bbox 1246 5474 1469 5545; x_wconf 86' lang='lat' dir='ltr'><strong>Phlego,</strong></span> <span class='ocrx_word' id='word_1_586' title='bbox 1517 5480 1609 5546; x_wconf 88' lang='lat' dir='ltr'><strong>qui</strong></span> <span class='ocrx_word' id='word_1_587' title='bbox 1650 5476 2000 5549; x_wconf 79' lang='lat' dir='ltr'><strong>Olympiadas</strong></span> 
     </span>
    </p>
   </div>
   <div class='ocr_carea' id='block_1_87' title="bbox 436 5566 2002 5637">
    <p class='ocr_par' dir='ltr' id='par_1_87' title="bbox 436 5566 2002 5637">
     <span class='ocr_line' id='line_1_87' title="bbox 436 5566 2002 5637; baseline 0.002 -16"><span class='ocrx_word' id='word_1_588' title='bbox 436 5582 599 5637; x_wconf 84' lang='lat' dir='ltr'><strong>super</strong></span> <span class='ocrx_word' id='word_1_589' title='bbox 640 5566 777 5637; x_wconf 89' lang='lat' dir='ltr'><strong>ipsis</strong></span> <span class='ocrx_word' id='word_1_590' title='bbox 833 5576 1155 5629; x_wconf 88' lang='lat' dir='ltr'><strong>enumerat,</strong></span> <span class='ocrx_word' id='word_1_591' title='bbox 1202 5566 1256 5619; x_wconf 92' lang='lat' dir='ltr'><strong>in</strong></span> <span class='ocrx_word' id='word_1_592' title='bbox 1312 5566 1693 5623; x_wconf 84' lang='lat' dir='ltr'><strong>decitnotertio</strong></span> <span class='ocrx_word' id='word_1_593' title='bbox 1747 5584 2002 5624; x_wconf 87' lang='lat' dir='ltr'><strong>sermone</strong></span> 
     </span>
    </p>
   </div>
   <div class='ocr_carea' id='block_1_88' title="bbox 435 5658 2001 5732">
    <p class='ocr_par' dir='ltr' id='par_1_88' title="bbox 435 5658 2001 5732">
     <span class='ocr_line' id='line_1_88' title="bbox 435 5658 2001 5732; baseline 0.002 -20"><span class='ocrx_word' id='word_1_594' title='bbox 435 5660 641 5713; x_wconf 89' lang='lat' dir='ltr'><strong>eisdem</strong></span> <span class='ocrx_word' id='word_1_595' title='bbox 696 5659 875 5713; x_wconf 87' lang='lat' dir='ltr'><strong>verbis</strong></span> <span class='ocrx_word' id='word_1_596' title='bbox 917 5660 1115 5714; x_wconf 85' lang='lat' dir='ltr'><strong>asserit</strong></span> <span class='ocrx_word' id='word_1_597' title='bbox 1166 5660 1279 5714; x_wconf 61' lang='lat' dir='ltr'><strong>hinc</strong></span> <span class='ocrx_word' id='word_1_598' title='bbox 1323 5681 1333 5714; x_wconf 89' lang='lat'>:</span> <span class='ocrx_word' id='word_1_599' title='bbox 1394 5658 1565 5714; x_wconf 88' lang='lat' dir='ltr'><strong>Porro</strong></span> <span class='ocrx_word' id='word_1_600' title='bbox 1618 5672 1807 5732; x_wconf 78' lang='lat' dir='ltr'><strong>quarto</strong></span> <span class='ocrx_word' id='word_1_601' title='bbox 1863 5679 2001 5717; x_wconf 86' lang='lat' dir='ltr'><strong>anno</strong></span> 
     </span>
    </p>
   </div>
   <div class='ocr_carea' id='block_1_89' title="bbox 503 5841 914 5901">
    <p class='ocr_par' dir='ltr' id='par_1_89' title="bbox 503 5841 914 5901">
     <span class='ocr_line' id='line_1_89' title="bbox 503 5841 914 5901; baseline -0.005 -6"><span class='ocrx_word' id='word_1_602' title='bbox 503 5841 521 5875; x_wconf 80' lang='grc'><strong>⁸</strong></span> <span class='ocrx_word' id='word_1_603' title='bbox 546 5841 720 5895; x_wconf 78' lang='lat' dir='ltr'><strong>Calat.</strong></span> <span class='ocrx_word' id='word_1_604' title='bbox 756 5857 791 5901; x_wconf 85' lang='grc' dir='ltr'>ι,</span> <span class='ocrx_word' id='word_1_605' title='bbox 825 5842 914 5899; x_wconf 80' lang='grc'><strong>19.</strong></span> 
     </span>
    </p>
   </div>
   <div class='ocr_carea' id='block_1_90' title="bbox 675 5934 1321 5996">
    <p class='ocr_par' dir='ltr' id='par_1_90' title="bbox 675 5934 1321 5996">
     <span class='ocr_line' id='line_1_90' title="bbox 675 5934 1321 5996; baseline 0 0"><span class='ocrx_word' id='word_1_606' title='bbox 675 5939 946 5996; x_wconf 70' lang='lat' dir='ltr'><strong>l‘n&#39;nOL</strong></span> <span class='ocrx_word' id='word_1_607' title='bbox 984 5937 1103 5995; x_wconf 78' lang='lat' dir='ltr'><strong>Gtt.</strong></span> <span class='ocrx_word' id='word_1_608' title='bbox 1136 5934 1321 5996; x_wconf 79' lang='lat' dir='ltr'><strong>CVIII</strong></span> 
     </span>
    </p>
   </div>
   <div class='ocr_carea' id='block_1_91' title="bbox 2032 4533 2079 4590">
    <p class='ocr_par' dir='ltr' id='par_1_91' title="bbox 2032 4533 2079 4590">
     <span class='ocr_line' id='line_1_91' title="bbox 2032 4533 2079 4590; baseline 0 0"><span class='ocrx_word' id='word_1_609' title='bbox 2032 4533 2079 4590; x_wconf 84' lang='grc' dir='ltr'>ο</span> 
     </span>
    </p>
   </div>
   <div class='ocr_carea' id='block_1_92' title="bbox 2110 3281 3672 3354">
    <p class='ocr_par' dir='ltr' id='par_1_92' title="bbox 2110 3281 3672 3354">
     <span class='ocr_line' id='line_1_92' title="bbox 2110 3281 3672 3354; baseline -0.001 -17"><span class='ocrx_word' id='word_1_610' title='bbox 2110 3285 2226 3354; x_wconf 88' lang='lat' dir='ltr'><strong>ipse</strong></span> <span class='ocrx_word' id='word_1_611' title='bbox 2254 3284 2460 3337; x_wconf 75' lang='lat' dir='ltr'><strong>Pilatus</strong></span> <span class='ocrx_word' id='word_1_612' title='bbox 2496 3282 2721 3336; x_wconf 87' lang='lat' dir='ltr'><strong>Tiberio</strong></span> <span class='ocrx_word' id='word_1_613' title='bbox 2758 3282 2825 3340; x_wconf 83' lang='lat' dir='ltr'><strong>de</strong></span> <span class='ocrx_word' id='word_1_614' title='bbox 2852 3281 3075 3337; x_wconf 89' lang='lat' dir='ltr'><strong>Christo</strong></span> <span class='ocrx_word' id='word_1_615' title='bbox 3105 3285 3344 3338; x_wconf 80' lang='lat' dir='ltr'><strong>referens</strong></span> <span class='ocrx_word' id='word_1_616' title='bbox 3376 3295 3672 3336; x_wconf 67' lang='lat' dir='ltr'><strong>commovet</strong></span> 
     </span>
    </p>
   </div>
   <div class='ocr_carea' id='block_1_93' title="bbox 2105 3371 3500 3442">
    <p class='ocr_par' dir='ltr' id='par_1_93' title="bbox 2105 3371 3500 3442">
     <span class='ocr_line' id='line_1_93' title="bbox 2105 3371 3500 3442; baseline -0.004 -13"><span class='ocrx_word' id='word_1_617' title='bbox 2105 3390 2228 3429; x_wconf 83' lang='lat' dir='ltr'><strong>eum</strong></span> <span class='ocrx_word' id='word_1_618' title='bbox 2262 3374 2327 3426; x_wconf 92' lang='lat' dir='ltr'><strong>ad</strong></span> <span class='ocrx_word' id='word_1_619' title='bbox 2359 3389 2599 3427; x_wconf 89' lang='lat' dir='ltr'><strong>amorem</strong></span> <span class='ocrx_word' id='word_1_620' title='bbox 2624 3373 2894 3442; x_wconf 89' lang='lat' dir='ltr'><strong>dogmatis</strong></span> <span class='ocrx_word' id='word_1_621' title='bbox 2920 3381 2973 3426; x_wconf 89' lang='lat' dir='ltr'><strong>et</strong></span> <span class='ocrx_word' id='word_1_622' title='bbox 3002 3371 3122 3426; x_wconf 82' lang='lat' dir='ltr'><strong>fidei</strong></span> <span class='ocrx_word' id='word_1_623' title='bbox 3156 3372 3500 3427; x_wconf 65' lang='lat' dir='ltr'><strong>Christiana}.</strong></span> 
     </span>
    </p>
   </div>
   <div class='ocr_carea' id='block_1_94' title="bbox 2175 3464 3675 3527">
    <p class='ocr_par' dir='ltr' id='par_1_94' title="bbox 2175 3464 3675 3527">
     <span class='ocr_line' id='line_1_94' title="bbox 2175 3464 3675 3527; baseline 0 -7"><span class='ocrx_word' id='word_1_624' title='bbox 2175 3466 2358 3520; x_wconf 82' lang='lat' dir='ltr'><strong>Mundi</strong></span> <span class='ocrx_word' id='word_1_625' title='bbox 2395 3480 2540 3519; x_wconf 90' lang='lat' dir='ltr'><strong>anno</strong></span> <span class='ocrx_word' id='word_1_626' title='bbox 2575 3465 2734 3527; x_wconf 78' lang='lat'><strong>5535,</strong></span> <span class='ocrx_word' id='word_1_627' title='bbox 2769 3464 2968 3518; x_wconf 66' lang='lat' dir='ltr'><strong>divina:</strong></span> <span class='ocrx_word' id='word_1_628' title='bbox 3019 3466 3416 3518; x_wconf 86' lang='lat' dir='ltr'><strong>incarnationis</strong></span> <span class='ocrx_word' id='word_1_629' title='bbox 3454 3465 3543 3525; x_wconf 81' lang='grc'><strong>55,</strong></span> <span class='ocrx_word' id='word_1_630' title='bbox 3577 3464 3675 3520; x_wconf 68' lang='lat' dir='ltr'><strong>Pr-</strong></span> 
     </span>
    </p>
   </div>
   <div class='ocr_carea' id='block_1_95' title="bbox 2105 3554 3671 3624">
    <p class='ocr_par' dir='ltr' id='par_1_95' title="bbox 2105 3554 3671 3624">
     <span class='ocr_line' id='line_1_95' title="bbox 2105 3554 3671 3624; baseline 0 -15"><span class='ocrx_word' id='word_1_631' title='bbox 2105 3566 2224 3611; x_wconf 91' lang='lat' dir='ltr'><strong>trus</strong></span> <span class='ocrx_word' id='word_1_632' title='bbox 2271 3566 2323 3609; x_wconf 89' lang='lat' dir='ltr'><strong>ct</strong></span> <span class='ocrx_word' id='word_1_633' title='bbox 2356 3554 2593 3609; x_wconf 87' lang='lat' dir='ltr'><strong>Joannes</strong></span> <span class='ocrx_word' id='word_1_634' title='bbox 2624 3557 2676 3608; x_wconf 92' lang='lat' dir='ltr'><strong>in</strong></span> <span class='ocrx_word' id='word_1_635' title='bbox 2724 3554 2981 3624; x_wconf 90' lang='lat' dir='ltr'><strong>templum</strong></span> <span class='ocrx_word' id='word_1_636' title='bbox 3018 3556 3378 3609; x_wconf 74' lang='lat' dir='ltr'><strong>ascendentes</strong></span> <span class='ocrx_word' id='word_1_637' title='bbox 3416 3555 3671 3609; x_wconf 89' lang='lat' dir='ltr'><strong>claudu.u</strong></span> 
     </span>
    </p>
   </div>
   <div class='ocr_carea' id='block_1_96' title="bbox 2105 3648 2825 3703">
    <p class='ocr_par' dir='ltr' id='par_1_96' title="bbox 2105 3648 2825 3703">
     <span class='ocr_line' id='line_1_96' title="bbox 2105 3648 2825 3703; baseline 0.003 -4"><span class='ocrx_word' id='word_1_638' title='bbox 2105 3662 2133 3699; x_wconf 90' lang='lat' dir='ltr'><strong>a</strong></span> <span class='ocrx_word' id='word_1_639' title='bbox 2162 3648 2445 3701; x_wconf 86' lang='lat' dir='ltr'><strong>nativitate</strong></span> <span class='ocrx_word' id='word_1_640' title='bbox 2474 3657 2825 3703; x_wconf 89' lang='lat' dir='ltr'><strong>curaverunt.</strong></span> 
     </span>
    </p>
   </div>
   <div class='ocr_carea' id='block_1_97' title="bbox 2179 3738 3674 3809">
    <p class='ocr_par' dir='ltr' id='par_1_97' title="bbox 2179 3738 3674 3809">
     <span class='ocr_line' id='line_1_97' title="bbox 2179 3738 3674 3809; baseline 0 -17"><span class='ocrx_word' id='word_1_641' title='bbox 2179 3738 2363 3792; x_wconf 85' lang='lat' dir='ltr'><strong>Mundi</strong></span> <span class='ocrx_word' id='word_1_642' title='bbox 2404 3755 2548 3792; x_wconf 89' lang='lat' dir='ltr'><strong>anno</strong></span> <span class='ocrx_word' id='word_1_643' title='bbox 2573 3738 2714 3794; x_wconf 76' lang='grc'>5556</span> <span class='ocrx_word' id='word_1_644' title='bbox 2755 3739 2823 3793; x_wconf 88' lang='lat' dir='ltr'><strong>de</strong></span> <span class='ocrx_word' id='word_1_645' title='bbox 2861 3738 3074 3793; x_wconf 87' lang='lat' dir='ltr'><strong>Anania</strong></span> <span class='ocrx_word' id='word_1_646' title='bbox 3108 3748 3163 3793; x_wconf 88' lang='lat' dir='ltr'><strong>et</strong></span> <span class='ocrx_word' id='word_1_647' title='bbox 3201 3738 3432 3809; x_wconf 88' lang='lat' dir='ltr'><strong>Saphira</strong></span> <span class='ocrx_word' id='word_1_648' title='bbox 3480 3738 3674 3793; x_wconf 83' lang='lat' dir='ltr'><strong>&quot;ieru-</strong></span> 
     </span>
    </p>
   </div>
   <div class='ocr_carea' id='block_1_98' title="bbox 2104 3827 3677 3899">
    <p class='ocr_par' dir='ltr' id='par_1_98' title="bbox 2104 3827 3677 3899">
     <span class='ocr_line' id='line_1_98' title="bbox 2104 3827 3677 3899; baseline -0.002 -13"><span class='ocrx_word' id='word_1_649' title='bbox 2104 3832 2273 3886; x_wconf 86' lang='lat' dir='ltr'><strong>salem</strong></span> <span class='ocrx_word' id='word_1_650' title='bbox 2312 3846 2406 3899; x_wconf 91' lang='lat' dir='ltr'><strong>per</strong></span> <span class='ocrx_word' id='word_1_651' title='bbox 2440 3829 2658 3884; x_wconf 88' lang='lat' dir='ltr'><strong>Petrum</strong></span> <span class='ocrx_word' id='word_1_652' title='bbox 2690 3829 3014 3883; x_wconf 86' lang='lat' dir='ltr'><strong>miraculum</strong></span> <span class='ocrx_word' id='word_1_653' title='bbox 3046 3829 3249 3882; x_wconf 88' lang='lat' dir='ltr'><strong>factum</strong></span> <span class='ocrx_word' id='word_1_654' title='bbox 3283 3837 3389 3893; x_wconf 89' lang='lat' dir='ltr'><strong>est,</strong></span> <span class='ocrx_word' id='word_1_655' title='bbox 3411 3838 3465 3884; x_wconf 90' lang='lat' dir='ltr'><strong>et</strong></span> <span class='ocrx_word' id='word_1_656' title='bbox 3494 3827 3677 3883; x_wconf 85' lang='lat' dir='ltr'><strong>&#39;f&#39;had-</strong></span> 
     </span>
    </p>
   </div>
   <div class='ocr_carea' id='block_1_99' title="bbox 2104 3920 3674 3991">
    <p class='ocr_par' dir='ltr' id='par_1_99' title="bbox 2104 3920 3674 3991">
     <span class='ocr_line' id='line_1_99' title="bbox 2104 3920 3674 3991; baseline -0.001 -13"><span class='ocrx_word' id='word_1_657' title='bbox 2104 3927 2253 3978; x_wconf 61' lang='lat' dir='ltr'><strong>decus</strong></span> <span class='ocrx_word' id='word_1_658' title='bbox 2275 3923 2343 3975; x_wconf 87' lang='lat' dir='ltr'><strong>ad</strong></span> <span class='ocrx_word' id='word_1_659' title='bbox 2373 3922 2645 3975; x_wconf 86' lang='lat' dir='ltr'><strong>civitatem</strong></span> <span class='ocrx_word' id='word_1_660' title='bbox 2672 3920 2931 3976; x_wconf 86' lang='lat' dir='ltr'><strong>Edessam</strong></span> <span class='ocrx_word' id='word_1_661' title='bbox 2968 3922 3227 3983; x_wconf 90' lang='lat' dir='ltr'><strong>mittitur,</strong></span> <span class='ocrx_word' id='word_1_662' title='bbox 3263 3938 3383 3991; x_wconf 74' lang='lat' dir='ltr'><strong>qua:</strong></span> <span class='ocrx_word' id='word_1_663' title='bbox 3420 3923 3674 3977; x_wconf 76' lang='lat' dir='ltr'><strong>universa</strong></span> 
     </span>
    </p>
   </div>
   <div class='ocr_carea' id='block_1_100' title="bbox 2106 4012 3673 4085">
    <p class='ocr_par' dir='ltr' id='par_1_100' title="bbox 2106 4012 3673 4085">
     <span class='ocr_line' id='line_1_100' title="bbox 2106 4012 3673 4085; baseline -0.002 -14"><span class='ocrx_word' id='word_1_664' title='bbox 2106 4030 2280 4085; x_wconf 86' lang='lat' dir='ltr'><strong>usque</strong></span> <span class='ocrx_word' id='word_1_665' title='bbox 2319 4030 2463 4068; x_wconf 90' lang='lat' dir='ltr'><strong>nunc</strong></span> <span class='ocrx_word' id='word_1_666' title='bbox 2498 4014 2615 4069; x_wconf 85' lang='lat' dir='ltr'><strong>sine</strong></span> <span class='ocrx_word' id='word_1_667' title='bbox 2655 4029 2815 4067; x_wconf 85' lang='lat' dir='ltr'><strong>manu</strong></span> <span class='ocrx_word' id='word_1_668' title='bbox 2854 4012 3056 4067; x_wconf 85' lang='lat' dir='ltr'><strong>factum</strong></span> <span class='ocrx_word' id='word_1_669' title='bbox 3099 4014 3437 4069; x_wconf 88' lang='lat' dir='ltr'><strong>dominicum</strong></span> <span class='ocrx_word' id='word_1_670' title='bbox 3479 4017 3673 4069; x_wconf 80' lang='lat' dir='ltr'><strong>chara-</strong></span> 
     </span>
    </p>
   </div>
   <div class='ocr_carea' id='block_1_101' title="bbox 2102 4108 2494 4163">
    <p class='ocr_par' dir='ltr' id='par_1_101' title="bbox 2102 4108 2494 4163">
     <span class='ocr_line' id='line_1_101' title="bbox 2102 4108 2494 4163; baseline -0.003 -1"><span class='ocrx_word' id='word_1_671' title='bbox 2102 4118 2307 4163; x_wconf 88' lang='lat' dir='ltr'><strong>cterem</strong></span> <span class='ocrx_word' id='word_1_672' title='bbox 2341 4108 2494 4161; x_wconf 89' lang='lat' dir='ltr'><strong>colit.</strong></span> 
     </span>
    </p>
   </div>
   <div class='ocr_carea' id='block_1_102' title="bbox 2174 4198 3675 4269">
    <p class='ocr_par' dir='ltr' id='par_1_102' title="bbox 2174 4198 3675 4269">
     <span class='ocr_line' id='line_1_102' title="bbox 2174 4198 3675 4269; baseline -0.001 -16"><span class='ocrx_word' id='word_1_673' title='bbox 2174 4200 2358 4253; x_wconf 77' lang='lat' dir='ltr'><strong>Mundi</strong></span> <span class='ocrx_word' id='word_1_674' title='bbox 2399 4214 2543 4253; x_wconf 87' lang='lat' dir='ltr'><strong>anno</strong></span> <span class='ocrx_word' id='word_1_675' title='bbox 2576 4200 2737 4258; x_wconf 81' lang='grc'>5557,</span> <span class='ocrx_word' id='word_1_676' title='bbox 2770 4198 2969 4251; x_wconf 76' lang='lat' dir='ltr'><strong>divina:</strong></span> <span class='ocrx_word' id='word_1_677' title='bbox 3000 4198 3393 4253; x_wconf 89' lang='lat' dir='ltr'><strong>incarnationis</strong></span> <span class='ocrx_word' id='word_1_678' title='bbox 3423 4200 3515 4263; x_wconf 79' lang='grc'><strong>57,</strong></span> <span class='ocrx_word' id='word_1_679' title='bbox 3542 4215 3675 4269; x_wconf 77' lang='lat' dir='ltr'><strong>per-</strong></span> 
     </span>
    </p>
   </div>
   <div class='ocr_carea' id='block_1_103' title="bbox 2104 4276 3741 4358">
    <p class='ocr_par' dir='ltr' id='par_1_103' title="bbox 2104 4276 3741 4358">
     <span class='ocr_line' id='line_1_103' title="bbox 2104 4276 3741 4358; baseline -0.004 -11"><span class='ocrx_word' id='word_1_680' title='bbox 2104 4292 2388 4347; x_wconf 86' lang='lat' dir='ltr'><strong>secutione</strong></span> <span class='ocrx_word' id='word_1_681' title='bbox 2424 4298 2571 4343; x_wconf 89' lang='lat' dir='ltr'><strong>mota</strong></span> <span class='ocrx_word' id='word_1_682' title='bbox 2606 4290 2846 4343; x_wconf 89' lang='lat' dir='ltr'><strong>fidelium</strong></span> <span class='ocrx_word' id='word_1_683' title='bbox 2894 4290 3050 4342; x_wconf 92' lang='lat' dir='ltr'><strong>multi</strong></span> <span class='ocrx_word' id='word_1_684' title='bbox 3097 4290 3332 4358; x_wconf 85' lang='lat' dir='ltr'><strong>dispersi</strong></span> <span class='ocrx_word' id='word_1_685' title='bbox 3365 4299 3513 4343; x_wconf 87' lang='lat' dir='ltr'><strong>sunt.</strong></span> <span class='ocrx_word' id='word_1_686' title='bbox 3549 4286 3669 4343; x_wconf 80' lang='lat' dir='ltr'><strong>Ste-</strong></span> <span class='ocrx_word' id='word_1_687' title='bbox 3734 4276 3741 4285; x_wconf 72' lang='grc'><strong>’</strong></span> 
     </span>
    </p>
   </div>
   <div class='ocr_carea' id='block_1_104' title="bbox 2102 4380 3673 4453">
    <p class='ocr_par' dir='ltr' id='par_1_104' title="bbox 2102 4380 3673 4453">
     <span class='ocr_line' id='line_1_104' title="bbox 2102 4380 3673 4453; baseline -0.001 -18"><span class='ocrx_word' id='word_1_688' title='bbox 2102 4383 2319 4453; x_wconf 90' lang='lat' dir='ltr'><strong>phanus</strong></span> <span class='ocrx_word' id='word_1_689' title='bbox 2384 4390 2755 4449; x_wconf 81' lang='lat' dir='ltr'><strong>protomartyr</strong></span> <span class='ocrx_word' id='word_1_690' title='bbox 2809 4388 2861 4431; x_wconf 85' lang='lat' dir='ltr'><strong>et</strong></span> <span class='ocrx_word' id='word_1_691' title='bbox 2920 4380 3347 4448; x_wconf 85' lang='lat' dir='ltr'><strong>protodiacouus</strong></span> <span class='ocrx_word' id='word_1_692' title='bbox 3401 4381 3673 4449; x_wconf 71' lang='lat' dir='ltr'><strong>lapidibus</strong></span> 
     </span>
    </p>
   </div>
   <div class='ocr_carea' id='block_1_105' title="bbox 2103 4469 3670 4541">
    <p class='ocr_par' dir='ltr' id='par_1_105' title="bbox 2103 4469 3670 4541">
     <span class='ocr_line' id='line_1_105' title="bbox 2103 4469 3670 4541; baseline -0.001 -13"><span class='ocrx_word' id='word_1_693' title='bbox 2103 4483 2189 4528; x_wconf 86' lang='lat' dir='ltr'><strong>est</strong></span> <span class='ocrx_word' id='word_1_694' title='bbox 2232 4470 2713 4527; x_wconf 72' lang='lat' dir='ltr'><strong>occisus.‘Simon</strong></span> <span class='ocrx_word' id='word_1_695' title='bbox 2770 4486 2962 4540; x_wconf 87' lang='lat' dir='ltr'><strong>magus</strong></span> <span class='ocrx_word' id='word_1_696' title='bbox 3018 4487 3043 4522; x_wconf 91' lang='lat' dir='ltr'><strong>a</strong></span> <span class='ocrx_word' id='word_1_697' title='bbox 3108 4469 3385 4541; x_wconf 86' lang='lat' dir='ltr'><strong>Philippo,</strong></span> <span class='ocrx_word' id='word_1_698' title='bbox 3446 4490 3553 4527; x_wconf 91' lang='lat' dir='ltr'><strong>uno</strong></span> <span class='ocrx_word' id='word_1_699' title='bbox 3606 4492 3670 4527; x_wconf 72' lang='lat' dir='ltr'><strong>ex</strong></span> 
     </span>
    </p>
   </div>
   <div class='ocr_carea' id='block_1_106' title="bbox 2106 4560 3671 4635">
    <p class='ocr_par' dir='ltr' id='par_1_106' title="bbox 2106 4560 3671 4635">
     <span class='ocr_line' id='line_1_106' title="bbox 2106 4560 3671 4635; baseline -0.003 -13"><span class='ocrx_word' id='word_1_700' title='bbox 2106 4577 2313 4635; x_wconf 87' lang='lat' dir='ltr'><strong>septem</strong></span> <span class='ocrx_word' id='word_1_701' title='bbox 2350 4562 2696 4624; x_wconf 87' lang='lat' dir='ltr'><strong>diaconibus,</strong></span> <span class='ocrx_word' id='word_1_702' title='bbox 2736 4563 2789 4615; x_wconf 92' lang='lat' dir='ltr'><strong>in</strong></span> <span class='ocrx_word' id='word_1_703' title='bbox 2825 4560 3127 4615; x_wconf 83' lang='lat' dir='ltr'><strong>Samariam</strong></span> <span class='ocrx_word' id='word_1_704' title='bbox 3165 4562 3526 4618; x_wconf 85' lang='lat' dir='ltr'><strong>descendente</strong></span> <span class='ocrx_word' id='word_1_705' title='bbox 3556 4567 3671 4617; x_wconf 77' lang='lat' dir='ltr'><strong>ca:-</strong></span> 
     </span>
    </p>
   </div>
   <div class='ocr_carea' id='block_1_107' title="bbox 2102 4652 3673 4725">
    <p class='ocr_par' dir='ltr' id='par_1_107' title="bbox 2102 4652 3673 4725">
     <span class='ocr_line' id='line_1_107' title="bbox 2102 4652 3673 4725; baseline -0.002 -13"><span class='ocrx_word' id='word_1_706' title='bbox 2102 4659 2209 4713; x_wconf 90' lang='lat' dir='ltr'><strong>lide</strong></span> <span class='ocrx_word' id='word_1_707' title='bbox 2247 4657 2555 4725; x_wconf 82' lang='lat' dir='ltr'><strong>baptizatus</strong></span> <span class='ocrx_word' id='word_1_708' title='bbox 2582 4663 2685 4709; x_wconf 91' lang='lat' dir='ltr'><strong>est.</strong></span> <span class='ocrx_word' id='word_1_709' title='bbox 2716 4652 2869 4709; x_wconf 88' lang='lat' dir='ltr'><strong>Unde</strong></span> <span class='ocrx_word' id='word_1_710' title='bbox 2896 4662 2949 4706; x_wconf 90' lang='lat' dir='ltr'><strong>et</strong></span> <span class='ocrx_word' id='word_1_711' title='bbox 2984 4653 3035 4705; x_wconf 91' lang='lat' dir='ltr'><strong>hi</strong></span> <span class='ocrx_word' id='word_1_712' title='bbox 3081 4654 3171 4719; x_wconf 83' lang='lat' dir='ltr'><strong>qui</strong></span> <span class='ocrx_word' id='word_1_713' title='bbox 3231 4653 3297 4706; x_wconf 91' lang='lat' dir='ltr'><strong>ab</strong></span> <span class='ocrx_word' id='word_1_714' title='bbox 3340 4654 3457 4723; x_wconf 89' lang='lat' dir='ltr'><strong>ipso</strong></span> <span class='ocrx_word' id='word_1_715' title='bbox 3500 4672 3673 4725; x_wconf 86' lang='lat' dir='ltr'><strong>usque</strong></span> 
     </span>
    </p>
   </div>
   <div class='ocr_carea' id='block_1_108' title="bbox 2103 4746 3673 4817">
    <p class='ocr_par' dir='ltr' id='par_1_108' title="bbox 2103 4746 3673 4817">
     <span class='ocr_line' id='line_1_108' title="bbox 2103 4746 3673 4817; baseline -0.004 -14"><span class='ocrx_word' id='word_1_716' title='bbox 2103 4751 2267 4803; x_wconf 91' lang='lat' dir='ltr'><strong>modo</strong></span> <span class='ocrx_word' id='word_1_717' title='bbox 2309 4747 2576 4817; x_wconf 81' lang='lat' dir='ltr'><strong>baptizari</strong></span> <span class='ocrx_word' id='word_1_718' title='bbox 2618 4746 2971 4808; x_wconf 84' lang='lat' dir='ltr'><strong>simulantur,</strong></span> <span class='ocrx_word' id='word_1_719' title='bbox 3007 4746 3224 4813; x_wconf 77' lang='lat' dir='ltr'><strong>penitus</strong></span> <span class='ocrx_word' id='word_1_720' title='bbox 3259 4759 3385 4800; x_wconf 91' lang='lat' dir='ltr'><strong>sunt</strong></span> <span class='ocrx_word' id='word_1_721' title='bbox 3412 4762 3439 4799; x_wconf 92' lang='lat' dir='ltr'><strong>a</strong></span> <span class='ocrx_word' id='word_1_722' title='bbox 3473 4748 3673 4801; x_wconf 55' lang='lat' dir='ltr'><strong>divinis</strong></span> 
     </span>
    </p>
   </div>
   <div class='ocr_carea' id='block_1_109' title="bbox 2103 4836 3745 4906">
    <p class='ocr_par' dir='ltr' id='par_1_109' title="bbox 2103 4836 3745 4906">
     <span class='ocr_line' id='line_1_109' title="bbox 2103 4836 3745 4906; baseline -0.001 -11"><span class='ocrx_word' id='word_1_723' title='bbox 2103 4840 2382 4895; x_wconf 89' lang='lat' dir='ltr'><strong>mandatis</strong></span> <span class='ocrx_word' id='word_1_724' title='bbox 2431 4850 2483 4891; x_wconf 92' lang='lat' dir='ltr'><strong>et</strong></span> <span class='ocrx_word' id='word_1_725' title='bbox 2530 4836 2877 4905; x_wconf 88' lang='lat' dir='ltr'><strong>dogmatibus</strong></span> <span class='ocrx_word' id='word_1_726' title='bbox 2924 4836 3107 4898; x_wconf 91' lang='lat' dir='ltr'><strong>alieni,</strong></span> <span class='ocrx_word' id='word_1_727' title='bbox 3152 4851 3259 4888; x_wconf 87' lang='lat' dir='ltr'><strong>non</strong></span> <span class='ocrx_word' id='word_1_728' title='bbox 3310 4837 3674 4906; x_wconf 85' lang='lat' dir='ltr'><strong>suscipientes</strong></span> <span class='ocrx_word' id='word_1_729' title='bbox 3740 4894 3745 4899; x_wconf 64' lang='grc'><strong>,</strong></span> 
     </span>
    </p>
   </div>
   <div class='ocr_carea' id='block_1_110' title="bbox 2105 4929 3673 4997">
    <p class='ocr_par' dir='ltr' id='par_1_110' title="bbox 2105 4929 3673 4997">
     <span class='ocr_line' id='line_1_110' title="bbox 2105 4929 3673 4997; baseline -0.002 -9"><span class='ocrx_word' id='word_1_730' title='bbox 2105 4934 2173 4988; x_wconf 91' lang='lat' dir='ltr'><strong>de</strong></span> <span class='ocrx_word' id='word_1_731' title='bbox 2204 4932 2607 4986; x_wconf 87' lang='lat' dir='ltr'><strong>resurrectione</strong></span> <span class='ocrx_word' id='word_1_732' title='bbox 2632 4930 2877 4991; x_wconf 89' lang='lat' dir='ltr'><strong>verbum,</strong></span> <span class='ocrx_word' id='word_1_733' title='bbox 2912 4945 3086 4997; x_wconf 87' lang='lat' dir='ltr'><strong>neque</strong></span> <span class='ocrx_word' id='word_1_734' title='bbox 3114 4929 3379 4982; x_wconf 83' lang='lat' dir='ltr'><strong>visibilem</strong></span> <span class='ocrx_word' id='word_1_735' title='bbox 3408 4930 3673 4985; x_wconf 88' lang='lat' dir='ltr'><strong>mundum</strong></span> 
     </span>
    </p>
   </div>
   <div class='ocr_carea' id='block_1_111' title="bbox 2108 5020 3673 5089">
    <p class='ocr_par' dir='ltr' id='par_1_111' title="bbox 2108 5020 3673 5089">
     <span class='ocr_line' id='line_1_111' title="bbox 2108 5020 3673 5089; baseline -0.003 -11"><span class='ocrx_word' id='word_1_736' title='bbox 2108 5025 2201 5078; x_wconf 88' lang='lat' dir='ltr'><strong>Dei</strong></span> <span class='ocrx_word' id='word_1_737' title='bbox 2248 5039 2369 5079; x_wconf 90' lang='lat' dir='ltr'><strong>esse</strong></span> <span class='ocrx_word' id='word_1_738' title='bbox 2412 5025 2678 5084; x_wconf 87' lang='lat' dir='ltr'><strong>dicentes,</strong></span> <span class='ocrx_word' id='word_1_739' title='bbox 2712 5036 3037 5089; x_wconf 88' lang='lat' dir='ltr'><strong>omnemque</strong></span> <span class='ocrx_word' id='word_1_740' title='bbox 3087 5020 3505 5074; x_wconf 88' lang='lat' dir='ltr'><strong>abominabilem</strong></span> <span class='ocrx_word' id='word_1_741' title='bbox 3554 5031 3673 5075; x_wconf 91' lang='lat' dir='ltr'><strong>tur-</strong></span> 
     </span>
    </p>
   </div>
   <div class='ocr_carea' id='block_1_112' title="bbox 2109 5109 3676 5185">
    <p class='ocr_par' dir='ltr' id='par_1_112' title="bbox 2109 5109 3676 5185">
     <span class='ocr_line' id='line_1_112' title="bbox 2109 5109 3676 5185; baseline -0.002 -18"><span class='ocrx_word' id='word_1_742' title='bbox 2109 5128 2341 5185; x_wconf 79' lang='lat' dir='ltr'><strong>pemque</strong></span> <span class='ocrx_word' id='word_1_743' title='bbox 2386 5112 2759 5180; x_wconf 79' lang='lat' dir='ltr'><strong>Operatiouem</strong></span> <span class='ocrx_word' id='word_1_744' title='bbox 2815 5119 3107 5163; x_wconf 87' lang='lat' dir='ltr'><strong>sectantes.</strong></span> <span class='ocrx_word' id='word_1_745' title='bbox 3159 5109 3253 5164; x_wconf 85' lang='lat' dir='ltr'><strong>llis</strong></span> <span class='ocrx_word' id='word_1_746' title='bbox 3304 5110 3524 5178; x_wconf 91' lang='lat' dir='ltr'><strong>quidem</strong></span> <span class='ocrx_word' id='word_1_747' title='bbox 3572 5112 3676 5164; x_wconf 81' lang='lat' dir='ltr'><strong>mi-</strong></span> 
     </span>
    </p>
   </div>
   <div class='ocr_carea' id='block_1_113' title="bbox 2112 5198 3674 5275">
    <p class='ocr_par' dir='ltr' id='par_1_113' title="bbox 2112 5198 3674 5275">
     <span class='ocr_line' id='line_1_113' title="bbox 2112 5198 3674 5275; baseline -0.004 -14"><span class='ocrx_word' id='word_1_748' title='bbox 2112 5207 2251 5261; x_wconf 76' lang='lat' dir='ltr'><strong>seris</strong></span> <span class='ocrx_word' id='word_1_749' title='bbox 2287 5213 2491 5275; x_wconf 90' lang='lat' dir='ltr'><strong>patrem</strong></span> <span class='ocrx_word' id='word_1_750' title='bbox 2528 5218 2587 5256; x_wconf 90' lang='lat' dir='ltr'><strong>se</strong></span> <span class='ocrx_word' id='word_1_751' title='bbox 2624 5202 2927 5255; x_wconf 89' lang='lat' dir='ltr'><strong>vocandum</strong></span> <span class='ocrx_word' id='word_1_752' title='bbox 2967 5200 3217 5265; x_wconf 90' lang='lat' dir='ltr'><strong>tradidit,</strong></span> <span class='ocrx_word' id='word_1_753' title='bbox 3272 5198 3674 5271; x_wconf 81' lang='lat' dir='ltr'><strong>imaginemque</strong></span> 
     </span>
    </p>
   </div>
   <div class='ocr_carea' id='block_1_114' title="bbox 2107 5291 3669 5358">
    <p class='ocr_par' dir='ltr' id='par_1_114' title="bbox 2107 5291 3669 5358">
     <span class='ocr_line' id='line_1_114' title="bbox 2107 5291 3669 5358; baseline -0.006 -3"><span class='ocrx_word' id='word_1_754' title='bbox 2107 5300 2259 5355; x_wconf 68' lang='grc' dir='ltr'><strong>,ἰωῆς</strong></span> <span class='ocrx_word' id='word_1_755' title='bbox 2291 5297 2489 5350; x_wconf 86' lang='lat' dir='ltr'><strong>factam</strong></span> <span class='ocrx_word' id='word_1_756' title='bbox 2526 5296 2747 5349; x_wconf 88' lang='lat' dir='ltr'><strong>nomine</strong></span> <span class='ocrx_word' id='word_1_757' title='bbox 2782 5291 3150 5358; x_wconf 87' lang='lat' dir='ltr'><strong>adorandam;</strong></span> <span class='ocrx_word' id='word_1_758' title='bbox 3195 5292 3453 5347; x_wconf 87' lang='lat' dir='ltr'><strong>llelenam</strong></span> <span class='ocrx_word' id='word_1_759' title='bbox 3489 5305 3669 5355; x_wconf 78' lang='lat' dir='ltr'><strong>autem</strong></span> 
     </span>
    </p>
   </div>
   <div class='ocr_carea' id='block_1_115' title="bbox 2112 5385 3674 5455">
    <p class='ocr_par' dir='ltr' id='par_1_115' title="bbox 2112 5385 3674 5455">
     <span class='ocr_line' id='line_1_115' title="bbox 2112 5385 3674 5455; baseline -0.003 -12"><span class='ocrx_word' id='word_1_760' title='bbox 2112 5388 2484 5447; x_wconf 87' lang='lat' dir='ltr'><strong>meretricem,</strong></span> <span class='ocrx_word' id='word_1_761' title='bbox 2506 5401 2628 5455; x_wconf 64' lang='lat' dir='ltr'><strong>quae</strong></span> <span class='ocrx_word' id='word_1_762' title='bbox 2647 5400 2770 5437; x_wconf 85' lang='lat' dir='ltr'><strong>eum</strong></span> <span class='ocrx_word' id='word_1_763' title='bbox 2809 5385 2925 5451; x_wconf 92' lang='lat' dir='ltr'><strong>ipso</strong></span> <span class='ocrx_word' id='word_1_764' title='bbox 2951 5392 3087 5449; x_wconf 88' lang='lat' dir='ltr'><strong>erat,</strong></span> <span class='ocrx_word' id='word_1_765' title='bbox 3119 5398 3219 5454; x_wconf 87' lang='lat' dir='ltr'><strong>pro</strong></span> <span class='ocrx_word' id='word_1_766' title='bbox 3252 5385 3461 5438; x_wconf 79' lang='lat' dir='ltr'><strong>Athena</strong></span> <span class='ocrx_word' id='word_1_767' title='bbox 3487 5386 3674 5439; x_wconf 89' lang='lat' dir='ltr'><strong>docuit</strong></span> 
     </span>
    </p>
   </div>
   <div class='ocr_carea' id='block_1_116' title="bbox 2112 5476 3669 5540">
    <p class='ocr_par' dir='ltr' id='par_1_116' title="bbox 2112 5476 3669 5540">
     <span class='ocr_line' id='line_1_116' title="bbox 2112 5476 3669 5540; baseline -0.002 -6"><span class='ocrx_word' id='word_1_768' title='bbox 2112 5479 2353 5535; x_wconf 88' lang='lat' dir='ltr'><strong>adorari.</strong></span> <span class='ocrx_word' id='word_1_769' title='bbox 2401 5478 2574 5532; x_wconf 88' lang='lat' dir='ltr'><strong>Porro</strong></span> <span class='ocrx_word' id='word_1_770' title='bbox 2618 5477 2821 5531; x_wconf 72' lang='lat' dir='ltr'><strong>Judzeis</strong></span> <span class='ocrx_word' id='word_1_771' title='bbox 2859 5476 3136 5531; x_wconf 87' lang='lat' dir='ltr'><strong>Christmu</strong></span> <span class='ocrx_word' id='word_1_772' title='bbox 3168 5492 3227 5530; x_wconf 87' lang='lat' dir='ltr'><strong>se</strong></span> <span class='ocrx_word' id='word_1_773' title='bbox 3280 5476 3492 5530; x_wconf 87' lang='lat' dir='ltr'><strong>dicebat</strong></span> <span class='ocrx_word' id='word_1_774' title='bbox 3525 5492 3669 5540; x_wconf 84' lang='lat' dir='ltr'><strong>esse,</strong></span> 
     </span>
    </p>
   </div>
   <div class='ocr_carea' id='block_1_117' title="bbox 2109 5567 3671 5639">
    <p class='ocr_par' dir='ltr' id='par_1_117' title="bbox 2109 5567 3671 5639">
     <span class='ocr_line' id='line_1_117' title="bbox 2109 5567 3671 5639; baseline -0.006 -11"><span class='ocrx_word' id='word_1_775' title='bbox 2109 5582 2165 5629; x_wconf 91' lang='lat' dir='ltr'><strong>et</strong></span> <span class='ocrx_word' id='word_1_776' title='bbox 2204 5588 2310 5626; x_wconf 83' lang='lat' dir='ltr'><strong>non</strong></span> <span class='ocrx_word' id='word_1_777' title='bbox 2363 5580 2591 5639; x_wconf 89' lang='lat' dir='ltr'><strong>patrem.</strong></span> <span class='ocrx_word' id='word_1_778' title='bbox 2660 5568 2888 5623; x_wconf 87' lang='lat' dir='ltr'><strong>Pontius</strong></span> <span class='ocrx_word' id='word_1_779' title='bbox 2935 5567 3142 5623; x_wconf 83' lang='lat' dir='ltr'><strong>Pilatus</strong></span> <span class='ocrx_word' id='word_1_780' title='bbox 3185 5569 3287 5621; x_wconf 85' lang='lat' dir='ltr'><strong>sub</strong></span> <span class='ocrx_word' id='word_1_781' title='bbox 3334 5567 3398 5621; x_wconf 86' lang='lat' dir='ltr'><strong>C.</strong></span> <span class='ocrx_word' id='word_1_782' title='bbox 3436 5568 3671 5627; x_wconf 73' lang='lat' dir='ltr'><strong>Caesare,</strong></span> 
     </span>
    </p>
   </div>
   <div class='ocr_carea' id='block_1_118' title="bbox 2113 5658 3678 5738">
    <p class='ocr_par' dir='ltr' id='par_1_118' title="bbox 2113 5658 3678 5738">
     <span class='ocr_line' id='line_1_118' title="bbox 2113 5658 3678 5738; baseline -0.01 -17"><span class='ocrx_word' id='word_1_783' title='bbox 2113 5675 2311 5738; x_wconf 86' lang='lat' dir='ltr'><strong>quarto</strong></span> <span class='ocrx_word' id='word_1_784' title='bbox 2346 5664 2679 5733; x_wconf 86' lang='lat' dir='ltr'><strong>imperatore</strong></span> <span class='ocrx_word' id='word_1_785' title='bbox 2718 5658 3112 5724; x_wconf 83' lang='lat' dir='ltr'><strong>Romanorum,</strong></span> <span class='ocrx_word' id='word_1_786' title='bbox 3142 5659 3233 5729; x_wconf 87' lang='lat' dir='ltr'><strong>qui</strong></span> <span class='ocrx_word' id='word_1_787' title='bbox 3268 5659 3549 5713; x_wconf 87' lang='lat' dir='ltr'><strong>dicebatur</strong></span> <span class='ocrx_word' id='word_1_788' title='bbox 3581 5660 3678 5712; x_wconf 82' lang='lat' dir='ltr'><strong>Ca.</strong></span> 
     </span>
    </p>
   </div>
   <div class='ocr_carea' id='block_1_119' title="bbox 3200 5928 3271 5988">
    <p class='ocr_par' dir='ltr' id='par_1_119' title="bbox 3200 5928 3271 5988">
     <span class='ocr_line' id='line_1_119' title="bbox 3200 5928 3271 5988; baseline -0.014 -2"><span class='ocrx_word' id='word_1_789' title='bbox 3200 5928 3271 5988; x_wconf 68' lang='lat' dir='ltr'><strong>3P5</strong></span> 
     </span>
    </p>
   </div>
  </div>
