4440 6446
808 364 942 426 1195

1899 357 2294 420 ANASTASII
2337 359 2959 421 BIBIJOTHECARII

3921 370 4057 436 1196

800 473 989 541 ligula,
1023 473 1073 525 in
1108 472 1345 526 diversas
1379 486 1655 525 aerumnas
1692 469 1963 531 incidens,
1998 477 2055 520 ut
2090 464 2366 519 Romano-
2402 474 2444 527 Α
2473 467 2689 522 Caesare
2751 485 2850 538 per
2895 481 3209 539 operantem
3250 473 3558 531 dtemonum
3614 490 3785 534 artem
3823 484 4052 539 virtutes

798 582 915 620 mm
951 568 1102 620 aiunt
1136 565 1583 635 historiographi,
1615 565 1698 619 sui
1742 564 1917 632 ipsius
1958 559 2139 614 factus
2169 567 2253 612 est
2286 560 2372 612 in-

799 659 1080 713 terfector.
1122 658 1221 713 llic
1260 669 1313 711 et
1340 656 1544 711 Julium
1592 657 1825 717 Canum,
1854 670 2019 707 unum
2056 670 2120 707 ev
2170 652 2372 707 Stoicis

803 752 1163 821 philosophis,
1198 750 1498 804 interfecit.

870 845 1059 897 Mundi
1086 859 1232 897 anno
1263 843 1420 903 5559,
1453 840 1649 894 divinae
1678 838 2075 893 incarnationis
2108 850 2253 889 anno
2280 835 2369 899 59,

801 936 1061 1004 Agrippa,
1101 935 1195 1003 qui
1218 941 1270 986 et
1299 930 1568 989 Herodes.
1603 930 1831 983 llerodis
1858 930 2020 988 lilius,
2056 927 2370 980 Judaeorum

800 1034 1031 1096 quartus
1052 1025 1359 1094 alienigena
1385 1040 1503 1088 rex,
1531 1038 1654 1076 cum
1682 1022 1784 1075 sub
1808 1019 1927 1075 Tib.
1946 1019 2159 1073 Caesare
2182 1017 2374 1074 fuisset

800 1118 1064 1172 custodite
1089 1118 1433 1186 mancipatus
1456 1124 1676 1184 propter
1695 1112 2079 1166 accusationes
2111 1111 2373 1165 adversus

804 1223 1009 1279 patrem
1065 1210 1340 1279 prolatas,
1398 1208 1593 1263 deinde
1648 1221 1675 1257 a
1714 1206 1947 1258 vinculis
2006 1203 2291 1265 dimissus,
2345 1219 2373 1256 a

800 1304 1104 1357 C.C:esare
1154 1318 1246 1356 rex
1307 1301 1616 1355 Judaorum
1667 1301 2078 1352 transmittitur.
2131 1296 2375 1351 Herodes

799 1404 1002 1459 autem,
1040 1394 1206 1463 hujus
1238 1403 1411 1462 pater,
1467 1391 1609 1460 apud
1663 1390 1989 1459 Lugdunum
2025 1389 2213 1443 Gallia:
2246 1389 2377 1443 civi-

800 1498 967 1541 tatem
998 1488 1191 1541 exsilio
1224 1486 1497 1553 relegatus
1538 1493 1781 1535 extrema
1819 1490 2065 1550 egestate
2107 1495 2215 1533 una
2250 1495 2372 1532 cum

799 1579 1107 1635 Herodiade
1161 1578 1407 1630 adultera
1453 1576 1708 1628 moritur.
1760 1574 2005 1627 Puellam
2056 1587 2205 1630 vero,
2254 1586 2375 1637 qua:

800 1675 1097 1729 saltaverat
1133 1669 1185 1722 in
1222 1668 1582 1722 decollatione
1616 1664 1844 1718 Joannis
1885 1662 2158 1731 Baptistze,
2196 1662 2371 1714 vivam

801 1778 946 1819 terra
975 1762 1210 1832 glutivit.
1255 1760 1353 1813 His
1407 1758 1747 1825 temporibus
1779 1755 2091 1823 Philippus,
2125 1769 2266 1805 unus
2309 1768 2372 1805 ex

2477 562 2719 629 magicas
2769 560 2979 618 faciens
3027 567 3077 618 in
3134 566 3266 621 urbe
3309 580 3487 623 vestra
3524 573 3669 640 regia
3712 574 3882 627 Roma
3914 578 4052 631 dem

2473 652 2919 716 existimabatur,
2945 667 2998 710 et
3023 667 3204 712 statua
3238 675 3265 713 a
3308 662 3458 718 vobis
3486 674 3545 716 ut
3584 664 3725 720 Deus
3752 668 4053 724 honoratur

2476 741 2530 793 in
2558 740 2739 797 Tiberi
2780 745 3000 800 flumine
3038 750 3179 803 inter
3210 752 3349 806 duos
3375 762 3597 823 pontes,
3628 757 3836 814 habens
3860 776 4051 830 super-

2476 835 2833 904 scriptionem
2871 839 3119 895 Latinam
3150 843 3322 898 hanc:
3360 845 3564 899 Simoni
3604 852 3699 902 deo
3744 866 3948 908 sancto.
3986 854 4050 907 Et

2478 944 2611 996 pene
2638 943 2829 985 omnes
2859 933 3077 1002 quidem
3108 935 3460 1001 Samaritani,
3485 942 3643 1007 pauci
3681 955 3857 998 autem
3885 947 4050 999 etiam

2478 1020 2531 1073 in
2578 1021 2701 1075 aliis
2746 1025 3037 1090 gentibus,
3093 1034 3354 1095 tanquam
3402 1031 3636 1099 primum
3671 1034 3831 1087 deum
3898 1038 4051 1090 illum

2477 1114 2805 1169 confitentes
2845 1114 3101 1173 adorant.

2548 1203 2734 1259 Mundi
2769 1223 2913 1261 anno
2944 1209 3103 1274 5550,
3140 1212 3340 1265 divina:
3364 1213 3758 1272 incarnationis
3788 1236 3929 1274 anno
3956 1222 4047 1280 50.

2477 1296 2739 1353 Claudius
2766 1301 3019 1370 imperat.
3044 1303 3370 1371 Apollonius
3387 1320 3453 1357 ex
3476 1304 3855 1376 Tyancnsibus
3884 1313 4051 1366 Italia:

2480 1386 2877 1459 Pythagoricus
2914 1394 3275 1463 phiIOSOphus
3313 1398 3499 1466 pollet,
3537 1399 3606 1452 ita
3642 1411 3698 1453 ut
3742 1402 3887 1457 hunc
3932 1407 4050 1475 ipso

2480 1497 2697 1551 quoque
2728 1484 3032 1555 Pythagora
3077 1484 3446 1545 Philostratus
3481 1498 3533 1543 et
3571 1491 3658 1543 alii
3697 1495 3926 1549 acrioris
3964 1500 4048 1551 in-

2479 1577 2621 1645 genii
2674 1575 2845 1630 fuisse
2899 1580 3235 1633 describant.
3286 1578 3382 1635 His
3440 1584 3779 1652 temporibus
3823 1590 3935 1640 visa
3968 1602 4053 1643 εμι

2479 1667 2597 1721 avis
2626 1668 2712 1721 illa
2746 1666 2997 1733 Phoenix,
3019 1670 3478 1740 quemadmodum
3514 1675 3762 1729 scribunt
3789 1676 4047 1748 Egyptii.

2479 1770 2601 1819 qua:
2653 1764 2777 1808 ante
2822 1756 2927 1810 654
2966 1771 3143 1812 annos
3192 1770 3542 1827 apparuerat.
3584 1760 3649 1815 Et
3686 1766 3955 1834 Dexippus
3994 1772 4049 1822 in

800 1866 1008 1927 septem
1041 1852 1389 1913 diaconibus,
1426 1848 1717 1901 resistebat
1750 1844 1959 1898 Simoni
1989 1845 2056 1897 de
2086 1846 2204 1896 vico
2234 1842 2379 1895 Gitio
2412 1843 2452 1896 Β
2485 1844 2586 1897 hoc
2620 1848 2941 1901 concordat,

801 1947 1085 2007 Samaria,
1140 1944 1231 2012 qui
1292 1942 1456 1995 etiam
1501 1938 1700 1992 dicitur
1732 1937 1941 2006 primus
1990 1951 2055 1988 ex
2114 1934 2370 2003 gentibus

799 2041 1112 2097 eunuchum
1151 2035 1463 2100 EthiOpt-m
1497 2031 1824 2099 baptizasse.

870 2134 1055 2187 Mundi
1096 2145 1241 2184 anno
1273 2126 1432 2188 5540,
1462 2124 1659 2177 divina:
1685 2119 2083 2174 incarnationis
2109 2132 2254 2170 anno
2281 2116 2371 2180 40,

804 2229 995 2281 Petrus
1038 2223 1297 2294 princeps
1324 2218 1723 2286 apostolorum,
1756 2212 2096 2266 Antiochena
2146 2208 2373 2261 fundata

803 2320 979 2390 primo
1016 2313 1285 2375 Ecclesia,
1323 2308 1547 2361 Romam
1588 2306 1762 2375 pergit
1796 2303 2135 2373 evangelium
2178 2298 2374 2369 praedi-

802 2420 1048 2467 caturus,
1100 2404 1189 2457 ubi
1225 2401 1436 2470 primus
1474 2413 1651 2466 usque
1690 2396 1755 2448 ad
1788 2394 2151 2447 finem'suum
2185 2390 2375 2443 Eccle-

803 2504 898 2555 διε
940 2496 1178 2569 praefuit.
1234 2494 1503 2548 Praeterea
1559 2489 1790 2558 primam
1845 2485 2132 2553 epistolam
2198 2497 2373 2545 suam,

802 2609 926 2663 qua:
960 2594 1026 2643 de
1061 2586 1349 2642 eatholicis
1392 2593 1497 2646 est,
1533 2598 1561 2634 a
1599 2579 1769 2632 Ruina
1805 2578 1976 2639 misit,
2003 2584 2062 2628 ιιι
2108 2573 2377 2626 Eusebius

803 2683 1022 2746 scribit,
1066 2688 1115 2734 et
1169 2677 1410 2732 Marcum
1465 2674 1893 2741 evangelistam,
1951 2669 2044 2739 qui
2107 2678 2235 2719 tunc
2271 2665 2377 2718 llo-

806 2774 986 2827 manis
1031 2768 1345 2840 petentibus
1391 2773 1723 2834 exposuerat
1763 2759 2126 2829 evangelium,
2159 2768 2217 2810 ut
2255 2757 2379 2811 Cle-

807 2881 961 2919 mens
991 2872 1044 2917 et
1066 2861 1256 2931 papias
1281 2856 1728 2924 llieropolitanus
1756 2852 2046 2921 episc0pus
2069 2849 2377 2920 perhibent.

807 2955 911 3008 Alii
949 2969 1081 3008 sane
1115 2953 1256 3003 hanc
1297 2951 1364 3001 ab
1415 2946 1588 3014 Joppe
1621 2946 1847 2997 missam
1883 2944 2227 2997 existimant.
2267 2940 2381 2994 lloc

804 3062 1026 3118 quoque
1078 3055 1321 3111 tempore
1356 3040 1507 3092 Pauli
1567 3046 1619 3090 et
1655 3035 1782 3089 Sil-.e
1841 3034 1945 3088 iter
1998 3035 2051 3086 in
2103 3032 2278 3087 Derbe
2328 3042 2382 3085 et

811 3141 1019 3209 Lystris
1073 3136 1276 3202 agitur.
1320 3134 1372 3184 in
1419 3129 1652 3198 Phrygia
1704 3142 1921 3195 quoque
1968 3140 2031 3177 ac
2094 3126 2297 3179 Isauria
2331 3135 2381 3178 et

808 3229 1001 3282 Cilicia
1033 3235 1087 3278 et
1119 3224 1333 3278 Galatia
1371 3221 1533 3274 simul
1574 3228 1627 3272 et
1661 3216 1898 3270 Troade.
1926 3215 2081 3269 Pauli
2113 3230 2304 3267 rursus
2329 3224 2383 3267 et

811 3320 978 3374 Marci
998 3329 1141 3380 acta,
1168 3331 1287 3385 qua:
1308 3312 1573 3381 Philippis
1594 3326 1655 3364 ac
1674 3308 2078 3363 Thessalonicae
2098 3318 2151 3360 et
2183 3306 2385 3360 Beroeaa

810 3428 1050 3483 gessere,
1088 3418 1404 3462 narrantur.
1460 3404 1661 3458 Paulus
1722 3404 1849 3454 item
1901 3399 2098 3467 Ephesi
2148 3408 2201 3451 et
2240 3399 2383 3450 Ceu-

812 3505 1017 3568 t'lll'elS,
1048 3500 1302 3555 Cmsariae
1348 3511 1567 3567 quoque
1598 3504 1649 3547 et
1685 3492 2008 3554 Antiochiae,
2045 3492 2099 3543 in
2151 3490 2300 3542 Italia
2332 3498 2382 3543 et

814 3597 1046 3666 Phrygia
1081 3592 1369 3646 laboravit.
1409 3587 1565 3641 Pauli
1619 3598 1804 3645 artus,
1847 3599 1985 3653 quos
2018 3582 2215 3650 Ephesi
2260 3597 2386 3649 pro-

818 3692 933 3759 prie
993 3686 1188 3758 gessit.
1241 3683 1479 3742 Paulus,
1528 3694 1650 3748 quae
1684 3676 1897 3730 Troade
1938 3690 2001 3729 ac
2053 3675 2216 3728 Mileti
2266 3691 2385 3742 ges-

820 3783 913 3843 sit,
976 3776 1229 3848 Ephesiis
1274 3772 1704 3828 commendavit.
1752 3770 1883 3835 Quae
1937 3768 1990 3820 in
2047 3766 2386 3821 Hierusalem

816 3892 847 3930 a
898 3872 1101 3928 Judteis
1170 3878 1319 3937 gesta
1366 3878 1494 3921 sunt
1554 3872 1747 3917 contra
1810 3863 2065 3917 Paulum.
2122 3858 2388 3928 Paulique

817 3967 1071 4020 Caesarius
1106 3972 1301 4017 contra
1338 3957 1569 4012 Felicem
1600 3965 1654 4010 et
1701 3954 2023 4009 Drusillam.
2056 3951 2189 4006 item
2232 3950 2389 4003 Pauli

818 4075 939 4125 quae
969 4058 1232 4111 Caesarea:
1272 4052 1524 4122 gesserit,
1561 4048 1644 4102 vel
1675 4046 1845 4101 Judaei
1878 4047 2143 4099 adversus
2182 4043 2385 4112 ipsum.

820 4152 1035 4206 Marcus
1064 4144 1399 4214 evangelista
1433 4140 1667 4210 [Egypto
1697 4150 1749 4191 et
1780 4136 2123 4189 Alexandria:
2152 4133 2393 4189 salutare

824 4243 1048 4297 verbum
1081 4233 1505 4303 evangelizabat.
1528 4230 1879 4284 Antiocheam
1903 4227 2159 4282 Ecclesia:
2183 4227 2393 4296 primus

826 4338 1119 4403 episcopus
1161 4323 1539 4379 Euodius-luit
1569 4322 1730 4375 annis
1758 4319 1967 4389 viginti-

897 4424 1081 4477 Mundi
1112 4436 1255 4473 anno
1285 4417 1443 4482 5540,
1474 4415 1669 4466 divina:
1699 4410 2094 4464 incarnationis
2114 4408 2204 4470 40,
2233 4406 2397 4461 Clau-

828 4520 951 4570 uius
1005 4516 1235 4581 imperat
1260 4550 1275 4574 ,
1334 4508 1504 4577 Agabi
1545 4503 1833 4573 prophetia
1878 4500 2019 4555 fame
2071 4516 2166 4570 per
2206 4501 2392 4554 orbem
2427 4524 2473 4581 ι)
2501 4512 2701 4566 troprza
2730 4501 3092 4568 apostolorum
3125 4498 3309 4558 habeo,
3343 4512 3458 4564 qua:
3490 4496 3760 4549 ostendant
3795 4515 3811 4551 :

2482 4594 2728 4663 .volueris
2758 4609 2967 4661 pergere
2992 4591 3077 4644 ria
3108 4590 3272 4657 regali
3299 4604 3415 4656 qua:
3440 4588 3510 4639 ad
3554 4587 3865 4639 Vaticanum
3898 4590 4065 4649 ducit,

828 4610 966 4661 facta
993 4604 1320 4672 completur.
1355 4595 1620 4653 Claudius
1655 4595 1803 4646 cives
1833 4590 2092 4644 Romana:
2119 4589 2272 4644 urbis
2301 4591 2396 4643 de-

829 4699 1077 4752 scribens
1108 4693 1316 4747 invenit
1356 4692 1534 4743 sexies
1567 4689 1714 4741 mille
1748 4685 1913 4737 millia
1952 4683 2079 4737 9H.

903 4788 1087 4843 Mundi
1121 4800 1265 4839 anno
1292 4783 1453 4845 5546,
1487 4782 1684 4832 divinae
1711 4777 2108 4831 incarnationis
2142 4788 2285 4827 anno
2309 4774 2397 4837 46,

836 4885 888 4935 in
925 4881 1118 4933 diebus
1168 4878 1495 4945 Azymorum
1548 4871 1891 4925 dissensione
1930 4868 2071 4921 facta
2104 4868 2159 4920 in
2206 4867 2403 4919 Ilieru;

837 4974 1004 5027 salem
1037 4969 1348 5024 conculcati
1378 4967 1522 5019 circa
1565 4973 1844 5030 portarum
1871 4958 2240 5015 exitusludtm
2281 4975 2403 5028 per-

836 5072 947 5122 iere
1006 5066 1151 5118 circa
1206 5060 1275 5114 '50
1330 5059 1521 5112 millia.
1566 5055 1720 5109 Tunc
1771 5064 1823 5108 et
1869 5052 2011 5122 apud
2045 5052 2403 5105 AthenienScs

836 5156 1210 5230 suprascripta
1236 5160 1317 5204 est
1360 5166 1477 5209 ara,
1508 5146 1693 5217 Ignoto
1725 5148 1839 5198 dco.

907 5244 1109 5298 Justini
1145 5239 1439 5309 philosophi
1471 5246 1519 5289 et
1558 5236 1833 5305 martyris,
1870 5235 1932 5287 (le
1969 5249 2207 5287 sermone
2236 5234 2407 5301 primo

843 5339 911 5391 ad
972 5332 1297 5389 Antoninum
1333 5330 1702 5394 imperatorem
1749 5342 1843 5391 pro
1876 5325 2219 5377 Christianis.
2284 5324 2406 5377 Post

842 5427 1221 5484 ascensionem
1259 5420 1469 5475 Domini
1498 5422 1548 5471 in
1572 5419 1709 5471 caelo
1736 5425 2139 5487 proposuerunt
2164 5417 2411 5469 homines

844 5524 1120 5573 daemones
1153 5513 1420 5584 quosdam
1450 5512 1696 5565 dicentes
1738 5526 1797 5563 se
1826 5526 1946 5562 esse
1977 5509 2143 5571 deos;
2178 5508 2269 5576 qui
2305 5524 2409 5560 non

846 5614 1022 5666 solum
1063 5608 1287 5661 minime
1310 5606 1515 5674 repulsi
1551 5611 1679 5657 sunt
1706 5621 1733 5653 a
1771 5602 1943 5662 vobis,
1968 5602 2059 5654 sed
2095 5610 2415 5654 meruerunt

849 5711 1101 5755 honores.
1127 5697 1400 5751 Simonem
1425 5695 1713 5763 quemdam
1740 5696 2165 5752 Samaratauum,
2190 5692 2283 5760 qui
2316 5690 2416 5743 funt

848 5796 915 5850 de
950 5791 1175 5847 castello
1212 5789 1356 5858 quod
1392 5786 1677 5841 dicebatur
1713 5784 1879 5848 Gitio,
1910 5785 1999 5853 qui
2046 5783 2149 5837 sub
2191 5782 2418 5836 Claudio

2549 1933 2733 1991 anli
2784 1956 2926 1994 anno
2970 1941 3141 2000 5555.
3193 1941 3409 1997 Nerone
3455 1944 3783 2011 imperante,
3831 1950 4050 2003 divinus

2474 2028 2522 2082 ei
2580 2029 2878 2096 Apostolus
2930 2034 3171 2087 secundo
3227 2044 3311 2088 est
3367 2048 3748 2104 przesentatus.
3808 2038 4050 2111 Denique

2480 2120 2655 2187 primo
2702 2136 2825 2174 cum
2875 2121 3019 2177 Nero
3066 2125 3252 2177 mitior
3290 2126 3467 2179 adlmc
3512 2143 3641 2199 erga
3682 2129 4049 2186 Christianum

2479 2211 2675 2280 dogma
2735 2222 3040 2281 teneretur,
3092 2218 3324 2274 audiens
3370 2220 3642 2273 rationem
3683 2222 3802 2292 ejus
3843 2223 4053 2281 dimisl.

2481 2305 2632 2357 illum
2669 2307 2865 2373 spiritu
2918 2306 3275 2376 dispensante
3325 2312 3391 2365 ad
3442 2312 3830 2383 perﬁciendam
3862 2318 4053 2386 prmdi-

2481 2398 2779 2449 catiouem.
2837 2396 3091 2453 Secundo
3129 2417 3258 2456 vero
3295 2404 3410 2473 ipse
3452 2421 3510 2459 se
3540 2407 3833 2475 postulavit
3874 2425 3901 2461 a
3937 2410 4053 2463 Ca:-

2480 2487 2623 2539 saria
2675 2487 2974 2543 Palaestina:
3025 2493 3346 2546 mittendum
3403 2496 3468 2548 ad
3528 2498 3815 2561 C:esarem,
3871 2510 3923 2552 et
3980 2502 4053 2554 ita

2481 2579 2698 2632 demum
2735 2579 2937 2634 Neroni
2973 2583 3148 2636 astitit
3179 2596 3231 2638 et
3264 2590 3585 2656 martyrium
3619 2594 3871 2658 sumpsit.
3903 2590 4053 2646 Unde

2480 2668 2653 2721 Juda-i
2708 2687 2829 2723 cum
2861 2672 3130 2726 vidissent
3179 2676 3325 2743 quod
3368 2680 3421 2729 in
3456 2679 3603 2732 hunc
3657 2681 3885 2735 insidias
3913 2685 4054 2736 occi-

2484 2760 2647 2815 dendi
2682 2763 2944 2829 perficere
2997 2765 3393 2834 nequivissent,
3424 2768 3491 2822 ad
3524 2768 3784 2824 Jacobum
3830 2770 4053 2827 fratrem

2486 2854 2699 2907 Domini
2732 2857 3109 2923 perimendum
3142 2860 3392 2914 conversi
3425 2871 3576 2915 sunt.

2557 2944 2739 2997 Mundi
2773 2962 2919 2999 anno
2955 2948 3117 3010 5565.
3148 2949 3345 3004 divina:
3376 2952 3773 3008 incarnationis
3802 2970 3942 3009 anno
3965 2956 4055 3015 65,

2487 3033 2629 3090 Nero
2666 3038 2920 3107 imperat,
2944 3041 3038 3109 qui
3063 3056 3229 3110 super
3258 3043 3441 3095 omnia
3475 3042 3775 3097 infortunia
3816 3063 3911 3100 sua
3946 3050 4059 3116 pri-

2412 3173 2454 3229 C
2494 3144 2635 3181 mam
2664 3139 2856 3182 contra
2882 3130 3230 3187 Christianos
3249 3136 3683 3202 perSecutionem
3709 3141 4057 3201 monttravit,

2491 3236 2613 3271 cum
2656 3221 2909 3276 videlicet
2938 3222 3134 3278 Petrus
3166 3233 3219 3277 et
3250 3222 3453 3280 Paulus
3486 3227 3654 3279 divini
3696 3231 3925 3295 apostoli
3962 3245 4061 3298 pro

2488 3310 2706 3368 Christo
2740 3315 2984 3385 martyrii
3011 3324 3135 3369 sunt
3161 3331 3331 3386 agone
3362 3319 3633 3382 coronati,
3659 3335 3801 3374 unus
3836 3321 4054 3387 quidem

2489 3405 2744 3469 deorsum
2791 3408 3012 3477 capite,
3068 3418 3128 3462 ut
3184 3410 3300 3478 ipse
3344 3411 3447 3464 sibi
3502 3412 3685 3482 elegit,
3732 3428 4060 3479 suspensos,

2489 3498 2627 3552 alter
2662 3515 2791 3553 vero
2814 3502 2989 3568 capite
3018 3511 3212 3556 sancto
3245 3511 3554 3558 truncatus.
3587 3504 3656 3557 De
3686 3505 3888 3574 quibus
3926 3504 4061 3559 Ter-

2494 3591 2758 3645 tullianus
2787 3591 3066 3645 Romanus
3091 3593 3329 3661 scriptor
3355 3593 3465 3646 haec
3490 3596 3629 3648 inter
3654 3604 3832 3650 cetera
3860 3595 4017 3649 refert
4046 3612 4058 3645 :

2490 3681 2590 3735 llic
2642 3699 2762 3751 ergo
2799 3685 3137 3753 impugnator
3184 3684 3275 3736 Dei
3308 3686 3359 3736 in
3401 3687 3708 3750 primordiis
3742 3688 4062 3753 pru‘dicatns

2491 3773 2543 3824 in
2586 3774 2951 3839 apostolorum
2988 3775 3277 3827 occisiones
3308 3777 3481 3827 elatus
3518 3786 3595 3829 est
3626 3793 3642 3828 :
3688 3793 3809 3829 nam
3858 3776 4061 3829 Paulus

2492 3862 2633 3930 apud
2668 3864 2846 3915 urbem
2879 3861 3096 3915 Romam
3132 3865 3303 3929 capite
3340 3872 3635 3929 trtmcatus,
3666 3863 3851 3917 Petrus
3888 3878 4063 3918 autem

2453 3949 2668 4008 'eculeo
2711 3965 2786 4008 est
2835 3972 3138 4023 suspensus.
3183 3953 3356 4019 Quam
3414 3957 3695 4009 historiam
3748 3959 4061 4011 cndibilenr

2496 4045 2670 4097 reddit
2691 4043 2841 4098 Pauli
2865 4045 3116 4113 Petrique
3140 4045 3406 4106 narratio,
3427 4060 3544 4114 qum
3565 4061 3734 4114 usque
3752 4048 3803 4098 in
3826 4063 4067 4116 prmsens

2495 4137 2548 4189 in
2577 4136 2908 4205 cmtneteriis
2936 4135 3047 4187 illic
3070 4136 3262 4203 positis
3292 4134 3578 4186 retinetur.
3599 4134 3695 4188 llis
3714 4138 3875 4187 etiam
3897 4134 4067 4190 Caius

2497 4228 2813 4290 historicus,
2859 4226 2939 4277 vir
2982 4225 3416 4286 eet-lesiasticus,
3458 4225 3659 4275 similia
3711 4226 3925 4283 scribit.
3970 4225 4064 4292 qui

2495 4334 2617 4372 cum
2665 4316 2973 4386 Zephyrino
3005 4317 3263 4385 episcopo
3300 4314 3545 4368 Romano
3584 4315 3846 4369 adversus
3873 4330 4067 4383 quem-~

2498 4409 2618 4462 dam
2660 4409 2949 4461 Proeulum
2986 4406 3380 4475 Cataphrygem
3418 4405 3704 4473 disputans
3736 4404 3911 4460 dicit:
3954 4404 4062 4474 Ego

3852 4514 3895 4549 δι
3929 4514 4067 4550 εηιηι

2501 4696 2593 4737 aut
2626 4686 2693 4737 ad
2727 4689 2862 4738 viam
2895 4686 3247 4745 llosticnsem,
3286 4682 3513 4733 invenies
3548 4688 3737 4746 tropaa
3769 4694 3948 4731 eorum
3981 4682 4099 4745 qui'

2503 4778 2637 4829 hanc
2677 4777 3014 4828 stabilierunt
3049 4773 3362 4825 Ecclesium.
3418 4770 3513 4822 llis
3549 4784 3786 4822 consona
3835 4777 3889 4822 et
3939 4769 4069 4821 Dio-

2505 4869 2693 4939 nysius
2725 4866 3044 4921 Corinthius
3085 4864 3295 4926 scribit,
3333 4860 3582 4915 indicans
3617 4860 3760 4928 quod
3795 4875 3889 4927 per
3927 4858 4067 4911 idem

2506 4968 2719 5027 tempus
2752 4958 3088 5028 martyrizali
3131 4954 3374 5018 fuerunt,
3408 4954 3479 5006 ita
3510 4952 3697 5006 dicens
3728 4969 3740 5004 :
3774 4950 3874 5004 Sed
3906 4961 3953 5002 et
3982 4966 4069 5001 ras

2506 5050 2747 5104 [tabentes
2781 5051 3181 5103 commotionem
3231 5064 3262 5099 α
3300 5047 3457 5101 Petro
3486 5056 3534 5098 et
3565 5044 3741 5097 Paulo
3779 5043 4072 5110 plantatio-

2509 5160 2620 5194 nent
2662 5142 2913 5195 Romana?
2937 5152 2983 5195 et
3012 5140 3405 5195 Corinthiorum
3427 5136 3677 5190 Ecclesiw
3697 5134 4071 5203 conjunxistis.

2514 5233 2720 5287 Etenim
2757 5234 2915 5287 simul
2969 5234 3300 5286 advenientes
3349 5242 3395 5281 et
3449 5232 3503 5282 in
3552 5238 3734 5281 nostra
3776 5226 4077 5279 Corinthio-

2512 5344 2626 5380 rum
2695 5326 2914 5379 ecclesia
2978 5325 3265 5376 docuerunt
3309 5332 3357 5376 et
3416 5338 3504 5389 per
3552 5337 3753 5373 omnem
3818 5317 4072 5376 Italiam.

2513 5432 2667 5487 atque
2708 5421 2758 5471 in
2814 5418 2912 5469 hac
2951 5417 3072 5468 urbe
3125 5416 3280 5468 simul
3334 5414 3573 5467 docentes
3622 5413 3778 5466 etiam
3825 5412 4076 5479 martyrio

2515 5528 2617 5564 uno
2669 5509 2948 5579 eodemque
3003 5517 3227 5574 tempore
3280 5506 3519 5558 coronati
3574 5515 3717 5556 sunt.
3767 5501 4076 5556 Secundum

2518 5606 2655 5657 idem
2696 5612 2910 5670 tempus
2958 5603 3060 5653 sub
3094 5598 3309 5652 Nerone
3360 5598 3630 5665 pollebant
3676 5592 3861 5647 Roma
3911 5602 4081 5660 poeta:

2519 5694 2795 5755 Lucanus,
2833 5690 3082 5755 Ovidius,
3135 5689 3358 5758 satyrici
3409 5686 3688 5740 iuvenalis
3734 5691 3787 5740 et
3834 5682 4077 5737 Huius.

2523 5783 2836 5850 Sent-eaque
2891 5782 3155 5851 tragicus,
3211 5778 3494 5833 Musonius
3545 5787 3706 5846 atque
3756 5774 4087 5829 Plutarchus
