4440 6446
422 409 550 472 1297

1265 406 1635 467 HISTORIA
1675 402 2252 467 ECCLESIASTICA
2289 402 2385 461 EX
2424 400 2818 461 SYNCELLO.

3540 398 3675 464 1193

419 521 748 591 philosophi.
813 519 1186 575 Romanorum
1254 520 1515 575 Ecclesia:
1585 529 1707 590 post
1775 519 1996 572 Petrun‘
2037 513 2273 574 ANerva
2349 515 2432 567 vir
2496 513 2642 568 mitis
2716 512 2997 584 sapienter
3067 512 3354 584 imperium
3427 514 3680 570 modera-

418 630 692 667 summum
727 612 898 667 Linus
939 613 1154 667 exstitit
1191 614 1416 683 praesul.

494 705 673 758 Mundi
704 720 847 758 anno
883 703 1042 770 5565,
1073 705 1269 758 divina:
1301 704 1699 760 incarnationis
1731 718 1878 759 anno
1910 703 1998 768 65,

422 798 632 852 Nerone
664 797 898 867 turpiter
931 800 1040 851 vita
1069 798 1277 860 soluto,
1326 798 1591 867 septimus
1617 796 2002 866 Vespasianus

421 908 449 944 a
501 892 766 944 militibus
815 889 956 960 apud
1009 889 1250 944 Judaeam
1287 889 1588 959 imperator
1628 889 2000 942 Romanorum

363 1034 366 1038 λ
422 985 725 1052 appellatus
775 992 880 1037 est.
943 982 1098 1051 Apud
1145 981 1356 1035 italiam
1393 997 1526 1036 vero
1557 981 1728 1035 Galba
1769 980 2004 1048 Hiberiae

423 1087 620 1144 praeter
651 1077 872 1130 vettiz‘ns
905 1074 1132 1128 Romam
1170 1075 1402 1142 imperat
1434 1074 1715 1127 mensibus
1750 1081 2002 1142 septem;

420 1185 581 1236 quem
619 1148 757 1220 Otho
787 1184 932 1220 unus
965 1183 1026 1219 ex
1062 1167 1374 1220 senioribus
1405 1166 1739 1220 interlicicns
1774 1165 2006 1234 imperat

421 1258 608 1313 Romae
638 1259 922 1312 mensibus
952 1258 1128 1311 tribus
1155 1274 1169 1324 ;
1197 1273 1306 1325 quo
1340 1255 1590 1310 Vitellius
1614 1257 1802 1311 occiso
1835 1257 2004 1324 impe-

422 1362 506 1405 rat
553 1351 840 1404 mensibus
873 1361 1018 1404 oeto.
1055 1349 1150 1402 llic
1201 1349 1464 1402 Sabinum
1519 1348 1742 1401 fratrem
1798 1341 2006 1417 Vespa-

325 1501 328 1504 ,
423 1443 563 1496 siaui
619 1444 814 1496 timore
863 1443 916 1495 itt
963 1441 1298 1511 Capitolium
1345 1440 1642 1511 fugientem
1700 1443 1752 1494 in
1804 1440 2006 1510 templo

332 1557 336 1560 ν
419 1534 572 1588 Jovis
611 1535 843 1603 peremit
875 1544 925 1586 et
965 1535 1226 1600 templum
1266 1533 1559 1588 subvertit.
1594 1533 1797 1585 Verum
1833 1532 1948 1602 ipse
1976 1547 2005 1585 a

426 1625 734 1678 Domitiano
773 1624 992 1692 juniore
1034 1623 1362 1694 Vespasiani
1401 1624 1510 1677 lilio
1543 1624 1797 1694 protinus
1832 1625 2000 1677 inter-

425 1721 600 1772 fectus
623 1726 726 1772 est.
754 1717 879 1770 Tito
904 1717 1144 1786 namque
1172 1717 1389 1771 saniore
1414 1716 1524 1770 ﬁlio
1558 1721 1624 1768 ad
1651 1715 2006 1769 debellandos

421 1811 640 1866 Judaaos
695 1811 984 1874 derelicto,
1039 1810 1411 1880 Vespasianus
1454 1811 1507 1862 in
1563 1809 1826 1864 Grteriam
1859 1808 2005 1860 venit

2107 615 2214 659 tur.

2176 695 2360 749 Mundi
2388 710 2533 749 anno
2567 695 2723 762 5590,
2753 696 2952 750 divina:
2981 696 3376 752 incarnationis
3413 697 3504 765 90,
3541 697 3682 751 Tra-

2100 788 2265 857 janus
2295 789 2543 857 imperat.
2575 787 2767 844 Justus
2807 790 3144 845 Tiberiensis
3172 788 3393 846 Judazus
3439 791 3684 845 conscri-

2106 888 2228 950 ptor
2257 881 2599 949 agnoscitur.
2633 879 3008 937 Tertullianus
3039 883 3300 937 historice
3354 893 3537 937 narrat
3569 882 3684 938 Pli-

2108 956 2254 1024 nium
2288 971 2600 1027 Secundum
2631 973 2994 1044 quarumdam
3035 975 3444 1044 provinciarum
3496 989 3685 1042 gerere

2106 1063 2475 1133 praesidatum,
2522 1074 2575 1119 et
2603 1074 2780 1120 morte
2817 1065 3082 1135 plurimos
3123 1065 3260 1120 affici
3314 1064 3683 1130 Christianos,

2106 1170 2272 1223 super
2294 1155 2494 1224 quibus
2525 1157 2784 1213 litesitans
2823 1156 2955 1227 quid
2980 1166 3128 1212 esset
3161 1158 3456 1228 agendum,
3495 1145 3688 1227 Trajal

2108 1263 2177 1300 no
2218 1249 2457 1318 suggerit
2482 1249 2680 1326 _nileos
2705 1259 2880 1305 morte
2910 1265 3100 1321 gerere
3124 1250 3374 1324 dignum,
3410 1250 3517 1306 nisi
3541 1252 3686 1321 quod

2107 1338 2267 1392 idolis
2302 1354 2407 1392 non
2429 1340 2778 1395 immolarent
2808 1342 3154 1397 etChristum
3178 1342 3342 1399 veluti
3363 1341 3531 1397 Deum
3561 1349 3689 1399 ante

2109 1430 2285 1483 lucetu
2329 1441 2620 1499 surgentes
2662 1435 2969 1496 laudarent,
3017 1451 3046 1489 a
3085 1437 3243 1492 malis
3287 1440 3542 1494 omnibus
3595 1443 3688 1495 ab-

2109 1521 2398 1578 stinentes.
2444 1525 2521 1576 Ad
2556 1542 2718 1594 quem
2755 1525 3027 1595 Trajanns
3055 1529 3308 1582 rescribit
3337 1527 3688 1585 Christianos

2114 1615 2435 1672 nullatenus
2474 1620 2856 1688 inquirendos.

2178 1705 2363 1760 Mundi
2405 1723 2548 1762 anno
2580 1712 2741 1778 5596,
2772 1713 2970 1766 divinae
3002 1713 3398 1772 incarnationis
3430 1732 3573 1772 anno
3595 1717 3684 1783 96,

2105 1795 2366 1852 Joannem
2411 1801 2723 1872 deiloquunt
2757 1813 2806 1859 et
2860 1807 3166 1876 apostolum
3212 1808 3448 1882 lrcnzcus
3491 1805 3543 1863 et
3595 1811 3687 1863 alii

423 1907 688 1977 gaudens.
722 1913 779 1956 ut
821 1903 993 1957 ϐιηρυί
1032 1905 1293 1968 fatentur,
1333 1904 1384 1956 in
1423 1904 1508 1956 his
1540 1915 1662 1971 quae
1690 1900 1946 1975 audiebat
1974 1914 2003 1952 a
2037 1885 2075 1937 Β
2106 1893 2355 1946 scribunt
2377 1899 2727 1961 superstitem
2753 1915 2926 1968 usque
2952 1899 3018 1953 ad
3047 1907 3289 1970 tempora
3321 1902 3690 1970 permansisse

423 1983 695 2064 'l‘yaneusi
729 1991 1020 2061 Apollonio
1049 1992 1113 2046 de
1144 2000 1392 2062 tempore
1436 1992 1651 2060 imperii
1693 2007 1757 2044 ac
1790 1990 2005 2043 caeteris

426 2087 584 2139 lonis
621 2076 907 2147 fortioris.
930 2085 1170 2152 loquens
1209 2099 1334 2138 cum
1385 2099 1452 2138 eo
1497 2086 1638 2152 apud
1683 2083 2000 2153 [Egyptunn

425 2177 494 2229 ab
546 2175 694 2230 Indis
757 2185 812 2228 et
868 2175 1226 2229 Brachmanis
1270 2191 1331 2228 ac
1386 2170 1850 2246 gymnosophistis
1898 2174 2004 2227 illic

425 2268 748 2336 degentibus
786 2267 1074 2320 redeunte.
1112 2266 1245 2319 Cum
1288 2282 1419 2336 ergo
1468 2266 1710 2319 venisSt-t
1742 2266 1794 2318 in
1831 2264 2007 2320 llella~

426 2359 570 2416 dem.
599 2359 742 2425 cepit
774 2358 994 2427 refugas
1025 2360 1296 2411 civitates.
1337 2357 1580 2426 [lenique
1618 2356 1842 2410 Romam
1878 2372 2006 2420 pro-

428 2452 606 2506 fectus
637 2451 922 2519 imperavit
963 2458 1183 2510 ornate,
1217 2448 1419 2503 Neroni
1474 2449 1760 2513 resistens,
1787 2457 1840 2501 et
1877 2448 2006 2501 sub-

427 2549 663 2600 stantias
697 2561 760 2599 ac
783 2547 908 2612 jura
942 2560 1211 2598 revocans
1244 2543 1421 2597 urbis.

415 2624 426 2632 ”
497 2639 680 2692 Mundi
712 2654 854 2690 anno
895 2637 1056 2700 5566,
1079 2637 1279 2690 divinae
1317 2634 1714 2689 incarnationis
1745 2648 1890 2686 anno
1915 2633 2002 2696 66,

430 2727 736 2780 Antiochia:
761 2727 1004 2794 lgnatius
1031 2725 1331 2794 episcopus
1355 2725 1529 2778 deit'er
1560 2723 1811 2778 habetur.
1840 2723 2006 2790 Igitur

430 2821 644 2890 primus
676 2819 1102 2888 alienigenarum
1135 2833 1227 2870 rex
1255 2813 1570 2869 Judieorum
1604 2813 1850 2868 Herodes
1883 2814 2004 2875 fuit,

347 2923 352 2928 ‘
428 2913 520 2981 qui
563 2927 762 2980 pueros
824 2907 1122 2968 interfecit,
1165 2909 1326 2963 annis
1365 2909 1471 2975 57;
1522 2907 1824 2961 Archelaus
1864 2905 2007 2960 filius

428 3004 548 3072 ejus
573 3003 735 3056 annis
758 3002 822 3058 9;
852 3001 1099 3054 llerodes
1123 2999 1292 3053 frater
1307 3000 1426 3066 ejus
1450 2999 1609 3052 annis
1626 2999 1726 3064 24;
1749 2998 2004 3066 Agrippa,

427 3095 520 3163 qui
554 3105 606 3147 et
638 3092 900 3154 Herodes,
949 3093 1094 3162 filius
1144 3091 1397 3152 llerodis,
1430 3095 1520 3160 qui
1555 3107 1679 3144 esca
1729 3091 2007 3145 vermibus

428 3208 441 3235 ι
463 3201 512 3241 5t
543 3186 740 3249 factus,
778 3187 938 3238 anuis
967 3186 1032 3249 7;
1075 3185 1311 3260 Agrippa
1347 3184 1491 3238 Iilius
1522 3184 1667 3250 ejus,
1700 3183 1792 3252 qui
1831 3184 2008 3236 minor

426 3279 739 3338 dicebatur,
766 3279 924 3331 annis
950 3277 1058 3342 εἴη
1090 3277 1154 3328 ad
1184 3293 1343 3346 qm-m
1381 3292 1555 3345 usque
1586 3276 1654 3328 ab
1681 3275 2008 3344 alienigenis

426 3371 707 3425 detentum
744 3386 968 3439 regnum
1000 3367 1315 3424 Judacorum
1348 3368 1667 3439 perduravit
1699 3383 1872 3422 annos
1905 3368 2008 3420 100

429 3479 459 3514 a
488 3463 664 3532 primo
695 3461 929 3515 Herode.

501 3553 683 3607 Mundi
712 3568 856 3606 anno
887 3552 1048 3608 5575.
1094 3550 1289 3604 divinae
1325 3551 1722 3606 incarnationis
1749 3567 1892 3605 anno
1916 3550 2005 3613 75,

429 3643 700 3701 Vesuvius
743 3659 898 3697 muns
949 3645 1052 3695 sub
1096 3642 1220 3694 'l‘ito
1270 3641 1589 3712 Vespasiani
1653 3643 1764 3696 filio
1800 3643 1853 3695 in
1883 3659 2032 3696 ver--

425 3740 534 3791 tice
581 3738 789 3792 scissus
837 3736 1014 3803 ignem
1068 3734 1268 3795 emisit,
1306 3735 1443 3789 adeo
1502 3743 1559 3788 ut
1630 3735 2010 3788 incenderetur

357 3853 359 3855 ι
413 3826 692 3894 ‘adjaceus
725 3825 871 3893 regio
900 3839 1022 3876 Cllltl
1058 3823 1394 3877 civitatibus.
1457 3823 1798 3877 Domitianus
1838 3839 2009 3876 eunu-

431 3917 632 3970 chisari
683 3916 828 3967 viros
867 3914 1059 3982 juSsit,
1091 3921 1144 3966 et
1189 3930 1412 3967 uxorem
1461 3916 1766 3984 nuncupari
1823 3921 2007 3983 Augu-

435 4018 611 4062 stam:
640 4010 731 4076 qui
779 4016 898 4074 post
944 4005 1210 4059 Neronem
1246 4008 1521 4066 secundus
1573 4009 2006 4076 persecutionem

435 4100 620 4152 intulit
650 4099 1000 4163 Christianis;
1032 4116 1266 4168 qttorum
1306 4101 1462 4152 multi
1529 4101 1792 4170 martyrio
1850 4116 2009 4154 cora-

435 4195 547 4246 nati
586 4204 736 4252 sunt.
771 4202 828 4247 ut
865 4194 1079 4249 Bretius
1107 4196 1297 4248 scribit
1327 4212 1340 4260 ;
1407 4194 1546 4247 inter
1580 4210 1720 4263 quos
1750 4205 1801 4248 et
1828 4195 2008 4248 Flavia

437 4286 736 4348 llmnicilla,
774 4287 1099 4341 consobrina
1134 4284 1433 4340 Clementis
1470 4284 1642 4339 Flavii
1671 4287 2007 4347 consularis.

437 4391 495 4434 ut
523 4379 833 4434 Christiana
871 4379 1108 4449 fugatur,
1138 4379 1359 4448 ipseque
1381 4378 1633 4434 Clemens
1662 4396 1760 4449 pro
1791 4378 2011 4434 Christo

408 4466 738 4542 perimitur.
807 4469 982 4538 Hujus
1046 4479 1227 4524 autem
1289 4469 1602 4538 Stephanus
1664 4470 1889 4538 quidam
1943 4485 2008 4524 ex

2109 1983 2354 2052 Trajaui,
2395 2001 2519 2045 cum
2549 1989 2748 2057 quibus
2789 1981 2988 2059 Papias
3038 1989 3481 2060 llicropolitanus
3504 2001 3554 2046 et
3583 1991 3685 2046 Po-

2112 2081 2366 2151 lycarpus
2413 2082 2662 2152 Smyrna:
2694 2080 2988 2152 episcopus
3016 2083 3298 2140 auditores
3347 2085 3467 2154 ejus
3513 2084 3688 2142 fuisse

2111 2160 2439 2227 noscuntur.
2937 2206 2946 2213 .
3431 2244 3444 2250 _
3577 2201 3586 2210 .
3710 2161 3715 2166 ”

2180 2264 2365 2318 Mundi
2426 2281 2568 2317 anno
2630 2263 2789 2327 5600,
2845 2264 3044 2318 divina:
3098 2265 3494 2324 incarnationis
3541 2284 3688 2323 anno

2110 2357 2436 2421 centesimo,
2468 2355 2743 2424 Trajanus
2779 2355 2940 2432 Lysio
2968 2358 3170 2422 Quinto
3203 2357 3421 2414 Judams
3451 2375 3480 2412 a
3509 2348 3698 2416 Meso?

2121 2449 2362 2511 potamia
2392 2449 2693 2502 seditiones
2719 2449 2984 2503 facientes
3013 2451 3180 2518 jussit
3212 2450 3436 2506 auferri.
3495 2455 3565 2506 At
3598 2454 3688 2508 ille

2110 2540 2682 2611 plurilntsJudatormu
2707 2542 2947 2596 millibus
2967 2544 3253 2599 trucidatis
3274 2560 3474 2615 prases
3491 2545 3690 2602 Judarsa

2111 2643 2394 2703 propterea
2424 2635 2800 2709 constituitur.
3474 2649 3480 2656 '

2181 2727 2365 2780 Mundi
2400 2743 2544 2781 anno
2563 2727 2938 2791 iitiO9,divin:e
2969 2729 3364 2786 incarnationis
3397 2746 3540 2786 anno
3562 2730 3687 2797 l09,

2111 2816 2588 2872 EliusAdrianus
2625 2818 2923 2886 imperans.
2979 2820 3260 2886 Quadrato
3313 2821 3688 2890 apestolorum

2110 2909 2348 2962 auditori
2378 2918 2432 2962 et
2456 2909 2677 2962 Aristidi
2714 2911 3038 2965 Atheniensi
3066 2913 3389 2981 philosopho
3413 2928 3509 2981 pro
3532 2913 3690 2967 Chri-

2111 3002 2304 3056 stianis
2345 3001 2450 3054 sibi
2489 3001 2886 3066 scribentibus,
2926 3019 3140 3058 necnon
3171 3013 3224 3056 et
3271 3003 3537 3057 Serenuio
3573 3007 3696 3058 rla-.

2113 3093 2333 3147 rissimo
2365 3093 2488 3147 duci
2537 3093 2798 3147 scribenti
2849 3095 3113 3162 iujustum
3177 3095 3291 3149 fore
3324 3089 3443 3149 sine
3481 3096 3691 3165 judicio

2111 3183 2462 3239 Christianos
2497 3185 2699 3244 occidi.
2739 3186 2939 3239 scribit
2994 3185 3223 3240 Minutio
3279 3185 3506 3242 anano
3562 3204 3691 3257 pro-

2117 3275 2328 3330 consuli
2361 3277 2503 3329 Asia:
2558 3278 2834 3330 neminem
2885 3276 3246 3332 occidendum
3284 3294 3394 3332 non
3442 3290 3692 3336 exstante

2117 3377 2438 3421 accusatore
2474 3374 2526 3419 et
2563 3367 2813 3422 crimine.

2189 3455 2374 3510 Mundi
2433 3471 2578 3508 anno
2613 3456 2774 3520 5621,
2836 3455 3034 3512 divinae
3086 3458 3486 3513 incarnationis
3545 3474 3693 3515 anno

2120 3549 2240 3613 121,
2275 3549 2582 3602 Hadrianus
2605 3549 2744 3618 apml
2796 3549 3035 3605 Athenas
3070 3562 3336 3615 moratur,
3364 3550 3473 3606 illic
3499 3552 3694 3607 biblio-

2119 3643 2305 3696 thecas
2337 3643 2646 3697 constituit.
2705 3641 2908 3697 ,1111Ιωὶ8
2952 3660 3082 3698 vero
3117 3645 3352 3714 pessima
3387 3654 3535 3700 sorte
3586 3661 3692 3717 pu-

2118 3733 2248 3786 nitis
2279 3728 2660 3804 bellum‘quod
2693 3735 2960 3790 adversus
3006 3737 3156 3791 illos.
3180 3737 3490 3806 agitabatur
3530 3737 3692 3793 liuent

2116 3825 2328 3890 habuit,
2356 3827 2570 3880 excidio
2605 3826 2998 3899 Hierosolymis
3055 3828 3358 3885 novissime
3407 3830 3692 3889 desolatis.

2119 3918 2191 3970 ita
2226 3928 2283 3971 ut
2318 3934 2414 3973 nec
2475 3919 2614 3988 lapis
2683 3935 2864 3990 super.
2909 3921 3166 3990 lapidem,
3225 3921 3526 3975 secundum
3553 3923 3693 3977 divi-

2117 4026 2244 4063 nam
2276 4026 2482 4075 vocem,
2518 4011 2588 4064 sit
2635 4011 2687 4064 in
2733 4026 2793 4065 ea
2829 4012 3076 4067 relictus.
3134 4012 3235 4066 l’cr
3284 4013 3427 4066 idem
3476 4019 3691 4082 tempus

2120 4101 2462 4156 l’haroriuus
2498 4113 2551 4157 et
2599 4103 2831 4156 Pal-gemo
2861 4087 3107 4160 rhetores
3172 4104 3435 4173 insignes,
3476 4120 3688 4159 necnon

2119 4201 2172 4246 ct
2205 4191 2447 4248 Herodes
2482 4188 2838 4248 Atheniensis.
2862 4202 2917 4248 et
2961 4194 3177 4249 Marcus
3235 4193 3692 4264 Byzantiusrhe-

2120 4283 2652 4337 toresbabebautur.
2715 4281 2885 4336 Porro
2944 4294 3064 4352 post
3125 4282 3324 4352 Joseph
3371 4272 3688 4355 Hierosoly-

2120 4391 2330 4428 morum
2362 4374 2534 4428 Judas
2554 4374 2837 4427 ordinatur
2873 4375 3188 4444 episcopus,
3217 4373 3282 4426 ad
3315 4374 3471 4443 cujus
3491 4390 3691 4430 secun-

2119 4466 2246 4518 dum
2285 4480 2489 4518 annum
2526 4465 2895 4530 perduravere
2925 4479 2955 4518 c
2986 4464 3429 4526 circumcisione
3450 4466 3693 4534 episcopi

440 4561 673 4624 libertis,
713 4561 860 4613 circa
921 4559 1255 4633 Clementem
1297 4561 1578 4614 dominum
1610 4577 1766 4614 suum
1809 4563 2011 4616 amoris
2045 4588 2088 4644 ι)
2123 4559 2206 4611 15.
2246 4559 2361 4612 Sub
2389 4575 2498 4628 quo
2539 4557 2787 4612 videlicet
2822 4557 3121 4626 perfectum
3154 4565 3209 4612 et
3249 4568 3551 4611 extremum
3607 4557 3691 4611 fa-

436 4648 631 4704 aﬁcctu
692 4649 966 4715 detentus,
1022 4650 1240 4703 insidiis
1311 4649 1676 4703 Domitianum
1724 4654 1950 4720 peremit
1997 4669 2010 4715 ;

438 4745 580 4796 unde
609 4745 813 4797 honore
843 4758 872 4795 a
910 4750 1100 4796 senatu
1125 4743 1324 4812 dignus
1351 4743 1574 4798 eli'cctus
1598 4755 1700 4810 est,
1727 4762 1790 4798 eo
1812 4746 1952 4816 quod
1983 4762 2012 4799 a

440 4836 675 4888 maximo
695 4837 838 4889 malo
868 4833 1147 4888 Romanos
1179 4836 1411 4889 eruerit.
1891 4837 1894 4841 ’

507 4923 691 4978 Mundi
725 4940 869 4980 anno
900 4926 1060 4987 5378,
1085 4927 1284 4979 divinae
1313 4927 1710 4980 incarnationis
1746 4942 1890 4979 anno
1923 4927 2010 4988 78,

436 5025 665 5086 quartus
701 5026 822 5083 post
869 5032 1142 5071 summum
1192 5017 1408 5070 Petrum
1443 5017 1627 5070 Rmnae
1677 5027 1871 5084 praeest
1910 5019 2014 5071 Ec-

436 5107 618 5160 rlesiae
638 5105 912 5172 Clemens,
949 5106 1110 5175 cujus
1144 5116 1197 5160 et
1223 5107 1514 5175 Apostolus
1569 5107 1620 5159 in
1662 5107 1902 5175 εὶρὶςιοιιι
1945 5109 2010 5160 ad

437 5198 816 5268 l‘hilippenses
866 5200 1106 5253 secunda
1151 5201 1399 5253 meminit
1438 5200 1669 5271 dicens:
1707 5198 1838 5253 Cum
1894 5199 2014 5252 Cle-

441 5303 609 5345 mente
641 5303 690 5346 et
737 5293 938 5345 ceteris
989 5293 1413 5358 cooperatoribus
1475 5293 1625 5354 meis,
1656 5309 1876 5361 quorum
1919 5310 2012 5344 no-

441 5385 583 5436 mina
605 5394 726 5436 sunt
758 5385 811 5436 in
839 5385 973 5435 libro
1004 5386 1141 5436 vitm.
1165 5407 1176 5417 κ
1200 5368 1370 5450 llujus
1413 5385 1648 5451 Epistoia
1715 5385 1887 5435 fertur
1942 5385 2009 5436 ad

439 5473 756 5527 Corinthios
797 5475 984 5534 missa,
1021 5488 1182 5541 quam
1215 5482 1325 5526 tota
1357 5473 1572 5541 recipit,
1609 5483 1663 5526 ut
1710 5472 2009 5543 I‘Igesippus

441 5572 706 5621 testatur,
767 5562 1032 5616 Ecclesia.
1080 5563 1263 5615 Itonia:
1318 5579 1534 5632 quoque
1595 5565 1698 5618 sub
1760 5563 2009 5617 Evaristo

441 5667 574 5721 papa
601 5652 866 5706 divinitus
899 5654 1052 5721 signa
1104 5654 1293 5716 multa,
1332 5665 1386 5708 et
1445 5670 1538 5722 per
1590 5644 1763 5708 totum
1798 5656 2004 5717 urbem,

439 5744 627 5798 etl‘ecta
663 5752 810 5798 sunt.

514 5835 693 5890 Mundi
767 5852 910 5889 anno
959 5836 1138 5898 5589,
1191 5835 1386 5888 divina:
1451 5837 1845 5890 incarnationis
1917 5838 2004 5899 Sb,

2118 4650 2626 4704 ctumestcivitatis
2656 4657 2709 4702 et
2757 4649 2998 4702 nationis
3037 4637 3352 4702 Judzeoritm
3391 4649 3685 4704 excidium.

2118 4744 2257 4814 Ergo
2293 4745 2504 4817 primus'
2527 4759 2592 4797 ex
2622 4743 2876 4812 gentibus
2910 4741 3124 4798 Marcus
3157 4741 3258 4796 fuit
3281 4741 3690 4813 Hierosolymo-

2119 4853 2235 4890 rum
2273 4837 2566 4904 episcopus
2599 4835 2757 4888 anuis
2787 4835 2841 4888 8.

2189 4925 2373 4979 Mundi
2403 4941 2547 4979 anno
2578 4926 2734 4991 5630,
2756 4924 3367 4979 divinmincarnationis
3389 4939 3532 4978 anno
3563 4925 3690 4988 150,

2119 5016 2182 5069 T.
2222 5003 2537 5069 Anto'ninus
2565 5026 2930 5080 cognomento
2967 5013 3097 5068 Pius
3123 5029 3246 5068 eum
3284 5015 3408 5070 [iliis
3435 5016 3686 5084 imperat.

2113 5107 2363 5162 Justinus
2395 5106 2750 5174 philosophus
2781 5120 2880 5174 pro
2913 5106 3044 5158 recti
3075 5105 3346 5160 sermonis
3391 5106 3563 5160 nostri
3601 5121 3690 5157 ra-

2115 5201 2261 5252 tione
2295 5199 2493 5252 librmn
2523 5197 2921 5266 apologeticum
2957 5197 3234 5251 Antonino
3289 5200 3549 5267 porrexit.
3587 5199 3687 5250 l‘rr

2115 5301 2358 5361 tempora
2387 5306 2518 5344 sane
2555 5290 2750 5359 Hygini
2779 5300 2830 5343 et
2865 5289 2942 5342 Ριί
2983 5289 3358 5343 Romanorum
3399 5293 3686 5360 episcopo-

2115 5399 2232 5435 rum
2260 5397 2432 5450 usque
2464 5381 2529 5434 ad
2559 5383 2841 5434 Anicetum
2871 5380 3192 5434 Valentinus
3223 5390 3277 5436 et
3299 5381 3474 5436 Cerdo
3493 5392 3686 5435 aucto-

2115 5493 2202 5531 res
2235 5475 2526 5530 Marcionis
2562 5475 2831 5528 haereseos
2863 5474 3006 5543 apud
3029 5474 3218 5528 urbem
3249 5473 3474 5528 Romam
3514 5475 3684 5529 fuisse

2115 5577 2438 5622 noscuntur.
2512 5565 2778 5619 Arrianus
2834 5565 3190 5634 philosophus
3248 5563 3685 5621 Nicomediensis

2115 5669 2314 5730 praetor
2378 5659 2721 5728 agnoscitur,
2788 5672 2998 5712 necnon
3034 5668 3087 5712 et
3145 5656 3410 5711 Maximus
3460 5657 3680 5730 Tyrius,

2111 5750 2434 5818 Apollonius
2469 5748 2713 5812 Stoicus,
2773 5748 3200 5809 Chalcedonius.
3245 5747 3512 5804 Basilides
3549 5749 3683 5819 Scy-

2113 5839 2506 5907 tiinpolilauus.
2559 5835 2650 5890 Isti
2685 5839 2846 5890 etiam
2881 5837 3123 5906 magistri
3148 5837 3426 5890 Vcrissimi
3453 5837 3686 5893 Cmsaris
