4440 6446
413 390 545 457 ιροι

1267 402 1640 462 HISTORIA
1680 393 2259 462 ECCLESIASTICA
2290 397 2391 469 EX
2424 396 2823 456 SYNCELLO.

3533 388 3666 454 1202

408 506 688 562 orationes
721 507 1180 566 communicaret.
1214 509 1370 567 Unde
1404 511 1607 568 factum
1627 521 1709 569 est
1741 521 1801 567 ut
1847 509 1987 567 divi-
2017 508 2065 564 Α
2093 506 2239 559 niam
2258 508 2428 561 socios
2454 522 2519 561 ea:
2575 505 2968 576 confessoribus
3016 505 3301 559 nonnullos
3335 502 3523 558 habere
3560 516 3667 555 me-

411 615 514 651 nus
543 614 725 653 sermo
756 600 1074 669 ampliorem
1108 601 1362 656 ﬁduciam
1397 616 1661 661 sumeret.

484 689 667 743 Mundi
716 706 859 744 anno
919 691 1080 753 57H,
1138 691 1338 746 divina:
1393 694 1795 749 incarnationis
1849 710 1993 749 anno

408 783 534 841 945,
565 782 830 852 Origenes
867 784 1136 854 gloriatus
1179 787 1683 843 circumventionis
1723 805 1833 845 sum
1874 805 1993 844 ver-

412 876 496 929 bis
524 884 576 930 et
632 878 929 945 gentilibus
962 876 1167 934 fabulis
1201 887 1409 933 tantam
1465 880 1656 935 amisit
1704 897 1987 950 coronam,

410 982 515 1019 non
551 978 769 1035 propter
806 970 1045 1037 inepiam
1088 970 1286 1027 divinae
1313 972 1600 1034 bonitatis.
1637 974 1731 1029 sed
1767 983 1995 1044 propter

412 1058 708 1125 superbum
770 1066 824 1112 et
870 1060 1150 1115 suasionis
1206 1062 1441 1131 propriae
1495 1077 1739 1118 sensum.
1789 1063 1991 1118 Verum

412 1151 516 1204 ista
550 1149 786 1205 Eusebio
821 1151 1151 1209 Caesariensi
1188 1170 1293 1209 non
1328 1157 1398 1209 ita
1440 1171 1561 1210 esse
1588 1157 1864 1223 videntur,
1901 1156 1994 1226 qui

413 1240 672 1293 nimirum
719 1241 983 1310 majorem
1007 1244 1267 1299 omnibus
1291 1246 1500 1301 sanctis
1534 1260 1697 1317 atque
1722 1247 1994 1317 magistris

412 1350 535 1385 cum
564 1335 825 1388 exhibere
857 1334 1146 1394 festinans.
1180 1339 1235 1393 in
1269 1352 1424 1393 sexto
1456 1341 1849 1395 ecclesiasticas
1882 1355 1994 1395 suae

414 1424 665 1482 Historiae
698 1440 973 1493 sermone,
1027 1429 1214 1486 favens
1255 1434 1323 1495 ei,
1352 1434 1538 1488 multis
1575 1435 1718 1488 hunc
1743 1432 1995 1489 laudibus

414 1521 626 1584 extulit,
647 1524 895 1577 nesciens
913 1539 1031 1593 quise
1048 1523 1255 1580 diceret
1284 1528 1363 1581 vel
1383 1527 1450 1581 de
1462 1528 1660 1597 quibus
1677 1527 1993 1582 allirmaret.

415 1610 588 1665 Nimis
609 1616 755 1668 enim
786 1632 1086 1685 paucorum
1114 1628 1455 1673 sacratorum
1479 1633 1531 1676 et
1554 1623 1993 1677 beatissimorum

416 1704 663 1766 Patrum.
701 1709 791 1777 qui
836 1725 931 1778 per
962 1710 1104 1765 idem
1135 1719 1351 1782 tempus
1380 1712 1722 1775 emtlserant,
1764 1727 1995 1778 memor,

419 1797 469 1849 ἱοΙ
496 1809 580 1850 est
613 1798 913 1855 Clementis
951 1802 1334 1860 Alexandrini.
1374 1802 1653 1875 Hippolyti
1684 1804 1991 1860 sacerdotis

418 1899 471 1940 rt
504 1891 782 1961 martyris,
829 1892 1075 1947 Africani
1122 1895 1368 1949 historici
1414 1906 1474 1951 et
1526 1898 1701 1966 magni
1746 1896 1987 1967 Dionysii

417 1983 796 2046 Alexandrini,
852 2001 1063 2040 necnon
1091 2001 1146 2041 et
1183 1989 1438 2052 aliorum,
1465 1991 1639 2043 solum
1665 1988 1829 2058 hujus
1852 2004 1988 2043 vana

419 2073 707 2128 sentientis
735 2072 989 2145 Origenis
1022 2090 1362 2147 provectum,
1398 2095 1559 2150 quem
1591 2096 1620 2133 a
1648 2096 1820 2150 puero
1850 2081 1989 2136 sub-

420 2174 645 2221 secutus
672 2176 777 2229 est,
802 2170 1091 2237 praeconiis
1122 2169 1297 2235 ellert,
1335 2161 1620 2241 usquequo
1645 2174 1711 2225 ad
1744 2174 1990 2246 martyrii

423 2258 656 2321 palmam
711 2270 979 2315 venturus
1044 2261 1362 2315 succubuit.
1432 2262 1496 2314 Et
1553 2262 1774 2331 quidem
1832 2280 1995 2334 super

422 2347 664 2403 Fabiano
699 2352 1080 2406 sacratissimo
1123 2361 1363 2424 martyre
1391 2368 1454 2408 ac
1478 2354 1724 2409 Romano
1752 2356 1996 2411 antistite

423 2455 517 2492 seu
552 2440 751 2511 Babyla
781 2442 1126 2498 Antiocheno
1157 2454 1210 2497 et
1241 2419 1555 2499 Alexandro
1604 2444 1996 2516 Hierosolymi-

424 2543 550 2587 tano
573 2539 862 2604 perpaucis
886 2538 1069 2592 verbis
1100 2538 1389 2592 historiam
1421 2539 1592 2593 texuit
1625 2557 1638 2592 :
1693 2548 1748 2592 at
1800 2541 1890 2593 ubi
1930 2541 2000 2593 ad

423 2624 598 2676 virum
657 2627 740 2678 sui
784 2640 980 2681 sensus
1020 2627 1286 2689 pervenit,
1349 2628 1400 2681 id
1437 2639 1520 2685 est
1564 2630 1629 2683 ad
1681 2629 1993 2699 Origenem,

424 2716 676 2784 pluribus
712 2717 857 2771 hunc
903 2718 1157 2773 laudibus
1190 2728 1244 2774 et
1300 2722 1454 2776 miris
1504 2722 1998 2776 declamationibus

425 2810 642 2861 extulit.
703 2808 900 2863 Verum
953 2813 1207 2879 quamvis
1260 2812 1529 2868 Eusebius
1578 2815 1830 2883 plurimis
1879 2814 1999 2869 Ori-

426 2898 580 2959 penis
634 2896 784 2967 impii
816 2902 1106 2966 pr:econiis
1161 2918 1293 2956 usus
1341 2903 1537 2965 fuerit,
1581 2904 1701 2957 sine
1738 2907 2001 2973 martyrio

424 2996 606 3042 tatnen
642 2990 953 3057 passionem
999 2993 1121 3059 ejus
1154 2995 1379 3064 reliquit
1432 3006 1485 3049 et
1540 3013 1761 3050 cursum
1816 2998 2004 3050 incon-

429 3090 785 3134 summatum.
851 3080 954 3147 Qui
1012 3086 1156 3136 enim
1212 3088 1649 3153 perseveraverit
1704 3104 1878 3157 usque
1948 3088 1998 3141 in

2091 608 2294 652 ruerat.
2382 600 2616 669 Denique
2683 598 2977 661 Maximus,
3032 613 3169 651 unus
3228 613 3293 652 ex
3348 592 3666 668 presbyteris

2092 692 2309 757 nostris,
2369 702 2417 745 et
2486 692 2753 755 Urbanus,
2822 695 2909 760 qui
2959 693 3184 746 secundo
3224 707 3288 745 ea:
3340 689 3669 759 confessione

2090 785 2317 855 gloriam
2340 786 2609 839 consecuti
2649 793 2807 844 sunt,
2868 781 3125 838 Sidonius
3183 798 3386 853 quoque
3433 790 3483 835 et
3515 778 3667 834 Cele-

2093 879 2263 939 rinus,
2310 878 2391 931 vir
2439 880 2528 947 qui
2564 879 2742 932 omnia
2782 877 3043 945 supplicia
3094 891 3185 945 per
3247 871 3666 927 misericordiam

2094 970 2191 1023 Dei
2220 971 2733 1039 perseverantissime
2755 969 3050 1037 pertulerit,
3067 977 3114 1023 et
3138 968 3391 1035 ﬁrmitate
3408 965 3531 1033 fidei
3559 980 3689 1016 sum.

2092 1063 2459 1129 inﬁrmitatem
2486 1064 2664 1117 carnis
2682 1080 2763 1117 cor
2776 1065 3029 1117 roborans
3048 1070 3285 1131 potenter
3303 1059 3669 1113 adversarium

2094 1156 2645 1220 vicit,considcrantes
2676 1173 2814 1217 eum.
2844 1166 2892 1211 et
2922 1156 3292 1225 perspicientes
3316 1150 3671 1206 calliditatem

2093 1258 2142 1302 et
2175 1249 2434 1303 levitatem
2474 1266 2589 1317 qua:
2621 1250 2825 1303 inerant
2861 1251 2929 1312 ei,
2984 1248 3223 1317 perjuria
3266 1261 3467 1315 quoque
3519 1254 3672 1312 atque

2095 1341 2390 1403 mendacia,
2421 1356 2616 1393 necnon
2645 1348 2692 1393 et
2716 1338 3302 1393 excommunicationem
3320 1336 3454 1402 ejus.
3482 1333 3673 1388 reversi

2095 1443 2215 1486 sunt
2250 1432 2318 1485 ad
2358 1430 2676 1494 Ecclesium,
2712 1440 2759 1484 et
2792 1432 2970 1484 omnia
3008 1432 3120 1499 ejus
3150 1429 3383 1496 artiﬁcia
3438 1436 3487 1479 et
3518 1426 3675 1478 moli-

2095 1526 2263 1587 mina,
2315 1540 2434 1594 qua,
2463 1538 2527 1576 ea:
2558 1523 2723 1575 multo
2742 1523 2860 1592 jam
2915 1532 3143 1591 tempore
3189 1522 3386 1575 habens
3411 1518 3673 1586 subterfu-

2096 1616 2267 1685 giebat
2300 1625 2351 1668 et
2378 1616 2678 1670 occultabat
2716 1633 2787 1680 se,
2827 1632 3008 1670 coram
3049 1615 3230 1668 multis
3262 1613 3489 1680 confessi
3526 1618 3672 1673 sunt,

2098 1709 2194 1761 hoc
2223 1708 2432 1777 quidem
2466 1709 2743 1777 episcopis,
2781 1708 2916 1761 illud
2946 1724 3064 1761 vero
3096 1706 3413 1775 presbyteris
3444 1703 3674 1788 et_laicis
3742 1724 3745 1725 ν

2098 1819 2254 1873 quam
2284 1802 2528 1870 plurimis
2561 1818 2676 1855 cum
2711 1802 2849 1855 luctu
2880 1819 2985 1855 non
3017 1802 3223 1854 modico
3248 1799 3675 1866 manifestantcs,

2093 1904 2144 1948 et
2204 1895 2589 1960 resipiscentes,
2650 1910 2806 1961 super
2859 1894 3045 1961 quibus
3079 1893 3276 1946 dolosa:
3329 1890 3678 1958 nmliganue

2093 1983 2270 2039 bestitc
2294 1995 2535 2054 parentes
2560 1985 2630 2039 ad
2653 1985 2915 2039 modicum
2945 1996 3143 2051 tempus
3161 1984 3224 2036 ab
3251 1982 3488 2037 Ecclesia
3508 1997 3678 2034 reces-

2093 2088 2292 2131 serunt.
2315 2078 2376 2131 Et
2404 2086 2525 2147 post
2550 2093 2718 2145 pauca
2742 2096 2754 2131 :
2792 2075 3206 2146 Impossibilem,
3233 2074 3402 2143 frater
3426 2073 3677 2125 charissi-

2096 2187 2196 2235 me,
2236 2153 2626 2224 conversionem
2657 2182 2701 2224 et
2742 2169 3241 2223 transmutationem
3298 2167 3353 2218 in
3386 2165 3524 2217 brevi
3549 2172 3679 2217 temo

2095 2279 2219 2331 pore
2249 2262 2472 2316 vidimus
2503 2278 2657 2330 super
2696 2279 2784 2316 eos
2815 2261 3081 2329 effectam.
3134 2258 3488 2314 Clarissimus
3540 2257 3676 2337 enim

2096 2357 2199 2420 hic,
2231 2364 2280 2409 et
2311 2357 2400 2424 qui
2420 2356 2742 2424 juramentis
2774 2353 3098 2408 terribilibus
3155 2363 3268 2405 erat
3320 2352 3509 2404 solitus
3544 2350 3679 2417 apir-

2098 2462 2246 2500 mare
2278 2463 2332 2500 se
2382 2446 2687 2499 nullatenus
2719 2446 3081 2513 episcopatum
3136 2440 3459 2500 desiderare,
3506 2439 3676 2491 subito

2097 2541 2369 2608 episcopus
2405 2536 2852 2608 quemadmodum
2903 2553 2967 2591 ea:
3005 2536 3185 2601 stipite
3213 2533 3437 2604 quodam
3483 2532 3536 2584 in
3568 2547 3679 2584 me-

2098 2632 2243 2685 dium
2266 2631 2507 2699 jactatus
2537 2638 2773 2695 apparet.
2828 2627 2938 2682 Iste
2962 2628 3124 2698 igitur
3149 2625 3470 2696 dogmatista
3500 2632 3549 2677 et
3595 2638 3679 2675 ec-

2100 2723 2413 2777 clesiastica:
2477 2722 2777 2788 disciplima
2848 2731 3106 2789 patronus
3141 2736 3260 2773 cum
3303 2716 3573 2771 attrahere
3617 2730 3680 2768 ac

2101 2834 2365 2887 usurpare
2440 2818 2827 2884 episcopatum,
2863 2815 2953 2885 qui
2982 2815 3083 2867 sibi
3107 2813 3329 2881 desuper
3388 2810 3546 2863 datus
3575 2826 3678 2861 non

2106 2910 2303 2976 fuerat,
2357 2910 2631 2970 niteretur,
2685 2907 2818 2960 duos
2862 2905 2963 2958 sibi
3012 2905 3186 2975 socios
3220 2902 3451 2971 proprite
3488 2899 3697 2953 salutis:

2103 3000 2315 3067 ignaros
2343 2997 2518 3066 elegit,
2551 3007 2808 3063 quatenus
2836 2995 2918 3048 his
2946 2994 3120 3046 missis
3149 2993 3203 3045 in
3221 3000 3475 3045 remotam
3504 2988 3684 3042 Italia:

2104 3100 2311 3157 partem
2345 3088 2467 3141 inde
2496 3099 2600 3141 tres
2634 3089 2904 3155 episcopos
2923 3095 3153 3155 agrestes
3180 3094 3230 3138 et
3259 3082 3684 3152 simplicissimos

431 3176 615 3231 linem,
650 3174 725 3226 ait
762 3173 1043 3235 Dominus,
1066 3178 1252 3230 salvus
1283 3178 1408 3242 erit,
1434 3194 1540 3232 non
1594 3179 1683 3247 qui
1719 3182 1922 3246 patitur
1949 3191 2002 3235 et
2032 3206 2073 3263 α
2109 3184 2235 3251 ﬁcta
2263 3181 2493 3250 quadam
2553 3180 2993 3232 circumrentione
3060 3176 3308 3231 seducere
3382 3181 3683 3229 conaretur.

432 3262 704 3317 lassescit.
768 3265 933 3320 Infert
989 3277 1172 3320 autem
1206 3268 1475 3324 Eusebius
1502 3279 1554 3325 et
1583 3271 1649 3324 de
1686 3273 1844 3326 beato
1883 3273 2006 3326 Dio-

432 3357 588 3422 nysio
621 3357 884 3425 episcopo
916 3358 1295 3413 Alexandrino
1348 3364 1746 3421 testimonium.
1786 3363 2006 3435 Origeni

430 3459 482 3500 et
521 3450 684 3502 sociis
716 3449 834 3517 ejus
881 3452 1109 3519 gratiam
1149 3462 1436 3520 praestans,
1471 3464 1741 3523 quatenus
1766 3473 1874 3510 non
1912 3473 2007 3526 ap-

431 3548 620 3605 pareat
664 3543 818 3594 solus
844 3540 1106 3612 Origenes
1168 3545 1224 3598 in
1263 3547 1525 3605 martyrio
1563 3548 1855 3611 defecisse,
1914 3549 2012 3604 sed.

434 3632 636 3686 habere
658 3634 909 3689 videatur
943 3643 997 3688 et
1034 3637 1172 3692 alios
1199 3654 1311 3692 sua:
1340 3638 1666 3694 defectionis
1690 3642 2007 3711 participes.

506 3723 771 3779 Praeterea
807 3742 902 3795 per
924 3728 1039 3782 haec
1074 3739 1317 3797 tempora
1352 3730 1595 3787 Novatus
1637 3732 2015 3788 Romanorum

438 3815 694 3871 Ecclesia:
719 3819 1024 3889 presbyter,
1052 3822 1428 3891 episcopatum
1458 3824 2011 3894 indignedesidcrans

437 3924 501 3962 at
544 3926 771 3981 compos
825 3914 1051 3968 minime
1100 3914 1300 3977 lactus,
1348 3930 1413 3970 eo
1462 3917 1610 3986 quod
1672 3933 1836 3986 super
1889 3920 2013 3974 aliis

437 4004 799 4070 pravitatibus
818 4007 878 4077 et
902 4005 1138 4059 maxime
1162 4008 1427 4073 avaritiae,
1454 4009 1688 4064 tumoris
1717 4025 1781 4065 ae
1808 4014 2014 4067 amoris

438 4095 631 4162 privati
674 4096 822 4151 vitiis
851 4098 1227 4167 deprehensus
1255 4101 1552 4163 exstiterit,
1610 4116 1732 4156 sese
1786 4103 1855 4156 ab
1908 4103 2025 4157 Ec-.

438 4188 606 4241 clesia
632 4189 926 4257 separavit,
953 4191 1055 4244 sub
1073 4192 1300 4245 obtentu
1321 4193 1476 4262 quasi
1506 4207 1698 4247 eorum
1740 4195 1831 4264 qui
1867 4193 2013 4249 Decii

438 4288 683 4348 tempore
720 4281 773 4334 in
804 4284 1186 4350 persecutione
1212 4283 1629 4338 immolaverant
1658 4293 1712 4339 et
1760 4302 1857 4355 per
1895 4302 2016 4357 pa:-

390 4394 396 4401 ν
438 4372 724 4425 nitentiam
789 4373 841 4425 in
877 4376 1324 4429 communionem
1376 4377 1446 4430 ab
1472 4376 1712 4433 Ecclesia
1766 4391 1898 4435 sunt
1928 4398 2014 4437 re-

440 4465 615 4533 cepti:
672 4474 973 4535 auctorque
1010 4482 1075 4520 ac
1117 4468 1513 4525 hteresiarches
1552 4486 1742 4525 eorum
1803 4476 1897 4543 qui
1956 4490 2015 4529 se

2112 3275 2366 3344 siquidem
2420 3274 2528 3343 ipse
2576 3288 2881 3326 asseverans
2932 3269 3230 3339 afﬁrmabat
3282 3276 3519 3335 oportere
3563 3264 3686 3318 illos

2114 3368 2335 3422 Romam
2371 3380 2666 3425 occurrere,
2722 3380 2823 3432 quo
2870 3370 3061 3414 cuncta
3089 3359 3370 3423 dissensio,
3394 3373 3510 3426 qua:
3541 3356 3685 3425 facta

2110 3463 2307 3530 fuerat,
2339 3477 2441 3511 una
2460 3476 2577 3511 cum
2628 3455 2751 3509 aliis
2784 3453 3248 3508 intervenientibus
3274 3450 3531 3520 episcopis
3572 3447 3685 3500 sol-

2110 3564 2333 3608 veretur.
2362 3552 2502 3616 Quos
2528 3549 2925 3617 prtcvenientes,
2951 3547 3110 3600 sicuti
3137 3544 3509 3613 prmdiximus,
3543 3542 3686 3595 circa

2115 3647 2469 3712 malignorum
2502 3642 2779 3695 molimina
2832 3648 2883 3693 et
2918 3640 3166 3709 figmenta
3213 3636 3585 3703 simpliciores.
3637 3642 3687 3686 et

2111 3738 2393 3791 inclinatos
2418 3751 2449 3787 a
2478 3731 2796 3799 quibusdam
2825 3732 2928 3786 sibi
2966 3730 3231 3785 similibus
3259 3738 3307 3783 et
3338 3728 3564 3781 turbatis
3596 3728 3692 3779 Ιιο-

2114 3824 2366 3885 minibus,
2397 3823 2529 3876 hora
2567 3823 2771 3875 decima
2826 3820 2999 3874 ebrios
3030 3830 3079 3873 et
3103 3819 3341 3889 crapula:
3387 3817 3614 3880 deditos,
3642 3818 3689 3869 vi

2114 3918 2280 3985 coegit
2315 3914 2639 3984 imaginaria
2677 3913 2908 3982 quadam
2945 3921 2994 3964 et
3018 3910 3190 3978 inani
3229 3926 3417 3963 manus
3473 3910 3691 3972 imposia

2116 4010 2256 4062 tione
2301 4008 2660 4076 episcopatum
2696 4005 2797 4059 sibi
2853 4004 3099 4057 tribuere.
3162 4001 3246 4055 Ea:
3296 4001 3482 4070 quibus
3516 4010 3689 4053 tamen

2114 4116 2249 4151 unus
2277 4114 2378 4151 non
2409 4106 2524 4166 post
2554 4096 2777 4165 multum
2814 4095 3060 4148 remeavit
3086 4092 3155 4147 ad
3184 4093 3477 4163 Ecclesium
3510 4092 3690 4161 lugens

2114 4201 2163 4245 et
2185 4192 2441 4258 conﬁtens
2471 4198 2742 4258 peccatum
2785 4202 2976 4248 suum;
3001 4187 3152 4240 cuiet
3181 4185 3689 4239 communicavimus

2117 4284 2277 4344 laico,
2309 4297 2403 4349 pro
2431 4298 2489 4334 eo
2521 4280 2830 4347 deprecante
2849 4280 3115 4339 universo,
3137 4279 3229 4348 qui
3247 4278 3454 4338 aderat,
3475 4276 3689 4345 populo.

2120 4376 2201 4431 Ad
2220 4376 2335 4429 loca
2365 4375 2613 4429 autemin
2632 4375 2819 4443 quibus
2848 4373 3035 4442 reliqui
3053 4371 3285 4437 episcopi
3304 4370 3511 4438 fuerant
3545 4367 3693 4421 ordi-

2119 4470 2230 4523 nati
2247 4483 2574 4523 successores
2594 4465 3007 4520 transmisimus.
3024 4463 3288 4533 Defensor
3306 4478 3427 4531 ergo
3451 4460 3693 4529 Evange-

440 4552 675 4607 mundos
704 4569 798 4620 per
819 4555 1131 4623 superbiam
1158 4559 1548 4626 nuncupabant
1570 4574 1862 4629 apparens,
1899 4578 2004 4615 una
2040 4570 2082 4624 ι)
2116 4560 2174 4613 lii
2196 4561 2450 4615 nesciebat
2468 4575 2628 4612 unum
2644 4559 2943 4627 episcopum
2969 4573 3080 4610 esse
3103 4564 3339 4631 oportere
3357 4555 3409 4607 in
3433 4551 3698 4606 catholica.

440 4660 565 4696 rum
601 4644 735 4713 ipsis
766 4647 1072 4714 pulsus-est
1113 4646 1178 4700 de
1206 4648 1466 4717 paradiso
1484 4649 1748 4705 Ecclesiae
1785 4660 2011 4707 senten-

441 4738 515 4790 tia
560 4736 783 4791 Patrum
831 4750 1151 4794 sanctorum
1188 4740 1577 4809 quadraginta,
1617 4743 1707 4812 qui
1754 4746 2014 4815 synodice

442 4838 815 4882 convenerunt
842 4830 895 4881 in
938 4829 1069 4882 urbe
1093 4829 1285 4893 Roma,
1316 4846 1421 4883 una
1455 4847 1579 4885 cum
1614 4834 1863 4902 pluribus
1886 4851 2017 4904 pre~

378 4916 381 4919 ’
447 4918 686 4987 sbytcris
720 4926 776 4970 et
798 4918 1147 4982 diaconibus,
1168 4921 1257 4987 qui
1279 4922 1511 4986 scilicet,
1542 4923 1794 4979 abdicato
1817 4940 1884 4979 eo
1907 4942 2012 4980 una

445 5025 567 5063 cum
606 5009 922 5063 inhumanis
976 5014 1368 5068 consentaneis
1406 5012 1688 5080 fratribus,
1747 5017 1838 5086 qui
1878 5018 2011 5088 lapsi

447 5101 684 5165 fuerant,
753 5116 848 5169 per
920 5103 1297 5169 paenitentiam
1363 5106 1567 5175 suscipi
1627 5107 2011 5164 decreverunt.

445 5191 616 5247 Porro
664 5201 820 5246 tanto
870 5195 1108 5249 concilio
1162 5198 1453 5253 Cornelius
1508 5198 1769 5254 lietnaua:
1796 5201 2015 5271 przrl‘uit

447 5283 643 5351 praesul
663 5284 953 5348 Ecclesiae;
981 5285 1072 5350 qui
1105 5286 1269 5338 etiam
1296 5287 1492 5341 scribit
1526 5289 1592 5342 ad
1629 5287 1854 5344 Fabium
1903 5293 2015 5359 epi-

450 5392 676 5445 scopum
721 5376 1120 5430 Antiochenum
1176 5386 1284 5430 tam
1329 5395 1452 5447 quae
1500 5381 1710 5449 synodo
1737 5384 2013 5451 placuere.

447 5485 607 5534 quam
632 5471 846 5537 proprie
869 5470 935 5522 tle
960 5469 1212 5537 malignis
1235 5468 1426 5525 Novati
1450 5473 2009 5535 actionibus.dicens:

451 5559 567 5609 Scis
594 5568 767 5635 autent
799 5558 940 5629 quod
970 5561 1036 5610 ab
1076 5558 1203 5612 olim
1231 5558 1610 5615 desideraverit
1654 5552 2031 5633 episcopatum.

453 5652 709 5704 mirabilis
746 5654 862 5705 iste.
896 5653 1171 5707 occultans
1218 5664 1698 5722 prtesumptuosum
1746 5661 1799 5711 in
1836 5676 1888 5712 se
1923 5658 2015 5711 de-

452 5743 721 5804 stdcrium,
754 5755 802 5796 et
838 5744 1048 5797 latentis
1081 5745 1341 5812 superbia:
1369 5748 1660 5801 velamento
1687 5752 2010 5819 conperiens.

396 5864 399 5867 ν
456 5838 535 5891 Ad
557 5855 713 5907 quam
746 5841 799 5894 in
829 5826 1134 5908 primordiis
1167 5841 1363 5895 idcirco
1387 5842 1558 5898 elatus
1585 5845 1850 5913 apparuit,
1881 5862 2012 5915 quo-

2121 4652 2377 4717 Ecclesia,
2390 4652 2443 4704 in
2461 4667 2560 4721 quo
2579 4666 2676 4703 non
2700 4648 2978 4720 ignorabat
2994 4648 3322 4717 presbyteros
3337 4662 3449 4700 esse
3462 4644 3696 4715 quadra-

2119 4743 2266 4813 ginta
2300 4757 2412 4806 se:c,
2443 4742 2693 4794 diaconos
2722 4749 2935 4806 septem,
2954 4738 3305 4792 subdiaconos
3332 4728 3546 4803 septem:
3569 4750 3688 4789 aco-

2123 4837 2258 4905 lgtos
2283 4835 2414 4887 duos
2439 4843 2488 4887 et
2512 4832 2888 4901 quadraginta,
2906 4831 3196 4885 exorcistas
3216 4841 3389 4882 autem
3407 4838 3454 4881 et
3478 4828 3693 4880 lectores

2123 4945 2239 4981 cum
2270 4926 2511 4981 ostiariis
2554 4925 2642 4986 52.
2693 4924 2880 4978 viduas
2923 4940 3040 4976 cum
3078 4923 3297 4990 afﬂictis
3336 4936 3499 4987 supra
3528 4919 3690 4973 1050.

2125 5018 2268 5082 Quos
2298 5033 2473 5072 omnes
2514 5016 2729 5069 Domini
2767 5016 2943 5085 gratia
2988 5024 3036 5069 et
3086 5014 3453 5069 misericordia
3485 5012 3695 5071 nutrit;

2122 5126 2237 5179 qua:
2272 5124 2364 5160 nec
2402 5116 2553 5160 tanta
2578 5117 2628 5160 et
2662 5116 2770 5159 tant
2800 5108 2852 5159 in
2894 5105 3136 5160 Ecclesia
3160 5106 3454 5158 necessaria
3484 5120 3576 5169 per
3601 5102 3695 5157 Dei

2122 5200 2502 5269 providentiam
2535 5198 2843 5257 multitudo,
2888 5215 2980 5251 nec
3020 5198 3162 5251 dives
3188 5208 3240 5252 et
3276 5196 3562 5265 multiplex
3594 5212 3695 5248 nu-

2124 5309 2295 5347 merus
2319 5308 2437 5345 cum
2478 5292 2709 5345 maximo
2731 5300 2779 5343 et
2807 5290 3182 5342 innumerabili
3239 5290 3433 5357 populo
3464 5304 3497 5339 a
3539 5294 3689 5339 tanta

2123 5385 2486 5453 desperatione
2540 5401 2602 5436 ac
2652 5383 2807 5436 twdio
2841 5383 3116 5445 convertit,
3152 5390 3246 5434 aut
3293 5381 3363 5434 ad
3395 5379 3693 5433 Ecclesium

2124 5477 2401 5529 revocavit.
2441 5475 2536 5529 llis
2595 5474 2837 5529 inferens
2882 5480 3007 5543 post
3046 5473 3152 5525 alia
3186 5472 3323 5526 dicit
3358 5489 3371 5527 :
3412 5470 3517 5523 Eia
3551 5486 3691 5524 nunc

2124 5581 2311 5623 cratera
2373 5582 2772 5634 prosequamur,
2839 5565 3026 5634 quibus
3084 5564 3324 5632 operibus
3377 5565 3452 5616 vel
3508 5563 3693 5631 quibus

2125 5655 2605 5710 conversationibus
2637 5655 2767 5723 ﬁsus
2814 5657 3171 5725 episcopatum
3203 5655 3303 5707 sibi
3332 5653 3691 5707 vindicaverit.

2126 5750 2205 5803 An
2253 5748 2389 5815 forte
2435 5764 2528 5815 pro
2556 5764 2614 5801 eo
2646 5748 2782 5816 quod
2818 5748 2883 5799 ab
2931 5748 3083 5800 initio
3139 5747 3193 5799 in
3222 5745 3464 5800 Ecclesia
3520 5744 3695 5813 fuerat

2128 5850 2483 5905 conversatus,
2518 5850 2566 5895 et
2598 5841 2791 5894 multos
2839 5855 3026 5910 agones
3053 5855 3147 5910 pro
3185 5854 3248 5894 ea
3289 5836 3526 5902 subierit,
3558 5844 3605 5890 et
3643 5836 3696 5888 in
