4440 6446
773 370 913 435 ῙΞΟ3

1864 379 2259 439 ANAS’l‘ASll
2326 380 2398 437 Β]
2413 379 2957 441 BLlOTHECARII

3893 382 4027 447 1204

775 500 1021 566 periculis
1050 501 1226 552 multis
1284 512 1332 552 et
1357 502 1561 569 magnis
1606 514 1814 568 propter
1864 502 2097 555 divinum
2147 501 2345 554 cultum
2375 505 2421 560 Α
2452 500 2578 561 246,
2614 501 2803 557 Gallus
2837 513 2890 557 et
2945 501 3275 557 Volusianus
3331 502 3622 569 imperant.
3664 501 3951 558 Cornelius
3975 517 4024 557 et

775 590 1031 659 afuerit?
1058 591 1148 644 sed
1182 608 1282 645 nou
1312 604 1387 646 est
1420 595 1515 645 ita.
1575 592 1674 646 Cui
1706 594 1939 647 uidelicet
1995 594 2200 646 occasio
2231 609 2344 646 cre-

778 686 936 738 dendi
970 685 1073 750 fuit
1108 682 1327 739 Satanas
1358 686 1612 738 adventus
1659 687 1711 738 in
1742 703 1859 739 eum
1907 697 1956 738 et
1990 686 2251 738 habitatio
2294 688 2343 737 in

777 776 871 828 illo
920 786 1147 843 tempore
1169 778 1355 838 multo,
1386 787 1434 829 et
1472 790 1527 829 ut
1553 778 1895 845 adjuvaretur
1947 778 2011 830 ab
2040 777 2342 830 exorcistis.

778 868 1135 922 Cuntsa'vum
1190 871 1503 925 incurrisset
1557 874 1883 940 languorem.
1940 888 2156 939 cumque
2213 870 2347 922 mori

775 961 1135 1013 a'stimaretur
1184 964 1237 1013 in
1269 964 1402 1014 lecto
1425 979 1526 1031 quo
1548 963 1783 1031 jacebat.
1821 964 2065 1030 perfusus
2111 971 2189 1015 est
2226 979 2346 1031 gra-

775 1053 871 1117 tia,
906 1054 952 1107 si
983 1065 1154 1107 tamen
1184 1056 1355 1107 dicere
1376 1065 1613 1123 oporteat
1645 1056 1954 1123 liujusmodi
1993 1056 2120 1123 quid
2153 1055 2346 1123 gratiu'

772 1148 1085 1212 suscepisse.
1121 1146 1220 1199 Sed
1254 1164 1343 1200 nec
1375 1158 1564 1201 cwtera
1586 1159 1893 1201 consecutus
1944 1158 2043 1210 est,
2079 1163 2195 1199 cum
2229 1149 2344 1198 lan-

771 1253 982 1305 guorem
1032 1237 1255 1305 fugeret,
1302 1254 1418 1306 qua:
1473 1240 1740 1305 percipere
1794 1237 2009 1291 debebat
2056 1237 2342 1290 secundum

770 1326 1029 1380 Ecclesiw
1056 1329 1310 1396 regulam.
1348 1329 1451 1381 Sed
1481 1345 1571 1382 nec
1608 1331 1939 1398 signaculum
1995 1329 2058 1381 ab
2102 1331 2343 1395 episcopo

770 1430 1076 1473 consecutus
1106 1431 1204 1473 est.
1241 1420 1378 1488 Ergo
1414 1438 1530 1473 cum
1566 1422 1675 1474 lucc
1697 1422 1914 1487 adeptus
1956 1438 2059 1473 non
2084 1422 2175 1483 sit,
2209 1438 2340 1488 quo-

770 1512 925 1565 modo
978 1529 1154 1581 quwso
1187 1511 1446 1579 Spiritum
1483 1521 1723 1565 sanctum
1743 1512 1961 1580 adeptus
1987 1522 2062 1565 est
2082 1516 2105 1564 ἶ)
2131 1512 2185 1563 Et
2223 1528 2342 1564 rur-

771 1621 869 1660 sus
909 1605 1074 1659 infert
1126 1621 1137 1654 :
1180 1605 1284 1671 Qui
1336 1617 1548 1673 propter
1601 1606 1941 1671 formidinem
1984 1616 2030 1656 et
2082 1607 2341 1672 priratan.

768 1698 1053 1768 quamdam
1086 1699 1317 1766 gratiam
1357 1708 1580 1765 tempore
1628 1698 2003 1765 persecutionis
2066 1698 2333 1765 presbyte-

770 1805 887 1840 rum
918 1804 1030 1841 esse
1060 1806 1112 1841 se
1147 1789 1414 1858 denegavit
1452 1807 1464 1839 :
1497 1790 1801 1857 postulatus
1832 1791 1967 1841 enim
2006 1800 2158 1857 atque
2186 1806 2341 1857 roga-

2454 592 2654 647 Lucius
2711 596 2859 649 circa
2933 595 3126 648 horum
3194 606 3439 662 tempora
3493 594 3726 648 Romani
3785 596 4027 663 episcopi

2449 705 2645 742 cruore
2668 690 2911 758 martyrii
2946 691 3160 741 llorent.
3206 690 3340 741 Cum
3377 689 3595 759 plurimi
3651 688 3887 760 Scythae.
3934 690 4025 758 qvi

2449 782 2609 836 Gothi
2644 782 2925 843 dicuntur,
2970 781 3215 835 Histrum
3252 781 3475 839 ﬂuvium
3507 781 3611 835 sub
3648 780 3809 835 Decio
3845 792 4027 835 trans-

2450 884 2746 938 rneassent,
2799 875 3107 927 Romanum
3163 876 3453 943 imperium
3501 875 3901 927 derastahant:
3940 874 4027 927 isti

2448 967 2630 1038 Mysos
2662 965 2965 1035 Nic0polim
2996 966 3270 1036 fugientes
3296 967 3679 1020 obtinuerunt.
3716 966 3911 1020 Decius
3938 981 4032 1017 au-

2446 1073 2552 1115 tem
2580 1060 2700 1112 illos
2731 1074 3050 1127 aggressus,
3092 1069 3151 1111 ut
3196 1057 3467 1127 Dexippus
3528 1059 3746 1120 scribit,
3804 1059 4026 1124 triginta

2444 1154 2688 1207 millibus
2720 1153 3021 1206 interfectis
3051 1153 3105 1204 in
3165 1149 3422 1204 conﬂictu
3480 1152 3769 1211 minuitur,
3844 1151 3918 1203 ita
3972 1161 4031 1203 ut

2447 1242 2875 1313 Philippopolim
2921 1241 3193 1296 desertam
3229 1243 3298 1294 ab
3323 1243 3405 1295 eis
3437 1240 3635 1293 iactant
3669 1243 3948 1294 amitteret
3976 1249 4031 1294 et

2444 1333 2689 1388 Thraces
2723 1334 2878 1387 multi
2917 1335 3181 1402 perirent.
3214 1334 3387 1386 Porro
3430 1332 3628 1387 Decius
3681 1332 4033 1400 impugnawr

2446 1426 2538 1480 Dei
2568 1426 2729 1478 valde
2758 1426 3123 1494 ignominioso
3164 1426 3437 1479 occiditur
3466 1424 3608 1493 apud
3632 1425 3903 1492 'Abrytum
3934 1425 4029 1491 qni

2442 1519 2646 1574 dicitur
2672 1515 3135 1570 Forotbemhroni
3171 1532 3276 1569 una
3311 1531 3436 1570 cum
3473 1516 3603 1569 lilio.
3636 1515 3855 1584 Scyllae
3900 1530 4029 1567 vero

2444 1627 2567 1665 cum
2602 1609 2852 1678 pluribus
2894 1608 3089 1678 spoliis
3138 1617 3191 1662 et
3236 1609 3474 1676 captivis
3535 1606 3599 1658 ad
3660 1623 3758 1660 sua
3825 1609 4027 1659 τενειιρὶ

2443 1710 2589 1755 sunt.
2627 1699 2911 1752 Exercitus
2943 1707 3124 1750 autem
3157 1696 3370 1750 Gallum
3403 1696 3721 1765 quemdam,
3777 1697 3866 1764 qui
3899 1696 4028 1749 olim

2445 1789 2637 1844 consul
2669 1789 2977 1847 exstiterat.
3012 1789 3395 1857 imperatorem
3431 1802 3535 1839 una
3575 1802 3697 1839 cum
3733 1785 4030 1840 Volusiano

770 1888 854 1929 tus
890 1895 921 1929 a
945 1878 1254 1930 diaconibus
1291 1889 1345 1931 ut
1386 1880 1552 1930 exiret
1594 1896 1620 1931 e
1659 1878 1874 1937 ce:'lula,
1910 1896 2013 1945 qua
2056 1895 2168 1931 sese
2197 1895 2342 1931 cocr-
2378 1850 2416 1904 Β
2449 1881 2599 1936 Decii
2629 1882 2740 1935 lilio
2768 1882 3235 1942 acclautaveruut,
3290 1882 3383 1948 qtri
3423 1888 3476 1931 ct
3514 1880 3788 1947 imperant
3834 1895 4030 1931 secun-

769 1982 967 2034 cuerat,
1007 1971 1265 2039 fratribus
1304 1972 1666 2024 auxiliaturus
1697 1982 1767 2033 et,
1804 1981 1858 2022 ut
1912 1971 1995 2038 fus
2041 1970 2342 2039 presbytero

770 2073 924 2125 esset,
950 2079 1044 2130 pro
1073 2064 1268 2115 viribus
1313 2062 1736 2133 periclitantibus
1771 2062 2027 2129 fratribus
2060 2071 2108 2114 et
2146 2062 2343 2114 sollici-

773 2156 971 2209 tudinis
1014 2156 1369 2225 indigentibus
1415 2155 1797 2223 opitulaturus,
1831 2156 1962 2208 adeo
2011 2172 2196 2223 parere
2232 2155 2346 2207 dia-

770 2251 986 2303 conibus
1011 2251 1272 2303 recusarit
1301 2261 1355 2301 ut
1381 2253 1539 2302 etiam
1571 2251 1833 2303 steviendo
1870 2249 2181 2301 discederet.
2222 2247 2343 2301 Non

768 2343 905 2392 enim
943 2341 1082 2391 ultra
1117 2357 1170 2393 se
1195 2341 1550 2408 presbyterum
1580 2339 1691 2408 fore
1738 2356 2067 2399 asseverans,
2098 2354 2213 2390 cum
2259 2340 2343 2389 al-

774 2434 934 2485 terius
975 2446 1111 2486 esset
1139 2433 1483 2499 pltilosopliia'
1518 2443 1747 2485 amator.
1799 2432 1928 2485 [lein
1967 2441 2089 2498 post
2132 2432 2344 2499 pauxil-

772 2526 884 2577 lum
941 2526 1149 2579 subinl'r
1168 2534 1212 2576 rt
1249 2542 1262 2577 :
1296 2524 1518 2577 Deserta
1566 2526 1706 2577 enim
1754 2526 1932 2577 clarus
1966 2524 2063 2576 iste
2104 2524 2345 2575 Ecclesia

770 2616 889 2680 Dei,
919 2618 973 2668 in
999 2632 1102 2686 qua
1146 2617 1358 2670 credens
1388 2617 1577 2669 meruit
1634 2616 2054 2684 presbyteratum
2088 2631 2177 2682 per
2224 2632 2345 2682 gra-

769 2711 900 2760 tiam
930 2709 1179 2777 episcopi,
1208 2709 1296 2777 qui
1324 2708 1390 2760 ad
1416 2721 1611 2762 sortem
1660 2710 2051 2777 presbyteratus
2102 2708 2148 2761 ei
2180 2710 2348 2776 impo-

768 2803 894 2863 suit,
924 2801 1217 2867 prohibitus
1241 2814 1317 2854 est
1356 2802 1420 2854 ab
1447 2802 1590 2854 omni
1621 2802 1781 2863 clero,
1822 2802 1909 2853 sed
1947 2811 1993 2853 et
2024 2800 2172 2851 lairis
2216 2800 2347 2849 mul-

772 2893 839 2945 tis
874 2893 1228 2945 usserentibus
1264 2909 1365 2945 non
1410 2908 1521 2945 esse
1565 2894 1771 2943 licitum
1814 2892 2057 2943 clericum
2086 2890 2199 2957 fieri
2231 2906 2345 2940 cum

770 2999 935 3035 causa
988 2984 1344 3051 inﬁrmitatis,
1371 2986 1457 3053 qui
1496 2983 1547 3035 in
1580 2983 1711 3035 lecto
1750 2984 1949 3050 positus
2001 2983 2230 3049 gratiam
2282 2981 2345 3032 sit

771 3077 1012 3143 adeptus.
1069 3074 1259 3129 Verum
1287 3077 1589 3143 episcopum
1624 3086 1992 3141 poposcerunt.
2027 3085 2081 3124 ut
2112 3073 2209 3124 hoc
2249 3074 2346 3124 sibi

769 3168 833 3222 de
862 3169 964 3222 isto
994 3169 1107 3222 solo
1137 3168 1463 3223 concederet.
1498 3168 1593 3220 His
1620 3168 1765 3219 addit
1799 3167 2088 3218 Cornelius
2128 3166 2343 3231 pravis-

771 3261 964 3312 simam
1030 3257 1221 3312 Novati
1300 3261 1695 3329 impudentiam
1763 3275 2073 3314 asserens:
2124 3259 2346 3312 iaciens

767 3353 905 3404 enim
935 3352 1247 3413 oblationes,
1276 3364 1323 3405 et
1377 3354 1696 3420 dispertiens
1732 3356 2012 3422 unicuique
2054 3353 2349 3419 portionem

770 3453 818 3494 et
855 3441 1090 3503 tradens,
1128 3445 1226 3495 hoc
1265 3444 1453 3511 jurare
1485 3460 1579 3509 pro
1630 3444 1983 3497 benedictione
2013 3446 2223 3495 trist-ros
2253 3444 2347 3493 lto-

772 3536 936 3586 mines
970 3535 1125 3603 cogit,
1158 3546 1332 3588 tenens
1370 3548 1592 3604 utroque
1634 3553 1793 3588 manu
1838 3553 2050 3588 manum
2087 3536 2348 3603 accipien-

770 3625 860 3688 tis,
891 3636 940 3677 et
974 3641 1073 3677 non
1098 3626 1364 3678 dimittens
1399 3626 1560 3678 donec
1577 3627 1769 3692 jurans
1818 3626 1912 3678 hoc
1940 3628 2081 3678 dicat
2111 3642 2127 3680 .'
2165 3626 2348 3693 (illius

769 3716 915 3769 cnim
960 3718 1307 3771 sermonibus
1342 3719 1494 3789 utar)
1533 3738 1549 3767 ι
1583 3717 1724 3771 Jura
1748 3721 1876 3772 milii
1920 3736 2012 3787 per
2068 3736 2255 3788 corpus
2297 3728 2345 3770 et

772 3809 1080 3878 sanguinem
1153 3809 1362 3862 Domini
1409 3812 1578 3863 nostri
1624 3810 1754 3865 Jesu
1802 3811 2003 3865 Christi
2037 3812 2174 3880 quod
2214 3828 2349 3863 nun-

770 3918 928 3969 quam
964 3919 1041 3955 nte
1098 3903 1389 3971 aliquando
1420 3904 1754 3973 derelinquas
1811 3907 1887 3959 rel
1927 3910 1995 3958 ad
2046 3906 2346 3959 Cornelium

774 3994 995 4057 redeas;
1037 4013 1051 4041 ι
1089 4004 1135 4045 et
1171 3994 1438 4061 infaustus
1469 3996 1624 4049 homo
1667 4012 1769 4048 non
1801 3998 1947 4063 prius
1981 4006 2156 4064 gustat
2190 4013 2349 4064 quant

776 4088 873 4140 sibi
904 4098 1057 4139 antea
1093 4088 1399 4149 nia/edient,
1426 4097 1475 4139 et
1503 4104 1597 4155 pro
1626 4104 1685 4145 eo
1709 4097 1767 4139 ut
1800 4087 1943 4140 dicat
1976 4098 2188 4154 accepto
2218 4104 2351 4153 pane

772 4181 868 4233 illo
905 4181 1005 4247 (Γ)
1042 4198 1059 4230 t
1107 4182 1535 4241 Anten.ulterius
1559 4181 1678 4249 jam
1715 4198 1817 4234 non
1864 4182 2069 4234 redeam
2104 4182 2172 4233 ad
2222 4182 2351 4237 Gor-

773 4274 970 4327 nelium
1006 4293 1023 4324 ι
1062 4274 1210 4325 aicit.
1245 4274 1515 4329 Praeterea
1539 4272 1705 4327 Fabio
1733 4275 2350 4343 Antiochenoepiscopo

775 4383 941 4438 super
971 4366 1178 4421 Novato
1204 4366 1538 4421 claudicanti
1569 4367 1879 4431 Cornelius,
1911 4382 2030 4434 qme
2060 4367 2347 4434 prmmissa

775 4470 923 4524 sinit,
967 4468 1018 4513 et
1053 4462 1289 4528 qualiter
1332 4477 1454 4514 eum
1505 4461 1659 4513 multi
1707 4461 2022 4515 deserentes
2065 4462 2130 4512 ad
2167 4460 2352 4515 Eccle-

2448 1976 2578 2029 dum
2609 1974 2914 2043 Dexipputn
2938 1973 3221 2027 mensibus
3246 1973 3432 2027 decem
3462 1981 3515 2023 et
3540 1982 3687 2033 octo,
3714 1971 4028 2039 nildignmn

2450 2064 2608 2119 laude
2631 2072 2906 2134 gerentes,
2940 2064 3241 2118 secundum
3267 2063 3403 2116 alios
3438 2073 3616 2115 autem
3644 2064 3801 2115 anuis
3830 2062 4026 2117 tribus.

2446 2166 2608 2222 porro
2638 2153 2938 2205 secundum
2974 2151 3237 2219 quosdam
3301 2151 3460 2204 anuis
3499 2150 3751 2213 duobus;
3816 2166 4027 2219 perem-

2448 2246 2633 2313 ptique
2688 2253 2818 2299 sunt
2862 2246 3061 2311 proditi
3107 2261 3135 2297 a
3192 2245 3414 2314 proprio
3472 2254 3751 2313 potentatu
3814 2246 3865 2297 in
3911 2244 4031 2297 loro

2450 2337 2722 2399 Flaminii,
2764 2352 3107 2405 nequaquam
3149 2336 3297 2391 Decii
3330 2352 3511 2391 mores
3552 2338 3768 2400 sectati,
3810 2347 3867 2389 ut
3898 2352 4028 2405 quo.

2448 2426 2572 2481 dum
2617 2429 2824 2481 inloco
2860 2430 3050 2481 beatus
3116 2428 3406 2497 Dionysius
3460 2430 3887 2490 Alexandrinus,
3936 2444 4031 2481 an-

2447 2523 2603 2576 tistes
2632 2521 3062 2585 llermammoni,
3097 2523 3313 2575 scribit.
3350 2522 3445 2577 His
3467 2524 3803 2589 temporibus
3825 2521 4032 2588 Grego-

2447 2612 2563 2664 rius
2584 2626 2809 2679 magnus
2826 2622 2879 2664 et
2901 2611 3293 2664 miraculorum
3320 2622 3564 2680 patrator
3580 2613 3632 2664 in
3655 2610 4029 2680 philosophiae,

2447 2719 2569 2772 qua:
2606 2704 2907 2756 secundum
2936 2702 3216 2757 Christum
3252 2713 3359 2767 est,
3402 2702 3741 2772 perfectione
3771 2701 4028 2770 fulgebat.

2447 2796 2617 2863 Cujus
2652 2796 2978 2863 condignam
3003 2794 3365 2850 Caesariensis
3388 2794 3679 2857 Eusebius,
3712 2797 3896 2846 nescio
3925 2807 4029 2861 qua

2452 2904 2549 2956 pro
2584 2904 2776 2949 causa,
2828 2888 3163 2941 mentionem
3196 2903 3304 2941 non
3339 2888 3491 2951 facit,
3546 2888 3851 2957 prtesertim
3905 2902 4028 2938 cum

2450 2978 2925 3033 irrationabilibus
2992 2978 3494 3031 declamationibus
3574 2978 3723 3045 impii
3776 2976 4031 3046 Origenis

2450 3079 2717 3134 moretur,
2760 3070 2905 3139 quod
2941 3086 3102 3140 agere
3143 3071 3327 3138 potius
3359 3086 3524 3139 super
3583 3071 3685 3122 hoc
3744 3069 4017 3127 debuerit,

2451 3166 2543 3234 qui
2570 3181 2663 3233 per
2697 3165 3014 3217 universum
3057 3166 3243 3217 orbem
3271 3172 3542 3217 terrarum
3576 3173 3835 3230 personat
3884 3162 4027 3214 divi-

2451 3261 2647 3329 nisque
2686 3257 2871 3311 verbis
2902 3264 3157 3310 coruscat
3188 3265 3349 3321 atque
3375 3254 3659 3323 prodigiis,
3705 3254 3773 3305 ita
3806 3263 3861 3304 ut
3896 3252 4031 3319 ipsis

2449 3355 2611 3408 etiam
2646 3350 2988 3405 daemonibus
3015 3358 3075 3401 ut
3105 3347 3436 3417 quibusdam
3471 3346 3762 3414 mancipiis
3796 3348 4032 3413 impera-

2452 3454 2533 3499 ret
2559 3460 2651 3513 per
2681 3444 2906 3496 multam
2946 3443 3010 3493 ad
3042 3441 3206 3493 Deum
3248 3438 3505 3492 ﬁduciam
3538 3448 3593 3493 et
3621 3438 3743 3491 vitae
3782 3445 3837 3489 et
3875 3436 4029 3488 verbi

2453 3536 2803 3591 munditiam.
2857 3533 3094 3589 Aistuno
3149 3540 3329 3584 autem
3376 3529 3671 3584 Eusebium
3720 3529 3792 3581 ita
3827 3527 4032 3580 deiﬁca:

2450 3628 2667 3683 virtutis
2710 3627 2979 3685 mirabilis
3038 3632 3094 3677 et
3153 3621 3346 3676 deiferi
3410 3620 3658 3689 Gregorii
3708 3620 4034 3689 magnitudi-

2453 3740 2576 3779 nem
2630 3722 2900 3787 tacuisse,
2938 3735 3036 3789 pro
3076 3734 3139 3772 eo
3194 3716 3338 3783 quod
3392 3716 3725 3770 omnimodis
3768 3732 3939 3782 purus
3981 3725 4035 3769 et

2453 3817 2667 3870 alienus
2704 3814 2772 3867 ah
2809 3812 3062 3880 Origenis
3093 3810 3473 3863 deliramentis
3500 3817 3554 3861 et
3605 3808 3719 3860 Arii
3778 3807 4034 3875 blasphe-

2454 3908 2579 3961 miis
2612 3907 2796 3969 fuerit,
2836 3904 3037 3973 quibus
3062 3902 3331 3956 Eusebius
3358 3909 3473 3954 erat
3504 3899 3761 3959 iniectus.
3795 3899 3895 3964 Qui
3932 3915 4033 3953 nec

2452 3999 2731 4071 Cypriani,
2766 3997 2949 4067 magni
2982 3994 3333 4063 Carthaginis
3367 3991 3546 4062 Libyae
3579 3993 3850 4061 praesulis,
3887 4006 4036 4044 mar-

2455 4092 2655 4161 tyrium
2688 4090 2934 4158 scripsit.
2977 4088 3196 4140 Primus
3222 4084 3497 4154 Cypriano
3520 4083 3911 4153 dogtnatizanti
3940 4098 4035 4151 per

2452 4184 2729 4236 lavacrum
2768 4179 3057 4250 quosdam,
3091 4180 3183 4247 qui
3228 4188 3292 4231 ex
3349 4176 3657 4229 haeresibus
3702 4184 4035 4229 convertunt-

2454 4286 2568 4340 tur,
2628 4272 3020 4345 puriﬁcandos,
3070 4270 3400 4339 Stephanus,
3468 4267 3562 4336 qui
3629 4276 3751 4335 post
3806 4266 4032 4319 Lucium

2456 4364 2831 4419 Romanorum
2868 4361 3181 4415 moderatus
3213 4368 3295 4413 est
3345 4358 3553 4419 sedem,
3587 4358 3812 4418 restitit,
3846 4367 4035 4425 utpote

2455 4472 2657 4511 novum
2716 4454 2976 4525 quiddam
3025 4462 3224 4522 prazter
3272 4451 3531 4504 Ecclesize
3580 4450 4034 4503 consuetudinem

775 4555 913 4608 siam
946 4565 1195 4616 currant,
1248 4555 1561 4608 necessario
1603 4555 1814 4609 scribit.
1875 4556 1930 4605 In
1964 4554 2164 4622 quibus
2195 4562 2246 4608 ct
2281 4554 2349 4608 de
2375 4554 2428 4613 D
2456 4548 2853 4631 introducenti.
2916 4545 3017 4600 Cui
3088 4544 3371 4614 Stephano
3433 4542 3727 4610 Dionysius
3801 4543 4033 4609 primum

774 4645 934 4699 beato
964 4644 1149 4711 Moyse
1176 4654 1415 4716 martyre
1463 4645 1731 4708 meminit,
1763 4647 1999 4713 qualiter
2028 4647 2204 4713 ipsum
2237 4645 2345 4698 No-

773 4746 958 4789 vatum
992 4746 1116 4792 ante
1154 4738 1470 4806 martyrium
1507 4753 1612 4789 una
1650 4753 1772 4790 cum
1801 4739 2046 4806 quinque
2075 4736 2346 4791 schisma-

774 4828 898 4882 ticis
935 4828 1273 4896 presbyteris
1319 4827 1461 4895 ejus,
1516 4825 1931 4896 deprehendens
1988 4828 2345 4880 temeritatem

778 4921 971 4989 ipsius,
997 4918 1583 4974 escommunicaverit.
1612 4918 1883 4988 Additque
1905 4920 1957 4971 in
1978 4920 2222 4989 epistola:
2248 4919 2351 4972 ﬁne

775 5010 1083 5079 catalogo".
1121 5012 1504 5078 episcoporum
1541 5010 1632 5079 qui
1688 5010 1954 5064 adversus
2004 5026 2128 5063 eum
2165 5008 2353 5063 Romae

779 5114 1152 5157 convenerant
1190 5119 1285 5172 per
1318 5104 1532 5172 singula
1568 5104 1813 5166 nomina,
1861 5112 1915 5157 et
1968 5104 2350 5172 parochiarum

779 5194 986 5248 faciens
1016 5195 1373 5257 mentionem,
1434 5209 1646 5250 necnon
1677 5205 1731 5249 et
1780 5210 1970 5249 eorum
1994 5196 2087 5265 qtti
2123 5211 2247 5249 cum
2283 5194 2354 5248 ob

779 5290 1087 5340 necessaria
1120 5286 1403 5341 obstacula
1444 5304 1552 5341 non
1608 5288 2019 5353 convenissent,
2051 5302 2352 5342 consense-

781 5388 908 5431 runt
940 5388 1118 5433 tamen
1150 5380 1388 5449 propriis
1433 5380 1633 5434 litteris
1677 5380 1863 5433 divino
1925 5389 2117 5433 contra
2172 5379 2348 5447 ipsum

778 5472 1098 5538 deprompto
1122 5470 1353 5538 judicio.

855 5562 1039 5618 Mundi
1094 5578 1240 5618 anno
1294 5564 1456 5625 5746.
1514 5564 1711 5619 divina:
1772 5565 2169 5620 incarnationis
2209 5580 2352 5618 anno

2456 4659 2613 4700 suam
2643 4643 2710 4697 de
2745 4642 3071 4710 baptismate
3096 4640 3264 4692 mittit
3289 4637 3603 4707 epistolam,
3649 4637 3699 4688 in
3736 4652 3839 4704 qua
3892 4636 4037 4687 inter

2457 4736 2564 4789 alia
2616 4732 2809 4788 scribit
2843 4731 3034 4785 dicens
3068 4748 3080 4783 :
3128 4729 3301 4798 Syria:
3326 4743 3454 4780 sane
3492 4742 3667 4779 omnes
3714 4735 3761 4777 et
3812 4725 4034 4784 Arabia,

2456 4828 2643 4895 quibus
2663 4840 2865 4891 semper
2903 4823 3158 4883 misistis,
3194 4830 3351 4889 atque
3382 4817 3793 4886 Mesopotamia,
3830 4815 4032 4869 Pontus

2455 4921 2505 4965 et
2535 4911 2807 4981 Bithynia,
2839 4920 2893 4963 ut
2930 4910 3251 4979 conjunctim
3277 4924 3538 4967 asseram.
3560 4907 3829 4960 exsultant
3854 4921 4033 4958 omnes

2458 5001 2646 5072 ubique
2677 5002 2965 5055 concordia
2994 5011 3043 5055 et
3076 5016 3257 5055 amore
3285 5000 3641 5068 fraternitatis
3667 4998 4028 5067 glorificantes

2459 5096 2649 5150 Deum.
2684 5094 2952 5150 Praeterea
2985 5096 3126 5149 idem
3171 5109 3402 5163 magnus
3445 5092 3740 5158 Dionysius
3796 5091 4033 5143 Alexan-

2455 5189 2650 5242 drinus
2683 5188 2979 5257 episcopus
3013 5188 3079 5240 de
3114 5187 3443 5255 baptismate
3470 5186 3665 5241 scribit
3719 5194 3829 5237 tam
3859 5184 4034 5237 eidem

2458 5281 2738 5351 Stephano
2787 5296 2950 5350 quam
2992 5281 3149 5334 Sixto
3183 5281 3425 5351 pontiﬁci
3476 5289 3530 5334 et
3566 5278 3868 5333 Pbilomeni
3913 5294 4037 5348 pre-

2460 5376 2684 5445 sbytero
2710 5382 2764 5430 et
2796 5373 3059 5444 Dionysio
3089 5389 3244 5445 teque
3278 5374 3613 5444 presbytero.
3647 5374 3764 5427 viro
3798 5374 4032 5425 rationa-

2461 5470 2552 5523 bili
2587 5477 2640 5521 et
2664 5467 2922 5532 mirabili,
2946 5465 3042 5535 qui
3074 5475 3128 5521 et
3159 5474 3283 5535 post
3315 5466 3591 5519 modicum
3626 5464 3867 5519 Romano
3898 5478 4033 5533 prze-

2461 5563 2641 5616 [lcitur
2669 5562 2886 5616 throno.

2289 5678 2516 5735 ΝΟΤᾹΞ.

855 5775 952 5849 if)
992 5774 1052 5828 V.
1090 5777 1511 5849 Observationes
1561 5780 1677 5849 Nic.
1716 5776 1934 5849 lligaltii
1991 5778 2055 5832 ad
2084 5777 2407 5832 Tcrtullian.
2447 5777 2524 5831 De
2570 5777 2879 5845 spectaculis
2920 5777 2973 5830 in
3008 5775 3133 5839 line,
3163 5782 3216 5830 et
3247 5773 3491 5829 Menard.
3518 5773 3569 5826 in
3623 5772 3712 5825 lib.
3787 5772 4031 5824 Sanam.

789 5842 842 5897 ὃ.
874 5843 1124 5916 Gt‘egor.,
1160 5862 1212 5915 [ι.
1235 5848 1338 5903 589
1368 5855 1421 5903 et
1444 5849 1563 5904 591.
1595 5848 1753 5903 Ρκιτιι.
