4440 6446
422 409 560 473 ηοξ»

1213 402 1580 464 HISTORIA
1618 402 2193 468 ECCLESFASTICA
2224 408 2325 483 EX
2360 408 2842 468 TIIEOPHANE.

3548 404 3683 471 1906

489 516 671 572 Mundi
731 528 877 569 anno
929 512 1091 578 5748,
1152 514 1351 569 divmae
1400 517 1801 570 incarnationis
1842 532 1997 571 anno
2028 522 2072 577 Α
2103 535 2225 575 nem
2261 519 2529 577 adversus
2556 520 2903 577 Christianos
2934 534 3154 576 morere
3182 519 3472 583 niteretur,
3497 522 3684 578 divino

418 609 546 674 248,
580 607 911 663 Valerianus
940 614 994 661 et
1025 603 1288 662 Galienus
1340 607 1634 677 imperant.
1682 605 1994 678 Stephanus

417 704 607 757 Sixtus
640 709 693 755 et
729 699 1021 770 Dionysius
1056 697 1365 753 Romanum
1398 698 1741 769 pontiﬁcium
1775 709 1992 771 gerunt.

418 795 620 850 Paulus
673 792 1067 848 Samosatenus
1106 791 1352 846 decimus
1407 792 1634 861 quintus
1698 792 1999 847 Antiochiae

419 887 617 956 praesul
657 885 911 951 habetur,
944 884 1149 954 quique
1186 884 1378 952 pulsus
1409 891 1491 938 est
1539 884 1729 939 divino
1777 883 1998 940 decreto

417 979 699 1049 etjudicio
725 985 1043 1033 sanctorum
1083 976 1330 1035 Patrum.
1365 992 1487 1029 cum
1539 977 1856 1033 Artemonis
1886 978 1996 1031 ha:-

417 1073 581 1127 resim
614 1080 961 1145 renovasset.
998 1070 1199 1123 Verum
1238 1080 1359 1138 post
1392 1067 1606 1123 Gallum
1639 1080 1695 1124 et
1744 1068 2000 1126 Volusia-

418 1180 548 1221 num
580 1152 889 1221 secundum
943 1163 1209 1232 quosdam
1240 1162 1571 1216 IEmiiianus
1620 1163 1790 1217 sumit
1818 1165 1997 1234 impe-

417 1260 585 1313 rium.
620 1258 775 1312 Tunc
798 1264 851 1311 et
878 1255 1096 1324 Scythae
1126 1269 1322 1309 rursus
1365 1254 1610 1308 Histrum
1653 1264 2002 1311 transeuntes

418 1349 873 1406 Thessalonicam
905 1349 1090 1402 urbem
1148 1345 1347 1416 Illyrici
1404 1357 1791 1409 vastaverunt.
1840 1348 2000 1403 Tunc

419 1443 856 1499 etAthenienses
888 1439 1360 1494 reaediticaverunt
1389 1454 1626 1504 murum,
1660 1440 1752 1510 qui
1785 1442 2001 1496 destru-

355 1583 360 1587 .
421 1545 545 1592 ctus
574 1534 750 1589 fuerat
772 1550 800 1587 a
834 1532 994 1604 Syllae
1022 1530 1377 1601 temporibus.
1412 1531 1628 1601 Scytha:
1659 1542 1840 1586 autem
1874 1549 1999 1587 cum

426 1614 615 1681 ninltis
655 1626 860 1696 prmdis
894 1623 960 1677 ad
993 1622 1214 1692 propria
1265 1631 1595 1676 remearunt.
1642 1622 1796 1676 Tunc
1823 1633 1873 1677 et
1899 1624 2004 1678 He-

424 1720 529 1774 luri
555 1734 678 1774 cum
710 1716 1028 1788 quingentis
1072 1714 1306 1769 navibus
1333 1731 1427 1782 per
1456 1714 1735 1781 Μαεοιίδρε
1776 1716 2003 1785 paludes

424 1812 491 1867 ad
527 1811 760 1865 Pontum
796 1810 1122 1877 navigantes
1167 1805 1491 1875 Byzantium
1530 1815 1583 1860 et
1622 1806 2001 1879 Chrysopolim

422 1910 709 1980 ceperunt.

491 2003 653 2055 Anno
701 2000 889 2053 mundi
942 1999 1101 2058 5755,
1152 1996 1352 2050 divinze
1411 1992 1809 2048 incarnationis
1846 2006 2007 2045 .anno

421 2094 550 2155 253,
582 2092 845 2149 Claudius
904 2070 1157 2159 imperat.
1196 2088 1382 2141 Heluri
1446 2088 1610 2142 etiam
1655 2102 1849 2141 rursus
1907 2086 2009 2140 sub

414 2186 530 2243 isto
555 2184 1195 2250 infeliciter.operantur.
1227 2178 1354 2233 Post
1387 2172 1676 2231 Claudium
1697 2177 2002 2247 quintilius

424 2274 665 2329 obtinuit
691 2290 787 2344 per
816 2272 932 2327 dies
961 2273 1045 2335 17,
1081 2281 1130 2325 et
1166 2279 1414 2325 mortuus
1444 2277 1548 2323 est.

422 2430 427 2435 λ
498 2366 682 2421 Mundi
734 2348 881 2421 anno
934 2366 1093 2431 576,4,
1150 2366 1348 2419 divinae
1402 2361 1800 2416 incarnationis
1858 2376 1999 2415 anno

423 2460 549 2526 9.64,
579 2462 908 2515 Aurelianus
938 2460 1190 2528 imperat,
1220 2457 1323 2511 sub
1358 2442 1651 2524 quo'aiunt
1699 2454 1998 2508 Philostra-

426 2566 539 2608 tum
570 2553 986 2608 Atheniensium
1035 2550 1541 2619 historiographum
1587 2556 1641 2601 et
1691 2547 1995 2625 Longinum

424 2648 650 2717 pollere.
684 2646 809 2712 Qui,
838 2644 1091 2700 videlicet
1115 2637 1476 2707 'Aurelianus,
1504 2655 1629 2694 cum
1662 2639 1999 2708 persecutio-

429 2891 706 2909 με...

2100 611 2332 667 fulmine
2366 612 2708 681 prohibetur,
2738 612 3038 683 fraudcque
3062 628 3286 668 suorum
3321 613 3541 668 occisus
3600 625 3684 667 est

2101 705 2154 759 in
2181 704 2578 774 Caenophrurio
2619 706 2798 775 posito
2836 706 2978 760 inter
3027 705 3349 776 Byzantium
3405 714 3462 759 et
3513 705 3686 759 Hera-

2105 797 2290 851 cliam.
2321 794 2453 850 Post
2485 812 2644 866 quem
2681 798 2915 865 imperat
2945 796 3168 850 Tacitus
3197 812 3211 858 ;
3250 812 3359 866 quo
3404 805 3684 865 perempto

2103 888 2336 958 imperat
2360 888 2709 943 Philnrianus
2731 906 2744 949 ;
2764 904 2873 957 quo
2896 887 3184 943 interfecto
3202 888 3431 957 imperat
3450 887 3680 942 Probus.

2175 982 2358 1036 Mundi
2414 998 2559 1037 anno
2612 980 2776 1046 5770,
2831 982 3028 1034 divina:
3092 981 3484 1035 incarnationis
3542 996 3687 1035 anno

2104 1075 2234 1137 270,
2269 1074 2430 1128 tertio
2461 1089 2606 1127 anno
2632 1072 2811 1126 Probo
2848 1074 3150 1142 imperante
3179 1072 3463 1127 Anatolius
3489 1070 3688 1125 Laodi—

2105 1180 2276 1219 cenus
2336 1166 2630 1234 cpiscopus
2716 1164 3116 1235 philosophicis
3198 1165 3397 1219 studiis
3451 1166 3689 1221 decorus

2107 1258 2447 1327 agnoscitur.
2491 1259 2698 1322 Quarto
2734 1272 2862 1310 vero
2890 1272 3036 1310 anno
3056 1257 3173 1325 ejus
3204 1272 3531 1311 vesanorum
3568 1244 3688 1312 Ma-

2108 1351 2440 1404 nichaeorum
2510 1349 2749 1404 exitialis
2787 1350 3024 1419 perditio
3079 1353 3202 1405 vitae
3266 1352 3544 1406 hominum
3606 1362 3693 1407 est-

2108 1445 2275 1497 illata.
2444 1431 2454 1446 ’

2180 1534 2360 1589 Mundi
2417 1550 2563 1589 anno
2606 1535 2767 1595 5775.
2824 1533 3024 1588 divinze
3087 1534 3486 1589 incarnationis
3545 1550 3689 1589 anno

2105 1628 2233 1695 275,
2270 1628 2444 1682 Carus
2478 1643 2601 1682 cum
2640 1627 2766 1681 filiis
2809 1625 3014 1680 Carino
3059 1634 3111 1680 et
3147 1624 3479 1680 Numeriano
3520 1627 3690 1694 impe-

2107 1733 2187 1775 rat
2218 1741 2232 1788 ;
2275 1736 2507 1792 quorum
2538 1736 2704 1783 unus,
2756 1720 3120 1774 Numerianus
3174 1719 3562 1782 seilicet,eum
3594 1734 3687 1771 vc-

2112 1814 2287 1869 nisset
2338 1813 2705 1872 Antiochiam,
2756 1807 2925 1864 voluit
2961 1812 3177 1865 intrare
3198 1806 3251 1863 in
3314 1802 3687 1864 ecclesiastica

2117 1913 2171 1958 ei.
2233 1906 2526 1974 explorare
2585 1904 3027 1958 Christianorum
3096 1902 3375 1973 mysteria.
3432 1904 3502 1957 At
3562 1919 3691 1955 vero

2113 2008 2338 2051 sanctus
2379 1997 2610 2065 Babytas
2648 1994 2928 2064 prohibuit
2962 2010 3108 2057 eum,
3146 1995 3334 2050 dicens
3366 2012 3381 2049 :
3418 1992 3539 2048 Non
3570 1994 3705 2047 liccr

2115 2090 2212 2143 tibi
2242 2091 2414 2143 videre
2440 2088 2619 2142 diuina
2655 2086 3080 2142 Christianarum
3133 2087 3421 2159 mysteria,
3462 2104 3580 2140 cum
3615 2088 3690 2139 si:

2113 2183 2347 2251 pollutus
2380 2181 2586 2235 idoliris
2612 2180 2931 2244 sacrificiis;
2966 2178 3069 2246 qui.
3119 2178 3436 2248 indignatus
3489 2179 3689 2236 occidit

2113 2287 2260 2325 eum.
2310 2269 2467 2324 Circa
2517 2270 2629 2323 lnec
2679 2270 2927 2337 tempora
2983 2267 3129 2324 Felix
3196 2268 3576 2346 Eutychianus
3638 2277 3691 2321 et

2110 2363 2274 2417 Caius
2303 2363 2488 2416 Romae
2522 2362 2808 2432 poutiliccs
2858 2360 3229 2430 ex_stiterunt.'
3257 2360 3425 2413 Porro
3482 2352 3688 2414 Nume-

2111 2456 2299 2508 rianus
2331 2470 2453 2508 cum
2512 2447 2737 2523 triginta
2802 2460 3037 2531 tantum.
3078 2452 3270 2506 diebus
3321 2462 3625 2523 regnasset,
3658 2466 3688 2505 a

2105 2562 2306 2602 socero
2361 2563 2461 2602 suo
2492 2546 2816 2601 interfectus
2854 2555 2955 2612 est,
2994 2555 3049 2599 et
3103 2544 3477 2603 Diocletianus
3522 2546 3689 2602 sumit

2106 2641 2391 2710 imperium

1142 3108 1466 3170 ABHINC
1522 3097 1988 3176 HISAACIUS,
2028 3104 2177 3180 QUI
2210 3103 2329 3164 ET
2372 3101 2968 3165 ΤΗΕΟΡΗΑΝΕΞ.

501 3450 684 3505 Mundi
735 3466 879 3514 anno
939 3452 1099 3518 5777,
1152 3454 1351 3509 divina:
1404 3455 1804 3515 incarnationis
1862 3460 2076 3516 annoC
2114 3456 2393 3524 proticere,
2427 3465 2479 3509 et
2499 3451 3084 3524 deprehendenslninc
3108 3452 3352 3506 futurum
3381 3453 3714 3524 tyrannidis

428 3545 555 3605 9.77,
595 3546 964 3599 Diocletianus
991 3554 1046 3601 et
1099 3540 1457 3603 Maximianus
1510 3546 1799 3602 Herculius
1836 3550 2007 3617 impe-

342 3666 353 3673 υ
396 3699 399 3702 ⁴
434 3644 580 3697 rant,
601 3637 694 3704 qui
732 3633 976 3690 Caesares
1007 3638 1185 3692 fecere
1232 3637 1619 3694 Constantium
1646 3651 1699 3694 et
1726 3640 2009 3694 Maximia-

433 3745 561 3780 num
589 3727 889 3783 Galerium.
915 3728 981 3783 Et
1015 3715 1384 3786 Diocletianus
1408 3732 1631 3803 quidem
1665 3735 1826 3787 tiliam
1854 3748 2025 3788 suam

434 3820 498 3882 ad
530 3820 749 3888 nuptias
784 3821 1002 3874 Galerio
1041 3823 1210 3889 dedit,
1259 3821 1551 3879 HerCulius
1610 3832 1789 3878 autem
1838 3824 2010 3878 Maxi-

434 3914 649 3988 mianus
671 3914 1014 3969 Theodoram
1046 3916 1211 3969 tiliam
1243 3932 1396 3972 suam
1426 3917 1788 3973 Constantino
1836 3934 2008 3987 copu-

350 4011 357 4017 '
429 4006 581 4069 tavit,
607 3990 920 4073 quanquam
958 4017 1185 4077 uterque
1218 4024 1416 4063 uxores
1444 4010 1708 4075 haberet,
1736 4025 1874 4079 quas
1922 4027 2008 4064 re-

435 4098 567 4164 pulit
602 4098 669 4150 ob
696 4094 948 4152 aﬂ‘eetum
991 4114 1099 4168 quo
1126 4114 1253 4171 erga
1288 4094 1665 4173 imperatores
1723 4102 2007 4173 ﬂagrabat.

436 4185 589 4242 Tunc
634 4206 851 4260 quoque
886 4191 1185 4253 Marcellus
1232 4194 1526 4264 episcopus
1577 4197 1757 4249 Romae
1802 4195 2005 4260 ﬂoruit.

348 4285 356 4291 '
439 4278 811 4335 Diocletianus
843 4292 898 4335 et
939 4280 1305 4349 Maximianus
1344 4281 1634 4338 Herculius
1673 4287 2010 4352 persecutio-

432 4386 556 4424 neu-
610 4386 858 4441 magnam
926 4384 978 4427 et
1026 4375 1356 4428 horrendam
1415 4386 1607 4430 contra
1666 4377 2009 4434 Christianos

436 4458 848 4527 excitaverunt,
871 4470 923 4515 et
954 4464 1187 4532 plurima
1218 4464 1517 4536 inartyrum
1549 4468 1715 4522 millia
1757 4481 2010 4541 patrave-

437 4561 600 4615 runt,
649 4555 868 4629 diversa
919 4565 1188 4611 tormenta
1261 4554 1641 4629 excogitantes
1701 4572 1754 4617 et
1814 4567 2010 4622 inultas

437 4645 708 4711 néquitias
741 4626 1052 4715 operantes.
1407 4626 1425 4629 -
1792 4660 1795 4661 ⁷

508 4736 694 4790 Mundi
748 4752 893 4793 anno
934 4740 1094 4805 5788,
1150 4742 1349 4797 divina:
1404 4719 1801 4800 incarnationis
1864 4763 2008 4801 anno

2113 3557 2162 3600 et
2197 3547 2316 3612 ejus
2346 3545 2663 3616 doginatuin
2694 3545 3123 3609 destructorein,
3158 3544 3303 3598 hunc
3337 3546 3495 3599 morti
3528 3546 3683 3601 addi-

2112 3654 2236 3693 cere
2271 3638 2459 3693 fraudc
2500 3640 2790 3691 tractabat.
2853 3643 2920 3690 At
2974 3638 3063 3691 ille
3110 3637 3291 3691 divina
3347 3637 3687 3707 providentia

2114 3730 2303 3785 fraude
2332 3731 2569 3801 cognita,
2607 3730 3068 3801 quemadmodum
3115 3727 3302 3795 David,
3357 3730 3483 3801 fuga
3542 3731 3689 3786 salu-

2114 3831 2219 3877 tem
2258 3830 2553 3883 mercatur,
2594 3808 2648 3877 et
2681 3823 2746 3875 ad
2782 3833 2987 3891 patrem
3019 3812 3180 3875 suum
3231 3822 3440 3893 salvus.
3466 3821 3688 3876 rediens

2114 3917 2314 3969 multas
2352 3930 2477 3969 cum
2509 3915 2603 3968 illo
2646 3915 2857 3984 gratias
2911 3914 3154 3978 Christo,
3206 3914 3298 3980 qui
3339 3929 3399 3968 se
3435 3913 3685 3978 salvavit,

2113 4009 2325 4078 agebat.
2359 4007 2665 4080 Circa'hzec
2694 4022 2827 4061 sane
2868 4002 3111 4076 tempora
3145 4004 3416 4061 Miltiades
3458 4013 3514 4060 et.
3562 4006 3686 4060 dein

2079 4096 2378 4153 ~Silvester
2428 4094 2691 4163 Romana;
2726 4105 2941 4174 gerunt
2994 4093 3252 4155 Ecclesim
3313 4084 3683 4163 praesulatum.

2115 4189 2282 4243 Porro
2334 4187 2683 4244 Theotecnus
2735 4187 2976 4253 divinus,
3040 4190 3127 4241 cui
3191 4203 3389 4257 parens
3438 4186 3687 4242 Galerius

2113 4272 2673 4350 M;ixiiiiiaiius,'cuin
2721 4278 3065 4346 daemonibus
3114 4280 3422 4349 immolaret
3478 4290 3532 4334 et.
3596 4294 3688 4334 re-

2115 4389 2317 4444 sponsa
2350 4372 2674 4441 susciperet,
2698 4371 2960 4431 adversus
2976 4363 3321 4427 Christianos
3352 4373 3707 4443 persecutio-'

2114 4464 2237 4525 nem
2273 4467 2591 4531 commovit,
2629 4466 2961 4521 monitiones
2992 4465 3282 4521 salvatoris
3319 4466 3497 4533 tinxit,
3539 4476 3593 4521 et
3618 4468 3683 4521 ad

2114 4561 2299 4614 omnia
2338 4560 2454 4612 loca
2486 4560 2540 4612 in
2570 4558 2830 4626 injuriam
2870 4559 3037 4623 misit,
3075 4567 3128 4613 et
3176 4559 3477 4639 litterarum
3514 4548 3687 4630 magi-

2112 4654 2244 4709 stris
2278 4668 2476 4724 pueros
2494 4653 2690 4707 docere
2713 4654 2985 4721 praecepit,
3014 4654 3240 4725 studens
3271 4669 3380 4724 quo
3405 4654 3686 4710 deridere-

2113 4754 2201 4798 tur
2249 4748 2571 4825 mysterium
2611 4754 2889 4799 nostrum.
2925 4746 3194 4814 Praeterea
3234 4744 3592 4802 Constantius
3630 4749 3683 4802 in

433 4827 558 4889 288,
603 4827 943 4884 Diocletiano
967 4833 1269 4902 imperante
1308 4833 1490 4889 Romae
1512 4839 1711 4911 prtesul
1739 4836 2006 4895 Eusebius
2036 4806 2079 4864 Ε
2109 4821 2414 4910 Britanniis
2439 4839 2691 4902 moritur,
2716 4854 2839 4892 cum
2871 4835 3366 4910 iinperassetannis
3386 4839 3639 4913 undecim
3664 4855 3681 4904 ;
3708 4892 3711 4895 ἰ

437 4924 685 4977 habetur.
713 4923 841 4995 Qui,
867 4925 1124 4998 videlicet
1159 4926 1556 4992 Di0cletianus,
1592 4933 1735 4999 apud
1766 4931 2006 4985 Alexan—

435 5015 607 5073 tlriam
642 5015 947 5090 A'cbilleum
1002 5018 1294 5072 interfecit.
1338 5018 1474 5073 Erat
1523 5030 1702 5076 autem
1736 5037 1860 5076 cum
1893 5024 2009 5092 ipso

435 5118 486 5161 et
523 5104 920 5170 Constantinus
942 5110 1100 5165 .tilius
1133 5095 1475 5179 Constantis,
1507 5116 1599 5183 qui
1653 5131 1774 5168 cum
1825 5116 2008 5170 adhuc

436 5200 588 5254 valde
634 5201 853 5268 juvenis
906 5213 1073 5266 esset,
1127 5202 1344 5259 fortiter
1402 5210 1596 5277 agebat
1650 5210 1704 5261 in
1760 5210 2003 5278 prteliis;

436 5302 594 5356 quem
626 5280 845 5367 intuens
875 5291 1246 5351 Diocletianus
1277 5295 1478 5348 invidia
1514 5305 1696 5352 motus
1726 5299 1853 5350 dolo
1876 5298 2015 5367 per;

360 5458 365 5463 ἢ
435 5379 604 5445 iniere
651 5383 942 5450 'satagebat
994 5402 1006 5437 :
1070 5384 1217 5439 Dens
1283 5397 1463 5459 autem
1516 5385 1659 5443 hunc
1724 5390 2005 5459 inopinate

436 5471 664 5526 salvavit
693 5482 747 5526 et
771 5475 909 5543 patri
937 5476 1200 5530 restituit.
1233 5478 1382 5535 Alias
1418 5490 1598 5534 autem
1636 5484 1706 5534 ita
1743 5483 1999 5536 refertur.

432 5562 794 5646 Constantino
826 5582 956 5643 vero
991 5568 1103 5622 lilio
1132 5561 1440 5624 Constantii
1476 5573 1529 5626 in
1561 5571 1782 5646 Oriente
1812 5590 1874 5627 ac
1899 5573 2004 5628 Pa-

435 5643 644 5709 laestina
697 5656 925 5727 degente
955 5669 1007 5714 et
1042 5676 1164 5714 cum
1191 5661 1526 5718 Christianis
1573 5643 1864 5730 sentiente,
1920 5666 2002 5718 vi-

435 5745 570 5801 dens
606 5747 750 5802 hunc
783 5748 1035 5807 Galerius
1083 5752 1443 5809 Maximianus
1478 5755 1753 5811 intellectu
1809 5758 2004 5812 animae

436 5851 497 5889 ac
526 5839 774 5910 corporis
800 5840 996 5897 robore
1023 5852 1185 5912 atque
1211 5842 1431 5913 ingenio
1463 5843 1610 5900 circa
1640 5845 2002 5901 eruditionem

2109 4934 2213 5002 qui
2245 4946 2343 5001 pro
2366 4946 2425 4985 se
2448 4930 2873 4985 Constantinum
2907 4914 3358 4999 pronuntiaverat
3388 4931 3685 4999 imperato-

2109 5040 2248 5091 rem,
2278 5023 2701 5092 primogenitum
2737 5021 2907 5076 lilium
2945 5036 3129 5091 suum,
3166 5022 3218 5074 in
3252 5030 3553 5090 conspectu
3594 5030 3683 5076 to-

2108 5120 2217 5170 tius
2251 5115 2458 5185 pepuli,
2487 5114 2853 5182 praesentibus
2879 5128 3099 5183 quoque
3120 5115 3334 5167 caneris
3367 5113 3505 5168 [iliis
3531 5114 3673 5171 suis.

2108 5186 2449 5259 Constantini
2524 5202 2921 5273 compatriotis,
2993 5202 3327 5271 Constantior
3378 5202 3587 5257 scilicet
3631 5212 3683 5257 et

2112 5296 2468 5356 Anaballeno,
2506 5295 2600 5365 qui
2640 5305 2695 5349 et
2728 5286 3031 5348 Dalmatius
3067 5293 3248 5347 dictus
3292 5301 3398 5356 est,
3445 5294 3537 5362 qui
3568 5294 3679 5347 nati

2112 5389 2329 5444 fuerant
2359 5403 2424 5442 ex
2449 5387 2734 5441 Theodora
2766 5386 2874 5445 tilia
2902 5385 3141 5440 Herculii
3177 5404 3190 5439 :
3224 5400 3346 5439 nam
3365 5372 3683 5441 Constanti-

2115 5497 2216 5535 nus
2247 5495 2310 5532 οι
2339 5478 2541 5533 Helena
2578 5478 2777 5541 fuerat,
2807 5479 2975 5547 priori
3004 5462 3586 5552 Constantii-conjuge.
3613 5477 3685 5551 At

2109 5573 2469 5629 Constantius
2502 5575 2692 5625 horum
2733 5580 2887 5641 pater
2912 5553 3079 5641 nepos
3108 5579 3226 5626 erat
3256 5572 3682 5641 Claudiiimpe-

2113 5664 2334 5726 ratoris,
2365 5679 2431 5717 ex
2464 5663 2572 5715 tilia
2593 5650 2713 5731 ejus
2744 5662 2981 5732 genitus.
3006 5661 3178 5716 Porro
3213 5660 3482 5717 Eusebius
3502 5655 3681 5716 Caesa-

2115 5754 2316 5808 riensis
2343 5754 2474 5808 dicit
2496 5753 2644 5823 quod
2673 5748 3041 5808 Diocletianus
3091 5768 3280 5809 amens
3310 5752 3540 5809 effectus
3574 5770 3680 5807 una

2114 5861 2238 5901 cum
2272 5844 2528 5901 Herculio
2555 5846 2787 5915 imperio
2816 5844 3067 5915 deposito
3096 5846 3362 5916 privatam
3398 5844 3561 5901 vitain
3586 5855 3677 5897 ar-
