4440 6446
759 412 781 475 1
792 416 891 477 907

1804 415 2197 476 ANASTASII
2260 414 2889 477 BlBLlOTHECARIf

3870 411 4003 481 1208

754 525 975 594 ripni-ii:
1012 542 1024 587 ;
1060 538 1289 593 quorum
1349 536 1490 575 unus
1540 520 1762 591 quidem
1810 523 2109 592 suspendio
2159 524 2324 576 vitam
2358 530 2399 583 Α
2432 524 2501 577 At
2535 540 2665 579 vero
2705 526 2851 579 cives
2885 520 3139 586 Romani,
3188 523 3280 592 qui
3325 522 3471 578 hunc
3532 537 3896 593 pOPOSCCI'ﬂllt
3948 524 4001 573 nl

750 616 1061 671 mutaverat.
1095 615 1231 665 alter
1261 628 1409 673 vero,
1450 613 1500 667 id
1524 621 1609 666 est
1646 612 2037 673 Diocletianus,
2061 613 2322 682 languore

748 707 959 774 prolixo
992 714 1350 775 consumptus
1382 705 1729 759 emarcuerit.
1756 705 2021 759 Caeterum
2046 702 2319 768 Gelasius,

748 800 989 857 eiusdem
1022 798 1273 854 Ciesaria:
1305 802 1556 864 antistes,
1607 800 1741 854 dicit
1795 802 1940 870 quod
2001 802 2318 870 paenitentia

748 891 837 940 dm
860 889 919 949 ti,
950 899 1001 942 et
1034 890 1215 943 denuo
1253 892 1517 958 imperare
1543 893 1809 955 volentes,
1851 893 2126 945 communi
2163 908 2320 946 sena—

749 991 836 1030 tus
867 980 1088 1032 decreto
1124 981 1492 1049 perimuntur.
1536 980 1635 1036 llis
1666 998 1797 1048 ergo
1825 983 1891 1036 de
1924 983 2107 1037 medio
2140 983 2320 1047 faelis,

748 1079 801 1120 ct
830 1084 949 1137 qua:
976 1070 1407 1125 Christianitatis
1434 1082 1561 1125 sunt
1591 1073 1860 1127 sentiente
1882 1075 2207 1129 Constantio
2230 1075 2320 1129 de-

751 1162 961 1224 functo,
996 1161 1306 1230 imperium,
1346 1171 1404 1214 ut
1436 1164 1686 1231 praedixi,
1732 1164 2020 1221 obtinuere
2051 1166 2321 1222 Constan-

750 1254 899 1307 tinus
928 1255 1224 1323 Augustus,
1251 1263 1304 1308 et
1335 1254 1695 1312 Maximianus
1731 1257 2001 1313 Galerius.

828 1346 1010 1398 Mundi
1070 1361 1213 1400 anno
1274 1347 1437 1410 5797,
1479 1349 1681 1403 divinae
1742 1351 2136 1406 incarnationis
2194 1353 2320 1414 297,

753 1439 1145 1493 Constantinus
1176 1439 1585 1495 sacratissimus
1608 1452 1660 1495 et
1691 1443 2192 1500 christianissimus
2226 1449 2324 1499 im-

756 1541 907 1597 perat
936 1531 989 1584 in
1024 1531 1213 1586 Galliis
1243 1540 1295 1586 et
1328 1531 1609 1585 Britannia
1639 1552 1651 1595 ;
1708 1548 1831 1587 cum
1879 1550 1984 1603 quo
2034 1551 2130 1604 per
2182 1528 2366 1606 idem~

757 1638 973 1694 tempus
1027 1625 1233 1693 pariter
1290 1623 1595 1692 imperabat
1667 1624 2026 1679 Maximianus
2077 1625 2324 1679 Galerius

756 1734 879 1770 vum
906 1716 1117 1769 duobus
1150 1715 1459 1770 Caesaribus
1485 1713 1689 1769 Severo
1718 1725 1771 1769 et
1793 1714 2108 1769 Maximino.
2141 1717 2325 1770 Romae

757 1818 935 1861 autem
970 1806 1273 1861 Maxentius
1307 1815 1574 1877 tyrannus
1604 1808 1806 1875 injuste
1836 1808 2111 1876 imperans
2140 1811 2321 1863 omnia

756 1914 898 1954 saeve
933 1899 1283 1969 operabatur.
1319 1896 1473 1952 Tunc
1506 1906 1561 1952 ct
1604 1897 1877 1952 Licinium
1907 1899 2175 1954 Caesarem
2213 1898 2323 1951 Ro-

758 1994 901 2045 mani
929 1991 1290 2061 appellavere,
1313 1992 1542 2061 gratiam
1580 1990 1943 2045 Constantino
1986 1990 2325 2061 praesmntcs,

758 2099 879 2136 rum
910 2092 1057 2137 esset
1114 2084 1325 2138 sororis
1373 2084 1709 2137 Constantia:
1741 2086 1946 2154 nuptiis
2005 2088 2326 2149 honoratus.

759 2177 963 2246 quique
1000 2176 1254 2244 pietatem
1287 2176 1622 2235 Christiana:
1647 2177 1933 2247 religionis
1967 2177 2235 2233 fallaciter
2259 2180 2331 2233 si-

763 2269 1025 2321 mulabat.
1062 2266 1269 2322 Interea
1304 2266 1506 2322 Severo
1547 2276 1765 2322 mortuo
1799 2270 1991 2323 Petrus
2040 2271 2331 2338 episcopus

758 2361 1187 2422 Alexandrimis,
1213 2375 1337 2413 eum
1371 2369 1516 2416 esset
1550 2363 1605 2415 in
1636 2361 1889 2415 custodia
1922 2372 2191 2431 praecepto
2222 2360 2332 2414 Ma-

766 2452 981 2505 ximiani
1008 2451 1209 2505 Galerii
1236 2461 1289 2505 et
1317 2449 1596 2506 Maximini
1635 2453 1729 2507 filii
1762 2452 1898 2521 ejus,
1945 2456 2122 2521 capite
2159 2455 2334 2509 reciso

765 2544 1008 2609 glorioso
1060 2544 1448 2614 martyrizatus
1503 2554 1625 2609 est;
1675 2545 1767 2614 qui
1815 2544 2002 2599 Arium
2044 2544 2333 2599 diaconum

761 2636 1112 2691 c-xsistentcm
1140 2635 1345 2705 absque
1376 2636 1763 2691 communione
1790 2636 1938 2699 fecit,
1977 2638 2068 2706 qui
2113 2645 2165 2690 et
2200 2649 2340 2702 post-

764 2729 865 2782 hac
898 2728 1148 2796 pessima:
1186 2728 1460 2797 Opinionis
1500 2728 1776 2783 haereseos
1812 2736 2077 2797 patronus
2109 2728 2337 2784 effectus

765 2819 969 2875 multos
1001 2833 1029 2872 a
1065 2819 1266 2888 pietate
1317 2819 1574 2873 removit.
1606 2819 1757 2873 Multi
1805 2834 1932 2873 vero
1992 2828 2047 2874 et
2098 2820 2186 2873 alii
2238 2822 2340 2875 snh

762 2914 884 2967 istis
914 2913 1167 2983 tyrannis
1205 2913 1450 2981 martyrii
1504 2928 1606 2981 pro
1640 2911 1863 2965 Christo
1899 2926 2104 2966 corona
2166 2912 2339 2967 induti

763 3014 910 3066 sunt,
957 3019 1191 3074 quorum
1246 3010 1376 3058 sunt
1421 3002 1641 3058 Phileas
1712 3004 2005 3075 episcopus
2067 3003 2341 3059 'l‘hmueos

767 3097 1007 3166 JEgypli,
1028 3097 1219 3151 Peleus
1243 3104 1297 3150 et
1328 3095 1481 3149 Nilus
1504 3095 1744 3177 episcopi
1771 3095 2013 3166 Egypti,
2042 3097 2343 3151 Anthenius

2427 619 2479 672 in
2512 635 2670 671 suum
2698 627 3017 688 exsurgeret
3060 615 3418 684 adjutorium,
3441 630 3468 667 a
3498 615 3719 682 maligni
3748 613 4001 666 Maxentii

2426 712 2726 781 tyrannide
2766 710 2982 764 liberati
3022 709 3300 763 civitatein
3334 713 3623 765 coronant.
3660 721 3782 758 eum
3809 709 4003 772 gaudio

2426 808 2690 859 victorem
2718 804 3142 867 Constantinum
3171 818 3276 855 una
3308 817 3431 855 cum
3462 802 3747 855 victoriam
3775 800 4004 851 facii-nte

2424 912 2589 951 cruec
2617 898 3005 966 suscipientes,
3034 904 3087 949 et
3111 894 3255 948 hunc
3288 894 3614 948 salvatorem
3643 906 3766 945 cum
3809 890 4005 960 gaudio

2425 990 2817 1043 aeclamantes.

2497 1080 2681 1133 Mundi
2712 1094 2856 1133 anno
2899 1078 3059 1138 5805,
3092 1074 3493 1133 Constantinus
3532 1073 3764 1142 septimo
3791 1071 4002 1141 imperii

2424 1172 2507 1225 sui
2550 1185 2718 1235 anno,
2753 1187 2876 1223 eum
2902 1170 3087 1224 divina
3115 1183 3216 1238 ope
3246 1168 3475 1221 Romam
3504 1164 3857 1223 obtinuisset,
3884 1173 4009 1215 ante

2425 1265 2607 1317 omnia
2659 1276 2894 1331 corpora
2960 1271 3286 1315 sanctorum
3351 1267 3655 1328 martyrum
3720 1255 3903 1322 colligi
3960 1264 4009 1306 ct

2426 1365 2628 1410 sancta:
2663 1355 2956 1423 sepultura:
2983 1354 3126 1406 tradi
3169 1350 3453 1422 przecepit.
3483 1349 3546 1403 Et
3585 1358 3743 1402 erant
3776 1346 4004 1401 Romani

2426 1447 2808 1513 triumphalem
2837 1446 3191 1498 festivitatem
3221 1450 3446 1513 agentes
3488 1449 3543 1494 et
3579 1440 3866 1493 Dominum
3896 1438 4009 1491 col-

2426 1538 2759 1598 laudantes,
2839 1552 2936 1588 nec
2997 1550 3103 1588 non
3159 1541 3212 1586 et
3277 1533 3546 1585 viviﬁcam
3610 1547 3834 1585 crucem
3913 1546 4008 1599 per

2428 1639 2639 1699 septem
2679 1629 2797 1684 dies
2849 1640 2901 1682 ct
2953 1627 3378 1683 Constantinum
3436 1625 3700 1680 victorem
3758 1625 4008 1692 magnifi-

2426 1731 2633 1777 cantes.

2498 1815 2843 1869 Constantini
2910 1830 3055 1869 anno
3105 1816 3137 1870 9
3186 1813 3514 1867 Maximinus
3569 1811 3714 1865 filius
3782 1807 4010 1871 Galerii,

2432 1907 2681 1962 insiliens
2714 1914 2766 1960 et
2792 1907 3018 1961 sibimet
3059 1906 3352 1975 imperium
3400 1903 3712 1962 reﬂectens,
3776 1900 4015 1967 turpiter

2432 2001 2483 2051 in
2510 1998 2699 2053 Cilicia
2729 1998 3118 2054 vitam‘f‘tnivit.
3151 1997 3398 2051 Audiens
3433 2005 3613 2049 autem
3647 1992 4013 2046 Maximianus

2430 2090 2682 2144 Galerius
2722 2099 2875 2157 pater
2931 2089 3096 2156 hujus
3150 2087 3482 2141 Maxentium
3547 2085 3715 2138 filium
3768 2082 4011 2135 Herculii

2432 2182 2619 2237 Romae
2651 2198 2678 2234 a
2710 2182 3073 2236 Constantino
3119 2196 3216 2249 per
3251 2178 3507 2232 virtutem
3561 2175 3744 2229 crucis
3791 2175 4012 2227 adiuer-

2434 2290 2553 2327 smn
2588 2315 2602 2337 ,
2676 2274 2883 2333 timuit,
2938 2283 2993 2325 et
3041 2270 3480 2341 persecutionem
3536 2281 3699 2339 quam
3752 2265 4015 2317 adversus

2434 2364 2778 2419 Christianos
2810 2362 3049 2433 agitabat
3083 2376 3303 2417 cessare
3329 2359 3481 2412 fecit.
3548 2396 3554 2401 η

2505 2455 2904 2509 Constantinus
2959 2463 3141 2507 autem
3200 2452 3415 2505 decimo
3444 2449 3661 2518 imperii
3726 2448 3813 2502 sui
3868 2461 4015 2499 anno

2437 2564 2543 2601 una
2576 2561 2699 2599 cum
2759 2544 2971 2597 Licinio
3002 2544 3239 2607 Caesare,
3308 2543 3428 2596 zelo
3456 2541 3549 2594 Dei
3578 2540 3799 2599 ductus,
3831 2549 4012 2592 castra

2439 2639 2602 2691 movit
2643 2636 2908 2690 adversus
2943 2634 3332 2687 Maximianum
3368 2630 3667 2691 Galerium,
3694 2631 3787 2700 qui
3829 2628 4016 2680 mode-

2442 2732 2663 2783 rabatur
2691 2730 2987 2781 Orientem.
3027 2727 3090 2777 At
3146 2725 3236 2778 ille
3293 2732 3481 2779 contra
3538 2721 3835 2774 restiturus
3890 2733 4012 2772 eum

2446 2825 2711 2876 immensa
2753 2818 3107 2874 multitudine
3149 2831 3439 2886 aggressus
3478 2822 3562 2869 est
3588 2828 3706 2877 eos,
3750 2812 3883 2866 ﬁsus
3927 2810 4011 2865 di-

2440 2912 2820 2967 vinationibns
2865 2911 3174 2965 daemonum
3209 2916 3263 2962 et
3300 2906 3566 2960 mali-ficis
3614 2904 4014 2958 adinventioni-

2444 3006 2565 3061 bus.
2600 3006 2850 3074 Cumque
2902 3002 3117 3056 viviﬁca
3182 3014 3316 3053 crux
3372 3013 3627 3068 magnum
3689 2996 4021 3067 pracederet

2445 3099 2890 3160 Constantinum,
2926 3107 3190 3167 tyrannus
3217 3110 3324 3147 una
3361 3110 3486 3148 cum
3539 3091 3929 3162 congressione
3966 3090 4016 3140 in

761 3193 1055 3260 episcopus
1087 3188 1442 3250 Nicomediae,
1504 3187 1784 3259 Tyrannio
1834 3191 2127 3260 episcopus
2187 3189 2336 3258 Tyri,
2365 3201 2410 3261 ο
2446 3189 2626 3259 fugam
2666 3205 2873 3255 versus.
2912 3188 3042 3241 dum
3095 3186 3393 3241 multitudo
3424 3184 3749 3245 caederetur,
3784 3183 4019 3248 impera-

766 3285 1022 3336 Rilvanus
1054 3281 1343 3350 episcopus
1394 3280 1622 3334 Hemisae
1652 3290 1704 3334 et
1733 3280 1989 3335 Silvanus
2040 3283 2330 3349 episc0pus

763 3377 942 3435 (iam,
1006 3374 1287 3427 Lucianus
1334 3373 1622 3442 presbyter
1668 3373 2005 3439 Antiochiae,
2060 3373 2333 3429 Zenobius

769 3470 1052 3537 presbyter
1082 3465 1323 3527 Sidonis,
1358 3464 1675 3534 Pamphilus
1732 3450 2016 3537 presbyter
2044 3468 2291 3521 Caesar-ite
2317 3509 2331 3532 ,

766 3572 928 3631 atque
968 3560 1058 3612 alii
1087 3558 1382 3612 innumeri.
1421 3558 1663 3627 Denique
1695 3558 1942 3613 Galerius
1970 3558 2334 3615 Maximianus

764 3668 927 3708 omne
987 3652 1247 3721 praecepit
1312 3650 1754 3704 Christianorum
1820 3651 2206 3705 exterminium
2258 3652 2334 3721 (εὶ)

767 3747 907 3806 tit-ri,
943 3758 1052 3797 non
1081 3750 1293 3796 tantum
1332 3748 1553 3809 propter
1589 3742 1924 3809 impietatem
1973 3757 2127 3795 suam
2163 3759 2335 3810 quan-

767 3849 880 3889 tum
905 3835 976 3888 ob
1004 3833 1248 3902 rapinam
1285 3833 1735 3901 patrimoniorum
1770 3834 2038 3901 ipsorum.

841 3928 1007 3979 Porro
1032 3924 1433 3979 Constantinus
1482 3934 1634 3979 sexto
1684 3925 1899 3995 imperii
1956 3930 2040 3980 sui
2088 3941 2232 3980 anno
2283 3926 2334 3980 in

768 4016 1199 4070 destructionem
1234 4023 1593 4083 tyrannorum
1615 4014 1876 4069 surrexit.
1904 4015 2210 4073 Maxentius
2236 4033 2335 4070 au-

770 4127 876 4161 tem
918 4109 1119 4177 impius
1164 4107 1308 4162 facto
1336 4107 1390 4161 in
1424 4106 1610 4170 fluvio,
1641 4108 1732 4177 qui
1782 4107 1931 4161 circa
1986 4109 2174 4168 urbem
2227 4109 2337 4163 lto-

774 4214 915 4252 mam
943 4199 1210 4262 decurrit,
1260 4213 1323 4253 ex
1375 4197 1603 4251 navibus
1635 4208 1800 4267 ponte
1848 4208 2040 4252 contra
2088 4196 2338 4269 magnum

769 4289 1193 4342 Constantinum
1230 4289 1403 4342 aciem
1450 4288 1656 4359 dirigit,
1688 4289 1783 4358 qui
1818 4289 2075 4345 Maxentii
2114 4293 2344 4361 pavebat

774 4378 1041 4433 maleficia
1069 4377 1330 4448 parvulos
1362 4376 1659 4432 incidentis
1706 4388 1928 4448 propter
1976 4370 2345 4433 divinationes

772 4490 802 4522 n
828 4474 1032 4523 -rarias.
1070 4472 1316 4541 Cumque
1352 4470 1405 4523 in
1428 4470 1974 4525 hiesitatione‘multa
1995 4473 2342 4532 consisteret.

2439 3284 2636 3336 toriam
2672 3289 2873 3335 vestem
2921 3279 3200 3348 deposuit,
3253 3286 3306 3331 et
3365 3276 3586 3330 militari
3644 3273 4020 3329 circumdatus

2440 3374 2650 3434 habitu,
2685 3372 2875 3441 paucis
2915 3387 2978 3425 ex
3027 3370 3340 3423 fautoribus
3371 3383 3557 3422 secum
3606 3365 4021 3420 comitantibus.

2441 3467 2624 3519 a'villa
2653 3465 2704 3517 in
2737 3464 2920 3516 villam
2984 3462 3108 3532 fuga
3162 3460 3502 3515 clandestina
3557 3458 3901 3527 properabat.
3966 3464 4022 3506 et

2442 3572 2549 3611 non
2585 3556 2761 3608 solum
2786 3553 3099 3608 sacerdotes
3123 3551 3390 3604 idolorum
3409 3558 3461 3603 et
3489 3550 3540 3601 in
3566 3548 3791 3615 magicis
3815 3547 4025 3599 artibus

2443 3644 2775 3708 diffamatos,
2839 3644 2933 3699 sed
2967 3652 3022 3697 et
3071 3626 3221 3697 vates
3257 3656 3448 3695 eorum
3498 3640 3781 3700 collectos,
3839 3647 4023 3706 utpote

2442 3739 2780 3809 deceptores,
2815 3736 3032 3790 occidit.

2424 3872 2427 3875 -
2514 3834 2715 3887 Interea
2745 3831 3142 3887 Constantinus
3173 3845 3296 3885 cum
3326 3829 3382 3881 ll
3417 3838 3639 3899 gereret
3678 3824 3889 3895 imperii
3925 3838 4024 3876 an-

2446 3940 2599 3991 num,
2646 3934 2701 3978 et
2742 3925 2920 3978 vivum
2970 3921 3249 3977 Galerium
3307 3920 3697 3973 Maximianum
3746 3926 3888 3971 esset
3934 3929 4024 3982 ag-

2445 4032 2759 4088 gressurus,
2814 4016 2999 4069 divina
3057 4015 3401 4085 praeveniens
3458 4012 3536 4064 ira
3612 4007 4026 4078 comprehendit

2447 4125 2569 4165 eum
2601 4127 2614 4163 :
2655 4108 2870 4161 llatnma
2912 4107 3055 4160 enim
3089 4107 3156 4161 de
3205 4105 3383 4159 medio
3416 4104 3687 4156 viscerum
3733 4110 3783 4153 et
3818 4096 4026 4151 medul-

2403 4207 2623 4261 ‘laruiu
2676 4220 2939 4279 succensa
2997 4218 3121 4257 cum
3171 4202 3358 4257 dolore
3412 4196 3738 4275 intolerabili
3792 4209 4023 4264 pronum

2451 4314 2615 4369 super
2646 4305 2844 4352 terrain
2881 4296 3223 4349 anhelantem
3252 4293 3570 4362 prostravit.
3600 4290 3674 4341 ita
3710 4296 3767 4339 ut
3794 4295 4025 4353 uterque

2453 4392 2646 4445 oculus
2678 4390 2798 4457 ejus
2834 4389 3104 4446 exsiliret.
3152 4396 3205 4441 et
3237 4400 3440 4444 circus,
3475 4393 3532 4437 ut
3567 4397 3625 4435 re
3661 4395 3810 4439 vera,
3856 4378 4027 4432 scele-

2456 4492 2573 4537 stus
2619 4483 3044 4547 relinqueretur.
3090 4477 3265 4532 Porro
3295 4493 3419 4553 cum
3455 4489 3651 4528 carnes
3689 4473 3808 4540 ejus
3839 4479 4026 4539 putrc~

773 4563 1025 4632 apparuit
1052 4560 1124 4623 ei,
1154 4562 1291 4631 hora
1330 4570 1487 4617 sexta
1521 4561 1651 4623 diei,
1683 4561 1924 4631 pretiosa
1957 4578 2092 4617 crux
2125 4578 2191 4617 ex
2218 4548 2345 4617 luce
2379 4560 2526 4635 αντε(

2271 4577 2345 4617 ιοε
2379 4560 2608 4635 Diaeta:
2644 4589 2752 4642 prte
2782 4556 3173 4625 innumerabili
3201 4552 3410 4623 ossium
3449 4567 3703 4622 incendio
3745 4563 4024 4621 caderent,

772 4663 1028 4721 torniata,
1083 4655 1295 4709 habens
1348 4655 1894 4724 superscriptionem,
1929 4653 1996 4707 In
2055 4655 2154 4729 liae
2179 4656 2341 4709 vince.

774 4749 966 4801 Astitit
1001 4755 1181 4801 autem
1214 4746 1262 4801 ei
1291 4745 1557 4800 Dominus
1594 4746 1647 4798 iu
1682 4745 1897 4801 visione
1929 4748 2131 4812 noctis,
2167 4756 2221 4800 et
2265 4748 2349 4800 di-

776 4843 854 4892 xit
890 4857 903 4893 :
944 4837 1100 4893 Utere
1126 4837 1268 4908 quod
1304 4847 1570 4891 ostensum
1602 4847 1679 4890 est
1732 4837 1846 4900 tibi,
1904 4847 1953 4891 et
1995 4840 2161 4892 vince.
2197 4837 2350 4893 Tunc

774 4956 785 4977 ι
812 4947 941 4986 ruce
966 4948 1129 4987 aurea
1168 4929 1423 4995 formata,
1450 4946 1572 4999 quae
1594 4938 1678 4984 est
1705 4946 1880 4999 usque
1923 4932 1976 4984 in
2026 4931 2349 4986 hodiernum

776 5026 943 5085 diem,
971 5024 1137 5093 jussit
1166 5031 1227 5077 ut
1256 5032 1383 5076 ante
1408 5038 1468 5076 se
1498 5031 1807 5091 portaretur
1840 5022 1893 5076 in
1914 5024 2147 5091 praelio;
2182 5022 2351 5077 facta-

776 5132 882 5180 que
929 5115 1322 5184 congressione
1368 5113 1612 5183 superati
1642 5123 1771 5167 sunt
1798 5114 1887 5181 qui
1945 5114 2094 5167 circa
2137 5112 2352 5167 Maxen-

778 5211 913 5259 tium
947 5204 1184 5267 fuerant,
1232 5204 1482 5273 plurimis
1516 5220 1578 5257 ex
1614 5205 1699 5258 his
1728 5203 2350 5273 interemptis.'Maxen-

777 5302 887 5351 tius
947 5306 1128 5351 autem
1181 5311 1303 5349 eum
1356 5295 1592 5350 residuis
1647 5295 1881 5362 fugiens,
1944 5306 2105 5363 ponte
2166 5294 2348 5347 divina

781 5392 979 5442 virtute
1007 5388 1263 5451 discisso,
1290 5388 1343 5440 in
1366 5385 1564 5439 ﬂumen
1600 5385 1955 5455 demergitur,
1992 5383 2350 5454 quemadmo-

778 5486 909 5533 itum
952 5480 1166 5533 Pharao
1207 5479 1486 5547 quondam
1514 5495 1641 5533 eum
1672 5479 1817 5532 omni
1868 5480 2134 5539 exercitu,
2167 5478 2237 5530 ita
2295 5488 2355 5531 ut
2394 5462 2403 5469 ’

781 5572 958 5627 amnis
991 5570 1206 5626 necatis
1231 5570 1387 5639 equis
1416 5586 1539 5625 cum
1594 5569 1982 5625 ascensoribus
2015 5570 2352 5639 impleretur.

2454 4669 2567 4736 ipse
2598 4667 3005 4734 impugnantem
3029 4663 3196 4717 Deum
3222 4662 3444 4732 projeeii
3485 4662 3743 4713 animam.

2526 4752 2860 4806 Duodecimn
2888 4767 3032 4803 anno
3069 4752 3282 4820 imperii
3321 4752 3403 4803 sui
3442 4749 3836 4804 Constantinus
3880 4742 4022 4799 Lici-

2455 4846 2564 4905 nio,
2588 4846 2678 4913 qui
2709 4860 2888 4898 secum
2909 4854 3123 4897 certare
3148 4843 3437 4897 videbatur
3464 4851 3519 4897 et
3542 4842 3731 4895 dolose
3754 4840 4027 4895 Christia-

2437 4931 3044 4994 ‘nismum-simulabat,
3086 4948 3379 5003 segregans
3410 4940 3618 5000 partem
3658 4924 4027 4982 Roinanorum

2459 5036 2620 5081 terra:
2657 5027 2887 5096 largitus
2912 5033 3016 5087 est,
3051 5025 3333 5092 appellans
3363 5039 3488 5078 eum
3534 5024 3944 5091 imperatorem,
3975 5031 4028 5073 ει

2458 5127 2791 5186 extorqueas
2820 5116 2887 5169 ab
2918 5130 2981 5170 eo
3023 5114 3227 5168 findera
3262 5114 3335 5166 nil
3380 5129 3437 5168 se
3467 5121 3656 5166 contra
3687 5110 4033 5164 Christianos

2460 5219 2735 5263 acturum.
2772 5208 2835 5259 lit
2877 5208 3005 5262 hinc
3034 5218 3390 5275 tyrannorum
3422 5204 3594 5275 gratia
3639 5200 3731 5256 Dei
3772 5217 4032 5270 persecu-

2460 5301 2536 5353 tio
2562 5298 2898 5365 conquievit.

2534 5391 2715 5445 Mundi
2768 5376 2917 5444 anno
2972 5389 3150 5449 sisto,
3206 5386 3403 5442 divinat
3466 5384 3857 5440 incarnationis
3903 5384 4027 5441 sui,

2462 5493 2659 5553 quarto
2693 5484 2906 5538 decimo
2941 5481 3155 5551 imperii
3189 5480 3272 5533 sui
3318 5491 3462 5531 anno
3496 5476 3886 5531 Constanthus
3941 5485 4027 5525 ln-

2464 5582 2573 5631 tius
2601 5577 2828 5631 Romani
2861 5573 3011 5627 orbis
3059 5578 3410 5626 monocrator
3436 5567 3661 5623 effectus
3690 5582 3902 5621 omnem
3934 5583 4033 5619 cu-

2286 5689 2514 5747 NOTAS.

862 5782 937 5845 l2)
971 5782 1378 5836 Extcrmininm.
1410 5783 1593 5838 Utitur
1629 5784 1997 5841 Tertullianus
2053 5784 2171 5837 adt.
2234 5783 2363 5838 Jnd.
2405 5803 2454 5843 c.
2492 5790 2521 5843 8
2559 5799 2610 5843 et
2652 5789 2702 5842 ll
2740 5796 2791 5842 ct
2864 5789 2981 5839 πᾶν.

782 5853 1023 5922 cpistola:
1051 5853 1105 5905 S.
1152 5853 1427 5907 Barnahic.
1470 5851 1633 5909 Fuit.

3048 5781 3445 5836 Valentiniano:
3493 5794 3538 5830 t'.
3619 5775 3700 5832 l6.
3765 5772 4037 5843 Interpres
