4440 6446
418 437 548 501 1900

1214 440 1579 499 HISTORIA
1613 435 2193 499 ECCLESIASTICA
2232 440 2333 497 ΕΧ
2373 434 2857 497 ΤΗΕΟΡΙΙΑΝΕ.

3531 432 3668 493 1210

411 567 523 604 ram
564 550 843 603 transtulit
872 548 935 601 ad
970 549 1177 611 divina,
1211 549 1479 603 ecclesias
1513 548 1731 617 erigens
1764 554 1816 599 et
1849 546 1986 598 libe-
2019 546 2062 601 Α
2094 546 2386 613 baptizari.
2418 545 2545 598 Mihi
2589 553 2769 598 autem
2823 544 3003 597 verius
3044 549 3269 612 apparet
3301 548 3446 610 quod
3484 545 3664 599 unum

409 644 594 697 raliter
630 642 726 696 has
769 658 832 696 ex
869 643 1082 695 ratione
1123 641 1341 709 publica
1379 641 1587 693 ditans.
1622 638 1722 692 Iste
1756 639 1984 706 primatu

415 735 582 804 legem
612 732 855 803 scripsit,
876 732 1146 785 idolorum
1183 732 1383 801 templa
1408 733 1491 784 his
1521 730 1659 783 tradi
1687 744 1807 798 quae
1830 727 1987 782 Citri-

415 836 502 880 sto
549 835 674 879 sunt
709 827 994 894 deputata.
1035 827 1170 877 Cum
1204 839 1269 879 eo
1312 839 1443 877 sane
1493 824 1640 891 leges
1681 822 1989 892 proferebat

413 918 638 989 Crispus
666 919 810 972 ﬁlius
836 918 978 986 ejus.
1013 916 1321 971 Secundam
1360 931 1508 975 vero,
1532 915 1876 969 Christianos
1900 928 1988 967 so-

415 1012 495 1064 los
548 1011 782 1063 militare
812 1009 1181 1078 gentibusque
1210 1022 1272 1061 ac
1302 1008 1637 1061 exercitibus
1663 1005 1985 1076 principari,

409 1114 505 1153 eos
529 1111 709 1153 autem
736 1100 828 1169 qtti
857 1107 1241 1167 permanerent
1269 1099 1320 1151 in
1346 1098 1675 1159 idololatria,
1700 1098 1985 1166 capitalem

413 1190 599 1244 subire
635 1192 991 1244 sententiam.
1039 1189 1302 1254 Tertiam,
1347 1192 1485 1244 duas
1528 1190 1815 1258 paschales
1852 1189 1985 1244 lteb—

415 1283 699 1342 domadas,
743 1298 904 1335 unam
951 1282 1164 1337 scilicet
1198 1291 1323 1337 ante
1365 1290 1418 1336 et
1463 1283 1689 1336 alteram
1745 1291 1865 1350 post
1903 1297 1988 1335 re-

416 1373 833 1439 surrectionem,
872 1372 989 1426 sine
1036 1372 1218 1426 labore
1247 1373 1574 1440 cujusquam
1609 1373 1793 1441 operis
1840 1373 1986 1426 cele-

418 1462 674 1516 brandas.
717 1460 810 1516 llis
849 1464 920 1515 ita
967 1464 1136 1531 gestis
1184 1478 1286 1531 pax
1327 1462 1596 1531 profunda
1629 1472 1681 1517 et
1717 1464 1989 1532 tranquil-

416 1553 541 1605 litas
590 1554 827 1606 obtinuit
855 1555 1043 1607 orbem
1090 1563 1144 1608 et
1184 1554 1481 1609 exsultatio
1514 1555 1720 1617 ﬁdeles,
1756 1570 1988 1608 concur-

415 1643 668 1698 rentibus
728 1644 948 1698 assidue
1016 1645 1273 1699 omnibus
1329 1647 1645 1699 nationibus
1699 1645 1763 1699 ad
1827 1645 1986 1700 fidem

411 1734 638 1799 Christi,
685 1745 736 1789 et
786 1735 1101 1805 baptizatis,
1147 1751 1211 1790 ac
1256 1738 1430 1806 patria
1487 1739 1988 1808 couquassautibus

380 1827 731 1881 simulacra.

481 1918 684 1984 Quinto
732 1919 948 1976 decimo
1000 1921 1214 1988 imperii
1257 1919 1603 1977 Constantini
1655 1936 1797 1975 anno
1843 1921 1989 1975 Lici-

411 2008 538 2063 nius
573 2009 738 2077 coepit
774 2018 965 2064 contra
1018 2011 1365 2069 Christianos
1400 2013 1835 2081 persecutionem
1870 2028 1989 2065 mo-

411 2115 578 2161 rere;
640 2109 694 2153 et
764 2104 939 2169 primo
996 2104 1214 2171 quidem
1273 2103 1617 2158 Christianos
1677 2105 1767 2173 qui
1832 2112 1987 2158 erant

412 2190 465 2242 in
519 2192 724 2259 palatio
777 2204 1099 2262 persecutus
1138 2190 1241 2260 est,
1287 2182 1553 2250 oblivioni
1614 2198 1837 2251 tradens
1888 2198 1990 2250 de-

411 2286 773 2339 structionem
823 2288 1244 2354 praecedentium
1294 2299 1652 2360 tyrannorum
1705 2288 1759 2346 et
1796 2302 1986 2362 pacto-

414 2391 528 2427 rum
569 2391 761 2445 magno
787 2376 1153 2435 Constantino
1192 2381 1483 2437 factorum.
1523 2386 1580 2438 In
1625 2385 1856 2440 feminas
1882 2402 1986 2440 au-

410 2474 517 2518 tem
545 2466 799 2521 furiendo
826 2480 879 2524 et
915 2474 1278 2540 opprimendo
1314 2485 1479 2542 atque
1522 2475 1869 2531 Christianos
1895 2492 1985 2531 oc-

410 2558 643 2612 cidendo
680 2560 903 2617 minime
928 2566 1267 2632 quiescebat.
1303 2566 1440 2622 Huic
1479 2583 1575 2637 per
1607 2569 1822 2622 litteras
1848 2568 1986 2623 Con-

409 2653 690 2707 stantinus
723 2654 924 2722 jubens
974 2657 1043 2710 ab
1090 2656 1404 2726 hujusmodi
1444 2662 1664 2714 vesania
1720 2662 1983 2716 receden-

406 2744 579 2809 dum,
653 2763 995 2816 nequaquam
1071 2753 1434 2820 compescuit.
1510 2741 1649 2806 llinc
1714 2755 1876 2806 etiam
1930 2764 1985 2807 et

409 2837 619 2891 Itasilea
676 2840 989 2910 episcopum
1038 2841 1292 2905 Atnasite,
1348 2852 1402 2899 et
1446 2854 1504 2898 ut
1547 2847 1765 2915 quidam
1807 2848 1981 2911 aiunt,

408 2928 572 2979 etiam
612 2938 833 2984 santtos
868 2931 1234 3002 quadraginta
1279 2943 1546 3006 martyres
1580 2945 1634 2991 et
1677 2938 1815 2993 alios
1846 2940 1984 2992 mul-

410 3028 498 3070 tos
526 3020 667 3072 liniri
696 3036 791 3089 per
822 3023 1089 3092 supplicia
1124 3025 1276 3079 fecit.

479 3103 653 3162 Sexto~
673 3110 886 3166 decimo
921 3129 1063 3169 anno
1100 3116 1309 3185 imperii
1342 3118 1688 3174 Constantini
1717 3121 1883 3177 Arius
1915 3122 1983 3176 ab

2090 654 2118 691 a
2174 638 2440 693 Silvestre
2494 639 2657 692 fuerit
2710 637 3036 705 baptizatus.
3066 647 3120 689 et
3175 637 3321 706 quod
3373 639 3665 691 nominata:

2089 730 2546 789 Constitutiones.
2599 744 2719 799 quae
2764 730 2829 781 ad
2886 727 3237 781 Melchiadem
3297 728 3566 792 feruntur,
3601 730 3669 784 ab

2090 822 2309 876 Arianis
2350 822 2485 875 ﬁcta:
2520 821 2654 879 sint.
2689 822 2779 889 qui
2823 822 3053 891 gloriam
3104 821 3230 874 hinc
3266 818 3367 875 sibi
3404 822 3667 875 festinant

2093 915 2402 983 acquirere,
2430 914 2515 967 vel
2542 914 2702 965 etiam
2738 912 3043 980 piissimum
3067 912 3368 981 principem
3405 913 3663 970 lacerare.

2093 1008 2224 1060 dum
2263 994 2475 1059 scilicet
2522 1020 2585 1059 ex
2634 1005 2735 1058 hoc
2773 1006 2955 1057 volunt
3000 1020 3121 1057 eum
3174 1020 3280 1057 non
3331 1006 3663 1073 baptizatum

2094 1099 2410 1161 ostendere,
2460 1096 2603 1167 quod
2662 1107 2745 1149 est
2791 1096 3167 1150 irrationabile
3218 1106 3382 1164 atque
3435 1095 3666 1150 falsissi-

2093 1208 2263 1244 mum.
2292 1189 2347 1245 Si
2380 1191 2525 1244 enim
2556 1205 2661 1241 non
2699 1198 2817 1243 erat
2850 1189 2903 1241 in
2934 1187 3151 1241 Nica'na
3185 1190 3397 1258 synodo
3423 1189 3667 1255 baptiza-

2093 1294 2202 1347 tus,
2237 1299 2366 1350 ergo
2396 1298 2492 1335 nec
2530 1283 2838 1335 divinorum
2864 1281 3226 1350 participator
3256 1283 3662 1351 mysteriorum.

2092 1392 2191 1430 nec
2226 1378 2419 1429 orabat
2450 1390 2572 1426 eum
2624 1374 2830 1426 sanctis
2877 1373 3154 1431 Patribus.
3200 1372 3342 1439 quod
3397 1373 3669 1439 nequissi-

2093 1473 2363 1536 mumlest
2407 1475 2460 1519 et
2497 1466 2682 1518 dicere
2713 1475 2763 1516 ct
2803 1465 3024 1515 sentire.
3073 1463 3303 1527 Quidam
3356 1478 3484 1514 vero
3516 1460 3669 1513 Aria-

2092 1574 2287 1613 norum
2342 1566 2503 1625 atque
2552 1570 2885 1624 paganorum
2924 1556 3081 1621 quasi
3122 1554 3312 1622 spurio
3356 1566 3553 1619 magno
3578 1552 3669 1604 dc-

2093 1653 2314 1704 traltttnt
2365 1650 2753 1708 Constantino,
2791 1630 3105 1714 quanquam
3156 1655 3210 1697 et
3254 1646 3353 1712 ipsi
3397 1644 3665 1696 mentian-

2095 1753 2196 1796 tur.
2229 1742 2553 1810 Cencalogia
2585 1741 2729 1793 enim
2772 1740 2892 1806 ejus
2925 1740 3067 1805 regia
3100 1746 3238 1793 erat.
3284 1746 3338 1791 et
3370 1745 3661 1803 antequam

2097 1835 2466 1887 Diocletianus
2510 1841 2675 1885 εδει-ι.
2734 1829 3095 1883 Constantius
3155 1829 3300 1882 enim
3359 1838 3514 1897 pater
3546 1827 3668 1895 ejus

2095 1941 2264 1995 nepos
2295 1925 2395 1977 fttit
2431 1923 2642 1977 Claudii
2675 1921 3047 1989 imperatoris.
3082 1930 3137 1973 et
3162 1936 3229 1972 ex
3259 1919 3461 1973 Helena
3498 1919 3665 1987 priori

2093 2032 2262 2071 uxore
2301 2032 2396 2069 sua
2415 2014 2837 2070 Constantinum
2862 2013 3057 2066 habuit
3088 2027 3367 2080 magnum.
3396 2014 3664 2064 Cmtcrnm

2093 2110 2283 2163 habuit
2311 2117 2363 2161 et
2396 2109 2533 2161 ﬁlios
2562 2124 2623 2162 ex
2655 2106 2940 2160 Theodora
2968 2107 3077 2159 ﬁlia
3113 2106 3427 2158 Maximiani
3456 2105 3665 2158 Hercu—

2093 2202 2167 2259 lii,
2201 2216 2322 2269 quae
2354 2214 2511 2253 soror
2537 2209 2656 2251 erat
2685 2197 2964 2257 Maxentii,
3005 2195 3096 2262 qui
3140 2194 3483 2265 tyrannidem
3523 2194 3664 2262 apud

2094 2294 2393 2345 Romanam
2438 2290 2629 2343 urbem
2683 2288 2951 2349 exercuit,
2987 2287 3191 2355 quique
3237 2294 3554 2355 peremptus
3585 2295 3669 2337 est

2089 2395 2117 2433 a
2154 2380 2521 2434 Constantino
2570 2379 2711 2445 apud
2759 2376 3021 2431 Molbium
3084 2382 3328 2444 pontem,
3371 2375 3589 2443 quando
3614 2380 3669 2427 et

2090 2474 2277 2527 crucis
2309 2474 2521 2541 signum
2565 2472 2700 2523 vidit
2731 2470 2783 2522 in
2832 2468 2994 2532 cazlo,
3026 2478 3190 2535 atque
3232 2466 3444 2521 Fausta:
3480 2467 3666 2520 uxoris

2089 2565 2268 2633 magni
2293 2562 2645 2616 Constantini
2684 2579 2697 2613 :
2730 2570 2784 2615 et
2833 2574 2994 2614 nemo
3043 2560 3276 2612 miretur
3308 2559 3351 2612 si
3395 2568 3521 2611 ante
3574 2559 3669 2610 ba-

2088 2660 2370 2728 ptismum,
2404 2670 2527 2710 cum
2558 2654 2737 2707 adhuc
2767 2667 3007 2722 paganos
3035 2652 3175 2706 ritus
3198 2658 3502 2710 servarent,
3527 2650 3667 2705 duas

2086 2762 2304 2803 sorores
2331 2749 2603 2801 duxerant
2635 2755 2789 2815 pater
2813 2752 2867 2798 et
2896 2744 3063 2798 filius.
3114 2742 3253 2796 Sunt
3285 2750 3464 2797 autem
3502 2756 3667 2813 gene-

2088 2843 2329 2895 rationes
2357 2855 2547 2895 eorum
2578 2841 2721 2895 sicut
2757 2838 2990 2892 inferius
3022 2844 3377 2891 annotantnr.

2656 2949 3094 3041 CONS‘TANTIUS

2236 3109 2301 3145 ex
2333 3094 2595 3145 Theodora
2618 3091 2716 3141 filia
2749 3089 2972 3140 Herculii
2996 3091 3160 3153 gignit
3380 3101 3445 3137 ex
3468 3086 3663 3153 Helena

3365 3163 3482 3196 vero
3508 3145 3667 3208 gignit

408 3197 1085 3270 insania.cognomiuatus
1129 3208 1271 3275 apud
1316 3210 1702 3264 Alexandriam
1734 3213 1982 3268 ha'resitn
2012 3214 2054 3269 C
2087 3239 2161 3290 Co,

1890 3214 1982 3268 5h“
2012 3214 2054 3269 δ
2087 3239 2476 3297 Constantinum,
2511 3241 2704 3298 patrem
2769 3232 2985 3298 Anabal-
3046 3233 3286 3283 Constan-
3365 3194 3643 3281 Constcatilti-

406 3306 561 3342 suam
588 3293 640 3343 in
674 3295 909 3348 ecclesia
944 3298 1317 3353 manifestavit
1352 3310 1406 3355 et
1438 3303 1680 3357 schisma
1719 3316 1980 3373 operatus

405 3392 512 3444 ρει,
555 3396 888 3451 cooperante
931 3389 1035 3441 sibi
1083 3392 1320 3456 maligno
1359 3394 1696 3457 adversario,
1736 3399 1826 3465 qui
1874 3414 1979 3452 non

405 3472 512 3525 fert
552 3474 731 3528 ridere
800 3492 986 3545 pacem
1024 3480 1300 3535 Ecclesiae.
1349 3481 1549 3539 Factus
1592 3498 1674 3540 est
1716 3497 1894 3540 autem
1928 3497 1979 3543 et

405 3573 563 3616 terra:
596 3577 774 3619 motus
809 3568 1155 3625 Alexandriae
1203 3575 1579 3641 gravissimus,
1617 3577 1689 3630 ita
1735 3590 1790 3631 ιιι
1821 3583 1980 3634 cade-

404 3673 523 3714 rent
571 3661 768 3715 domus
820 3666 999 3719 ιιιιιΙιιιε
1062 3682 1126 3721 ac
1183 3672 1417 3739 populos
1481 3674 1748 3741 plurimus
1808 3675 1977 3728 inter—

403 3765 523 3807 Ιι·ι¹ῑ.
1715 3818 1719 3823 ι

475 3848 721 3918 Septimo
761 3853 972 3907 decimo
1010 3853 1221 3923 imperii
1269 3856 1354 3911 sui
1405 3872 1549 3914 anno
1580 3858 1977 3915 Constantinus

401 3952 681 4008 comperta
714 3944 826 3995 Arii
854 3948 1221 4001 commotione
1244 3949 1400 4004 valde
1431 3951 1726 4005 trilinlattts
1755 3951 1977 4019 scripsit

405 4033 710 4086 Alexandro
742 4044 797 4089 et
846 4037 977 4089 Ario
1033 4055 1380 4095 communem
1430 4044 1742 4110 epistolam,
1789 4046 1974 4099 consi-

402 4121 531 4173 lium
583 4123 721 4179 dans
772 4143 1000 4197 nequam
1052 4136 1477 4187 commotionem
1530 4136 1776 4189 solvendi
1820 4145 1874 4189 et
1906 4137 1971 4190 ad

402 4227 588 4279 pacem
647 4227 888 4271 mutuam
937 4224 1225 4277 redeundi.
1265 4224 1408 4279 Misit
1456 4236 1637 4281 autem
1684 4238 1737 4281 et
1786 4208 1971 4284 Osium

399 4304 712 4374 ννίςςοριιιη
745 4308 1016 4366 Cordubae
1057 4315 1444 4368 Alexandriam
1475 4327 1666 4370 contra
1695 4319 1886 4372 Arium
1919 4327 1973 4373 et

401 4396 465 4447 ad
502 4396 802 4462 Orientem.
843 4415 1199 4460 correcturus
1230 4409 1536 4465 Orientales
1575 4408 1784 4466 Pascha
1816 4411 1972 4480 pejus

399 4504 562 4546 quam
597 4488 768 4545 Judaei
800 4509 863 4547 ex
897 4498 1125 4567 antiqua
1162 4501 1562 4556 consuetudine
1604 4504 1968 4559 celebrantes.

2183 3299 2309 3350 Galli
2336 3294 2612 3353 Dalmatici,
2770 3294 2975 3354 liannm,
3034 3298 3151 3343 tiam
3177 3308 3299 3343 uxo-
3422 3304 3539 3338 num

2088 3375 2151 3409 ex
2175 3376 2273 3422 quo
2300 3361 2714 3422 fuitADalmoticus
2777 3356 2867 3422 qui
2891 3366 2945 3403 et
3059 3418 3070 3422 _
3097 3369 3228 3422 _re_rn_
3338 3364 3666 3422 magnum'so-

2082 3413 2272 3485 junior,
2306 3420 2488 3485 Juliani
2521 3434 2711 3481 prtcva-
2767 3413 2954 3469 Gallus.
3056 3416 3250 3466 Licinii.
3367 3413 3634 3463 lnmmodo.

2178 3486 2402 3532 ricatoris
2422 3483 2593 3530 frater.

2367 3605 2628 3655 MAGNUS
2656 3604 2874 3654 AUTEM
2900 3602 3386 3654 CONSTANTINL'S

2470 3722 2529 3756 ex
2551 3710 2730 3757 Fausta
2753 3710 2847 3757 filia
2874 3708 3091 3756 Herculii
3117 3705 3279 3769 gignit

2085 3791 2327 3852 Crispum,
2364 3787 3167 3852 Constantium,__Conslantinum,
3222 3787 3559 3852 Constantem,
3607 3789 3662 3835 et

2732 3849 2977 3898 Helenam
3005 3862 3211 3897 uxorem
3237 3847 3420 3897 Juliani
3457 3847 3641 3911 refugae

2155 3954 2337 4009 Mundi
2363 3969 2506 4007 anno
2529 3954 2690 4016 58l5,
2715 3953 2911 4007 divina:
2946 3953 3341 4006 incarnationis
3370 3968 3514 4005 anno
3532 3951 3657 4016 3l5,

2084 4064 2285 4102 nonum
2312 4047 2586 4100 decimum
2616 4046 2829 4114 imperii
2868 4047 2949 4099 sui
2987 4060 3192 4098 annum
3228 4046 3350 4113 pius
3386 4043 3661 4098 Constan-

2083 4142 2229 4194 tinus
2273 4139 2512 4207 agebat;
2570 4139 2661 4206 qui
2717 4137 2906 4192 videns
2959 4136 3227 4191 Licinium
3284 4136 3660 4204 persecutione

2082 4232 2244 4287 solito
2275 4232 2523 4286 insanius
2572 4231 2887 4283 ahutentem
2921 4239 2975 4283 et
3010 4237 3199 4282 cont-ra
3253 4228 3655 4281 benefactorem

2080 4324 2368 4378 consilium
2399 4324 2776 4385 meditantem,
2821 4320 3372 4374 armaturadversus
3409 4334 3533 4373 eum
3557 4335 3655 4387 per

2080 4415 2282 4469 siccant
2319 4415 2395 4482 (5)
2447 4422 2505 4467 ct
2551 4429 2716 4466 tuare.
2774 4413 3021 4480 Cumque
3077 4411 3352 4479 publicum
3408 4412 3683 4481 praelium.

2085 4516 2357 4576 ageretur,
2383 4505 2540 4558 vivus
2573 4503 2815 4557 Licinius
2848 4504 2900 4556 in
2937 4504 3186 4573 Bithynia
3216 4519 3380 4572 penes
3417 4502 3656 4572 Chryso-

400 4578 671 4635 Reversus
714 4596 795 4638 est
847 4597 1029 4641 autem
1084 4588 1149 4642 ad
1202 4599 1493 4660 utrumque
1552 4593 1815 4649 inefﬁcax.
1860 4594 1975 4649 lloc
2008 4572 2050 4626 υ
2082 4572 2244 4667 polim
2279 4597 2767 4666 comprehenditur
2791 4604 2842 4648 et
2867 4572 3213 4649 Constantini
3251 4596 3504 4647 manibus
3544 4605 3654 4667 tra-

397 4672 559 4723 etiam
589 4688 731 4727 anno
769 4678 1166 4736 Constantinus
1196 4682 1556 4738 Constantem
1593 4687 1763 4739 filium
1811 4703 1971 4742 suurn

397 4767 670 4822 Cmsarem
709 4770 838 4825 fecit
873 4782 927 4826 et
955 4777 1102 4829 misit
1128 4777 1181 4829 in
1215 4777 1441 4831 Gallias.
1705 4766 1714 4778 ’

468 4859 672 4912 Uetavo
695 4862 912 4917 decimo
943 4881 1075 4918 sane
1107 4867 1314 4935 imperii
1351 4869 1433 4922 sui
1472 4884 1637 4934 anno,
1671 4880 1726 4925 ιιι
1751 4873 1970 4941 quidam

396 4947 607 5013 dicunt,
640 4952 1039 5028 Constantinus
1064 4973 1187 5010 cum
1222 4959 1416 5027 Crispo
1451 4961 1562 5014 filio
1589 4978 1689 5016 suo
1715 4962 1899 5020 Romae
1940 4981 1969 5019 a

395 5036 661 5097 Silvestro
692 5044 1001 5113 baptizatus
1030 5056 1136 5101 est.
1172 5048 1455 5118 Quotquot
1496 5052 1640 5104 enim
1681 5053 1732 5106 in
1764 5055 1969 5108 seniori

399 5132 906 5192 Romavcousistunt
932 5155 1106 5207 usque
1138 5141 1316 5205 hodie,
1347 5144 1725 5211 baptisterium
1767 5146 1970 5201 habent

394 5228 446 5279 in
477 5228 1148 5301 testimonium,quoniam
1180 5249 1207 5286 a
1233 5234 1498 5289 Silvestro
1522 5236 1965 5307 Romaabaptiza-

396 5326 485 5369 tus
521 5328 603 5373 est
627 5330 749 5389 post
778 5330 1137 5390 tyrannorum
1172 5329 1623 5395 peremptionem.
1659 5329 1966 5385 Orientales

391 5417 572 5463 autem
608 5413 749 5479 apud
797 5412 1164 5468 Nicomediam
1196 5418 1349 5471 aiunt
1389 5433 1511 5471 eum
1554 5421 1697 5474 circa
1735 5431 1961 5476 mortem

395 5500 463 5552 ah
498 5501 729 5558 Eusebio
774 5504 1181 5562 Nicomediensi
1232 5509 1438 5563 Ariano
1483 5510 1839 5579 baptizatum,
1874 5517 1963 5569 ubi

393 5601 446 5645 et
487 5594 717 5662 contigit
770 5612 893 5651 eum
947 5600 1217 5656 dormisse
1261 5618 1275 5653 :
1326 5602 1612 5659 differebat
1653 5607 1820 5669 enim,
1874 5609 1961 5662 in-

391 5686 606 5752 quiunt,
663 5687 1023 5756 baptismum,
1079 5707 1308 5761 sperans
1356 5694 1409 5747 in
1445 5693 1683 5752 Jordane
1736 5698 1959 5753 flumine

2076 4690 2248 4751 ditur,
2279 4690 2369 4757 qui
2401 4696 2660 4743 consoeta
2696 4687 3034 4740 humanitate
3076 4701 3208 4739 usus
3238 4686 3286 4739 ei
3319 4687 3425 4739 vita
3454 4684 3652 4737 donata

2075 4780 2524 4835 Thessalonicam
2555 4780 2717 4832 tnittit
2743 4778 2951 4831 carceri
2977 4779 3421 4846 mancipandum.
3455 4775 3651 4829 Verum

2072 4890 2181 4929 non
2226 4874 2393 4926 multo
2425 4881 2547 4942 post
2597 4871 2847 4924 barbaris
2885 4867 3133 4923 mercede
3164 4868 3452 4921 conductis
3502 4867 3653 4920 futu-

2074 4982 2193 5020 runt
2224 4975 2342 5020 erat
2376 4974 2434 5018 ut
2468 4963 2818 5017 rebellionem
2847 4968 3085 5031 pararet,
3126 4960 3230 5015 nisi
3268 4960 3383 5013 hoc'
3425 4959 3653 5013 mitissi-

2078 5076 2202 5114 mus
2234 5058 2628 5114 Constantinus
2679 5070 3030 5128 praenoscens
3066 5052 3249 5121 gladio
3301 5053 3447 5106 hunc
3482 5052 3649 5105 recidi

2070 5152 2347 5222 jussisset.
2386 5151 2449 5202 Et
2478 5150 2557 5203 sic
2581 5150 2647 5203 de
2682 5157 2881 5202 caetero
2905 5143 3145 5216 perfecta
3178 5146 3314 5198 freta
3339 5150 3470 5198 sunt
3497 5152 3652 5196 tran-

2075 5244 2343 5315 quillitate
2402 5242 2839 5298 Christianorum
2921 5237 3356 5293 conversationis
3410 5237 3646 5303 negotia,

2074 5353 2169 5406 per
2204 5337 2459 5389 virtutem
2500 5334 2709 5389 scilicet
2738 5331 2969 5384 viviﬁcae
3007 5330 3191 5384 crucis
3227 5327 3431 5397 fugatis
3464 5337 3650 5397 tyran-

2075 5431 2202 5493 nis,
2256 5438 2311 5483 et
2371 5427 2724 5498 singulariter
2783 5425 3070 5479 obtinente
3124 5423 3392 5477 divinitus
3458 5420 3647 5489 adjuto

2067 5519 2429 5574 Constantino
2462 5519 2761 5571 Romanum
2800 5516 3111 5586 imperium.
3149 5512 3486 5569 Constitutis
3519 5526 3648 5580 ergo

2067 5609 2249 5677 pueris
2279 5607 2393 5661 suis
2415 5606 2729 5661 Caesaribus
2760 5612 2947 5673 optata
2970 5618 3101 5672 pace
3136 5603 3342 5671 potitus
3376 5607 3480 5655 est.
3512 5598 3648 5653 Erat

2066 5708 2245 5754 autem
2282 5698 2365 5753 vir
2402 5714 2495 5768 per
2531 5697 2715 5752 omnia
2758 5696 2943 5751 clarus
2984 5694 3036 5747 in
3086 5694 3286 5748 virtute
3321 5690 3539 5757 anima),
3586 5690 3643 5744 in

1912 5792 2136 5848 NOT/E.

473 5870 547 5919 ιῧὶ
584 5870 737 5926 Sicca
776 5874 889 5929 site
931 5877 1083 5930 arida
1136 5896 1234 5949 pro
1257 5888 1423 5945 terra,
1462 5891 1517 5936 ut
1546 5885 1752 5955 psalmo
1787 5900 1944 5941 xcw:
1988 5888 2081 5958 τὴν
2109 5884 2226 5957 ξηρὲ

1500 5891 1517 5936 ι
1546 5885 1752 5955 psalmo
1787 5900 1905 5941 χειν
1935 5906 1944 5939 :
1988 5888 2081 5958 τὴν
2109 5884 2276 5957 ξηρὰν
2312 5886 2364 5940 αἱ
2394 5886 2571 5955 χεῖρες
2595 5880 2760 5937 αὑτοῦ
2790 5879 3044 5933 ἔπλασαν.
3081 5878 3245 5932 ῈΑιιιι.
