4440 6446
757 401 884 464 litt

1863 409 2253 470 ANASTASII
2301 411 2756 472 BIBLIU'I‘IIEC
2779 415 2928 474 \RII

3869 411 3998 476 1212

756 523 1006 575 acuuiiuc
1030 536 1246 582 sensus,
1274 519 1328 573 in
1364 521 1667 575 eruditione
1712 525 2020 585 verberum,
2062 528 2114 578 in
2149 529 2319 596 aequi-
2349 531 2397 588 Α
2427 527 2568 581 dona
2623 531 2873 600 largitus,
2935 531 3277 601 principibus
3321 530 3661 600 singularum
3721 531 4000 586 nationum

755 624 862 666 tate
896 615 1145 682 justitim,
1190 615 1241 665 in
1282 615 1561 668 alacritate
1606 615 2001 678 beneﬁcentia',
2049 619 2103 671 in
2128 619 2326 674 decore

757 706 961 767 vultus,
993 708 1045 758 in
1086 705 1352 759 bellorum
1390 707 1646 761 virilitate
1678 723 1740 761 ac
1791 707 2070 770 felicitate.
2109 710 2162 762 in
2202 709 2328 762 bar-

758 800 955 852 baricis
1012 814 1263 868 magnus,
1329 799 1380 850 in
1436 801 1840 855 contribulibus
1898 802 2330 871 insuperabilis;

759 893 899 945 unde
943 900 995 944 et
1046 903 1235 945 contra
1277 907 1475 946 omnes
1510 894 1694 948 hostes
1727 897 2009 949 victoriam
2065 898 2324 950 orationi-

758 984 858 1035 bus
891 983 1190 1036 obtinebat.

830 1072 1007 1124 Mundi
1029 1089 1171 1126 anno
1197 1073 1360 1136 58I6,
1395 1074 1592 1127 divina-
1621 1075 2016 1130 incarnationis
2035 1091 2179 1128 anno
2201 1074 2333 1138 516,

755 1167 1058 1234 v'cennalia
1112 1167 1322 1235 imperii
1359 1167 1634 1222 celebrata
1675 1177 1804 1221 sunt
1837 1168 2182 1222 Constantini
2222 1170 2329 1221 Au-

756 1261 925 1323 gusti,
961 1268 1014 1312 et
1048 1260 1186 1312 facta
1225 1271 1310 1315 est
1342 1273 1528 1314 sancta
1575 1271 1628 1314 et
1673 1262 2002 1316 universalis
2035 1263 2209 1330 prima
2240 1277 2332 1330 sv-

758 1353 935 1405 nndus
986 1350 1088 1405 5l8
1143 1353 1386 1414 Patrum,
1431 1370 1661 1423 quorum
1721 1356 1899 1408 multi'
1940 1358 2329 1429 miraculorum

758 1455 914 1498 erant
949 1456 1252 1514 patratores
1277 1456 1329 1498 et
1365 1449 1662 1517 coangelici
1697 1449 1819 1510 viri,
1853 1450 2106 1518 stigmata
2125 1449 2329 1503 Christi

758 1542 812 1592 in
846 1555 1088 1609 corpore
1110 1555 1207 1593 suo
1239 1539 1498 1595 ferentes.
1542 1541 1648 1595 Pro
1681 1540 1928 1596 Romano
1954 1553 2134 1595 autem
2174 1541 2332 1598 Vitas

757 1640 812 1685 et
845 1631 1161 1686 Vincentius
1199 1634 1446 1687 aderant.
1480 1634 1606 1686 Ilaec
1631 1644 1818 1688 sancta
1863 1634 2106 1704 synodus
2141 1635 2330 1688 Arium

757 1735 812 1777 ιιι
873 1734 1274 1780 eonsentaneos
1323 1727 1441 1792 ejus
1487 1727 1759 1795 deposuit,
1820 1736 2048 1795 excepto
2098 1725 2334 1782 Eusebio

757 1817 1050 1888 Pamphili,
1078 1821 1168 1886 qui
1205 1820 1267 1870 ad
1295 1835 1536 1888 przesens
1571 1819 1839 1873 homousii
1871 1835 1929 1874 se
1956 1827 2143 1874 tenere
2175 1819 2331 1874 ﬁdem

756 1926 890 1963 voce
915 1912 1288 1985 proﬁtebatur.
1323 1911 1526 1980 Impius
1575 1912 1758 1980 itaque
1802 1911 1962 1966 Arius
1995 1929 2118 1966 cum
2152 1914 2206 1966 in
2239 1931 2332 1985 sy-

757 2004 901 2079 nodo
927 2017 1164 2071 pr.es«‘:ns
1193 2005 1572 2065 adduceretur,
1601 2004 1866 2058 Eusebius
1900 2005 2331 2064 LVicomediensis

758 2105 810 2149 et
856 2095 1131 2166 Theognis
1155 2107 1207 2175 ct
1239 2096 1402 2151 Maris
1431 2108 1483 2151 et
1521 2086 1810 2152 Narcissus
1843 2108 1897 2155 et
1937 2097 2331 2170 Thcophantus

759 2199 813 2241 tt
855 2188 1201 2259 Patrophilus
1258 2192 1400 2245 hunc
1445 2191 1740 2246 defendere
1786 2195 2196 2258 moliebantur;
2239 2196 2329 2264 qui

761 2295 1152 2353 romponeutcs
1208 2284 1328 2351 ﬁdei
1381 2288 1607 2339 verbum
1677 2287 2056 2356 blasphemum
2123 2291 2372 2359 synodo‘

760 2393 1074 2445 porrexere.
1115 2377 1269 2444 Quod
1314 2395 1437 2432 cum
1491 2380 1771 2448 diruptutn
1822 2392 1990 2444 esset,
2025 2383 2077 2434 hi
2118 2383 2209 2448 qui
2255 2383 2373 2457 fe-_

760 2480 956 2523 cerunt
987 2472 1121 2525 illud
1156 2472 1356 2525 reversi
1399 2473 1797 2526 damnaverunt
1840 2475 2061 2534 Arium,
2086 2479 2332 2545 exceptis

764 2561 1016 2616 Secundo
1051 2563 1368 2618 Ptolmaidis
1390 2563 1608 2634 rEgypt‘i
1634 2573 1688 2618 ct
1716 2563 1938 2619 Theona
1967 2566 2332 2622 Marmaricze-

761 2657 974 2721 Quibus
1023 2672 1146 2710 cum
1187 2657 1318 2710 Ario
1371 2658 1612 2724 repulsis
1656 2666 1710 2711 et
1753 2659 2331 2731 anathcu'iatizatisﬂ)

762 2757 1008 2798 sanctum
1046 2747 1350 2816 symhoiun-
1399 2747 1519 2800 tidei
1563 2748 1864 2809 dict-avere,
1922 2753 2329 2805 subscribentes

737 2826 952 2891 ’omnes
973 2854 1094 2892 cum
1129 2841 1901 2909 augustissimoimperatore;
1933 2854 1980 2895 et
2013 2844 2332 2898 Iaudcdicta

764 2933 980 2986 solutus
1037 2943 1118 2985 est
1173 2942 1372 2996 ctetus,
1431 2947 1572 2987 anno
1627 2951 1736 3004 quo
1795 2933 2112 3004 Byzantium
2171 2939 2337 3004 C(epit

763 3023 1040 3076 :vdilicat'i.
1081 3024 1363 3078 Celebrata
1407 3034 1490 3080 est
1549 3027 1711 3096 igitur
1753 3038 1942 3080 sancta
1981 3030 2221 3097 synodus
2256 3030 2331 3082 inv

762 3115 1000 3168 dictione
1042 3115 1120 3175 I2,
1154 3131 1340 3168 mense
1361 3116 1529 3181 Maio,
1557 3116 1644 3171 die
1671 3117 1765 3181 ‘20,
1798 3133 1917 3185 qua:
1965 3119 2186 3186 scripsit
2219 3120 2334 3187 epi-

2430 621 2704 676 bonorare
2762 624 3078 676 sacerdotes
3150 623 3520 693 praecipiebat,
3562 631 3619 678 et
3679 623 3752 677 ita
3813 638 4006 679 omnes

2431 714 2731 782 gaudentes
2759 717 3014 771 absolvit.
3049 715 3364 771 Ediﬁcavit
3403 725 3584 771 autem
3613 717 4008 772 Constantino-

2430 806 2620 873 polim,
2649 823 2756 875 qua
2787 825 3000 863 summa
3042 809 3370 864 liberalitate.
3397 809 3570 863 ditata
3619 809 3672 862 in
3700 808 4006 863 illustribus

2430 896 2688 953 domibus
2722 915 2818 954 eos
2849 901 2943 969 qui
2980 902 3048 955 ab
3085 902 3222 955 urbe
3250 900 3423 955 Roma
3452 909 3610 956 erant
3632 902 3732 953 viri
3761 901 4008 955 rationa-

2432 988 2569 1044 biles
2605 992 2937 1052 collocavit;
2975 1002 3029 1047 et
3066 1009 3129 1048 ex
3167 994 3293 1046 aliis
3321 993 3456 1047 locis
3497 993 3802 1047 secundum
3834 1005 4008 1061 genus

2432 1082 2658 1151 eligens,
2686 1093 2751 1138 et.
2767 1088 2958 1140 domos
3006 1100 3240 1154 magnas
3278 1086 3359 1140 cis
3395 1085 3671 1149 tribuens,
3702 1094 3762 1138 ut
3793 1084 4012 1139 habita—-

2434 1187 2586 1231 retur
2623 1177 2820 1233 civitas
2853 1178 2984 1248 egit.
3033 1179 3187 1234 Tunc
3220 1181 3384 1234 etiam
3416 1188 3468 1233 et
3505 1179 3770 1248 templum
3803 1186 4011 1232 sanctze

2435 1268 2653 1338 Sophia:
2684 1280 2740 1326 et
2769 1282 2973 1327 sancta:
3031 1272 3200 1326 Irenze
3255 1280 3310 1326 et
3351 1271 3722 1342 apostolorum
3754 1279 3808 1324 et
3833 1271 4011 1324 sancti

2435 1363 2589 1417 Mocii
2625 1365 3011 1433 etarchangeli
3038 1365 3134 1434 Dei
3167 1365 3380 1418 amicus
3413 1364 3671 1434 princeps
3695 1363 4007 1416 aediﬁcavit.

2435 1454 2590 1510 Tunc
2634 1456 2880 1511 funditus
2905 1458 3108 1526 templo
3155 1457 3390 1526 Aselepii
3437 1471 3606 1525 penes
3629 1455 3796 1525 IEgas
3821 1468 3874 1508 et
3907 1453 4012 1508 Ve-

2437 1551 2585 1604 neris
2615 1551 2670 1602 in
2707 1551 2950 1623 Apliacis
2983 1553 3090 1605 situ
3122 1552 3430 1614 destructo,
3463 1559 3628 1617 atque
3656 1551 3778 1603 aliis
3822 1549 4014 1602 multis

2434 1642 2666 1698 eversis.
2731 1643 2928 1694 horum
2990 1643 3196 1696 reditus
3251 1644 3474 1697 donavit
3529 1643 3804 1696 ecclesiis.
3855 1639 4012 1694 Tum:

2437 1733 2619 1785 multa:
2663 1743 2850 1800 gentes
2886 1735 2949 1786 ad
3009 1734 3342 1804 baptismum
3385 1749 3674 1787 accessere
3729 1732 4013 1787 miraculis

2436 1832 2591 1883 act-ce,
2618 1838 2740 1891 qua:
2763 1834 2974 1892 patrata
3000 1835 3128 1876 sunt
3158 1837 3186 1874 a
3229 1823 3462 1891 captivis
3493 1820 3896 1888 sacerdotibus,
3917 1822 4010 1887 qui

2436 1913 2655 1969 fuerant
2707 1917 2808 1969 sub
2874 1916 3102 1970 Galieno
3169 1917 3506 1987 imperatore
3584 1915 3877 1983 captivati;
3955 1925 4012 1968 et

2437 2010 2590 2079 prius
2646 2011 2864 2077 quidem
2921 2027 2986 2063 ex
3050 2010 3243 2064 Gothis
3290 2019 3341 2063 et
3391 2010 3558 2063 Celtis
3603 2020 3768 2076 atque
3803 2007 4013 2061 Calatis

2439 2103 2823 2172 IIesperiarItnt
2861 2105 3120 2179 partium,
3151 2104 3241 2170 qui
3270 2112 3460 2154 contra
3495 2100 4014 2155 Romanosfueran'.

2436 2194 2563 2257 nisi,
2621 2194 2764 2248 nunc
2808 2209 2987 2248 autem
3030 2204 3082 2248 et
3129 2197 3232 2249 sub
3263 2198 3468 2250 victore
3495 2194 3861 2247 Constantino
3890 2194 4010 2260 plu-

2437 2283 2570 2339 rima
2590 2291 3142 2359 multitudo‘gentium
3175 2291 3481 2342 illuminata
3521 2299 3604 2342 est
3633 2289 3696 2339 ad
3726 2287 4009 2341 Christum

2435 2395 2795 2437 concurrens.
2845 2384 2977 2436 Nam
3025 2392 3080 2436 et
3124 2384 3414 2440 interiores
3451 2381 3564 2434 Indi
3600 2389 3654 2435 et
3693 2382 3894 2440 lberes,
3929 2385 4006 2433 uti

2437 2473 2669 2527 Ruﬁnus
2700 2475 2912 2536 scribit,
2955 2475 3209 2529 similiter
3243 2484 3297 2527 et
3339 2475 3585 2528 Armenii
3631 2474 3871 2543 perfecte
3905 2473 4010 2527 sub

2436 2566 2558 2634 ipso
2587 2566 2960 2632 crediderunt,
2998 2582 3092 2636 per
3139 2564 3448 2620 Teridatem
3503 2581 3684 2633 regem
3715 2575 3769 2619 et
3799 2565 4005 2636 Grego-

2437 2660 2578 2712 rium
2613 2661 2934 2726 episcopum
2978 2674 3137 2713 suum
3178 2644 3416 2712 salutem
3463 2660 3819 2726 accipientes.
3855 2658 4011 2712 'I'nnc

2439 2762 2484 2804 ei
2527 2750 2836 2805 Dorotheus
2884 2751 3180 2819 episeopus
3219 2751 3371 2820 Tyri,
3415 2751 3506 2818 qui
3555 2750 3725 2802 multa
3759 2749 3862 2803 sub
3894 2748 4015 2802 Dio-

2437 2846 2672 2899 cletiano
2719 2846 2857 2898 mala
2896 2859 3188 2912 perpessus
3231 2844 3394 2896 exilia
3429 2851 3482 2896 et
3524 2850 3790 2896 tormenta
3826 2852 4012 2909 pertu-

2440 2941 2595 3002 lerat,
2627 2939 2884 3007 pollebat,
2918 2953 3213 2992 numerosa
3247 2939 3451 3006 scripta
3487 2939 3785 2991 conﬁciens
3821 2937 4014 2992 Latina

2440 3032 2603 3086 simul
2633 3042 2686 3086 et
2716 3016 2928 3091 Graica,
2973 3031 3261 3100 utriusque
3297 3031 3556 3084 nitn-irum
3607 3031 3866 3084 dictionis
3902 3047 4013 3084 non

2441 3126 2715 3178 modicam
2768 3125 3161 3194 experientiam
3215 3133 3570 3187 consecutus,
3611 3132 3662 3176 et
3718 3124 4015 3176 multarum

765 3210 960 3262 διυιθυι
994 3212 1043 3262 in
1076 3209 1482 3276 -’U°X3'..|dl‘ialn,
1513 3209 1740 3280 Libyam
1770 3220 1825 3264 ct
1855 3209 2216 3280 Pentapolim,
2245 3229 2337 3281 per
2362 3228 2404 3288 ρ
2442 3233 2538 3286 per
2567 3217 2845 3284 ingenium
2881 3231 3064 3271 rerum
3099 3232 3306 3283 gnarus
3352 3215 3600 3270 effectus.
3648 3213 3747 3268 IIic
3777 3217 4017 3284 diligeno

766 3317 926 3353 uuam
985 3303 1218 3353 innotuit
1270 3302 1349 3372 (5')
1403 3302 1723 3371 eiectionem
1785 3304 1936 3365 Arii,
1993 3304 2232 3358 Secundi
2282 3317 2334 3359 et

765 3393 1019 3446 'I‘heouac.
1074 3392 1411 3459 Signiﬁcavit
1464 3403 1643 3447 autem
1690 3405 1744 3448 et
1800 3394 1867 3448 de
1905 3394 2157 3456 Meletio,
2191 3397 2334 3465 quod

766 3497 1014 3537 seorsum
1057 3485 1109 3537 in
1151 3485 1373 3539 civitate
1414 3486 1631 3554 propria
1679 3487 1880 3538 tacitus
1909 3486 2193 3541 resideret.
2229 3487 2337 3544 Eos

764 3591 894 3628 vero
925 3576 1017 3643 qui
1045 3576 1111 3627 ab
1154 3575 1270 3644 ipso
1310 3591 1509 3642 manus
1539 3577 1946 3646 impositionem
1983 3594 2332 3648 acceperant,

769 3667 941 3733 magis
972 3667 1194 3736 mystica
1226 3669 1539 3723 saeratio’ne
1570 3668 1886 3723 ﬁrmandos.
1912 3669 2146 3739 Scripsit
2169 3673 2332 3726 etiam

766 3759 833 3810 «fe
867 3755 1093 3821 Pascha,
1135 3757 1188 3810 id
1219 3758 1450 3812 ulterius
1478 3774 1602 3812 cum
1648 3758 1851 3814 Iudaeis
1883 3761 2195 3817 nullatenus
2222 3762 2337 3817 efﬁ-

766 3849 1042 3914 ciendum,
1090 3849 1182 3904 sed
1224 3851 1525 3905 secundum
1584 3850 1814 3906 formam
1843 3869 1964 3918 quae
1996 3870 2090 3922 per
2129 3853 2336 3910 Italiam

765 3941 1095 4001 custoditur,
1139 3942 1192 3995 in
1225 3941 1503 3996 Dominica
1545 3939 1633 3997 d're
1667 3945 1864 4012 potius
1911 3946 2124 4000 celebra
2143 3947 2334 4002 nduz‘n.

769 4030 1030 4099 Similiter
1057 4039 1109 4083 et
1152 4031 1432 4099 piissimus
1468 4033 1760 4101 imperator
1805 4034 2068 4104 epistolas
2101 4037 2338 4106 scripsit

771 4122 972 4190 ubique
1017 4121 1273 4190 jubentes
1315 4119 1502 4179 eadem
1535 4141 1655 4195 qua:
1690 4134 1881 4181 sancta
1917 4125 2168 4198 synodus
2206 4133 2334 4198 pro-

769 4215 1126 4283 mulg‘averat,
1177 4223 1232 4269 et
1280 4217 1582 4278 ﬁrmantes.
1634 4217 2072 4271 Praeterea-cum
2125 4216 2336 4288 imperii

768 4305 852 4358 sui
886 4295 1157 4360 festivitas
1200 4307 1503 4363 vicennalis
1549 4309 1796 4372 inslaref,
1833 4325 2023 4368 omnes
2054 4312 2242 4369 Patres
2271 4315 2338 4369 ad

768 4397 1077 4450 convivium
1134 4405 1312 4458 vocat,
1372 4413 1494 4451 cum
1548 4399 1656 4453 illis
1710 4402 1915 4469 pariter
1979 4388 2339 4482 convivatus;

768 4503 926 4556 quos
969 4487 1228 4542 decenter
1285 4488 1563 4544 honorans
1621 4489 1914 4559 Paphnutii
1965 4503 2020 4549 et
2073 4497 2348 4552 similium.

767 4581 1149 4635 confessorum
1185 4581 1325 4644 loca,
1351 4596 1416 4634 ex
1455 4583 1657 4648 quibus
1689 4583 1743 4636 in
1775 4587 2162 4653 persecutione
2189 4593 2334 4645 oculi
2373 4584 2413 4638 ὓ

767 4671 984 4726 fuerant
1011 4670 1216 4740 eﬁossi,
1252 4672 1336 4726 vel
1366 4673 1530 4726 etiam
1578 4684 1774 4729 cetera
1806 4679 2048 4733 membra
2080 4689 2334 4737 truncata

764 4765 1158 4831 osculabatur,
1219 4765 1700 4821 sauctiﬁcationem
1751 4785 1816 4824 ex
1877 4771 1957 4827 eis
2013 4758 2336 4829 lucrifacere

767 4869 1015 4922 sperans.
1070 4853 1244 4908 Porro
1287 4854 1503 4909 libellos
1542 4872 1683 4924 quos
1713 4867 1905 4912 contra
1943 4861 2176 4916 invicem
2208 4865 2334 4933 qni-

766 4947 888 5001 dam
913 4957 1269 5016 porrexerant
1302 4949 1412 5018 igni
1445 4949 1670 5004 tradidit
1705 4952 2064 5020 jurejurando
2089 4956 2334 5024 ﬁrmans,

766 5042 812 5094 si
848 5041 1078 5097 vidisset
1135 5041 1454 5112 episcopum
1514 5045 1905 5108 mmchantem,
1966 5061 2025 5099 se
2081 5048 2338 5102 alacriter

767 5134 911 5186 hunc
941 5132 1302 5202 oper-iturum.
1339 5132 1507 5186 Multa
1539 5149 1761 5204 quoque
1789 5136 2049 5191 omnibus
2083 5139 2334 5194 ecclesiis

2441 3319 2523 3363 ter
2575 3310 2740 3364 etiam
2791 3325 2978 3376 super
3027 3309 3296 3376 episcopis
3348 3306 3593 3378 Byzantii
3653 3322 3717 3361 ac
3779 3308 4014 3361 aliorum

2439 3401 2733 3453 multorum
2782 3401 3028 3453 locorum
3076 3398 3360 3453 historiam
3401 3400 3610 3453 texuit:
3641 3401 3811 3468 quiet
3843 3400 3893 3454 in
3928 3414 4018 3469 sy-

2442 3490 2583 3543 nodo
2617 3499 2866 3560 repertus
2917 3501 3024 3554 est,
3063 3499 3116 3543 et
3151 3490 3217 3542 ad
3270 3490 3542 3558 propriam
3586 3490 3903 3558 parochiam
3937 3489 4018 3559 (6)

2440 3595 2692 3636 remeans
2733 3581 3050 3650 perduravit
3104 3595 3278 3648 usque
3315 3579 3380 3632 ad
3435 3578 3678 3649 refugam
3713 3579 4017 3638 Julianum.

2444 3674 2506 3727 Et
2530 3674 2789 3744 quoniam
2821 3689 2928 3726 non
2962 3673 3274 3733 manifeste,
3309 3670 3402 3723 sed
3436 3673 3648 3725 ocrulte
3681 3688 3773 3739 per
3801 3673 4021 3740 iudices

2440 3765 2795 3822 exsecrabilis
2832 3765 2914 3818 vir
2939 3765 2995 3816 in
3039 3763 3386 3816 Christianos
3415 3763 3878 3826 debacchahatur,
3912 3764 4020 3820 ne-

2443 3870 2560 3908 rum
2606 3854 2800 3908 beatus
2862 3852 3168 3906 Uorotheus
3199 3851 3374 3920 pergit
3401 3851 3806 3921 Odyssopolim,
3837 3855 3928 3908 tibi
3963 3864 4020 3907 et

2442 3947 2873 4017 comprehensus
2919 3960 2946 3998 a
2981 3943 3260 4013 iudicibus
3291 3942 3517 4006 Juliani.
3563 3944 3856 4011 multisque
3890 3945 4018 3999 aﬂe-

2441 4017 2563 4092 ctus
2601 4038 2944 4100 verberibus,
2987 4041 3041 4090 in
3072 4051 3330 4107 suprema
3362 4045 3642 4091 senectute
3679 4029 3779 4103 pro
3811 4029 4018 4092 Christi
4083 4078 4090 4084 .

2440 4131 2789 4188 confessione
2812 4131 3096 4200 suppliciis
3144 4131 3277 4192 obit,
3309 4145 3448 4184 cum.
3458 4131 3572 4210 jam
3617 4129 3714 4184 I07
3747 4144 4016 4184 annorum

2439 4235 2606 4280 esset.
2878 4269 2882 4274 .
3175 4233 3186 4242 ⁸
3557 4231 3560 4233 ’
3695 4243 3703 4248 '
3923 4235 3930 4240 ’

2511 4317 2694 4371 Mundi
2728 4332 2871 4371 anno
2899 4315 3293 4380 58I7,-divina:
3327 4315 3731 4370 incarnationis
3753 4316 3880 4377 517,
3909 4314 4011 4368 «ἰυι-

2441 4409 2541 4467 rimi
2574 4419 2627 4464 et
2661 4409 2838 4465 Persa:
2880 4409 3128 4464 videntes
3157 4408 3641 4463 Christianismum
3703 4409 3754 4459 in
3795 4408 4020 4464 Perside

2443 4505 2616 4572 magis
2651 4518 2713 4556 ac
2742 4503 2916 4572 magis
2949 4503 3173 4571 pollere,
3198 4501 3494 4554 detrah‘uiit
3527 4500 3768 4568 Sinreoni
3802 4501 4022 4554 archie-

2443 4598 2668 4666 pisc0po
2700 4596 3072 4664 Ctesiphontis
3114 4595 3254 4663 apud
3309 4591 3570 4646 Saborem
3611 4591 3900 4644 Persarum
3931 4609 4018 4644 re-

2444 4701 2588 4754 gem,
2627 4686 2784 4753 quasi
2821 4685 2998 4737 amico
3028 4683 3380 4751 imperatoris
3427 4681 3656 4732 Ituriiani
3681 4691 3737 4756 et
3771 4679 4018 4734 Persico-

2444 4792 2564 4831 rum
2592 4776 2815 4830 delatori
2851 4776 3216 4843 negotiorum.
3246 4773 3610 4839 Quamobrem
3643 4774 4018 4840 persecutione

2446 4883 2642 4938 ntagna
2675 4869 2729 4921 in
2763 4869 2984 4922 Perside
3030 4868 3175 4922 mola
3228 4867 3377 4937 multi
3420 4882 3515 4932 pro
3547 4865 3768 4918 Christo
3819 4874 4018 4933 marty-

2446 4960 2529 5014 rio
2556 4969 2685 5014 sunt
2708 4959 2999 5022 adornati;
3028 4959 3169 5010 inter
3195 4971 3352 5025 quos.
3370 4957 3742 5014 Heustazades
3774 4955 4014 5024 p:edago-

2442 5068 2546 5122 gus
2579 5051 2800 5106 Saboris
2831 5059 2885 5104 et
2930 5031 3151 5114 Simeon
3177 5060 3231 5102 et
3269 5063 3435 5117 super
3471 5047 3610 5101 alios
3659 5049 3861 5125 multos
3887 5036 4019 5099 ceri-

2445 5151 2559 5197 tum
2594 5142 2782 5197 clerici
2815 5151 2868 5196 et
2905 5143 3144 5212 episc0pi
3185 5155 3293 5194 una
3343 5141 3431 5192 die
3464 5134 3813 5208 ’martvrizati
3865 5146 4019 5205 sunt,

2275 5275 2508 5331 ΝΟΤᾸΞ.

841 5363 916 5433 (ι)
952 5364 1150 5427 Anath.
1175 5363 1316 5418 Hist.
1355 5363 1508 5433 Trip.
1550 5365 1637 5427 12,
1677 5365 1709 5418 6
1747 5381 1759 5417 :
1797 5385 1816 5416 ι
1849 5365 2341 5421 anathematizavc-

770 5445 917 5488 runt.
953 5453 968 5483 ι
1009 5435 1099 5490 Sic
1133 5437 1274 5488 enim
1307 5450 1405 5489 nos
1426 5436 1724 5488 Christiani
1764 5447 1951 5489 contra
1997 5434 2340 5503 blasphemos

773 5505 1040 5575 prolatum
1071 5507 1310 5575 solemus
1341 5507 1616 5575 appellare
1649 5505 1948 5560 decretum.
1980 5503 2146 5575 Furit.

844 5575 920 5644 (5)
961 5574 1221 5630 lnnotait.
1256 5574 1582 5631 Anastasius
1636 5576 1688 5629 in
1741 5577 1935 5630 exsilio
1987 5574 2044 5628 S.
2089 5577 2340 5631 Martini:

781 5666 797 5695 ι
828 5645 982 5698 Potui
1006 5646 1054 5699 ei
1076 5646 1318 5716 scribere
1345 5659 1408 5716 ac
1433 5648 1775 5701 innotescere
1799 5648 1979 5700 omnia
1999 5663 2118 5715 quae
2131 5649 2196 5700 de
2224 5649 2342 5716 ipso

775 5716 1219 5786 dillaniabantur.
1254 5734 1271 5765 i
1296 5712 1604 5771 Ludovicus
1629 5718 1759 5786 imp.
1792 5719 1844 5770 in
1885 5712 2047 5786 praet".
2073 5734 2159 5786 ap.
2188 5712 2339 5772 Flod.

776 5785 915 5846 1,19
942 5803 953 5835 :
983 5803 1001 5834 ς
1030 5786 1166 5851 Quia
1193 5786 1307 5841 Ebo
1340 5787 1642 5842 clementia:
1679 5785 2129 5845 nostraiinnotuit
2155 5789 2334 5858 quia.»

771 5886 844 5902 -
871 5858 945 5910 lc.

2514 5373 2591 5440 (Ii)
2629 5369 2968 5424 Parochiam.
2999 5368 3293 5439 Παροικίαν
3321 5367 3538 5440 quidam
3593 5367 3824 5436 malunt,
3847 5382 4021 5430 parar-

2443 5438 2604 5495 cirtni.
2639 5441 2745 5494 Sed
2785 5438 3100 5509 prOniiscue.
3141 5438 4017 5509 utrumquegu'surpatur.__.\vitos

2450 5510 2768 5566 Viennensis
2789 5507 2882 5580 ep.
2908 5512 3004 5564 90:
3031 5531 3048 5562 ε
3075 5510 3414 5577 ln'parochia
3435 5507 3763 5580 Eporieri‘si.s
3785 5507 4020 5574 Epipha»

2443 5584 2568 5636 nius
2595 5579 2873 5636 Scholast.
2899 5581 3049 5648 Trip.
3087 5595 3124 5642 ι,
3164 5583 3269 5633 H.:
3311 5599 3326 5630 ι
3365 5580 3422 5632 In
3465 5579 3833 5646 itosttaigitur
3859 5593 4020 5645 paro-

2440 5655 2586 5721 chia.
2623 5671 2640 5703 ι
2679 5654 2821 5706 Idem
2865 5662 3041 5706 tamen
3086 5650 3446 5721 _t‘requentius
3494 5648 3772 5721 pqrmciam
3834 5649 4018 5709 vertit,

2449 5717 2601 5779 ut'u.
2623 5723 2688 5777 I9.
2716 5734 2767 5778 ct
2795 5739 2866 5788 tv,
2891 5724 2980 5787 Si,
3011 5719 3148 5787 v,28
3178 5717 3229 5774 et
3261 5721 3348 5784 54,
3379 5737 3474 5784 sn,
3499 5717 3596 5779 22;
3628 5721 4020 5787 idquet‘eCtius

2447 5802 2552 5848 est.
2592 5793 2665 5847 In.
3602 5810 3613 5818 -
