4440 6446
434 403 570 472 1213

1299 417 1664 480 HISTORIA
1701 421 2271 482 ECCLESIASTICA
2309 426 2412 483 EX
2442 424 2926 484 THEOPHANE.

3546 423 3682 486 12H

429 534 476 575 et
533 524 951 580 innumerabilis
999 527 1106 580 alia
1143 527 1475 596 multitudo;
1510 546 1573 584 ex
1632 533 1833 601 quibus
1871 534 2006 588 insi-
2047 535 2082 588 A
2116 535 2184 588 ab
2218 535 2349 587 hora
2383 537 2540 588 tertia
2571 552 2744 604 usque.
2785 537 2848 587 ad
2878 536 3065 589 horam
3091 536 3360 603 quintam.
3395 537 3556 590 Arius
3585 557 3681 591 an-

429 617 614 685 gnium
638 617 823 672 decem
845 635 899 672 et
926 630 1051 673 orto
1087 623 1257 676 millia
1290 634 1589 694 martyrum
1617 638 1999 691 numerarunt,

429 711 716 764 tormentis
753 711 1107 765 horribilibus
1161 727 1212 768 et
1246 731 1274 768 a
1304 725 1500 770 natura
1526 722 1804 773 extraneis
1831 736 1860 774 a
1899 721 2000 774 Sa-

430 801 559 854 bore
585 813 888 871 perempta.
916 803 1016 857 Per
1039 805 1177 859 idem
1207 815 1425 874 tempus
1457 818 1510 862 et
1545 808 1606 863 Β.
1640 809 1842 864 Helena
1876 812 2003 863 dor-

437 891 592 944 mivit
622 892 676 944 in
717 891 950 946 Domino
999 909 1268 949 annorum
1319 899 1624 967 octoginta,
1683 902 1852 954 multa
1892 901 2002 954 ﬁlio

429 983 694 1038 mandans
726 999 822 1050 pro
848 986 1048 1052 pietate
1080 1002 1198 1050 quae
1225 988 1446 1043 Christo
1482 991 1730 1045 debetur.
1775 989 2000 1059 Sepulta

426 1081 608 1132 autem
642 1082 727 1128 est
761 1075 813 1126 in
855 1077 1060 1144 templo
1105 1076 1206 1132 SS.
1242 1082 1619 1149 apostolorum
1671 1083 1808 1149 apud
1847 1083 2002 1138 Con-

426 1165 863 1234 smutinopolim,
894 1168 1037 1234 quod
1071 1169 1362 1225 mdiﬁeavit
1395 1173 1536 1227 ﬁlius
1581 1175 1700 1240 eius
1732 1175 2004 1231 Constan-

429 1256 580 1310 tinus
621 1257 688 1309 ad
740 1259 1116 1324 sepeliendum
1172 1272 1419 1317 mortuos
1448 1264 1802 1321 Christianos
1830 1269 2001 1336 impe-

427 1356 657 1402 ratores.
686 1347 868 1401 Prima
910 1365 1041 1404 vero
1086 1351 1237 1407 ineo
1283 1354 1342 1408 Β.
1376 1355 1576 1410 Helena
1630 1366 1712 1410 est
1760 1360 1996 1427 sepulta,

427 1440 802 1494 monumentis
851 1440 1018 1496 claris
1049 1451 1103 1496 et
1147 1445 1354 1512 vigiliis
1387 1447 1677 1501 honorata.
1713 1448 1885 1502 Porro
1913 1466 2000 1503 sa-

425 1547 532 1586 cra:
582 1535 842 1603 virgines,
892 1552 1124 1605 quarum
1185 1539 1391 1592 mensis
1437 1550 1624 1593 astans
1667 1557 1762 1608 per
1796 1554 1999 1597 semet—

429 1622 602 1690 ipsam
635 1626 792 1691 quasi
832 1625 1034 1680 famula
1067 1629 1446 1694 ministrabat,
1478 1629 1683 1686 divinis
1715 1634 1854 1686 hanc
1887 1651 2001 1689 mo-

429 1720 708 1774 numentis
741 1722 1111 1788 praedicabant
1139 1724 1260 1778 sine
1311 1727 1624 1779 cessatione
1664 1726 1899 1780 beatam.

500 1810 682 1866 Mundi
736 1829 882 1868 anno
932 1815 1091 1876 58l8,
1148 1817 1350 1871 divinte
1417 1818 1812 1871 incarnationis
1871 1821 1997 1885 '5l8,

427 1901 783 1960 Constantius
829 1923 952 1962 cum
991 1908 1060 1962 22
1112 1909 1327 1978 imperii
1377 1920 1593 1980 gereret
1639 1927 1864 1974 annum,
1904 1928 2001 1981 per

424 1995 681 2050 virtutem
716 1997 773 2052 S.
813 2002 998 2056 crucis
1029 2002 1356 2068 Germanos,
1396 2002 1681 2057 Sarmatas
1715 2015 1764 2058 el
1794 2003 2002 2060 Gothos

425 2099 680 2144 extremae
729 2093 978 2146 servit-uti
1031 2095 1267 2164 subegit.
1331 2095 1484 2151 Tunc
1523 2097 1795 2163 Eusebius
1845 2099 2001 2151 Pam-

426 2183 559 2251 phili
613 2185 922 2253 symbolum
980 2187 1098 2241 ﬁdei
1136 2204 1163 2241 a
1196 2191 1406 2244 sanctis
1446 2189 1700 2246 Patribus
1737 2193 1878 2260 apud
1910 2191 2002 2244 Ni-

426 2290 593 2328 rteam
621 2278 885 2344 expositae
916 2295 1134 2332 omnem
1180 2282 1562 2336 Orthodoxiam
1611 2284 1807 2338 habere
1835 2293 2002 2338 testa-

427 2374 517 2419 tnr
545 2368 792 2424 scribens
826 2371 942 2424 suis
989 2373 1312 2427 eoneivibns
1354 2383 1405 2426 et
1443 2374 1814 2442 interpretans
1852 2375 1998 2428 dicta

425 2460 726 2514 secundum
783 2478 1031 2517 sensum.
1078 2465 1413 2519 Athanasius
1458 2475 1636 2519 autem
1683 2468 1736 2520 in
1771 2467 1999 2534 epistola

426 2552 492 2604 ad
546 2553 709 2608 Afros
759 2555 927 2609 missa
989 2557 1368 2610 testimonium
1439 2559 1688 2627 perhibet
1741 2557 1996 2622 Eusebio,

425 2644 568 2709 quod
611 2649 919 2710 susceperit
949 2664 1134 2702 vocem
1166 2650 1774 2706 consubstantialitatis
1809 2652 1907 2716 (7).
1933 2651 2000 2703 At

425 2751 553 2788 vero
607 2737 981 2793 Theodoritus
1029 2740 1164 2794 dicit
1209 2744 1353 2795 hunc
1387 2744 1715 2796 concordem
1761 2744 1999 2797 Ariano-

423 2846 569 2894 rum,
603 2831 820 2884 Eusebii
866 2834 1081 2887 scilicet
1124 2832 1562 2890 Nicomediensis
1593 2845 1645 2890 et
1679 2853 1870 2891 eorum
1902 2840 1998 2906 qui

422 2943 547 2979 cum
584 2927 703 2995 ipso
753 2925 1087 2987 sentiebant,
1143 2925 1333 2980 fuisse.
1382 2926 1536 2981 Unde
1579 2935 1634 2979 et
1667 2928 1996 2993 depositioni

421 3019 776 3073 sacratissimi
820 3018 1096 3071 Eustathii
1129 3018 1458 3071 Antioelteni
1509 3022 1826 3082 consensit;
1872 3037 1994 3073 cum

421 3111 623 3178 quibus
648 3120 701 3164 et
750 3109 1072 3178 imperatori
1112 3111 1448 3179 persuadens
1476 3111 1620 3163 hunc
1645 3112 1792 3179 juste
1828 3112 1989 3178 depo-

2109 638 2213 679 tem
2267 643 2391 679 cum
2457 625 2860 681 Nicomediensi
2921 626 3159 680 Eusebio
3213 639 3267 681 ct
3318 630 3682 684 sectatoribus

2105 720 2222 773 sois
2254 719 2604 774 insurrexere
2651 735 2774 772 cum
2801 720 3110 788 juramento
3151 719 3364 774 libellos
3421 721 3681 774 orthodo-

2107 812 2207 864 xiae
2247 811 2591 879 porrigentes
2625 811 2967 879 imperatori,
3002 811 3210 865 sitienti
3242 827 3430 864 eorum
3465 811 3558 880 qui
3595 813 3681 866 di-

2104 904 2208 957 visi
2243 905 2458 958 fuerant
2491 906 2752 958 unitatem
2785 921 2798 966 ;
2831 914 2884 958 et
2919 919 3244 973 pet-suasere
3277 904 3324 957 ei
3360 906 3682 960 mentientes

2105 997 2247 1066 quod
2273 998 2671 1052 concordarent
2703 1011 2823 1050 cum
2858 994 3118 1050 Patribus
3143 995 3235 1064 qui
3271 996 3413 1062 apud
3446 995 3678 1050 Nicaeam

2108 1099 2501 1144 convenerant.
2531 1089 2814 1159 Siquidem
2859 1089 2944 1143 his
2975 1089 3231 1143 credulus
3265 1091 3562 1157 imperator
3595 1091 3682 1143 in-

2107 1181 2367 1252 dignatus
2425 1190 2510 1235 est
2566 1182 2829 1235 adversus
2884 1181 3239 1234 Athanasium
3280 1196 3376 1250 pro
3419 1196 3486 1234 eo
3535 1182 3680 1250 quod

2104 1277 2292 1330 Arium
2355 1285 2408 1329 et
2442 1275 2702 1328 Euzoium
2737 1293 2840 1327 non
2873 1277 3196 1342 susceperit,
3223 1274 3313 1340 qui
3341 1274 3408 1327 ab
3440 1275 3680 1328 Alexan-

2106 1369 2206 1423 dro
2265 1369 2494 1438 tlt'pnsiti
2574 1368 2831 1431 fuerant,
2908 1384 3029 1420 cum
3109 1366 3346 1421 Euzoins
3415 1367 3682 1420 diaconus

2103 1470 2270 1516 esset.

2173 1551 2346 1603 Porro
2378 1567 2610 1618 primum
2637 1560 2690 1603 et
2731 1551 3066 1604 tricesimum
3107 1551 3317 1618 imperii
3349 1552 3434 1604 sui
3477 1566 3679 1603 annum

2103 1645 2461 1698 Constantino
2494 1654 2708 1712 agente,
2749 1645 3018 1696 Eusebius
3067 1653 3117 1695 ct
3157 1644 3208 1695 hi
3261 1643 3354 1710 qui
3410 1660 3532 1695 rum
3564 1643 3682 1710 ipso
3723 1705 3729 1711 _

2103 1745 2279 1794 erant,
2320 1738 2534 1788 inventa
2563 1735 2853 1789 occasione
2887 1735 3154 1787 adversus
3189 1734 3553 1797 Athanasium
3588 1735 3684 1787 de-

2101 1829 2383 1882 certabant
2432 1837 2615 1894 utpote
2661 1838 2851 1880 contra
2915 1836 3269 1894 pugnatorem
3322 1834 3482 1880 recta:
3521 1825 3679 1885 ﬁdei;

2106 1937 2227 1973 cum
2264 1922 2466 1990 quibus
2494 1929 2546 1974 et
2599 1919 2868 1973 Meletiani
2919 1920 3345 1972 conveniebant.
3397 1918 3459 1970 Et
3509 1919 3682 1986 primo

2105 2012 2320 2078 quidem
2371 2014 2490 2082 ejus
2533 2013 2927 2066 detrahebatur
2953 2011 3309 2075 ordinationi,
3350 2026 3678 2080 quamquam

2104 2109 2480 2177 Apollinarius
2517 2107 2709 2178 Syrius
2767 2123 2960 2176 magna
3001 2122 3164 2175 super
3206 2106 3490 2158 Athanasii
3529 2105 3678 2158 ordi-

2105 2200 2328 2253 natione
2355 2207 2627 2260 testctur;
2663 2199 2907 2252 secundo
2938 2212 3065 2250 vero
3103 2196 3167 2250 de
3195 2197 3333 2249 linea
3367 2204 3538 2257 veste,
3573 2210 3678 2261 qua

2103 2291 2256 2345 indui
2322 2301 2574 2344 sanctum
2631 2290 2838 2344 inimici
2899 2287 3419 2350 calumniabantur;
3457 2286 3678 2339 tertium

2103 2396 2268 2450 super
2293 2379 2640 2442 Philumena,
2675 2381 2762 2432 cui
2799 2395 2993 2432 aurum
3030 2378 3260 2431 multum
3295 2379 3438 2430 hunc
3470 2377 3682 2430 misisse

2105 2472 2446 2527 mendaciter
2485 2471 2805 2526 asserebant
2831 2471 2882 2523 in
2914 2470 3141 2526 insidias
3170 2469 3538 2537 imperatoris.
3571 2469 3680 2520 Ac-

2102 2564 2305 2617 cersito
2333 2571 2516 2617 autem
2545 2561 2840 2614 Athanasio
2876 2561 3193 2627 imperator,
3224 2567 3280 2612 et
3305 2565 3504 2611 cuneta
3542 2555 3678 2609 falsa

2104 2656 2405 2725 reperiens,
2455 2671 2576 2710 cum
2628 2654 2860 2721 epistola
2925 2661 2979 2706 et
3037 2652 3245 2705 honore
3300 2649 3680 2702 Alexandriam

2106 2749 2248 2802 hunc
2306 2749 2540 2802 remisit.
2595 2746 2798 2800 Deinde
2851 2746 3036 2798 Ariani
3096 2744 3328 2798 diversis
3379 2743 3683 2796 Athanasio

2103 2840 2244 2906 apud
2273 2840 2659 2908 imperatorem
2689 2838 3134 2891 accusationibus
3168 2835 3521 2904 derogantes,
3560 2841 3680 2903 post

2103 2932 2275 2986 multa
2325 2947 2446 2984 cum
2506 2931 2829 2999 juramento
2890 2931 3068 2984 dicere
3111 2943 3508 2997 praesumpsere
3556 2927 3683 2996 quia

2108 3021 2446 3075 Minitantem
2482 3019 2793 3098 audivimus
2848 3019 3236 3076 Athanasium.
3285 3025 3339 3071 et
3389 3016 3684 3084 prohiben-

2105 3119 2209 3163 tem
2243 3108 2502 3162 frumenti
2533 3108 2862 3162 delationem
2891 3123 3012 3174 qua:
3039 3107 3289 3159 veniebat
3344 3107 3413 3160 ab
3447 3104 3686 3174 Egypto

421 3205 584 3255 situm
619 3202 727 3268 egit
753 3209 811 3253 ttt
842 3199 983 3270 apud
1020 3201 1262 3271 Illyrium
1298 3201 1350 3252 in
1383 3201 1639 3253 exsilium
1664 3205 1995 3256 mitteretur.
2025 3221 2068 3281 ρ
2104 3200 2467 3270 ByZantium;
2532 3198 2676 3253 unde
2735 3209 2788 3252 et
2845 3210 3124 3252 commoto
3183 3197 3237 3250 in
3307 3198 3442 3250 iram
3504 3195 3686 3250 amico

493 3290 838 3345 Constantini
860 3290 1126 3360 vigesimo
1151 3290 1318 3343 tertio
1354 3306 1500 3342 anno
1537 3290 1588 3342 in
1621 3290 1852 3358 imperio
1883 3308 1997 3359 per-

420 3388 699 3442 currente,
734 3381 874 3442 apud
909 3380 1258 3434 Antiochiam
1287 3391 1616 3448 oet-agonum
1646 3383 1901 3448 templum
1922 3382 1996 3450 (8)

419 3476 586 3542 carpit
614 3473 918 3537 aediﬁcare;
959 3473 1052 3543 qui
1093 3487 1218 3525 cum
1257 3473 1578 3540 vigesimum
1612 3484 1864 3541 quartum
1895 3477 1983 3527 im-

420 3566 568 3633 perii
595 3576 777 3633 ageret
825 3581 1050 3627 annum,
1104 3565 1414 3617 Danubium
1464 3567 1744 3622 transiens
1779 3577 1995 3638 pontem

391 3648 472 3710 lin
504 3674 626 3710 eum
663 3659 936 3727 lapideum
969 3657 1120 3720 fecit,
1151 3657 1493 3727 Scythasque
1528 3661 1764 3730 subegit.

492 3749 660 3803 Porro
709 3750 968 3819 vigesimo
1015 3751 1205 3818 quinto
1242 3749 1452 3818 imperii
1511 3749 1593 3802 sui
1665 3767 1810 3804 anno
1846 3750 1992 3805 Con-

420 3843 832 3907 stantinOpOIim
881 3856 1074 3895 novam
1123 3840 1352 3894 Romam
1392 3843 1696 3910 nuncupari
1737 3844 1994 3904 decrevit,

421 3935 600 3988 Marco
655 3933 838 3988 Bonna:
899 3935 1246 4004 prtesulatum
1301 3946 1539 4002 gerente.
1600 3934 1996 3990 Constantinus

419 4039 682 4097 przeterea
746 4027 1068 4098 vigesimum
1126 4035 1336 4080 sextum
1378 4027 1590 4095 imperii
1661 4028 1744 4080 sui
1803 4042 1996 4096 gerens

421 4135 644 4181 annum,
673 4119 910 4172 extendit
941 4119 1371 4186 persecutionem
1399 4132 1552 4170 suam
1586 4116 1638 4168 in
1669 4117 1996 4171 destructio-

422 4228 542 4261 nent
577 4210 847 4264 idolorum
883 4220 1045 4278 atque
1078 4211 1432 4278 templorum.
1464 4208 1568 4262 Per
1613 4209 1753 4263 idem
1787 4221 1997 4279 tempus

323 4307 329 4315 '
417 4313 469 4353 et
500 4302 841 4355 Athanasius
865 4301 1274 4355 Alexandrinus
1303 4301 1530 4354 antistes
1559 4301 1807 4355 habetur.
1837 4300 1994 4368 Vige-

417 4397 558 4444 simo
582 4392 817 4458 septimo
855 4392 1216 4446 nihilominus
1249 4392 1461 4460 imperii
1495 4391 1616 4458 ejus
1647 4407 1794 4445 anno
1818 4391 1997 4448 Julius

416 4495 554 4547 papa
583 4478 860 4532 Romanus
884 4479 1230 4547 agnoscitur.

2101 3292 2307 3346 Christi
2348 3291 2617 3360 principe,
2653 3306 2812 3357 egere
2849 3282 3151 3344 ut'exsilio
3185 3291 3522 3357 relegaretur
3567 3295 3684 3340 ma-

2102 3400 2240 3452 gnus
2290 3382 2624 3435 Athanasius
2679 3381 2823 3451 apud
2855 3380 3127 3434 Triberim
3163 3380 3350 3434 Callite
3378 3379 3678 3432 civitatem.

2173 3477 2342 3530 Porro
2409 3476 2690 3530 tricesimo
2750 3475 2992 3528 secundo
3067 3472 3284 3542 imperii
3337 3470 3679 3525 Constantini

2103 3569 2372 3638 prim-ipis
2404 3581 2550 3620 anno
2585 3567 2765 3620 Persae
2794 3574 2984 3620 contra
3016 3564 3293 3618 Romanos
3323 3563 3566 3632 praelium
3599 3561 3682 3614 in-

2099 3660 2371 3712 dicavere.
2411 3658 2564 3711 Tunc
2621 3658 3020 3712 Constantinus
3078 3671 3204 3710 cum
3269 3656 3569 3708 transisset
3626 3653 3678 3706 in

2101 3748 2606 3802 Nicomediensium
2669 3748 2943 3800 civitatem
3001 3756 3193 3799 contra
3268 3745 3464 3799 Persas
3543 3759 3680 3813 prte-

2102 3843 2354 3904 liaturus,
2425 3843 2687 3908 languore
2738 3847 3046 3909 praaventus
3112 3840 3161 3892 in
3223 3853 3356 3906 pace
3398 3836 3681 3890 dormivit'

2099 3933 2276 3997 Tunc,
2321 3941 2382 3986 ιιι
2433 3933 2654 4001 quidam
2709 3947 2900 3984 eorum
2937 3933 3029 4000 qui
3087 3946 3210 3984 cum
3245 3930 3375 3982 Ario
3439 3930 3683 3983 sentiunt

2099 4026 2278 4090 aiunt,
2316 4026 2382 4078 ab
2419 4024 2658 4077 Eusebio
2698 4022 3102 4077 Nicomediensi
3141 4021 3676 4089 Constantinopolim

2101 4119 2365 4172 translan
2431 4126 2684 4169 sanetum
2749 4116 2948 4168 meruit
3003 4116 3268 4184 baptisma
3337 4116 3676 4185 percipere;

2099 4211 2242 4278 quod
2287 4207 2630 4262 mendacium
2669 4215 2773 4269 est,
2810 4207 2954 4270 sicut
2996 4208 3253 4274 superius
3291 4218 3374 4260 est
3421 4221 3677 4276 cumpro-

2099 4301 2280 4353 batutn
2314 4317 2326 4352 :
2367 4297 2552 4352 ltotnte
2585 4299 2784 4366 quippe
2815 4312 2842 4348 a
2903 4295 3173 4350 Silvestro
3217 4297 3527 4365 baptizatus
3571 4307 3674 4362 est,

2099 4390 2563 4462 quemadmodum
2589 4399 2643 4444 et
2682 4388 3159 4458 prteostendimus.
3191 4387 3337 4440 Vixit
3375 4395 3556 4442 autem
3585 4403 3680 4457 per

2099 4499 2289 4537 omnes
2336 4482 2455 4535 dies
2512 4482 2636 4535 vita:
2696 4495 2807 4534 sua:
2845 4480 3006 4534 annis
3071 4479 3353 4548 sexaginta
3411 4480 3674 4546 quinque,

489 4570 668 4622 Mundi
733 4585 878 4624 anno
913 4571 1093 4635 ‘5895,
1143 4573 1340 4626 divinae
1406 4573 1802 4628 incarnationis
1850 4575 2224 4634 annoDcnm
2282 4575 2605 4641 imperasset
2656 4572 2817 4626 annis
2867 4571 3091 4641 triginta
3149 4587 3260 4626 uno
3304 4579 3361 4625 et
3395 4571 3675 4626 mensibus

413 4663 542 4723 525.
585 4664 639 4716 in
675 4663 898 4717 Oriente
930 4663 1102 4718 fames
1135 4663 1274 4718 facta
1309 4675 1410 4726 est,
1441 4665 1511 4716 ita
1547 4676 1607 4719 ut
1641 4664 1859 4719 modius
1886 4664 1997 4719 fru-

416 4754 578 4806 menti
612 4754 718 4807 400
765 4754 918 4807 ﬁeret
947 4763 1352 4824 argenteorum,
1389 4756 1692 4824 imperante
1722 4755 1993 4810 Constan-

413 4845 530 4898 tino
563 4860 707 4899 anno
740 4845 1008 4915 vigesimo
1053 4856 1279 4909 octavo;
1325 4848 1486 4915 cujus
1536 4849 1801 4918 vigesimo
1849 4865 1995 4904 nono

413 4937 628 5007 imperii
666 4953 812 4992 anno
841 4939 1006 4993 Arius
1035 4939 1104 4991 ab
1147 4939 1340 4994 exsilio
1373 4956 1466 5009 per
1493 4940 1673 4996 ﬁctam
1718 4944 1992 5012 paeniten-

410 5029 543 5083 tiam
581 5042 870 5085 revocatus
903 5039 958 5085 et
990 5031 1375 5086 Alexandriam
1403 5033 1606 5088 missus
1633 5049 1741 5087 non
1777 5045 1860 5090 est
1900 5053 1985 5092 re-

407 5128 604 5190 ceptus
637 5121 1050 5176 abAthanasio.

479 5213 522 5266 Τ
528 5214 786 5268 rieesimo
815 5229 962 5268 anno
1001 5215 1216 5284 imperii
1239 5215 1589 5270 Constantini
1634 5215 1756 5284 ejus
1783 5216 1987 5271 tricen-

408 5307 552 5361 nalia
585 5307 859 5361 celebrata
892 5315 1040 5369 sunt,
1069 5307 1286 5376 quando
1335 5309 1489 5362 stella
1535 5309 1589 5362 in
1642 5309 1782 5363 etelo
1819 5325 1986 5377 appa-

407 5399 540 5461 ruit,
569 5401 711 5468 apud
767 5400 1111 5453 Antiochiam
1157 5400 1395 5454 interdiu
1429 5409 1621 5454 contra
1662 5401 1981 5456 orientalem

406 5501 615 5561 partem
649 5491 920 5562 {timigans
945 5493 1317 5559 vehementer,
1354 5501 1611 5564 tanquam
1642 5510 1704 5548 ex
1737 5497 1976 5560 camino,

2099 4667 2310 4722 decem.
2666 4712 2673 4723 ρ

2165 4759 2378 4817 Mundi.
2417 4773 2563 4811 anno
2611 4755 2778 4819 5825,
2827 4755 3030 4809 divinae
3088 4755 3484 4809 incarnationis
3530 4769 3674 4808 anno

2092 4851 2222 4910 525.
2254 4867 2377 4904 cum
2413 4849 2812 4904 Constantinus
2842 4862 3070 4917 magnus
3101 4855 3156 4900 et
3182 4856 3409 4901 sanctus
3441 4846 3675 4914 quievis-

2097 4951 2199 5003 set,
2237 4949 2347 4994 tres
2375 4940 2469 4993 ﬁlii
2509 4939 2629 5008 ejus
2662 4939 2951 4992 obtinuere
2983 4935 3282 5000 Romanos,
3313 4945 3366 4990 et
3395 4935 3671 4991 Orientem

2094 5035 2311 5102 quidem
2356 5030 2742 5094 Constantius,
2771 5038 2825 5083 et
2865 5029 3260 5084 Constantinus
3303 5027 3536 5082 Italiam.
3567 5025 3670 5081 Sed

2092 5135 2147 5183 et
2182 5125 2583 5182 Constantinus
2621 5123 2798 5192 primo
2833 5120 3058 5190 quidem
3091 5120 3381 5175 homousio
3431 5129 3670 5188 recepto,

2093 5217 2440 5288 postmodum
2501 5215 2700 5268 mentis
2728 5212 2948 5273 levitate
2997 5220 3240 5265 mutatus
3267 5218 3373 5272 est,
3415 5209 3672 5264 seductus

2092 5310 2160 5363 ab
2217 5306 2422 5361 Ariano
2492 5305 2818 5374 presbytero
2871 5309 2926 5354 et
2985 5301 3222 5356 Eusebio
3291 5300 3670 5354 cunuchorum

2091 5400 2265 5470 primo
2295 5405 2458 5466 atque
2482 5395 2888 5450 Nicomediensi
2923 5392 3176 5447 Eusebio.

2158 5488 2342 5544 Tertio
2383 5490 2565 5557 itaque
2600 5485 2814 5556 imperii
2844 5484 3148 5540 Constantii
3191 5497 3336 5538 anno
3398 5482 3671 5538 Constan-

1917 5603 2154 5663 NOTA‘J.

476 5691 554 5761 (7)
581 5692 1189 5750 Consubstantialitatis.
1227 5695 1468 5750 Utuntur
1515 5712 1578 5752 ea
1611 5699 1849 5755 dictione
1881 5698 1983 5754 Fa-

405 5765 636 5836 cundus_
650 5774 704 5818 et
737 5765 1006 5836 interpres
1040 5765 1374 5836 Tripartitte.
1407 5768 1571 5822 FABB.

479 5833 553 5902 (8)
595 5833 892 5903 Templum.
936 5833 1210 5905 Κυριαιξὸν
1257 5879 1270 5902 ,
1323 5837 1681 5894 Dominicum.
1751 5840 1976 5897 Ruﬁnus

2089 5696 2274 5766 Aquil.
2311 5696 2581 5766 interpres
2620 5693 2910 5766 ﬂist._eecl.
2944 5691 3180 5766 Eusebii.
3204 5693 3267 5766 79,
3291 5695 3324 5748 9
3356 5711 3369 5748 :
3399 5711 3417 5744 ι
3448 5693 3667 5766 Oratio-

2091 5763 2216 5822 nu'm
2248 5763 2467 5828 domos,
2488 5765 2521 5818 i.
2547 5781 2597 5820 e.
2629 5764 2910 5819 Dominica
2939 5779 3090 5817 sua.»
3118 5763 3251 5816 Vide
3280 5780 3401 5832 qua:
3424 5765 3664 5819 diximus

2087 5837 2152 5892 ad
2188 5838 2219 5891 l.
2249 5838 2283 5892 5
2310 5852 2358 5892 c.
2390 5834 2598 5891 Theod.
2632 5836 2700 5891 de
2732 5850 2926 5905 pagan.
2955 5849 3065 5889 sae.
3094 5846 3145 5890 ct
3180 5844 3347 5904 temp.
3386 5836 3460 5889 In.
