4440 6446
772 416 906 482 1215

1879 423 2272 484 ANASTASII
2324 420 2948 481 BIBLI‘OTHECAR'II

3893 411 4029 475 lZlﬁ

767 546 918 591 tinus
957 536 1099 590 filius
1128 537 1305 605 magni
1345 536 1716 602 Constantini,
1747 539 2027 607 profectus
2055 540 2121 593 ad
2162 545 2343 608 partes
2372 539 2422 598 Α
2451 535 2716 599 inefficax,
2739 531 3185 589 Occidentalibus
3207 544 3311 583 non
3330 526 3721 597 recipientibus
3750 526 4024 579 molimina

773 628 958 682 fratris
992 628 1073 683 sui
1106 626 1428 682 Constantis
1460 638 1514 683 et
1550 630 1747 683 bellum
1792 646 2110 699 aggressus,
2140 645 2167 683 a
2203 630 2348 684 mili-

770 719 918 772 tibus
962 720 1179 773 occisus
1206 731 1309 779 est,
1362 730 1415 772 et
1472 725 1645 775 tenuit
1683 723 1958 777 Constans
1994 725 2145 777 solus
2180 725 2346 778 totius

772 808 1043 877 Hesperia:
1072 819 1298 866 terrain.
1340 813 1507 865 l’orro
1542 813 1894 869 Constantius
1924 818 1976 869 in
2011 815 2230 870 Oriente
2254 833 2346 886 ge-

783 915 897 954 ‘ens
929 903 1217 971 imperium
1268 906 1478 957 Gallum
1532 917 1587 979 et
1641 905 1916 960 lulianum
1954 909 2180 961 tradidit
2214 925 2344 963 eru-

771 994 1003 1046 diendos
1035 994 1087 1047 in
1120 996 1244 1046 villa
1280 995 1579 1059 Demaceile
1615 1007 1824 1061 vocata,
1876 1016 1994 1065 qum
2026 1000 2180 1067 juxta
2223 997 2345 1054 Cat-

771 1099 983 1139 saream
1010 1095 1094 1138 est
1122 1086 1479 1153 Cappadocia:
1508 1090 1631 1141 sita.
1662 1088 1722 1140 lli
1752 1092 1859 1142 duo
1891 1091 2083 1143 fratres
2115 1092 2345 1146 lectores

772 1173 900 1227 facti
935 1187 1083 1239 sunt,
1118 1184 1170 1228 et
1195 1178 1482 1229 ecclesiam
1520 1180 1788 1233 tedificare
1816 1182 1871 1235 S.
1900 1182 2086 1236 Manta:
2120 1183 2343 1254 martyri

771 1273 1127 1317 curaverunt.
1164 1263 1363 1319 Verum
1400 1269 1450 1319 in
1482 1280 1632 1334 parte
1662 1287 1768 1338 qua
1804 1272 2081 1325 lulianum
2108 1289 2341 1329 conser-

777 1372 901 1409 tare
937 1358 1191 1426 contigit,
1228 1366 1370 1413 terra
1400 1361 1542 1427 quod
1579 1362 1956 1416 mdilicabatur
1993 1366 2144 1420 nullo
2182 1368 2343 1421 modo

803 1448 1091 1515 ecipiebat.
1151 1449 1322 1504 Porro
1378 1452 1623 1506 detonsis
1694 1456 1904 1522 capillis
1976 1459 2340 1513 monasticum

807 1541 1012 1594 tudinnt
1045 1544 1361 1596 simulabat.
1383 1543 1743 1600 Constantius
1781 1558 1961 1601 autem
1990 1559 2042 1603 et
2075 1550 2344 1605 Cmistans

796 1648 922 1699 eges
951 1633 1191 1697 edidere,
1212 1634 1457 1689 Judaeum
1491 1652 1595 1690 non
1620 1653 1801 1691 emere
1833 1655 2072 1700 servum,
2102 1642 2340 1710 alioquin

777 1724 980 1779 auferri
1023 1742 1145 1780 eum
1179 1736 1232 1780 et
1282 1730 1516 1795 publicis
1558 1731 1860 1784 rationibus
1892 1735 2052 1785 tradi.
2088 1732 2258 1787 Porro
2296 1735 2339 1787 si

800 1818 1251 1903 tcircumcid‘ere
1281 1834 1448 1874 ausus
1492 1820 1651 1874 fuerit
1680 1837 1918 1885 servum,
1944 1824 2123 1891 gladio
2158 1828 2338 1895 puniri

773 1911 900 1963 talia
935 1921 1373 1979 prtesumenteni.

844 2001 1031 2055 Mundi
1088 2016 1233 2055 anno
1267 2002 1429 2066 5854‘,
1484 2006 1682 2059 divinte
1746 2006 2145 2059 incarnationis
2199 2024 2343 2062 anno

772 2088 1112 2152 554,..Iulins
1146 2092 1450 2145 Romanum
1488 2096 1623 2162 gerit
1656 2097 2017 2162 pontificium.
2068 2097 2341 2151 Constan-

775 2188 882 2239 tius
915 2185 982 2239 de
1021 2186 1262 2255 Assyriis
1288 2188 1665 2253 triumphavit,
1700 2189 1872 2240 Sabor
1893 2188 2239 2243 Christianos
2269 2207 2345 2244 re-

773 2277 862 2341 gni
894 2277 979 2330 sui
1022 2279 1386 2346 persequitur,
1418 2278 1689 2333 Constans
1734 2296 1863 2334 vero
1899 2280 2137 2336 Francos
2182 2284 2344 2336 deva-

774 2368 956 2419 stavit.
1002 2368 1100 2421 Per
1127 2370 1265 2423 idem
1299 2380 1512 2439 tempus
1540 2383 1699 2425 terra:
1746 2381 1892 2425 motu
1943 2373 2145 2443 ingenti
2204 2376 2345 2431 facto

774 2460 1122 2515 Neoctesarea
1152 2462 1310 2516 Ponti
1366 2465 1584 2529 cecidit,
1613 2482 1837 2535 excepta
1880 2471 2109 2533 ecclesia
2141 2480 2192 2524 et
2228 2472 2343 2539 epi-

780 2555 966 2621 sropio
1001 2556 1077 2624 (9)
1107 2563 1161 2608 et
1197 2556 1396 2610 ibidem
1431 2557 1666 2625 repertis
1701 2558 1837 2622 viris
1867 2560 2158 2628 religiosis.
2193 2561 2344 2617 Tunc

775 2655 828 2699 et
863 2645 1065 2700 Paulus
1099 2647 1384 2701 confessor
1417 2648 1708 2703 ordinatur
1738 2652 2030 2720 episc0pus
2074 2652 2346 2706 Constan-

778 2739 1108 2805 tinopoleos.
1133 2740 1277 2793 Sane
1306 2738 1663 2793 Constantius
1699 2758 1822 2795 cum
1856 2754 2106 2796 octavum
2135 2745 2343 2813 ititperii

776 2832 861 2882 Sui
894 2846 1097 2885 annum
1122 2840 1292 2902 geret,
1321 2833 1675 2887 Alexandrini
1708 2836 2054 2901 Gregorium,
2078 2837 2166 2903 qui
2199 2853 2347 2891 tuere

780 2924 1011 2979 latronis
1042 2939 1203 2993 super
1231 2926 1591 2979 Athanasium
1616 2926 1807 2979 insiliit
1832 2936 1884 2977 et
1916 2930 2094 2979 sctit-ni
2133 2944 2227 2996 per
2254 2945 2345 2982 sex

777 3029 953 3068 annos
1014 3015 1273 3077 obtinuit,
1330 3019 1673 3070 occiderunt.
1727 3018 1985 3086 Sequenti
2048 3036 2173 3072 vero
2206 3036 2348 3074 anno

776 3103 1134 3174 Dyrrachium
1204 3105 1482 3160 Dalmatiae
1535 3124 1562 3160 a
1623 3118 1781 3161 terra:
1840 3119 1987 3161 motu
2030 3119 2346 3179 corruptum

2450 644 2572 697 qua:
2633 626 2897 681 adversus
2949 624 3385 680 sacratissimum
3440 617 3793 673 Athanasium
3847 616 4027 670 denuo

2451 719 2809 787 parabantur.
2855 716 3000 771 Sane
3044 716 3309 770 Romanis
3358 710 3768 782 postulantibus
3802 717 4027 761 coactus

2449 821 2666 864 revocat
2697 809 2976 863 Liberium
3001 816 3053 862 et
3072 806 3189 860 sedi
3224 805 3488 859 restituit.
3520 800 3667 854 Felix
3694 815 3822 853 vero
3840 814 3997 867 egros

2448 917 2543 955 sus
2593 902 2783 955 urbem
2831 900 3062 953 ulterius
3111 897 3336 950 minime
3393 893 3607 956 rediit;
3658 893 3744 945 cui
3782 891 4027 943 succedit

2451 990 2736 1045 Damasus.
2773 991 2986 1045 Interea
3032 988 3395 1043 Constantius
3426 985 3641 1039 decimo
3687 993 3880 1036 octavo
3922 984 4024 1034 ini-

2446 1082 2578 1150 perii
2636 1081 2721 1135 sui
2780 1095 2924 1133 anno
2984 1079 3223 1140 Gallum,
3272 1091 3435 1145 quem
3488 1073 3761 1127 Caesarem
3819 1073 4022 1123 factum

2444 1171 2825 1225 Constantium
2863 1166 3294 1238 cognominavit,
3334 1163 3566 1219 interfici
3593 1162 3817 1230 jubens.
3852 1159 4023 1213 Julia-

2446 1279 2571 1315 num
2609 1264 2772 1328 hujus
2823 1262 3043 1315 fratrem
3078 1262 3131 1314 in
3172 1257 3418 1314 custodia
3448 1255 3743 1310 retinebat.
3792 1253 4022 1306 Eusebia

2444 1370 2571 1407 vero
2623 1354 2824 1421 conjnx
2874 1351 3181 1405 Constantii
3232 1352 3377 1402 hunc
3412 1346 3739 1418 postulatum
3782 1345 4026 1397 Athenas

2444 1448 2788 1510 transmisit;
2814 1460 2922 1514 quo
2950 1460 3073 1497 cum
3102 1442 3461 1511 pervenisset,
3484 1440 3666 1494 studia
3699 1437 4019 1491 institueba-

2443 1547 2533 1591 tnr
2576 1538 2818 1606 gentilia,
2853 1537 3011 1589 bonis
3064 1534 3435 1587 fundamentis
3486 1529 4024 1598 supersedificaturns

2444 1628 2731 1686 malitiam,
2762 1636 2815 1680 et
2842 1642 2949 1677 non
2994 1626 3137 1678 sicut
3168 1622 3455 1689 oportebat
3482 1622 3584 1674 ista
3614 1629 3861 1674 secutus.

2516 1719 2699 1772 Mundi
2722 1733 2865 1770 anno
2895 1717 3057 1776 5847,
3079 1715 3275 1768 divinae
3305 1712 3699 1766 incarnationis
3724 1724 3864 1762 anno
3894 1708 4020 1771 357,

2444 1814 2734 1866 Maximum
2780 1809 3333 1877 Hierosolymitannm
3374 1807 3749 1874 deposuerunt
3791 1800 4021 1856 Aeni-ius

2446 1904 2802 1959 Ctesariensis
2851 1913 2905 1955 et
2945 1900 3297 1968 Patri-philus
3339 1897 3852 1967 Srythopolitanus,
3895 1909 4018 1946 cum

2446 2005 2627 2053 essent
2666 1995 2874 2054 Ariani,
2912 2003 2964 2047 et
3010 1992 3445 2060 subrogaverunt
3477 2005 3595 2070 [pro
3628 2004 3692 2043 eo
3736 1988 4019 2058 Cyrillum.

2447 2100 2702 2159 putantes
2729 2105 2849 2139 eum
2876 2086 3072 2139 habere
3101 2085 3446 2139 concordem.
3476 2083 3627 2135 'l'unc
3653 2082 3865 2151 signum
3892 2095 4022 2132 cru-

2447 2183 2529 2235 cis
2578 2181 2834 2248 apparuit
2898 2181 2950 2231 iu
3006 2179 3146 2231 caelo
3200 2179 3288 2231 die
3350 2176 3735 2239 Pentecostes,
3788 2172 4019 2242 speciem

2448 2273 2671 2326 luminis
2717 2272 2955 2333 habens,
3002 2280 3288 2324 extensum
3328 2284 3355 2322 a
3404 2268 3668 2337 Golgotha
3724 2281 3895 2334 usque
3952 2264 4020 2316 ad

2448 2374 2684 2419 montem
2726 2364 3003 2419 Olivarum
3039 2380 3054 2427 ;
3107 2363 3159 2415 in
3198 2362 3430 2414 circuitu
3482 2371 3663 2413 autem
3711 2358 4023 2428 apparentis

2447 2458 2588 2525 signi
2622 2473 2820 2511 corona
2840 2466 2991 2513 erat.
3034 2456 3239 2509 habens
3268 2455 3412 2508 velut
3455 2452 3556 2507 Iris
3602 2453 3864 2520 speciem.
3911 2448 4023 2501 Hoc

2447 2561 2628 2603 autent
2679 2559 2734 2601 et
2774 2548 3099 2600 Constantio
3149 2547 3336 2600 eadem
3390 2546 3477 2599 die
3527 2545 3797 2613 apparuit.
3852 2542 4026 2610 Hujus

2448 2649 2627 2695 autem
2662 2640 2850 2710 Cyrilli
2894 2639 3064 2691 fertur
3104 2639 3335 2705 epistola
3366 2638 3431 2688 ad
3472 2636 3858 2704 imperatorem
3881 2634 4025 2687 Con-

2450 2735 2734 2794 stantium,
2789 2738 2839 2786 in
2881 2747 2984 2801 qua
3043 2732 3348 2799 piissimqu
3396 2746 3517 2784 cum
3580 2729 3825 2781 vocabat.
3876 2724 4029 2779 Unde

2449 2828 2668 2897 quidam
2719 2827 2765 2879 ei
2810 2826 2968 2893 quasi
3010 2825 3213 2877 Ariano
3251 2823 3543 2891 derogant,
3592 2822 3836 2875 dicentes
3882 2822 4028 2874 hunc

2449 2921 2613 2974 etiam
2643 2918 2915 2971 homousii
2962 2931 3148 2969 vocem
3184 2918 3419 2967 tacuisse
3464 2915 3516 2967 in
3565 2913 4027 2971 institutionibus,

2450 3026 2587 3081 quas
2618 3011 2873 3077 exposuit
2905 3009 2973 3062 ad
3012 3010 3312 3077 profectum
3358 3007 3731 3076 imperitarunt
3764 3006 4029 3073 plebium,

2452 3103 2519 3156 ad
2562 3103 2829 3171 baptisma
2871 3110 3092 3169 propter
3118 3097 3383 3152 miracula
3412 3096 3640 3150 vivifica‘:
3667 3098 3848 3149 crucis
3875 3110 4035 3148 acce-

776 3207 885 3258 est,
924 3206 977 3249 et
1030 3200 1200 3252 Roma
1256 3216 1352 3268 per
1392 3209 1502 3253 tres
1566 3200 1683 3253 dies
1743 3211 2009 3253 commota
2067 3201 2350 3269 dispendia
2382 3219 2425 3276 ρ
2457 3195 2719 3247 dentium.
2750 3191 3035 3271 Falluntpr
3065 3204 3242 3245 autem
3276 3200 3439 3258 atque
3477 3189 3797 3257 delinquunt
3830 3207 3841 3240 :
3870 3201 4035 3255 opor-

778 3291 1021 3357 pertulit.
1073 3291 1231 3344 Circa
1288 3296 1401 3345 htec
1431 3302 1611 3345 autem
1650 3301 1899 3361 tempora
1944 3292 2195 3346 Liberius
2245 3294 2353 3347 Ro-

779 3398 945 3435 manu
976 3383 1173 3436 throno
1206 3384 1483 3452 praesedit.
1522 3383 1720 3438 Verum
1756 3385 2092 3439 Athanasius
2120 3393 2174 3439 et
2212 3385 2356 3437 Pau-

784 3474 890 3530 lus,
924 3480 979 3525 et
1033 3483 1312 3543 quotquot_
1354 3490 1454 3542 pro
1511 3475 1838 3527 rectitudine
1877 3478 2145 3529 sermonis
2198 3477 2353 3544 ejecti

783 3568 1023 3631 fuerant,
1052 3567 1279 3621 Romam
1324 3568 1389 3620 ad
1420 3566 1623 3632 Julium
1660 3565 2050 3635 confugerunt,
2091 3578 2144 3622 et
2184 3584 2355 3621 unus-
2411 3617 2429 3637 κ

780 3662 1015 3730 quisque
1042 3662 1109 3715 de
1144 3678 1201 3715 se
1224 3661 1425 3715 Julium
1460 3660 1646 3714 docuit
1672 3676 1686 3724 ;
1714 3676 1854 3729 quos
1885 3662 1975 3715 ille
2003 3676 2126 3713 cum
2159 3660 2358 3714 litteris

783 3756 1029 3808 ecclesiis
1057 3756 1171 3810 suis
1194 3757 1459 3810 restituit.
1492 3755 1827 3833 Athanasius
1860 3763 2047 3809 autem
2075 3762 2129 3808 et
2159 3753 2359 3808 Paulus

781 3857 835 3901 et
875 3849 925 3901 hi
954 3849 1045 3918 qui
1084 3864 1207 3903 cum
1255 3849 1391 3917 ipsis
1448 3857 1622 3910 erant,
1670 3846 1869 3902 litteris
1898 3846 2025 3899 Julii
2060 3862 2211 3915 papte
2244 3844 2359 3900 Ro-

782 3940 930 3992 mani
968 3939 1117 4003 freti,
1177 3940 1409 3994 thronos
1459 3939 1710 4008 proprios
1746 3945 2091 4005 receperunt.
2153 3937 2361 3991 Interea

783 4045 943 4086 terra:
1001 4040 1150 4085 motu
1207 4047 1404 4101 magno
1444 4031 1498 4085 in
1554 4030 1776 4084 civitate
1832 4029 2033 4100 Beryto
2084 4029 2363 4084 Pbasnicis

726 4180 730 4184 ,
784 4126 928 4179 facto
965 4125 1198 4193 plurima
1251 4139 1377 4193 pars
1408 4122 1529 4191 ejus
1568 4122 1799 4187 corruit,
1834 4122 1908 4175 ita
1942 4132 2001 4176 ut
2042 4123 2198 4176 multi
2230 4138 2363 4192 gen-

785 4218 912 4270 tiles
936 4217 1348 4285 ingrederentur
1374 4216 1685 4276 ecclesiatn,
1707 4230 1767 4269 se
1798 4215 1961 4269 ritum
1990 4216 2363 4270 Christianum

786 4317 1105 4359 servaturos
1156 4320 1325 4361 more
1367 4315 1558 4361 nostro
1610 4305 1966 4376 spondentes.
2000 4307 2138 4361 Hinc
2187 4308 2368 4362 insur-

785 4408 974 4464 gentes
999 4400 1217 4469 quidam
1254 4390 1459 4454 formas
1483 4400 1734 4455 ecclesia:
1779 4399 2182 4469 quodammodo
2220 4401 2368 4454 frau—

748 4486 974 4543 ‘dantes
1008 4498 1429 4552 resecaverunt,
1461 4498 1517 4542 et
1555 4490 1734 4543 locum
1769 4489 2043 4543 orationis
2082 4491 2365 4559 cognomi-

2459 3285 2609 3338 tcbat
2635 3283 2780 3336 enim
2810 3291 2863 3334 ct
2885 3272 3267 3350 imperatorem
3300 3296 3363 3333 ex
3390 3280 3740 3348 simplicitate
3759 3286 3809 3331 et
3837 3292 3940 3329 non
3965 3293 4032 3330 cx

2459 3376 2655 3428 affectu
2689 3374 2947 3427 vrrsutiis
2980 3374 3305 3424 Arianorum
3337 3372 3388 3424 in
3417 3370 3665 3423 haeresim
3694 3379 4031 3436 surreptam,

2457 3480 2517 3522 et
2544 3485 2572 3522 a
2602 3469 2921 3536 paganismo
2951 3467 3190 3518 nondum
3234 3463 3471 3530 perfecte
3507 3474 3856 3518 conversum,
3896 3458 4035 3525 piis-

2459 3561 2657 3614 simum
2716 3557 3117 3626 dispensatorie
3164 3554 3365 3616 dicere,
3413 3566 3474 3604 ac
3519 3548 3790 3602 homousii
3843 3561 4034 3600 vocem

2460 3652 2677 3705 interim
2733 3659 2932 3709 tacere,
2986 3662 3107 3716 qua:
3160 3646 3426 3715 plurimos
3461 3642 3638 3695 adhuc
3689 3639 3938 3693 turbabat
3980 3648 4038 3690 ct

2461 3743 2820 3813 baptizandos
2870 3740 3217 3792 inimicorum
3264 3732 3696 3789 contradiCtione
3734 3729 4035 3790 recidet-at,

2463 3844 2718 3889 eteterum
2750 3847 2847 3901 per
2889 3831 3158 3885 dictiones
3205 3829 3312 3880 vim
3355 3824 3621 3893 tequalem
3664 3820 4037 3890 signiﬁcantes

2464 3927 2741 3982 homousii
2776 3940 2961 3978 vocem
2993 3922 3299 3991 exprimere
3330 3936 3343 3981 ;
3400 3915 3543 3986 quod
3580 3925 3638 3976 ct,
3675 3914 3797 3966 fecit
3846 3913 4038 3965 beatus

2465 4018 2720 4088 (Zyrillus,
2772 4014 3073 4071 .Nicaanam
3140 4013 3298 4064 tidem
3379 4006 3678 4063 secundum
3743 4005 4035 4058 dictionem

2466 4110 2740 4179 aperiens,
2774 4118 2825 4161 et
2863 4106 3027 4160 Deum
3066 4120 3249 4155 verum
3274 4102 3472 4156 Filium
3498 4090 3558 4153 ei
3589 4099 3695 4153 Deo
3728 4112 3852 4153 vero
3880 4097 4037 4151 Patre

2466 4216 2812 4273 prmconans.
2862 4198 3039 4252 Porro
3094 4196 3523 4273 Athanasiuset
3568 4193 3771 4246 Paulus
3824 4200 4038 4242 mnituo

2468 4296 2636 4364 impio
2663 4291 2902 4348 Eusebio
2927 4287 3430 4355 Constantinopoli,
3465 4285 3553 4336 ubi
3592 4282 3901 4353 piaefuerat,
3937 4288 4041 4335 ite-

2470 4403 2591 4442 rum
2627 4387 2851 4439 Romam
2902 4384 2965 4437 ad
3019 4381 3221 4434 Julium
3260 4377 3597 4431 descendunt
3648 4376 3957 4443 episcOpani
3990 4383 4043 4423 ιιι

2472 4479 2539 4533 ad
2588 4476 2941 4532 Constantem
2991 4474 3373 4543 imperatorem
3426 4468 3648 4521 fratrem
3706 4466 4036 4520 Constantii.

782 4591 981 4637 nantes
1028 4582 1079 4635 in
1131 4584 1248 4651 ipso
1292 4582 1696 4636 multitudinem
1748 4589 2122 4651 receperunt,
2150 4550 2363 4637 cuncta
2391 4550 2444 4610 D
2471 4572 2713 4642 Populus
2751 4579 2932 4623 autem
2981 4565 3221 4621 Eusebio
3257 4563 3516 4617 defuncto
3560 4560 4042 4651 -Pauluin_thrn::o

786 4692 907 4745 qua!
946 4682 1075 4730 sunt
1103 4674 1360 4730 Ecclesia:
1396 4675 1713 4736 imitantes,
1764 4673 2021 4729 similiter
2066 4675 2209 4743 apud
2265 4690 2367 4729 nos

706 4772 709 4775 ’
786 4768 962 4823 eff-eti
1005 4777 1062 4821 ut
1102 4767 1555 4827 Samaritensium
1609 4766 1834 4820 haeresis
1879 4768 2159 4836 gentiliter
2205 4782 2369 4833 penes

786 4860 1003 4915 Judaaos
1044 4860 1366 4915 viventium.
1424 4859 1715 4913 Ctrtcrum-
1745 4858 2106 4913 Constantius
2150 4858 2370 4913 Liberio

789 4951 1053 5005 scribenti
1089 4950 1193 5004 sibi
1220 4965 1320 5019 pro
1362 4949 1653 5003 homousio
1693 4956 1748 5002 et
1789 4948 2170 5003 sacratissimo
2199 4948 2369 5001 Atha-

790 5044 945 5096 nasio
974 5042 1148 5096 iratus
1176 5041 1366 5104 mittit,
1390 5050 1444 5095 et
1470 5040 1617 5094 hunc
1647 5040 1816 5093 exilio
1849 5039 2077 5110 relegari
2111 5040 2368 5108 praecepit

790 5132 932 5202 apud
958 5131 1266 5186 Bretaniam
1297 5131 1564 5186 Thracite.
1590 5130 1855 5201 Tuncque
1881 5146 1978 5200 pro
2008 5130 2102 5184 illo
2130 5130 2362 5185 Felicem

790 5224 1389 5293 consecraverunt,qui
1409 5222 1679 5277 diaconus
1711 5222 1810 5276 fuit
1841 5222 2088 5277 ecclesiae
2115 5230 2169 5275 et
2194 5219 2367 5275 Nicat-

793 5333 923 5374 num
956 5316 1393 5386 amplectebatur
1429 5317 1746 5370 concilium.
1784 5314 1956 5369 Porro
1991 5314 2239 5381 jussione
2266 5315 2368 5366 im-

794 5410 1067 5478 peratoria
1094 5408 1337 5480 synodus
1364 5417 1693 5479 congregata
1717 5415 1801 5463 est
1818 5409 1957 5474 apud
1984 5407 2371 5472 Mediolanum,

794 5497 1229 5553 Occidentalium
1266 5499 1487 5569 quidem
1534 5505 1904 5553 trecentorum
1943 5497 2329 5566 episcoporum
2357 5535 2372 5560 ,

796 5593 1154 5649 Orientalium
1188 5608 1320 5647 vero
1344 5594 1499 5648 valde
1529 5607 1857 5663 paucorum.
1886 5591 2056 5645 Porro
2086 5592 2264 5644 soluta
2293 5598 2377 5643 est

2471 4659 3030 4730 Constantinopoleos
3062 4655 3319 4713 reddunt.
3350 4652 3596 4705 dicentes
3633 4650 3775 4719 quod
3815 4649 4042 4703 Romam

2471 4756 2539 4809 ad
2588 4753 2792 4808 Julium
2845 4750 3123 4822 profectus
3171 4745 3334 4799 fuerit
3376 4752 3431 4796 et
3476 4744 3544 4795 ab
3583 4758 3648 4795 eo
3688 4759 3809 4795 cum
3850 4743 4047 4794 litteris

2468 4846 2817 4903 remeaverit.
2853 4843 2973 4909 Quo
3011 4848 3292 4909 comperto
3320 4837 3678 4893 Constantius
3731 4836 4046 4902 indignatus

2468 4941 2624 5010 jubet
2659 4938 2910 5007 Philippo
2959 4933 3212 5004 prtefecto
3258 4930 3485 4982 Paulqu
3525 4927 3735 4994 insequi
3775 4938 3824 4977 et
3872 4924 4049 4976 Mace-

2475 5031 2703 5085 doniam
2742 5030 3034 5084 restituere
3071 5025 3289 5077 throno.
3326 5020 3626 5075 Praefectus
3659 5026 3837 5069 autem
3876 5030 4049 5083 popu-

2477 5124 2588 5176 lum
2616 5130 2885 5180 metuens,
2908 5115 3133 5169 Paulum
3161 5112 3628 5173 TheSSalonicam,
3656 5124 3721 5162 ex
3755 5121 3859 5176 qua
3891 5114 4050 5160 ortus

2478 5214 2677 5273 fuerat,
2735 5226 2871 5265 usus
2924 5209 3145 5279 ingenio
3193 5204 3508 5258 destinavit.
3571 5206 3868 5269 Imperator
3918 5213 4050 5251 vero

2474 5308 2638 5361 etiam
2694 5313 2826 5356 tunc
2878 5299 3180 5355 Athanasio
3230 5311 3417 5349 necem
3466 5293 3777 5346 minabatur
3824 5291 4052 5348 inferre.

2474 5415 2636 5470 quam
2672 5398 2761 5451 ille
2792 5396 2991 5449 timens
3012 5394 3167 5460 fugax
3191 5390 3371 5444 denuo
3402 5387 3629 5441 Romam
3665 5384 3918 5452 perrexit.
3944 5381 4047 5434 Cui

2478 5492 2726 5560 protinus
2783 5486 2989 5540 Paulus
3015 5496 3233 5553 quoque
3298 5480 3604 5533 veniens‘a
3656 5474 4053 5529 Thessalonica

2480 5585 2725 5639 sociatur
2758 5599 2772 5648 ;
2805 5579 2896 5650 qui
2930 5578 3194 5632 abeuntes
3209 5572 3495 5627 Constanti
3524 5586 3642 5639 qua:
3665 5570 3807 5637 passi
3840 5566 4055 5619 fuera:.t

2318 5703 2543 5760 ΝΟΤᾸΞ.

874 5806 950 5873 (9)
989 5803 1281 5873 Episcopt'o.
1353 5802 1691 5858 Flodoardus
1725 5804 1774 5865 l,
1803 5801 1912 5856 9.0:
1969 5821 1986 5852 ι
2024 5800 2221 5873 Sicque
2272 5812 2395 5869 pro-

804 5872 961 5950 spere
995 5872 1047 5930 in
1089 5891 1247 5931 suum
1282 5889 1531 5930 reversus
1565 5875 1921 5945 cpisc0pium.
1968 5891 1990 5922 ι
2030 5872 2192 5926 ΓΑΒιι.

2576 5792 2686 5912 (101)
2716 5792 2830 5859 Quo
2857 5821 2923 5830 —
2945 5796 3168 5842 secutus.
3209 5780 3335 5836 litec
3370 5778 3435 5834 de
3461 5791 3559 5832 suo
3594 5774 3796 5828 addidit
3829 5771 4061 5823 Anasta-

2581 5884 2626 5912 δ.
2686 5880 2734 5912 1,,
3204 5886 3207 5889 .

2488 5880 2626 5920 Slus.
2664 5880 2734 5915 Ib.
3204 5886 3207 5889 '
