4440 6446
378 486 508 552 1217

1166 490 1531 550 HISTORIA
1574 486 2147 549 ECCI.ESIASTIC.\
2183 488 2285 547 EX
2311 489 2795 547 THEOPIIANE.

3493 486 3631 550 1218

372 600 735 665 nuntiarunt,
803 600 892 668 qui
939 598 1239 653 comlolens
1291 600 1500 654 sanctis
1556 600 1754 654 scribit
1806 599 1949 653 Conv
1978 598 2028 656 Α
2056 612 2195 652 nus:
2236 596 2997 667 .lli/ii,inquit.cumsubjeclo
3024 600 3214 666 populo
3233 603 3296 653 de
3328 600 3631 667 liujusmodi

370 695 659 750 stantiout
686 700 781 745 aut
810 691 1060 746 redderet
1082 691 1247 745 Paulo
1274 700 1328 746 et
1365 691 1667 747 Athanasio
1701 692 1951 761 proprias

372 788 551 850 sedes,
571 798 659 839 aut
684 795 829 839 certe
852 784 1098 853 pra-lium
1126 796 1316 837 contra
1334 799 1393 837 se
1407 785 1575 839 sciret
1598 784 1948 838 movendum.

375 880 629 931 llurtatus
658 886 837 931 autem
874 885 957 930 est
994 891 1116 930 eum
1152 891 1261 944 quo
1292 877 1536 946 synodus
1578 875 1721 946 apud
1757 875 1951 928 Sardi-

372 987 490 1023 «am
527 964 697 1033 ﬁeret,
729 971 780 1023 in
812 985 918 1038 qua
954 968 1340 1038 llesperiarum
1368 984 1677 1024 convenere
1706 969 1949 1037 epiSrOpi

372 1063 639 1125 trecenti,
672 1060 978 1116 Orientales
1018 1070 1198 1116 autem
1230 1055 1463 1133 triginta
1505 1076 1621 1116 sex.
1658 1062 1747 1116 Isti
1793 1061 1951 1116 Occi-

370 1154 678 1207 dentalibus
707 1152 1061 1212 resistebant.
1094 1161 1343 1221 petentes
1371 1152 1565 1220 expelli
1592 1152 1743 1220 prius
1778 1152 1945 1205 Atha-

375 1246 586 1298 nasium
623 1256 675 1299 et
710 1243 962 1298 Paulum.
990 1242 1162 1301 Osius
1196 1252 1375 1297 autem
1412 1244 1790 1299 Cordubensis
1834 1243 1949 1312 cpi-

373 1353 574 1407 scopus
629 1348 683 1392 et
707 1336 1036 1405 Protogenes
1081 1335 1429 1391 Sardicensis
1470 1336 1614 1405 passi
1660 1352 1767 1389 non
1819 1343 1948 1389 sunt

367 1451 477 1499 quo
537 1432 714 1484 minus
774 1431 1026 1484 adessent
1074 1431 1247 1484 sancti
1297 1430 1633 1505 Athanasius
1682 1431 1847 1483 simul
1891 1437 1945 1483 et

367 1522 589 1577 Paulus.
624 1522 779 1575 Tunc
812 1520 1117 1575 Orientales
1148 1536 1317 1591 penes
1348 1520 1772 1591 Philippopolim
1815 1536 1949 1573 con-

370 1618 646 1669 venientes
679 1615 1023 1682 impudenter
1060 1614 1411 1668 homousium
1446 1614 1946 1667 anathematizave—

369 1717 535 1760 runt:
597 1707 687 1775 qui
736 1722 864 1760 vero
914 1707 1059 1775 apud
1111 1705 1397 1759 Sardicam
1458 1705 1753 1759 orthodoxi
1817 1714 1946 1759 sunt

370 1801 596 1860 inventi,
627 1814 938 1852 anommum
972 1798 1520 1859 anathematizantes,
1557 1807 1768 1851 rectum
1801 1798 1943 1867 apud

368 1892 881 1958 Nicmaiiiexliosita:
903 1890 1022 1944 ﬁdei
1053 1890 1346 1943 terminum
1375 1892 1749 1942 ﬁrmaverunt.
1771 1888 1943 1944 Porro

368 1986 650 2038 reddidere
695 1986 922 2037 thronos
955 1984 1254 2039 Athanasio
1302 1993 1356 2037 et.
1393 1985 1560 2036 Paulo
1594 1995 1755 2052 atque
1805 1983 1943 2035 Mar-

364 2078 501 2128 cello
534 2076 848 2143 Ancvrano,
888 2074 1170 2128 eoulitenti
1203 2058 1548 2129 homousimn
1586 2086 1636 2129 et
1674 2075 1940 2128 rationem

370 2149 560 2237 prose
598 2168 867 2231 reddenti,
894 2168 1038 2235 quod
1082 2183 1188 2220 non
1217 2167 1579 2221 intellexerint
1610 2167 1811 2236 scripta
1844 2180 1943 2220 sua

366 2261 419 2313 h'i
458 2260 550 2330 qui
594 2277 651 2314 se
675 2260 1125 2313 accusationibus
1160 2259 1516 2327 impetebant.
1558 2260 1763 2313 Interea
1797 2260 1943 2311 Coi:-

367 2352 604 2406 stantius
642 2352 907 2420 vigesimo
946 2353 1124 2421 primo
1160 2366 1304 2404 anno
1332 2349 1558 2403 Romam
1592 2359 1781 2403 contra
1827 2350 1943 2403 Ma-

367 2445 647 2512 gnentium
695 2444 1059 2498 dimicaturus
1097 2445 1267 2508 venit,
1305 2444 1392 2497 tibi
1440 2444 1507 2497 ab
1548 2443 1780 2496 EuSebia
1818 2443 1943 2511 pro-

370 2539 481 2603 pria
536 2552 703 2590 uxore
749 2546 970 2605 rogatus
1018 2534 1292 2588 Julianum
1343 2552 1410 2588 ex
1452 2549 1674 2588 carcere
1715 2534 1940 2587 ductum

365 2627 633 2682 (Σκυθίη-(λιιι
671 2628 797 2679 facit
847 2637 899 2679 et
948 2628 999 2679 in
1032 2627 1450 2692 Gallias'tnittit,
1488 2628 1752 2696 copulatis
1794 2630 1840 2680 ei
1874 2627 1939 2680 ad

369 2723 587 2789 nuptias
616 2735 860 2773 sororem
894 2734 1048 2772 suam
1078 2718 1359 2784 Helenam,
1391 2735 1509 2788 qua!
1536 2730 1591 2773 et
1618 2720 1939 2774 Constantia

364 2818 505 2869 dtt‘la
539 2828 641 2871 t‘St,

439 2906 621 2958 Mundi
645 2920 783 2956 anno
808 2903 969 2963 5850.
999 2905 1198 2957 divinae
1219 2904 1611 2969 incarnationis
1633 2920 1777 2957 anno
1814 2906 1938 2967 550,

368 3000 512 3053 facto
548 3014 741 3067 magno
788 3009 947 3051 terrae
1001 3007 1150 3049 motu
1204 2995 1709 3064 Constantinopolis
1760 2999 1939 3051 diruta

364 3105 467 3144 est.
529 3091 729 3143 Deinde
790 3103 1005 3142 mortuo
1054 3090 1379 3141 Constantio
1431 3090 1696 3163 vigesimo
1742 3104 1939 3157 quarto

368 3185 577 3250 imperii
609 3184 692 3235 sui
729 3196 873 3233 anno
905 3180 1156 3233 Julianus
1203 3189 1556 3233 monocrator
1584 3178 1811 3233 effectus
1841 3183 1939 3233 im-

366 3277 632 3345 pudenter
674 3275 886 3326 vivebat
924 3284 1083 3340 atque
1119 3272 1414 3338 gentiliter,
1458 3272 1724 3340 sanguine
1763 3273 1938 3326 sacri-

369 3365 612 3417 ﬁciorum
677 3372 928 3417 sanctum
982 3363 1313 3429 baptismum
1345 3361 1585 3426 tliluens,
1634 3370 1687 3415 et
1738 3374 1937 3416 cuncta

366 3457 573 3511 faciens
596 3458 796 3525 quibus
838 3456 1110 3508 daemones
1140 3455 1342 3522 placari
1381 3462 1665 3508 suescnnt.

437 3549 614 3601 Mttiidi
646 3562 789 3600 anno
822 3546 980 3608 5856,
1001 3546 1197 3599 divinae
1222 3546 1617 3599 incarnationis
1643 3560 1784 3597 anno
1811 3543 1936 3600 556.

362 3639 623 3693 Jovianus
657 3637 1013 3696 chiliarchus,
1041 3635 1122 3688 vir
1154 3636 1480 3689 mitissimus
1511 3644 1564 3689 et
1597 3636 1937 3687 orthodoxus

364 3732 731 3786 Christianus.
775 3731 1072 3797 imperator
1108 3728 1479 3781 Romanorum
1506 3728 1574 3780 ab
1604 3728 1749 3779 omni
1779 3742 1938 3779 excr-

364 3825 474 3874 citu
511 3839 571 3873 ac
621 3822 1031 3887 magistratibus
1082 3830 1245 3889 atque
1289 3820 1612 3873 consulibus
1658 3820 1709 3870 in
1747 3819 1935 3871 eodem

366 3910 484 3964 loro
519 3922 674 3964 terrae
709 3911 1023 3972 l’erSaruin,
1069 3911 1119 3963 in
1148 3926 1257 3978 quo
1293 3895 1673 3980 praevaricator
1708 3910 1935 3968 interiit.

365 4016 710 4071 nuncupatur
742 4020 757 4067 ,
789 4004 895 4076 .qni
939 4002 1227 4057 recusabat
1261 4003 1572 4071 imperium,
1613 4016 1936 4055 asseverans

365 4113 469 4147 non
504 4111 560 4148 se
589 4110 747 4163 posse
795 4094 1091 4162 principari
1122 4094 1382 4147 exercitui
1418 4094 1509 4162 qui
1560 4108 1801 4161 paganus
1835 4093 1936 4145 sub

361 4190 578 4240 Juliano
605 4190 677 4241 sit
709 4192 883 4240 factus
910 4203 925 4252 ;
955 4187 1019 4239 ad
1052 4202 1211 4254 quem
1242 4201 1436 4239 omnes
1466 4186 1797 4237 unanimiter
1824 4184 1936 4235 cla-

364 4268 577 4333 mavere
609 4295 666 4332 se
702 4279 1045 4332 Christianos
1087 4291 1230 4331 esse.
1270 4275 1506 4345 Scripsit
1542 4286 1799 4345 praeterea
1840 4273 1933 4328 Jo-

363 4385 554 4423 vianus
576 4364 947 4422 sacratissimo
972 4366 1275 4438 Athanasio
1298 4352 1659 4419 immaculata:
1682 4367 1801 4420 ﬁdei
1827 4367 1932 4419 sibi

360 4466 660 4536 signiﬁcari
718 4467 771 4519 in
819 4466 1038 4533 scriptis
1085 4466 1428 4531 acribeiam;
1480 4464 1625 4532 quod
1676 4475 1730 4519 et
1779 4465 1930 4531 fecit,
1986 4508 1993 4509 κ

2057 690 2275 759 negotiis
2313 692 2520 743 curiose
2557 707 2708 760 agere
2739 690 2825 757 fas
2864 707 2963 745 non
3013 699 3111 744 est.
3153 690 3219 744 Ut
3265 708 3388 763 ergo
3430 694 3634 747 videtur

2055 781 2197 834 vobis
2256 782 2643 846 sacerdotibus,
2709 774 2908 851 facim.
2941 782 3094 837 Tunc
3144 784 3425 841 venientes
3485 787 3630 856 apud

2052 872 2437 942 Lampsacum,
2473 884 2527 928 et
2564 874 2776 930 duobus
2815 876 2925 931 illic
2956 878 3240 931 mensibus
3284 880 3629 939 commorati,

2054 965 2352 1020 novissime
2400 968 2550 1021 irrita
2586 969 2763 1023 fecere
2800 986 2920 1037 quae
2954 970 3022 1023 ab
3063 969 3311 1022 Eudoxio
3344 980 3397 1025 et
3430 972 3633 1026 Acacio

2051 1055 2525 1125 Constantinopoli
2572 1065 2702 1111 sunt
2750 1065 2982 1126 patrata,
3027 1060 3433 1129 tenendamque
3468 1060 3627 1113 ﬁdem

2053 1150 2193 1217 apud
2223 1148 2527 1205 Seleuciam
2553 1151 2856 1220 expositam
2882 1151 3265 1207 decreverunt.
3293 1150 3398 1207 Sed
3430 1153 3631 1222 impius

2052 1238 2273 1307 Valens,
2300 1258 2423 1311 quae
2448 1243 2588 1312 apud
2628 1242 2993 1313 Lampsacum
3027 1253 3179 1314 gesta
3213 1256 3373 1309 sunt,
3406 1246 3629 1301 destru-

2051 1332 2149 1395 xit,
2195 1340 2249 1385 et
2274 1332 2583 1401 episcopos,
2617 1332 2709 1401 qui
2758 1333 2961 1388 ibidem
2997 1344 3390 1397 convenerant,
3436 1336 3630 1390 exsilio

2051 1424 2328 1506 relegavit.
2358 1426 2564 1479 Interea
2601 1427 2851 1482 Liberius
2886 1442 3024 1496 papa
3062 1426 3345 1483 Romanus
3372 1439 3428 1482 et
3456 1429 3632 1483 Atha-

2049 1518 2241 1574 nasius
2265 1528 2319 1575 et
2348 1519 2598 1575 Melctius
2624 1531 2677 1583 et
2710 1520 3181 1575 Samosatensinm
3216 1521 3508 1585 Eusebius,
3532 1525 3625 1592 qui

2047 1612 2260 1667 Joviani
2322 1622 2596 1683 praecepto
2650 1614 2717 1667 ab
2758 1615 2956 1667 exsilio
3013 1614 3224 1668 fuerant
3275 1617 3538 1679 revocati,
3571 1618 3625 1670 in

2048 1706 2386 1761 orthodoxia:
2416 1720 2667 1760 sermone
2690 1706 2961 1775 vigebant,
2986 1721 3196 1761 necnon
3230 1715 3284 1760 et
3304 1707 3629 1778 Hierosoly-

2049 1802 2291 1857 mitanus
2326 1800 2564 1871 Cyr-illus
2611 1808 2663 1853 et
2714 1788 2805 1852 alii
2850 1799 3091 1868 episcopi
3133 1799 3451 1854 orthodoxae
3505 1800 3624 1855 ﬁdei

2049 1904 2502 1964 propugnatores:
2533 1892 2752 1947 Arianis
2789 1906 2967 1946 autem
3006 1902 3273 1959 przeerant
3311 1895 3453 1962 apud
3496 1895 3627 1947 Ale-

2047 1984 2328 2038 xandriam
2384 1982 2607 2048 Lucius,
2643 1994 2695 2037 et
2740 1984 2880 2053 apud
2938 1984 3281 2037 Antiochiam
3347 1984 3623 2049 Euzoius,

2043 2073 2302 2129 Paulinus
2327 2084 2507 2127 autem
2541 2075 2632 2126 uni
2668 2075 2806 2141 parti
2835 2073 3288 2136 orthodoxorum,
3313 2074 3627 2133 alterivero

2044 2166 2314 2223 Meletius.
2369 2167 2603 2232 Quidam
2638 2182 2769 2220 sane
2799 2167 2951 2219 aiunt
2977 2165 3121 2234 quod
3166 2163 3449 2220 Dominica
3486 2182 3626 2220 uxor

2046 2260 2288 2314 Valentis
2333 2260 2668 2328 persuaserit
2715 2261 2762 2313 ei
2802 2269 2910 2311 tam
2956 2259 3199 2312 valenter
3242 2258 3355 2311 Arii
3404 2274 3621 2312 sensum

2045 2354 2265 2407 sectari.
2293 2351 2465 2406 Porro
2489 2351 2583 2404 alii
2619 2352 2869 2405 scribunt
2893 2350 3039 2419 quod
3060 2363 3345 2419 postquam
3382 2351 3623 2418 impera-

2044 2444 2183 2496 verit
2224 2443 2292 2496 ab
2323 2443 2566 2497 Eudoxio
2596 2442 2924 2511 baptizatus,
2964 2441 3281 2509 iuramento
3319 2443 3624 2495 ﬁrmaverit

2046 2534 2098 2587 in
2132 2536 2252 2603 ipso
2302 2535 2629 2604 baptismate
2673 2550 2796 2585 cum
2830 2534 2961 2587 Ario
2993 2549 3053 2587 se
3106 2549 3398 2588 sensurum
3438 2543 3492 2587 et
3526 2536 3626 2587 ho-

2046 2628 2316 2679 mousium
2352 2628 2576 2679 minime
2609 2634 2952 2693 recepturum
2982 2666 2996 2689 ,
3032 2634 3088 2681 et
3116 2627 3196 2680 sic
3237 2628 3455 2695 utrique
3481 2629 3620 2682 dena

2045 2718 2209 2770 millia
2238 2720 2678 2783 persecutionum
2708 2719 2761 2770 in
2804 2717 3145 2772 orthodoxos
3178 2731 3613 2773 connnovcrunt.

2044 2809 2261 2863 Mittunt
2296 2820 2477 2863 autem
2511 2821 2563 2864 et
2598 2810 2818 2879 Liberio
2845 2812 3194 2865 Eustathium
3229 2812 3529 2866 Armentnn
3564 2822 3620 2867 et

2045 2902 2323 2956 Silvanum
2368 2904 2695 2957 'l‘arsensu-m
2744 2915 2904 2972 atque
2956 2904 3622 2973 TheophilumCastava-

2045 2997 2271 3058 lensem,
2310 2998 2752 3065 repromittcntes
2796 3013 2889 3065 per
2924 2999 3071 3065 ipsos
3115 2999 3354 3066 recipere
3394 3000 3620 3051 homon-

2043 3089 2206 3139 sium.
2230 3088 2330 3149 Qui
2353 3089 2729 3155 pervenientes
2754 3088 2969 3141 Liberio
2990 3089 3252 3156 scriptum
3275 3104 3369 3155 pro
3388 3090 3623 3143 homon-

2045 3183 2129 3233 sio
2182 3190 2544 3249 porrexerunt
2596 3180 2859 3241 libellum,
2918 3179 3234 3247 profitentes
3284 3195 3344 3233 se
3372 3194 3618 3242 iomnem

1964 3281 2006 3336 c
2042 3272 2291 3326 haeresim
2346 3286 2673 3333 aversuros,
2739 3287 2860 3340 qua:
2925 3271 3136 3340 synodo
3189 3269 3422 3325 Nic-mute
3483 3276 3623 3326 foret

2044 3363 2306 3426 adversa;
2335 3364 2532 3430 quibus
2561 3372 2608 3415 et
2642 3362 2876 3429 receptis
2895 3361 3145 3414 Liberius
3172 3363 3619 3423 communicavit.

1960 3470 1965 3477 '
2044 3454 2781 3523 scribensqueOrientalibus
2807 3452 3172 3506 testimonium
3203 3454 3312 3506 illis
3345 3454 3622 3524 perhibuit

2042 3547 2397 3599 orthodoxizc.

2113 3637 2296 3690 Mundi
2321 3653 2463 3690 anno
2495 3637 2655 3702 5861,
2679 3638 2875 3692 ἀὶνίιιω
2900 3639 3297 3693 incarnationis
3323 3655 3467 3694 anno
3491 3640 3617 3703 36l,

2042 3731 2330 3781 concilium
2373 3730 2655 3796 Tyaucnse
2685 3730 3015 3783 celebratum
3044 3741 3149 3795 est,
3182 3734 3245 3797 in,
3281 3748 3388 3801 quo
3414 3733 3617 3786 inventi

2042 3833 2171 3875 sunt
2200 3822 2465 3876 Eusebius
2508 3823 2863 3877 Caesariensis
2900 3823 3275 3893 Cappadociae,
3320 3825 3618 3894 Gregorius

2040 3915 2417 3970 Nazianzenus
2467 3923 2620 3984 pater
2658 3914 2936 3993 'Gregorii-
2964 3918 3219 3986 deiloqui,
3251 3919 3342 3988 qui
3397 3929 3449 3972 et
3504 3920 3619 3987 ipse

2039 4007 2413 4062 Nazianzenus
2450 4010 2775 4077 appellatur,
2811 4022 2862 4063 et
2898 4010 3131 4089 Trienus
3166 4012 3532 4069 Melitenensis
3564 4025 3617 4066 et

2038 4103 2126 4154 alii
2158 4119 2171 4162 ;
2203 4103 2293 4170 qui
2318 4117 2483 4171 super
2519 4102 2720 4157 Liberii
2760 4104 2958 4157 litteris
2992 4105 3329 4159 exsultantes
3364 4107 3617 4159 omnibus

2008 4194 2360 4247 'orthodoxis
2408 4194 2860 4263 signiﬁcaverunt
2902 4197 3174 4264 episcopis
3223 4213 3332 4266 quo
3382 4196 3613 4252 Tarsum

2037 4286 2090 4339 in
2145 4287 2615 4340 confirmationem
2664 4302 2806 4341 vera:
2848 4296 3009 4341 recta:
3056 4288 3176 4357 fidei
3212 4291 3611 4355 convenirent;

2036 4396 2144 4449 quo
2175 4379 2371 4432 audito
2389 4378 2590 4433 Valens
2622 4396 2717 4434 eos
2754 4381 3031 4448 prohibuit
3062 4381 3390 4455 convenire._

2103 4469 2353 4539 Cyziceni
2375 4470 2892 4524 autcmEunomitnn
2926 4472 3158 4525 insecuti
3190 4482 3316 4526 sunt
3351 4484 3608 4542 tanquam

360 4561 526 4613 totius
560 4558 897 4611 orthodoxi:
915 4555 1145 4610 Joviano
1172 4556 1459 4625 epistolam
1485 4557 1753 4611 scribens.
1782 4557 1931 4614 Unde
1967 4561 2352 4631 :haereticum
2391 4571 2445 4615 et
2482 4562 2877 4631 blasphemum,
2913 4564 3002 4631 qui
3048 4564 3269 4616 veniens
3301 4566 3487 4618 unitus
3528 4572 3613 4618 est

358 4651 620 4706 Jovianus
656 4648 935 4704 rtibustior
974 4650 1026 4701 in
1075 4647 1413 4701 orthodoxia
1438 4647 1667 4704 eﬂ'ectus
1712 4649 1797 4703 his
1838 4652 1931 4718 qui
1964 4621 2012 4679 θ
2040 4652 2309 4705 Eudoxio.
2337 4650 2467 4716 Erat
2488 4653 2631 4704 enim
2660 4652 3010 4721 blasphemus
3044 4663 3095 4706 et
3125 4654 3444 4717 acerrimus,
3476 4670 3612 4724 prae-

360 4744 724 4813 priedicabant
756 4743 1098 4795 homousium
1131 4742 1299 4794 multa
1326 4740 1569 4805 donavit,
1605 4750 1659 4796 et
1690 4743 1807 4797 sine
1831 4743 1932 4795 tri-

359 4839 489 4888 l-uto
523 4848 742 4886 manere
778 4833 1087 4885 constituit.

427 4926 549 4988 Quo
577 4922 835 4977 defuncto
878 4922 1213 4977 acclamatus
1245 4929 1330 4976 est
1364 4920 1778 4978 Valentinianus
1816 4925 1929 4978 Au-

358 5026 551 5083 gustus
589 5030 619 5069 a
674 5015 936 5068 militibus
978 5030 992 5077 ;
1050 5013 1141 5083 qui
1191 5014 1452 5069 continuo
1494 5017 1815 5083 perveniens
1861 5017 1930 5070 ad

360 5108 556 5176 regiam
591 5107 776 5160 urbem
813 5105 1089 5160 Valentem
1122 5105 1344 5159 fratrem
1370 5121 1528 5158 suum
1557 5090 1930 5163 communica-

357 5210 525 5253 torem
565 5199 649 5251 sui
684 5198 810 5251 fecit
836 5198 1074 5266 imperii,
1116 5197 1343 5266 largitus
1378 5198 1427 5251 ei
1466 5209 1645 5266 partes
1678 5198 1928 5254 Orienta-

358 5272 454 5353 les",
484 5292 587 5345 sibi
606 5291 831 5345 retentis
864 5287 1327 5344 Occidentalibus.
1365 5288 1574 5344 Interea
1598 5289 1927 5346 Valentinia-

356 5397 458 5437 nus
500 5382 780 5450 Augustus
830 5379 1148 5434 Gratianum
1196 5379 1364 5433 ﬁlium
1413 5396 1573 5434 suum
1620 5382 1924 5450 Augustum

356 5475 676 5543 appellavit,
744 5473 1260 5526 communicatorem
1317 5472 1527 5540 imperii
1585 5474 1756 5542 patris
1799 5514 1813 5536 ,
1872 5484 1924 5527 et

354 5566 634 5620 consulem
677 5573 802 5618 ante
831 5566 1261 5633 pronuntiatum,
1291 5573 1345 5617 et
1382 5562 1657 5618 Valentem
1701 5566 1921 5619 fratrem

353 5673 511 5712 suum
542 5657 941 5725 imperatorem.
960 5654 1260 5709 Orthodoxi
1283 5664 1461 5708 autem
1486 5668 1836 5711 accesserunt
1854 5659 1919 5711 ad

357 5749 793 5803 Valentinianum
826 5763 921 5816 per
956 5746 1244 5817 Hypatium
1278 5748 1597 5816 episcopum
1637 5747 1918 5813 I‘leraclize,

350 5840 704 5907 deprecantes
747 5853 854 5905 quo
888 5837 1001 5891 ﬁeri
1039 5847 1366 5891 conventum
1410 5840 1725 5907 princip-wet
1756 5856 1919 5908 super

352 5928 691 5983 correctione
712 5927 977 5998 dogmatis
1004 5928 1291 5984 homousii.
1323 5930 1400 5982 Ad
1422 5946 1559 5999 quos
1586 5929 1935 5984 Valentiam--

2002 4757 2007 4760 '
2036 4757 2258 4799 sumens
2280 4741 2463 4796 dicere
2489 4744 2615 4811 quia
2642 4743 2783 4797 Deus
2813 4746 2879 4797 de
2901 4745 3117 4812 proiiria
3142 4745 3448 4800 substantia
3473 4748 3608 4800 nihil

2034 4834 2193 4887 nobis
2244 4835 2477 4902 amplius
2524 4835 2692 4888 novit.
2730 4834 2899 4887 Porro
2949 4836 3139 4888 Valens
3190 4839 3415 4905 paganis
3462 4839 3612 4892 dedit

2035 4923 2301 4977 sacriﬁcia
2331 4934 2384 4975 et
2415 4923 2790 4977 solenmitates
2814 4924 3124 4978 celebrandi
3160 4927 3458 4983 licentiam.
3482 4925 3606 4981 Pari

2034 5016 2198 5069 modo
2225 5013 2509 5069 etJudaeos
2541 5013 2756 5067 fovebat
2781 5024 2834 5068 et
2863 5016 3190 5077 honorabat,
3219 5019 3367 5071 solos
3394 5029 3605 5072 tantum

2031 5105 2365 5160 orlhodoxos
2403 5106 2456 5158 in
2488 5108 2787 5174 apostolica
2821 5108 3105 5160 insecutus
3149 5108 3417 5161 Ecclesia.

2068 5191 2075 5205 ’
2103 5197 2275 5266 llujus
2302 5213 2447 5250 anno
2478 5199 2689 5269 imperii
2722 5214 2868 5252 nono
2905 5198 2963 5254 S.
3006 5199 3341 5254 Athanasius
3375 5202 3607 5253 Alexan-

2028 5291 2222 5345 drinus
2273 5290 2523 5359 migravit
2573 5290 2637 5343 ad
2682 5283 3009 5353 Dominum,
3054 5307 3177 5344 cum
3226 5292 3601 5361 episcopatum

2029 5383 2290 5451 gessisset
2319 5382 2478 5436 annis
2508 5382 2873 5451 quadraginta
2897 5398 3010 5446 sex,
3037 5398 3102 5437 ex
3131 5382 3331 5452 quibus
3361 5383 3602 5452 quadra-

2026 5475 2173 5542 ginta
2225 5475 2276 5526 in
2328 5475 2802 5542 persecutionihns
2854 5490 2951 5543 pro
2990 5475 3201 5543 pietate
3240 5488 3303 5527 ac
3340 5472 3599 5542 periculis

2028 5564 2182 5618 vixit.
2216 5564 2314 5616 Cui
2351 5565 2620 5618 suct'essit
2654 5563 2877 5626 Petrus,
2907 5565 3000 5633 qui
3050 5563 3271 5618 Arianis
3308 5563 3359 5615 in
3396 5565 3599 5616 multo-

2026 5670 2143 5708 rum
2182 5655 2459 5709 hominum
2497 5660 2672 5710 cmdes
2708 5656 3089 5725 grassantibus
3138 5655 3327 5722 pulsus
3367 5654 3594 5709 Romam

2026 5749 2236 5814 fugiens
2266 5748 2330 5800 ad
2366 5748 2652 5801 Damasum
2689 5749 3017 5817 properavit,
3055 5747 3213 5815 cujus
3243 5757 3297 5800 et
3326 5758 3443 5799 erat
3471 5761 3597 5801 sen-

2022 5858 2138 5903 sus,
2180 5841 2400 5909 quando
2423 5850 2473 5893 et
2504 5842 2793 5904 horrenda,
2818 5856 2940 5911 qua:
2959 5851 3108 5910 gesta
3132 5850 3260 5894 sunt
3288 5841 3356 5892 ab
3379 5840 3597 5894 Arianis

2032 5935 2172 6002 apud
2212 5934 2617 5999 Alexandriam,
2659 5951 2752 6005 per
2793 5934 3075 6003 epistolam
3121 5935 3594 6002 conscripsrrunz.
