4440 6446
814 413 914 476 Ξῖἶὶ

1867 411 2264 472 ANASTASII
2314 375 2945 471 BtnLtovHEthnn

3911 404 4048 469 1220

780 528 978 581 l-‘Jtnietn
1016 540 1158 579 anno
1197 535 1249 577 et
1285 523 1518 578 Basilius
1553 524 1849 593 episcopus
1893 524 2140 578 Cmsarize
2182 526 2357 577 tactus
2389 531 2429 582 Α
2463 520 2785 585 Melitanus,
2817 517 3167 588 postmodum
3202 526 3382 570 autem
3424 526 3478 569 et
3527 515 3822 570 Flavianus
3867 519 4052 570 Antio-

776 629 880 676 est.
906 633 1030 672 cum
1057 616 1327 671 Eusebius
1359 616 1445 685 pie
1471 616 1788 671 dormisset.

852 711 1032 764 Mundi
1063 722 1207 762 anno
1225 707 1386 773 5866,
1416 709 1614 762 divinae
1643 708 2042 762 incarnationis
2063 722 2204 759 anno
2229 705 2356 767 566,

781 807 819 855 Α
834 800 1108 856 mbrosius
1126 809 1248 868 post
1265 799 1595 852 Auxentium
1617 799 1862 853 ecclesia:
1875 798 2359 852 Mcdiolanensinm

782 901 999 963 pra'est.
1020 891 1318 945 Occidente
1338 906 1466 943 vero
1497 900 1663 944 totam
1687 891 2012 945 Trinitatem
2036 888 2360 942 homousion

783 987 1134 1055 pa-tedicante,
1165 987 1511 1053 postulavere
1542 985 1764 1054 quidam
1798 982 2265 1042 Valentinianum,
2309 992 2364 1033 et

787 1081 964 1134 fecere
997 1080 1266 1150 synodum
1305 1079 1356 1130 in
1400 1079 1641 1148 Illyrico,
1677 1086 1729 1130 ct
1760 1075 1923 1130 fidem
1962 1075 2365 1128 rohoraverunt

785 1171 1078 1225 Niemnant.
1108 1171 1261 1223 Tunc
1293 1179 1348 1224 et
1383 1167 1683 1239 Gregorius
1716 1169 2005 1237 deiloquus
2044 1167 2362 1221 Constantio

785 1265 1114 1331 nopolitanae
1176 1261 1472 1330 praesidere
1527 1261 1858 1313 noscebatur
1904 1258 2202 1315 Ecclesiae.
2263 1273 2361 1326 pro

786 1354 974 1407 liasilii
1014 1361 1066 1406 et
1097 1352 1297 1405 Meletii
1349 1367 1412 1404 ae
1460 1352 1794 1419 reliquorum
1850 1350 2067 1417 pietatis
2118 1363 2366 1417 pugnans

784 1445 1152 1514 dogmatibus.
1196 1442 1262 1494 Et
1299 1444 1399 1496 nisi
1436 1452 1561 1495 ante
1591 1443 1655 1494 ad
1687 1443 1877 1494 urbem
1910 1442 2369 1507 (Zonsmntinopa-

788 1536 1014 1587 litanam
1041 1534 1303 1586 invitatus
1334 1541 1502 1592 esset;
1534 1540 1645 1585 tota
1679 1533 1938 1585 nimirum
1969 1531 2081 1583 Arii
2107 1537 2160 1582 et
2195 1529 2370 1582 Euno-

789 1627 882 1678 mii
920 1625 1221 1692 repleretnr
1265 1623 1492 1676 illuvie:
1530 1637 1720 1675 omnes
1760 1623 1902 1672 enim
1957 1619 2222 1672 ecclesias
2264 1619 2366 1687 ipsi

789 1716 1380 1785 possidebant,pra‘.ter
1418 1715 1717 1766 oratorium
1754 1712 2055 1766 Anastasize
2088 1711 2365 1781 martyris.

791 1809 1026 1862 Praeerat
1083 1817 1264 1861 autem
1330 1808 1440 1860 illic
1491 1806 1710 1859 Arianis
1774 1804 2173 1869 Denmphilus.‘
2213 1805 2368 1856 Tunc

790 1899 1087 1969 Gregorius
1119 1914 1336 1968 quoque
1369 1896 1648 1968 Nyssenus
1679 1908 1732 1951 et
1773 1896 1989 1956 Petrus,
2030 1895 2229 1949 fratres
2264 1894 2367 1946 Ba-

792 1993 924 2057 sihi,
963 1992 1353 2051 commeabant,
1393 1988 1756 2058 Optimusque
1797 1989 1855 2041 in'
1894 1987 2101 2042 Pisidia
2136 1997 2190 2041 et
2239 1989 2368 2039 Am-

792 2083 1099 2152 philochius
1151 2081 1204 2134 in
1270 2081 1476 2137 Iconio.
1535 2082 1757 2135 Barsem
1819 2088 1996 2147 autem
2051 2079 2368 2147 episcopum

796 2177 1015 2230 [Suessae
1041 2185 1202 2245 atque
1223 2174 1498 2244 Pelagium
1519 2156 1818 2236 Laudiceae,
1845 2180 2028 2241 utpote
2056 2173 2373 2224 orthodoxae

798 2268 917 2323 tidei
959 2275 1419 2337 propugnatores,
1457 2265 1729 2319 \‘alensin
1751 2267 2005 2318 exsiliunt
2029 2265 2196 2317 tnisit.
2237 2263 2374 2314 Sau-

797 2370 1128 2412 romatarum
1164 2367 1343 2411 autem
1366 2373 1522 2426 gens,
1556 2373 1675 2425 qua-
1709 2357 1906 2424 pusilla
1947 2367 2002 2409 et
2030 2358 2244 2408 infirma
2267 2364 2371 2413 est.

797 2463 988 2505 contra
1021 2451 1467 2506 Valentinianum
1499 2452 1791 2517 insurgens
1829 2457 1884 2503 et
1910 2449 1976 2502 ab
2005 2464 2070 2502 eo
2093 2459 2372 2516 superata,

800 2533 1234 2613 legatis‘missis,
1270 2557 1456 2610 pacem
1494 2542 1824 2610 expostulat.
1857 2539 2100 2608 Cumque
2134 2539 2376 2592 Valenti-

799 2635 1001 2688 nianus
1057 2647 1088 2686 a
1139 2633 1333 2702 legatis
1381 2633 1760 2686 sciscitaretur
1802 2643 1983 2684 turum
2037 2629 2377 2682 Sauromalre

802 2727 939 2780 tales
976 2734 1030 2779 et
1064 2735 1170 2778 tam
1213 2725 1402 2778 thium
1452 2740 1743 2793 corporum
1788 2739 1983 2779 omnes
2025 2724 2376 2780 exsisterent.

803 2817 1208 2886 responderunt
1259 2816 1504 2870 dicentes
1556 2819 1684 2885 quia
1735 2815 1992 2869 lllcliores
2037 2829 2226 2867 eorum
2293 2814 2384 2874 hie
2435 2827 2438 2830 ‘

807 2910 976 2963 habes
1000 2918 1055 2962 et
1081 2909 1254 2962 vides.
1285 2909 1439 2961 Tunc
1478 2909 1814 2962 validissime
1860 2909 1950 2960 ille
1984 2910 2228 2960 clamans
2257 2904 2329 2957 ait
2366 2923 2378 2957 :

807 3003 1026 3055 Atracia
1057 3000 1348 3052 Romanum
1380 3001 1657 3064 inmerium
1693 3001 1916 3054 sustinet
1949 2998 2016 3051 ad
2053 2997 2383 3050 Valentinia-

807 3111 929 3146 num
954 3094 1271 3161 pertingens,
1290 3093 1335 3143 si
1361 3090 1694 3144 Sauromata:
1713 3091 1842 3142 tales
1873 3092 2179 3142 rxsistentes
2198 3099 2382 3142 contra

2461 615 2692 667 cheuus.
2736 611 3005 666 Prteteoea
3047 608 3250 663 Valens
3294 609 3442 663 omni
3483 609 3716 664 ecclesia
3761 609 4048 662 devastata

2463 706 2608 758 venit
2653 703 2946 758 Caesariem
2998 705 3066 755 ab
3097 701 3344 764 Oriente,
3383 709 3574 754 contra
3615 700 4048 756 sacratissimum
4135 735 4138 738 ~

2464 796 2722 849 Basiliam
2747 794 3178 860 insaniens;qui
3207 795 3454 862 egitqua'e
3485 808 3715 862 magnus
3749 791 4048 861 Gregor'tts

2465 888 2517 939 in
2549 886 2830 953 epitaphio
2867 885 3052 939 Basilii
3094 887 3295 954 arguit.
3333 885 3538 938 Deinde.
3577 900 3705 937 vero
3740 885 3912 936 Mavia
3947 883 4053 937 Sa-

2469 994 2791 1033 racenorum
2854 980 3038 1049 regina
3096 980 3265 1030 multa
3325 979 3464 1031 mala
3529 977 3793 1031 Romanis
3846 976 4054 1029 faciens

2471 1085 2650 1137 pacem
2693 1071 2964 1143 qua-sivit,
3015 1080 3068 1124 et
3111 1069 3296 1124 Mosen
3346 1071 3636 1138 quemdam
3667 1070 4052 1136 religiosorum

2469 1161 2522 1212 in
2571 1174 2756 1213 eremo
2809 1162 3268 1214 rommorantium
3311 1164 3628 1232 episcopum
3665 1161 3782 1214 dari
3824 1162 4052 1214 δωρο-

2470 1251 2576 1312 nis,
2611 1252 2703 1320 qui
2729 1251 2876 1320 apud
2905 1268 2963 1306 se
2991 1253 3505 1312 ehristianizahant.
3535 1255 3780 1320 expetiit.
3816 1254 4059 1322 Impera-

2473 1355 2586 1395 tore
2619 1355 2798 1398 autem
2831 1345 3090 1399 alacriter
3122 1347 3226 1399 hoc
3261 1348 3514 1408 faciente,
3536 1347 3750 1417 Moyses
3784 1365 3983 1401 non....
4025 1364 4057 1399 a

2470 1436 2717 1490 Lueiano
2748 1438 2954 1490 Ariano
2988 1441 3323 1500 consecrari,
3360 1437 3453 1491 sed
3494 1455 3521 1490 a
3562 1439 3799 1505 quodam
3835 1441 4058 1508 episco-

2472 1543 2664 1595 porum
2709 1529 2803 1596 qui
2842 1529 2895 1581 in
2931 1520 3095 1582 eXiIio
3129 1531 3346 1583 fuerant
3378 1549 3390 1592 ;
3434 1531 3577 1598 quod
3624 1539 3677 1584 et
3711 1531 3909 1583 factum
3946 1541 4055 1583 est.

2475 1617 2586 1672 Hoc
2644 1631 2904 1687 suscepto
2955 1620 3129 1673 Mavia
3182 1623 3382 1674 tnttltos
3417 1623 3758 1674 Christianos
3790 1621 3856 1674 de
3891 1620 4062 1673 Sara-

2471 1715 2624 1767 cenis
2672 1715 2870 1768 effecit.
2923 1717 3092 1769 Aiunt
3126 1726 3306 1770 autem
3337 1719 3462 1786 quia
3501 1726 3554 1771 et
3588 1718 3702 1786 ipsa
3744 1717 4058 1769 Chri~tiana

2471 1815 2630 1879 erat.
2680 1808 2902 1863 natione
2955 1809 3220 1873 Romana,
3279 1822 3330 1863 et
3385 1813 3600 1879 captiva
3633 1813 3794 1864 ducta
3855 1811 4063 1880 placuit.

2476 1887 2692 1968 propter
2743 1901 3164 1969 pulcritudinem
3217 1903 3330 1973 regi
3394 1883 3832 1963 Saracenorum,
3876 1913 3926 1956 et
3980 1908 4062 1956 sic

2476 2007 2706 2059 regnum
2740 1992 3001 2046 obtinuit.
3033 1994 3234 2047 Scribit
3270 2011 3397 2047 vero
3434 1996 3599 2046 multa
3636 1995 3700 2047 de
3731 1997 3916 2047 eodem
3965 2011 4061 2062 ge.-

2475 2099 2602 2137 nere
2637 2083 3166 2147 Sozomenus,‘unde
3194 2088 3460 2154 originem
3493 2087 3696 2154 ceperit
3721 2096 3772 2139 et
3805 2087 3947 2138 unde
3977 2088 4063 2140 sic

2476 2186 2848 2245 nuncupetur,
2881 2189 2935 2231 et
2965 2179 3108 2246 quod
3149 2179 3215 2230 13
3244 2195 3386 2231 anno
3409 2179 3856 2232 circumcidatur.
3887 2179 4062 2232 Porro

2474 2268 2638 2322 Gellii
2671 2269 2740 2321 ab
2771 2267 2982 2322 Hnnnis
3007 2271 3308 2338 impngnati
3339 2271 3602 2322 auxilium
3634 2272 3699 2321 ab
3732 2272 4062 2338 imperatore

2477 2360 2778 2430 posxulant,
2808 2373 2861 2414 et
2883 2378 2976 2430 per
2999 2362 3231 2415 llulfiam
3251 2364 3569 2431 episcopum
3597 2378 3755 2416 sumn
3773 2364 4033 2414 Arianor-
4050 2403 4062 2412 .

2476 2455 2567 2523 qui
2604 2463 2850 2507 moratus
2879 2456 2984 2509 sub
3011 2456 3332 2509 Constantio
3371 2456 3545 2509 fuerat
3573 2472 3695 2510 cum
3733 2456 3977 2508 Eudoxio
4009 2467 4068 2507 et

2478 2546 2679 2597 Acacio
2722 2546 2961 2601 Arianis.
3008 2549 3108 2600 Hic
3152 2547 3362 2602 Gothos
3399 2549 3630 2603 Arianos
3681 2564 3800 2602 esse
3851 2549 4063 2609 docuit,

2477 2645 2569 2713 qui
2603 2643 2826 2697 adunati
2861 2642 3028 2694 ferme
3057 2640 3244 2704 viginti
3271 2640 3491 2692 Graec-ire
3517 2639 3916 2707 depopulantur
3934 2651 4068 2705 pro-

2481 2735 2713 2786 vincies.
2736 2732 2856 2796 Quo
2885 2728 3073 2783 audito
3097 2726 3318 2792 Valens,
3343 2745 3464 2780 eum
3486 2731 3788 2782 Antiochiar
3818 2731 4068 2795 degeret.

2483 2826 2626 2879 venit
2687 2822 3249 2890 Constantinopolim.
3311 2823 3556 2891 Byzantii
3612 2837 3742 2872 vero
3801 2822 4069 2874 conviei-s

2484 2918 2636 2969 illum
2671 2925 2856 2982 utpote
2893 2913 3190 2964 invalidum
3222 2923 3274 2966 et
3312 2913 3578 2964 bellorum
3614 2913 3857 2978 fugat-eat
3896 2926 4069 2961 ara-et.-

2486 3007 2786 3059 mulabant.
2825 3005 3074 3056 llisaeius
3104 3012 3311 3060 autem.
3345 3019 3501 3056 saet-r
3533 3003 3852 3061 tttmtacitzts,
3875 3013 4071 3052 ει-ειτιιεε

2487 3099 2700 3151 frenum
2733 3097 2858 3163 equi
2913 3096 3177 3154 Valentis.
3209 3111 3333 3147 eum
3381 3096 3678 3147 novissime
3718 3096 4068 3159 egrederetur

807 3185 1072 3238 Romanos
1101 3185 1404 3250 insurgunt.
1438 3181 1512 3234 Ex
1546 3183 1892 3233 animositate
1921 3189 2100 3233 autem
2138 3181 2300 3232 nimia
2328 3187 2381 3230 et
2407 3227 2449 3282 C
2491 3193 2543 3245 in
2576 3191 2845 3258 ρι-ωιίηητ,
2875 3189 2946 3240 ait
2989 3190 3052 3240 ad
3087 3205 3210 3241 eum
3247 3206 3258 3240 :
3296 3188 3410 3252 Quo
3444 3188 3611 3245 radis,
3646 3188 3931 3252 imperator
3967 3201 4072 3234 or:-

811 3291 1069 3330 manuum
1093 3277 1288 3344 plausu
1322 3290 1456 3327 vena
1491 3276 1686 3332 tecisa,
1723 3283 1772 3324 et
1807 3273 2044 3341 plurimo
2068 3283 2382 3338 erumpente

811 3366 1094 3436 sanguine,
1151 3367 1202 3418 itt
1257 3365 1490 3432 quodam
1544 3363 1840 3430 municipio
1894 3362 2079 3415 Galliae
2133 3363 2385 3415 moritur.

812 3463 980 3516 Porro
1017 3459 1214 3512 Valens
1237 3459 1532 3526 Trajanum
1567 3460 1940 3525 magistratum
1969 3466 2155 3507 rontra
2183 3456 2386 3509 Gothos

813 3552 1089 3621 Illivilﬂ’llli
1127 3553 1307 3604 victus
1333 3550 1690 3618 igilOll:i::iO.‘C
1722 3565 1973 3602 reversus
2003 3556 2104 3601 est.
2136 3547 2234 3600 Cui
2263 3561 2386 3617 cum

813 3648 1014 3700 Valens
1043 3644 1321 3697 mollitiem
1357 3645 1736 3708 exprobraret,
1781 3641 2059 3708 respondit
2086 3657 2097 3691 :
2151 3638 2268 3691 Νυη
2299 3655 2388 3704 ego

813 3754 928 3790 sum
955 3737 1143 3795 rictus,
1171 3730 1475 3801 imperator,
1509 3732 1598 3783 sed
1636 3744 1712 3791 tu,
1745 3733 1834 3800 qni
1871 3742 2052 3783 contra
2087 3729 2253 3782 Deum
2295 3745 2390 3794 pn—

814 3844 944 3894 gnas
1002 3834 1051 3878 et
1105 3822 1348 3876 barbaris
1399 3833 1582 3873 nutum
1631 3821 1744 3888 ejus
1805 3822 2076 3872 concilias.
2126 3820 2392 3871 Damasus

817 3926 996 3969 autem
1059 3913 1340 3967 Romanus
1402 3923 1455 3965 et
1513 3911 1704 3965 Petrus
1772 3911 2175 3965 Atexandrinus
2231 3911 2387 3979 primi

818 4009 1181 4063 Sibbatianos
1209 4007 1715 4059 condemnaveruut
1743 4021 1758 4065 ;
1783 4015 1831 4058 et
1863 4004 2062 4073 impius
2092 4002 2394 4055 Eunomius

819 4100 1165 4167 przesumpsit
1205 4099 1261 4150 in
1302 4113 1410 4150 uua
1465 4100 1738 4150 mersioue
1780 4096 2047 4164 baptisma
2094 4095 2393 4156 celebrare,

821 4206 929 4242 non
948 4205 1000 4242 tu
1027 4188 1313 4252 'l‘ri-nitate,
1341 4189 1434 4242 sed
1463 4189 1513 4240 in
1535 4187 2197 4254 morteChristiloportere
2224 4186 2395 4255 baptit-

819 4295 947 4331 zare
977 4278 1186 4343 dicens,
1229 4287 1283 4332 et
1310 4294 1406 4333 cos
1438 4279 1528 4347 qui
1557 4279 1610 4331 in
1645 4275 1913 4333 Tt'initate
1955 4278 2214 4346 baptizati
2241 4281 2397 4332 erant

820 4371 1216 4440 rebaptizabat.
2073 4355 2077 4358 ’

896 4462 996 4514 l'er
1045 4461 1186 4514 idem
1229 4469 1445 4531 tempus
1490 4471 1542 4515 ct
1587 4475 1819 4529 magnus
1857 4459 2093 4529 Ephrem
2131 4462 2186 4514 in
2217 4461 2399 4516 studio

2489 3299 2666 3336 versus
2709 3281 2872 3333 Deum
2905 3295 3142 3347 pugnans
3173 3292 3218 3331 et
3262 3278 3422 3330 Deum
3457 3278 3814 3329 adrersnriuut
3836 3276 4072 3328 habens?

2490 3377 2661 3436 Quem
2699 3374 2870 3424 iratus
2912 3373 3121 3422 carceri
3154 3369 3399 3422 tradidit.
3435 3381 3662 3437 mortem
3703 3369 3772 3419 illi
3807 3370 4072 3423 minatus.

2492 3466 2551 3518 si,
2578 3464 2800 3525 rediret,
2836 3467 3295 3531 quemadmmlum
3326 3461 3539 3513 )licheae
3559 3459 3831 3526 quondam
3857 3459 4070 3510 .-\t-h:tl'-.

2494 3557 2621 3610 Post
2663 3556 3036 3624 egressionem
3084 3562 3262 3606 autem
3291 3555 3408 3621 ejus
3442 3553 3660 3620 quidam
3691 3569 3750 3603 ev
3797 3555 3908 3603 suis
3942 3567 4077 3599 eo»-

2495 3649 2625 3703 fessi
2678 3660 2808 3702 sunt
2847 3647 2991 3715 quod
3047 3649 3362 3714 praeceperit
3417 3645 3783 3697 tiivina:iones
3835 3644 3945 3694 fieri
4011 3644 4079 3689 tl.-

2495 3743 2698 3810 impetn
2732 3741 2879 3804 belli,
2913 3739 3056 3808 quod
3087 3739 3190 3792 sibi
3213 3722 3552 3790 imminebat.
3589 3737 3708 3800 Quo
3731 3751 3852 3787 eum
3880 3732 3921 3784 (ἰ
3947 3737 4078 3785 ulti:

2497 3834 2630 3886 inito
2660 3843 2951 3902 superatus
2974 3831 3112 3900 fugit
3145 3831 3199 3883 itt
3233 3828 3526 3903 qtmmdam
3560 3828 3964 3880 όιηιιιιηοιιιειτη.
4010 3832 4078 3878 ενι

2495 3938 2658 3992 quam
2694 3939 2817 3976 cum
2851 3923 3064 3975 barbari
3099 3920 3743 3990 pervenissent,domum
3778 3918 4080 3971 incenden-

2497 4025 2602 4076 tes,
2646 4015 2988 4082 ignorantes,
3019 4029 3211 4066 omnes
3244 4013 3335 4080 qui
3377 4012 3430 4064 in
3467 4012 3553 4064 illa
3589 4021 3749 4063 erant
3797 4025 4086 4063 etemave-

2499 4116 2645 4159 runt.
2676 4106 2843 4158 Aiunt
2869 4115 3051 4158 autem
3094 4104 3238 4173 qttod
3273 4103 3492 4156 divinus
3521 4101 3772 4156 llisaeins
3805 4103 3856 4154 in
3892 4118 4084 4152 earl-c-

2501 4213 2557 4251 re
2581 4197 2795 4251 fmtoris
2820 4198 3126 4259 Valentem,
3147 4199 3277 4248 dum
3305 4206 3666 4252 cremaretur,
3693 4195 3873 4246 divina
3902 4195 4082 4259 gratia

2497 4301 2553 4344 et
2597 4289 2792 4342 anima:
2825 4289 3096 4342 munditia
3136 4285 3568 4355 deprehenderet
3594 4325 3608 4347 ,
3658 4287 4084 4354 praedivet'itque

2502 4382 2977 4449 interemptionem
3002 4381 3122 4447 ejus
3142 4379 3227 4433 his
3251 4379 3341 4446 qui
3371 4393 3559 4432 secum
3585 4389 3762 4439 erant,
3790 4387 4082 4444 antequam

2502 4473 2680 4528 nuntii
2712 4473 3060 4526 advenissent
3087 4473 3176 4541 qui
3214 4480 3364 4539 gesta
3405 4470 3572 4538 praelii
3604 4471 3932 4522 nuntiarent.
3959 4465 4084 4532 Quo

823 4563 876 4607 ct
899 4553 1082 4606 divina
1113 4553 1365 4606 doctrina
1407 4551 1668 4621 fulgebat,
1707 4551 1905 4605 multos
1936 4552 2156 4620 quidem
2188 4567 2401 4606 sermo-
2433 4573 2478 4630 η
2506 4571 2788 4632 comperio
2823 4562 3122 4615 Gratianus
3155 4561 3439 4628 Augusms
3473 4558 3841 4611 Theodosium
3894 4559 4086 4626 Αυειι-

824 4661 924 4700 nes
953 4646 1245 4710 aseetieos,
1283 4645 1468 4712 plures
1514 4651 1697 4697 autem
1737 4643 2080 4712 degtnaticos
2118 4659 2186 4697 ex
2215 4645 2402 4699 divino

826 4741 1032 4806 Spiritu
1069 4751 1357 4792 emanans.
1397 4736 1656 4801 Quaedam
1697 4743 1876 4788 autem
1923 4736 2402 4805 studiorum..ejus

821 4836 987 4884 etiam
1020 4832 1289 4884 cantanda
1323 4829 1476 4900 Syris
1494 4829 1738 4890 tradidit,
1755 4843 1850 4897 per
1879 4829 2048 4883 melos
2079 4830 2402 4898 pertrahens

827 4924 1192 4992 antiquiores.
1220 4923 1388 4976 Aiunt
1419 4923 1602 4990 itaque
1643 4930 1914 4975 trecentas
1960 4937 2082 4974 eum
2123 4920 2400 4991 myriadas

829 5031 1084 5069 versuum
1105 5012 1504 5073 edidisse,vere
1535 5012 1716 5065 divina
1743 5012 2010 5082 sapientia
2031 5011 2403 5074 conditorum,

827 5109 886 5163 in
925 5109 1125 5176 quibus
1155 5105 1403 5160 invenitis
1436 5104 1753 5159 discendam
1785 5105 1886 5157 viri
1913 5106 2192 5158 virtutem.

905 5199 1086 5252 Mundi
1112 5213 1255 5252 anno
1278 5196 1441 5258 5868,
1465 5196 1662 5249 divinte~
1687 5196 2082 5249 incarnationis
2112 5209 2255 5247 anno
2280 5192 2403 5255 568.

830 5291 1281 5346 Messalianorum
1347 5276 1591 5353 hari'esis,
1656 5289 1708 5342 id
1762 5300 1866 5350 est,
1927 5288 2294 5341 Euchetarum
2355 5295 2410 5338 et

836 5383 1337 5446 lintlmsiastarum,
1366 5391 1554 5455 exorta
1581 5374 1690 5435 est.
1714 5380 1776 5434 Hi
1803 5380 2112 5450 psallentes
2152 5369 2412 5431 incedunt

828 5482 890 5526 et
923 5472 1175 5526 manibus
1209 5471 1495 5541 plaudunt,
1529 5487 1649 5540 quae
1693 5473 1832 5540 apud
1869 5470 2033 5524 David
2057 5479 2186 5524 sunt
2226 5470 2412 5522 insen-

835 5573 958 5617 sate
1006 5577 1069 5615 ac
1104 5562 1362 5615 velociter
1403 5564 1754 5630 excipientes.
1811 5559 1986 5628 Hujus
2038 5557 2426 5614 haeresiarchas

843 5653 1051 5708 ILadoes
1102 5663 1157 5707 et
1202 5653 1413 5707 Sabbas
1458 5662 1508 5706 et
1545 5655 1843 5723 Adelphius
1895 5655 2321 5714 exstiterunt,et
2357 5660 2414 5704 ut

836 5748 1063 5814 quidam
1107 5748 1259 5799 aiunt
1297 5747 1616 5800 Eustathius
1661 5745 2038 5809 Sebastenus;
2080 5743 2280 5812 quibus
2329 5759 2413 5796 rc-

837 5843 1027 5896 siitere
1095 5839 1306 5894 fortiter
1357 5842 1762 5910 Amphilochius
1813 5839 2142 5897 Iconieusis,
2203 5835 2412 5888 Litoius

2510 4652 2654 4709 stum
2710 4655 2888 4707 induit
2938 4661 2991 4705 et
3029 4653 3321 4721 appellavit
3357 4638 3766 4724 imperatorem.
3801 4659 3855 4702 et
3887 4661 4085 4701 contra

2505 4744 2743 4798 Gothos
2774 4745 2995 4797 direxit.
3028 4743 3237 4796 Gothos
3279 4754 3460 4795 autem
3495 4743 3656 4810 vulgo
3705 4741 3933 4810 Scythas
3973 4740 4083 4792 diri

2507 4836 2782 4904 'I‘rajanus
2816 4833 3080 4904 patricius
3108 4834 3358 4902 perhibet
3393 4834 3445 4886 in
3468 4833 3717 4886 historia.
3741 4831 3866 4884 Erat
3901 4840 4084 4882 autem

2507 4926 2852 4995 Theodosius
2877 4926 3220 4979 orthodoxus
3240 4933 3292 4978 et
3317 4926 3368 4978 in
3406 4925 3559 4978 bellis
3591 4924 3878 4976 mirabilis.
3917 4921 4088 4973 Ριιτιιν

2508 5016 2800 5071 Gratianus
2852 5024 2908 5070 et
2960 5015 3378 5070 Valentinianus
3439 5015 3554 5082 lege
3612 5016 3735 5066 data
3799 5014 4089 5079 episcopos

2509 5109 2706 5163 exsilio
2741 5119 3153 5168 revocaverunt,
3174 5109 3408 5163 Arianos
3432 5118 3608 5161 autem
3644 5108 3916 5176 persecuti
3938 5108 4097 5163 sum,

2512 5197 2748 5252 Datnaso
2781 5208 3118 5268 cooperante
3149 5214 3287 5268 papa
3325 5200 3589 5251 Romano.

2585 5287 2769 5341 Mundi
2795 5304 2942 5342 anno
2959 5287 3119 5352 5874,
3142 5289 3342 5342 divinae
3362 5289 3763 5340 incarnationis
3787 5301 3932 5339 anno
3956 5286 4084 5343 371.

2513 5379 2862 5432 Theodosius
2915 5379 3173 5446 imperat,
3237 5380 3400 5447 cujus
3448 5381 3661 5446 imperii
3712 5381 3906 5447 quinto
3944 5397 4091 5433 anno

2519 5481 2708 5525 sancta
2751 5481 2805 5524 et
2849 5472 3180 5525 universalis
3240 5457 3486 5525 secunda
3525 5473 3770 5540 synodus
3816 5474 4092 5526 celei-rata

2525 5572 2631 5621 est.
2660 5563 2748 5615 cui
2769 5562 3035 5631 praefuere
3053 5561 3372 5616 Timotheus
3387 5563 3810 5624 Alexandrinus,
3845 5563 4095 5618 alt-trtius

2521 5655 2925 5716 Antiochenus,
2952 5653 3192 5722 Cyrillus
3225 5653 3754 5724 llicrosolytnitanus
3785 5666 3841 5709 et
3870 5655 4094 5710 divinus

2515 5747 2816 5814 Gregorius
2849 5746 3513 5816 Constantiuopzilitanus;
3567 5747 3626 5800 Hi
3667 5766 3794 5802 vero
3825 5754 3916 5814 qui
3961 5767 4026 5801 cn
4059 5775 4086 5801 'I

2519 5838 2836 5890 Macedonio
2872 5853 3093 5892 sensi-re
3123 5842 3349 5908 triginta
3387 5857 3478 5894 sev
3501 5842 3742 5909 epist-cpi
3767 5842 4038 5893 adhortati
4068 5855 4095 5894 τι
