4440 6446
390 411 520 474 1221

1163 390 1526 452 HISTORIA
1563 385 2135 447 ECCIESHSTICA
2161 385 2260 443 EX
2286 382 2746 443 THEOPHANE

3517 374 3654 440 1222’.

388 521 648 578 I‘atrihus
667 515 924 584 dogmata
949 510 1163 563 Nicaena
1184 508 1487 573 suscipere,
1507 501 1808 557 secumlum
1831 500 1974 570 quod
2003 504 2054 561 Α
2082 499 2356 554 Praeterea
2388 514 2511 552 cum
2551 498 2848 567 imperatur
2869 495 3092 547 Romam
3129 491 3392 556 venisset,
3415 491 3654 548 accessit

389 611 681 668 .tLibcrio
715 603 1166 675 repimnittentes
1211 600 1425 651 libellos
1463 603 1824 666 perrexerant
1857 613 1870 643 :
1909 593 1964 647 hi

389 708 481 777 qui
512 711 660 760 circa
716 699 997 755 Silvanum
1024 703 1180 749 erant
1215 691 1444 744 Romam
1484 689 1820 751 transmissi,
1877 701 1966 738 rc-

395 804 634 852 nuerunt
671 791 884 846 veritati
925 787 1298 856 acquiescere,
1353 790 1406 836 et
1434 790 1784 835 recesserunt
1820 777 1968 831 risus

394 891 648 943 omnibus
680 886 829 949 facti,
857 883 958 936 alia
977 882 1278 935 sentientes
1292 886 1344 930 et
1373 873 1478 927 alia
1503 873 1843 941 pollicentes.
1879 885 1966 922 Se-

393 983 640 1038 ductorie
663 978 864 1032 Liberii
898 974 1159 1044 epistolas
1187 979 1550 1041 reportantes,
1590 965 1964 1020 testimonium

393 1075 495 1128 sibi
535 1072 888 1143 pcrhibentes
920 1065 1283 1121 orthodoxite.
1320 1060 1521 1115 Sancta
1559 1072 1688 1112 vero
1723 1055 1967 1127 synodus

391 1166 658 1235 Gregorio
681 1164 939 1231 dciloquo
977 1160 1356 1227 episcopatum
1385 1149 1967 1238 .Cmtstantiuopolcos

394 1255 694 1318 roboravit,
717 1263 770 1307 et
794 1254 940 1306 hunc
964 1253 1194 1304 invitum
1224 1249 1274 1300 in
1302 1249 1502 1300 throno
1529 1243 1748 1304 locavit,
1777 1251 1968 1310 utpote

395 1349 626 1402 multum
663 1347 1004 1399 laborantem
1048 1353 1098 1396 et
1129 1343 1319 1394 urbem
1356 1355 1382 1389 a
1431 1337 1655 1391 laesione
1685 1337 1967 1388 haereseos

394 1441 734 1494 liberantem.
755 1437 1002 1504 Cumque
1024 1434 1312 1488 didicisset
1344 1429 1609 1499 quosdam
1637 1442 1700 1479 ex
1736 1425 1967 1495 {Egypto

393 1529 838 1600 sapientissimus
859 1535 912 1580 et
930 1525 1283 1580 beatissimus
1307 1524 1409 1578 iste
1428 1524 1556 1576 huic
1587 1522 1662 1575 rei
1698 1521 1964 1599 invidere,

391 1603 783 1690 cetttpositorio
815 1633 1069 1674 sermone
1101 1627 1324 1670 ostenso
1357 1622 1554 1682 sponte
1591 1633 1617 1665 a
1648 1614 1847 1667 throno
1879 1628 1969 1662 re-

393 1713 612 1782 gnantis
663 1710 813 1764 urbis
847 1708 1154 1772 abscessit;
1215 1721 1326 1774 quo
1385 1706 1644 1758 thronum
1694 1703 1966 1756 refutante

393 1805 704 1860 Nectarium
746 1805 1042 1869 imperator
1073 1810 1128 1854 et
1151 1797 1395 1868 synodus
1427 1797 1697 1867 provehit,
1727 1795 1963 1848 Tarsen-

392 1911 505 1950 sem
535 1910 732 1966 genere
761 1903 814 1948 et
840 1891 1098 1962 praetorio
1133 1901 1264 1943 ttme
1305 1891 1740 1959 principantem;
1775 1889 1866 1952 qui
1894 1888 1963 1939 li-

389 1992 478 2038 cet
516 1985 757 2038 nondum
784 1983 1092 2052 baptizatus
1126 1989 1296 2042 esset,
1348 1979 1639 2046 religiosus
1693 1987 1873 2029 tamen
1904 1984 1959 2028 et

394 2077 516 2128 vita:
567 2075 1062 2129 venerabilis-erat.
1115 2070 1288 2126 Porro
1337 2081 1524 2124 sancta
1558 2069 1962 2124 etuniversalis

393 2166 639 2237 synodus
701 2167 1021 2219 homousiou
1079 2162 1358 2224 firmavit,
1413 2145 1623 2214 addidit
1671 2170 1854 2214 autem
1912 2170 1966 2213 et

393 2255 639 2325 symbolo
662 2255 986 2324 theOIOgiam
1009 2253 1245 2322 Spiritus
1262 2255 1458 2308 sancti.
1484 2252 1637 2305 Tune
1665 2253 1962 2320 Gregorius

393 2349 645 2402 Nicsenus
671 2347 725 2400 in
763 2348 862 2400 hac
892 2355 945 2400 et
970 2345 1218 2411 Pelagius
1249 2344 1618 2413 EuIOgiusqne
1652 2343 1960 2396 Edrssenus

391 2451 445 2494 et
481 2440 778 2494 Iconicnsis
815 2437 1224 2506 Amphilochius
1260 2439 1627 2492 coruscabant
1675 2453 1798 2488 eum
1835 2452 1952 2488 ma-

392 2547 500 2602 gno
532 2531 796 2598 Gregorio
826 2540 878 2581 et
910 2530 1041 2584 viris
1081 2528 1346 2598 praefatis.
1373 2529 1602 2596 Magnus
1634 2541 1816 2580 autent
1851 2527 1964 2579 Me-

397 2624 556 2678 lctius
593 2624 986 2682 Antiochenus,
1045 2630 1335 2689 postquam
1372 2620 1615 2690 synodus
1647 2631 1728 2672 est
1791 2621 1960 2682 finita,

390 2715 652 2769 dormivit
691 2715 744 2766 in
786 2729 938 2781 pace.
975 2713 1278 2765 Ordinatus
1315 2724 1497 2764 autem
1534 2721 1616 2764 est
1668 2710 1964 2765 Flavianus

395 2807 702 2860 Antiochia}
735 2805 951 2874 praesul,
991 2806 1204 2857 vivente
1240 2805 1476 2870 quodam
1499 2803 1747 2865 Paulino,
1771 2820 1966 2868 quam-

393 2915 556 2967 quam
591 2899 728 2951 idem
749 2896 1039 2951 Flavianus
1064 2897 1319 2964 praestitis
1349 2894 1649 2948 lirmavcrit
1676 2893 1965 2960 jurameu-

395 2992 464 3043 tis
499 3005 773 3057 nunquam
819 3005 878 3043 se
911 3005 1107 3042 manus
1175 2989 1579 3056 impOsitiunem
1611 2990 1964 3054 cpisc0patus

397 3082 669 3135 ullatenus
701 3080 1092 3134 admissurum.
1122 3078 1324 3133 lterum
1350 3093 1481 3148 ergo
1505 3079 1742 3132 tttrbatio
1777 3079 1966 3133 Eccle-

395 3175 532 3228 siam
565 3174 846 3226 obtinebat
868 3172 1290 3235 Antiochenam,
1315 3172 1433 3224 aliis
1463 3173 1680 3237 quidem
1713 3171 1962 3237 Paulino,

396 3263 514 3317 aliis
547 3277 677 3316 vero
718 3261 979 3314 Flaviano
1023 3263 1364 3330 parentibus.
1411 3262 1566 3329 Apud
1619 3262 1964 3314 Palaestinam

397 3354 600 3406 veroin
620 3353 850 3406 castello
871 3351 1308 3406 Etutnausnatus
1344 3364 1425 3406 est
1482 3369 1617 3422 puer
1668 3353 1962 3422 perfectus,

395 3449 463 3498 ab
513 3445 770 3497 umbilico
800 3455 854 3497 et
885 3460 1106 3498 sursum
1145 3445 1378 3506 divisus,
1411 3445 1481 3498 ita
1513 3456 1566 3496 ut
1600 3445 1825 3498 haberet
1857 3447 1966 3497 duo

395 3547 616 3606 pectora
673 3546 726 3591 et
758 3536 868 3590 duo
900 3539 1104 3606 capita,
1138 3547 1192 3590 et
1252 3539 1636 3606 unusquisque
1660 3553 1879 3601 sensus,
1911 3547 1967 3592 ct

393 3645 536 3684 unus
576 3630 768 3684 edebat
806 3640 860 3683 et
894 3631 1132 3693 bibebat,
1157 3638 1211 3681 et
1238 3631 1376 3682 alter
1428 3646 1534 3682 non
1559 3630 1788 3695 edebat;
1822 3647 1965 3685 unus

392 3721 717 3783 dormiebat,
765 3731 820 3774 et
864 3722 1001 3773 alter
1042 3720 1319 3788 vigilabat.
1371 3719 1775 3783 Nonnunquam
1836 3739 1966 3776 vero

390 3821 446 3865 et
475 3815 637 3866 simul
665 3814 927 3866 ludebant
957 3811 1024 3865 ad
1059 3814 1408 3877 alterutrum,
1441 3824 1491 3865 et
1515 3814 1676 3866 flebat
1709 3823 1958 3883 uterque,

388 3914 444 3957 et
475 3904 852 3974 percutiebant
880 3905 1134 3958 invicem.
1163 3902 1336 3958 Porro
1381 3906 1566 3958 vixere
1598 3905 1760 3970 annis
1794 3904 1966 3959 ferme

389 3996 626 4060 duobus,
667 4007 720 4050 et
777 4011 922 4050 unus
955 3996 1178 4065 quidem
1210 4007 1466 4050 mortuus
1519 4005 1624 4061 est,
1667 3998 1804 4050 alter
1836 4013 1966 4052 vero

391 4091 737 4144 vixitdiebus
764 4101 1020 4160 quatuor,
1047 4099 1102 4146 et
1133 4099 1381 4146 mortuus
1412 4101 1497 4146 est
1549 4102 1603 4146 et
1629 4094 1762 4162 ipse.
1789 4091 1965 4146 Theo-

389 4182 580 4236 dosius
637 4193 818 4235 autem
867 4183 1158 4238 undecimo
1214 4185 1425 4252 imperii
1476 4185 1557 4239 sui
1614 4202 1757 4238 anno
1817 4187 1964 4238 venit

390 4290 516 4328 eum
543 4273 786 4328 Honorio
811 4275 921 4329 filio
962 4291 1062 4329 suo
1091 4274 1345 4343 Romam,
1377 4287 1432 4331 et
1464 4281 1664 4332 locavit
1706 4297 1827 4332 eum
1863 4282 1964 4333 itii-

393 4377 694 4432 peratorem
737 4368 788 4420 in
822 4383 906 4420 ea.

466 4456 648 4511 Mundi
679 4473 824 4512 anno
848 4460 1008 4516 5890.
1028 4460 1226 4514 divinae
1249 4461 1645 4516 incarnationis
1670 4479 1813 4515 anno
1835 4463 1961 4529 590,

2073 593 2137 644 ad
2173 607 2296 645 eum
2322 592 2618 658 episcopus
2649 586 2883 642 consilio
2921 584 3220 640 Innocentii
3247 581 3482 636 Romani
3518 597 3653 652 pono

2071 683 2256 746 tificis,
2289 691 2480 737 contra
2514 681 2830 735 Flavianqu
2865 678 3182 747 episcopum
3220 677 3652 731 Antiochenum.

2070 774 2372 844 Imperator
2401 782 2603 836 autem,
2623 788 2684 825 ea
2710 788 2828 841 quze
2854 768 2919 822 ad
2955 785 3142 835 pacem
3172 777 3297 823 sunt
3320 768 3646 829 admonens,

2071 881 2167 918 eos
2240 865 2412 918 ttnivit
2473 875 2590 933 post
2631 863 2817 917 decem
2879 871 2930 915 et
2967 873 3176 931 septem
3229 861 3651 927 annos,jubcus

2070 959 2388 1026 episcopum
2421 961 2487 1010 de
2519 956 2740 1011 Oriente
2773 959 3000 1008 Itomam
3034 954 3240 1016 venire,
3279 967 3404 1005 cum
3443 967 3550 1022 quo
3597 959 3650 1006 et

2073 1051 2360 1106 Beroensis
2393 1049 2630 1103 Aeacius
2654 1047 2858 1102 missus
2883 1057 2986 1099 est.

2140 1143 2326 1197 Mundi
2385 1157 2528 1195 anno
2567 1140 2725 1201 5890,
2790 1140 2992 1193 divinzc
3051 1137 3458 1192 incarnationis
3507 1150 3653 1190 anno

2070 1238 2194 1303 590,
2234 1239 2501 1291 Arcadius
2554 1252 2676 1291 cum
2712 1233 2957 1288 Honorio
2988 1233 3242 1301 imperat,
3298 1233 3457 1300 cujus
3495 1240 3653 1286 sexto

2073 1331 2284 1398 imperii
2307 1345 2450 1384 anno
2486 1327 2772 1383 Nectarius
2817 1327 3070 1380 moritur.
3105 1323 3442 1391 Theophilus
3473 1332 3651 1375 autem

2069 1427 2362 1494 cpiscopus
2386 1424 2792 1478 Alexandrinus
2817 1436 2938 1473 cum
2966 1423 3204 1480 adesset,
3233 1415 3465 1470 Joannis
3483 1415 3657 1484 Chry-

2072 1520 2298 1573 sustomi
2335 1517 2623 1586 prohibere
2679 1513 2963 1580 satagehat
2996 1511 3342 1570 electionem,
3383 1505 3652 1559 Isidorum

2068 1611 2359 1682 quemdam
2393 1609 2769 1679 presbyterum
2800 1621 2983 1662 suum.
3028 1604 3117 1672 qui
3148 1603 3248 1654 sibi
3301 1599 3656 1654 ministrave-

2069 1717 2174 1766 rat,
2224 1702 2448 1772 dignum
2497 1700 2820 1768 episropalu
2892 1694 3056 1762 regia:
3113 1693 3268 1746 urbis
3327 1692 3653 1745 testificans.

2072 1799 2373 1865 Imperator
2423 1801 2605 1848 autem
2639 1803 2691 1846 et
2753 1800 2866 1843 tota
2911 1789 3105 1840 civitas
3146 1785 3411 1840 Joannem
3449 1772 3516 1837 ab
3550 1785 3657 1836 Au-

2005 1882 2043 1934 Β
2075 1888 2274 1942 tiochia
2334 1888 2399 1940 ad
2435 1887 2486 1939 id
2519 1886 2588 1938 ab
2623 1885 2744 1952 ipso
2801 1892 3050 1934 vocatum
3095 1878 3410 1933 consecrari
3459 1877 3652 1929 voluit.

2078 1983 2201 2035 Iirat
2233 1983 2378 2034 enim
2409 1978 2649 2032 Joannes
2685 1993 2746 2030 ex
2780 1973 3110 2028 clarissimis
3167 1969 3650 2026 Antiochensium,

2077 2086 2227 2144 patre
2261 2069 2510 2125 Secundo
2538 2079 2590 2122 et
2624 2067 2874 2122 Anthusa
2911 2073 3083 2116 matre
3124 2061 3360 2128 genitus.
3399 2059 3496 2112 Hic
3528 2074 3651 2110 eum

2073 2177 2215 2221 esset
2247 2164 2646 2219 disertissimus
2678 2175 2740 2212 ex
2768 2158 2950 2209 divina
2983 2156 3218 2206 maxime
3251 2151 3450 2221 gratia.
3486 2151 3650 2201 etiam

2076 2258 2363 2313 acerrimis
2400 2256 2683 2325 gentilium
2730 2250 2994 2319 sophistis
3021 2246 3284 2299 mirabilis
3318 2245 3653 2303 habebatur;

2077 2352 2219 2405 ttnde
2254 2350 2510 2403 Libanius
2557 2349 2701 2398 circa
2738 2352 2966 2396 mortem
2999 2341 3374 2404 interrogatus
3419 2351 3446 2386 a
3481 2335 3655 2387 disci-

2076 2439 2216 2507 pulis
2275 2438 2526 2503 quisnam
2566 2433 2932 2485 eruditionem
2990 2436 3110 2496 post
3160 2442 3284 2480 eum
3322 2426 3652 2493 susciperet.

2073 2533 2149 2583 ait
2177 2551 2188 2584 :
2215 2529 2473 2584 Joannes.
2528 2528 2632 2579 nisi
2683 2526 2818 2576 hunc
2871 2521 3167 2575 Christiani
3204 2537 3235 2571 a
3269 2519 3416 2571 nobis
3486 2517 3657 2584 furati

2072 2623 2318 2690 fuissent.
2356 2619 2614 2672 Eruditus
2668 2630 2906 2682 namque
2953 2623 3038 2668 est
3087 2612 3392 2679 Scripturis
3453 2609 3655 2662 divinis

2071 2714 2493 2782 Chrysostomus
2534 2709 2675 2779 apud
2709 2707 3016 2760 (Iarterium
3061 2704 3352 2773 quemdam
3397 2704 3648 2756 abbatem

2072 2805 2356 2872 cujusdam
2390 2801 2731 2862 monasterii,
2763 2799 3028 2868 encycliis
3063 2811 3192 2850 vero
3234 2811 3400 2866 penes
3425 2796 3536 2863 jam
3569 2797 3654 2848 di-

2073 2908 2219 2949 ctum
2249 2895 2561 2948 Libanium.
2606 2893 3032 2946 Maccdonianus
3088 2897 3268 2942 autem
3301 2889 3524 2957 quidam
3559 2904 3657 2956 per

2075 2991 2236 3058 huius
2255 2990 2560 3043 doctrinam
2578 2987 2810 3040 accessit
2833 2985 2896 3038 ad
2921 2983 3245 3042 Ecclesiam,
3265 2983 3357 3051 qui
3378 2983 3652 3051 propriam

2074 3097 2298 3135 uxorem
2343 3082 2592 3134 hortatus
2623 3089 2681 3131 ut
2720 3085 3140 3132 converteretur
3170 3086 3223 3128 et
3274 3075 3654 3128 communica-

2075 3185 2178 3238 ret,
2206 3176 2291 3228 vix
2331 3173 2663 3243 persuadere
2696 3172 2977 3242 prtevaluit
3014 3188 3026 3224 :
3065 3170 3154 3222 illa
3185 3185 3311 3222 vero
3342 3172 3478 3222 dans
3501 3184 3654 3222 com-

2076 3269 2386 3320 munionem
2414 3266 2623 3318 ancillae
2660 3281 2790 3324 sua',
2822 3280 2943 3332 qua:
2978 3272 3098 3316 erat
3127 3277 3191 3314 ex
3225 3260 3650 3322 Macedonianis,
3683 3307 3687 3311 .

2066 3359 2232 3426 jussit
2263 3358 2463 3411 habere
2497 3371 2708 3410 secum.
2743 3354 2994 3421 Cumque
3024 3353 3352 3406 accessisset
3388 3353 3451 3404 ad
3480 3351 3653 3421 Chry-

2071 3465 2399 3511 sostoniutn,
2433 3458 2686 3519 suscepta
2714 3465 2778 3501 ex
2829 3447 3038 3501 sanctis
3067 3446 3319 3499 manibus
3354 3444 3474 3512 ejus
3501 3458 3653 3497 eom-

2071 3545 2356 3605 munione,
2412 3543 2554 3596 hanc
2597 3559 2654 3595 se
2687 3535 2899 3610 fingens
2932 3554 3149 3593 sumere
3192 3545 3471 3606 postremo
3523 3553 3652 3605 por-

2071 3638 2214 3690 rexit
2248 3636 2480 3695 ancillae,
2517 3643 2570 3687 et
2597 3643 2876 3700 acceptam
2928 3629 3451 3682 Macedonianorum
3503 3642 3653 3679 com-

2071 3730 2386 3782 munionem
2423 3727 2488 3780 ad
2510 3741 2574 3781 os
2608 3725 2786 3786 affert,
2815 3732 2865 3778 et
2913 3723 3120 3778 invenit
3150 3736 3270 3775 eam
3304 3719 3536 3788 lapidem
3573 3719 3653 3770 fa-

2070 3829 2238 3873 ctam.
2270 3817 2409 3870 Tnm
2453 3817 2711 3870 deterrita
2747 3823 2798 3868 et
2831 3813 3151 3868 tremefacta
3193 3813 3420 3881 pedibus
3459 3813 3648 3864 incur-

2069 3922 2230 3963 vatur
2257 3907 2505 3971 Joannis,
2559 3909 2923 3962 temeritatem
2958 3907 3228 3958 confitens
3267 3914 3320 3957 et
3357 3904 3649 3956 sinceriter

2071 4003 2137 4054 ad
2167 4001 2468 4056 Ecclesiam
2509 3999 2744 4054 rediens.
2790 3997 2962 4053 Porro
3005 3998 3143 4066 lapis
3184 3997 3457 4066 repositus
3479 4007 3562 4050 est
3595 3998 3646 4049 in

2068 4109 2325 4148 vasorum
2352 4093 2691 4147 custodiario
2721 4091 3104 4145 reservandus.
3134 4089 3238 4144 Per
3267 4089 3407 4144 idem
3433 4101 3648 4159 tempus

2067 4185 2359 4248 Arsenius,
2387 4186 2477 4254 qui
2516 4199 2745 4253 magnus
2777 4185 2841 4236 ad
2875 4184 3134 4237 sarculum
3165 4182 3364 4243 fuerat,
3404 4191 3648 4234 contem-

2068 4279 2175 4348 ptis
2201 4279 2459 4332 omnibus
2484 4277 2722 4330 divinam
2748 4275 3149 4345 philosophiam
3182 4275 3323 4344 apud
3352 4273 3644 4344 Egyptum

2067 4372 2408 4435 sectabatur,
2442 4373 2554 4423 vita
2586 4378 2640 4422 et
2669 4370 2837 4424 verbo
2865 4378 3029 4438 atque
3056 4367 3339 4422 miraculis
3374 4367 3425 4420 in
3455 4367 3647 4420 ordine

2069 4466 2376 4521 monastico
2405 4464 2642 4534 fulgens.

394 4548 681 4603 Nectarius
714 4549 1364 4620 Constantinopolitanus
1402 4554 1696 4622 episcopus
1727 4557 1959 4626 preshy-
1985 4558 2040 4616 D
2139 4557 2321 4612 Mundi
2353 4571 2498 4610 anno
2527 4553 2687 4616 5896,
2721 4553 2919 4608 divina:
2942 4552 3337 4607 incarnationis
3355 4568 3500 4606 anno
3518 4553 3644 4617 596,

387 4655 564 4697 ternm
601 4644 900 4710 prohibuit,
929 4643 1021 4712 qui
1069 4651 1186 4696 erat
1215 4658 1379 4714 super
1432 4647 1814 4714 paenitentiam
1847 4648 1960 4719 (tl)

387 4735 740 4799 constitutus,
765 4742 984 4803 propter
1016 4743 1300 4803 peccatum
1337 4737 1481 4806 quod
1517 4753 1546 4791 a
1570 4739 1808 4806 quodam
1842 4741 1958 4794 dia-

385 4843 524 4882 cono
573 4826 776 4880 factmn
830 4827 1012 4880 fuerat
1071 4827 1126 4880 in
1159 4829 1393 4884 ecclesia
1432 4831 1796 4886 inmuliercm
1841 4849 1961 4903 qua:

388 4921 617 4972 vacabat
659 4920 763 4972 sub
799 4919 1115 4986 paenitentia
1143 4936 1157 4973 :
1183 4921 1323 4990 apud
1369 4921 1594 4974 Romam
1651 4939 1801 4988 vero,
1826 4936 1879 4978 et
1905 4928 1960 4981 in

389 5021 504 5064 toto
535 5009 832 5064 Occidente
849 5008 1137 5078 diligenter
1159 5020 1520 5064 conservatur
1545 5027 1716 5078 usque
1745 5016 1793 5065 iu
1822 5031 1961 5082 prte-

389 5118 537 5162 sens.
569 5110 624 5158 et
646 5103 801 5156 locus
830 5101 1227 5171 paenitentibus
1251 5111 1592 5170 segregatur.
1618 5102 1961 5160 Theodosius

389 5200 570 5246 autem
630 5194 800 5262 legem
841 5194 1085 5261 scripsit.
1143 5194 1424 5248 mulierem
1485 5197 1537 5249 in
1591 5197 1956 5254 diaconissam

391 5298 498 5336 non
544 5284 992 5352 premor-endam,
1034 5286 1138 5339 nisi
1210 5287 1491 5357 sexaginta
1558 5291 1959 5344 transcenderit

389 5387 585 5437 annos,
607 5377 905 5429 secundum
928 5377 1278 5445 Apostolum.
1299 5377 1506 5432 Interea
1527 5378 1768 5436 Joannes
1789 5383 1956 5453 (Zhry-

385 5475 692 5530 sostomus,
732 5470 1014 5540 presbyter
1049 5470 1323 5524 exsistens
1358 5471 1756 5533 Antiochenus.
1792 5475 1958 5528 mira-

394 5558 527 5611 biles
562 5576 844 5614 sermones
877 5561 940 5612 ad
967 5563 1448 5617 commonitionem
1480 5579 1667 5616 corum
1699 5566 1791 5633 qui
1822 5581 1955 5618 con-

391 5657 470 5703 tra
497 5651 806 5720 imperiales
835 5664 1045 5710 statuas
1072 5669 1232 5723 agere
1261 5666 1727 5727 praesumpserant
1761 5659 1954 5713 edidit.

2066 4645 2309 4701 Joannes
2345 4646 2780 4716 Ghrysostomus
2817 4643 3007 4697 multis
3049 4645 3102 4696 in
3134 4644 3242 4696 vita
3277 4653 3330 4697 et
3360 4645 3531 4697 verbo
3564 4645 3648 4696 di-

2067 4737 2323 4806 vinisque
2353 4735 2785 4790 charismatihus
2816 4732 3130 4803 splendens,
3169 4743 3221 4786 et
3255 4734 3400 4787 circa
3426 4750 3642 4787 omnem

2066 4829 2322 4882 virtutem
2359 4827 2641 4881 districtus
2675 4827 2970 4891 exsistens,
2995 4827 3321 4895 diligebatur
3356 4841 3382 4877 a
3418 4828 3644 4896 populo,

2067 4920 2158 4985 qui
2197 4918 2568 4971 aedificabatur
2612 4917 2771 4972 valde
2817 4918 3086 4971 doctrinis
3116 4919 3254 4986 ejus.
3296 4915 3358 4970 lli
3386 4933 3514 4971 vero
3549 4921 3642 4987 qui

2071 5009 2351 5062 luxuriose
2383 5009 2637 5061 vivebant
2670 5023 2730 5062 se
2759 5009 3078 5062 avertebant
3106 5009 3174 5060 ab
3205 5008 3319 5067 illo,
3349 5009 3441 5076 qui
3501 5019 3556 5062 et
3587 5012 3642 5062 in

2069 5101 2234 5162 bello,
2259 5099 2404 5169 quod
2432 5100 2697 5154 adversus
2721 5116 2846 5153 eum
2875 5111 3084 5170 gestum
3108 5109 3213 5164 est,
3239 5101 3449 5168 Operati
3479 5111 3640 5166 sunt;

2069 5193 2208 5246 inter
2238 5207 2357 5261 qua:
2393 5192 2674 5260 contigere
2703 5207 2826 5262 qua:
2858 5194 3004 5244 circa
3071 5189 3396 5261 Eutropinm
3462 5207 3642 5245 eunu-

2069 5285 2231 5338 chum
2281 5293 2432 5352 gesta
2467 5293 2616 5346 sunt,
2651 5285 2783 5353 quin
2818 5292 2870 5336 et
2903 5285 3182 5337 contentio
3216 5281 3502 5337 Severiani
3534 5282 3643 5338 Ga-

2070 5378 2513 5431 balcnsiscontra
2532 5378 2886 5444 Serapionem
2910 5375 3357 5429 archidiaconum
3387 5373 3641 5438 Joannis,

2067 5481 2121 5523 et
2155 5471 2284 5523 illud
2309 5471 2453 5538 quod
2491 5480 2669 5523 actum
2710 5477 2794 5522 est
2832 5470 2898 5522 de
2928 5467 3150 5538 Longis,
3197 5471 3288 5536 qui
3323 5485 3385 5522 ex
3406 5467 3643 5538 Aﬂgypto

2070 5560 2322 5632 fugerant
2358 5570 2578 5630 propter
2628 5560 3029 5628 Tthphilum;
3065 5576 3275 5613 necnon
3315 5571 3370 5614 et
3402 5560 3533 5612 illud
3575 5561 3646 5613 de

2067 5654 2268 5710 litteris
2300 5652 2586 5725 Theophili
2622 5653 2686 5708 ad
2722 5653 3106 5723 Epiphanium.
3138 5652 3211 5706 Ea
3243 5653 3443 5722 quibus
3465 5649 3645 5706 omni-

1901 5767 2130 5825 NOTAE.

457 5857 568 5930 (Η)
591 5859 758 5927 Super
782 5863 958 5930 ptrm't.
993 5861 1127 5918 llist.
1160 5863 1396 5933 Tripart.
1437 5880 1509 5924 ix.
1543 5864 1630 5918 55.
1655 5863 1813 5918 Fasti.
