4440 6446
807 415 938 483 1923

1828 420 2227 483 ANASTASII
2292 415 2915 479 BIBIJOTHECARII

3934 418 4071 484 1224

803 536 907 589 bus
947 532 1186 589 famulus
1225 534 1311 589 dei
1345 533 1587 589 Joannes
1618 534 1834 592 insidiis
1889 536 2269 607 appetebatur.
2296 534 2385 587 ln-
2417 544 2460 596 Α
2494 532 2626 601 perii
2660 531 2744 586 sui
2798 546 2942 583 anno
2974 544 3112 583 mort
3169 539 3437 593 cerneret,
3472 528 3667 583 videns
3694 526 4067 587 Theodosium

801 636 954 681 terea
1012 626 1353 694 Epiphanius
1400 626 1641 698 Cyprius
1699 629 1924 683 veniens
1968 631 2020 682 in
2076 628 2383 682 Ebdomum

804 719 1252 769 consecratiOnes
1290 725 1343 771 et
1378 733 1617 788 synaxes
1648 725 1845 786 praeter
1866 715 2097 773 Joannis
2128 720 2382 772 volunta-

805 818 911 859 tcnt
944 806 1095 859 fecit.
1138 806 1336 861 Verum
1375 810 1486 863 haec
1519 807 1730 862 Joanne
1758 810 1832 863 ob
1862 810 2104 863 divinam
2139 811 2383 862 charita'

803 910 907 950 tem
943 899 1393 967 parvipendente.
1431 915 1535 951 non
1559 907 1642 953 est
1676 901 1946 968 placatus,
1981 900 2383 952 criminationi-

802 988 903 1042 bus
926 988 1210 1058 TheOpliili
1236 1000 1429 1042 contra
1463 989 1682 1043 beatum
1706 989 1969 1043 Joannem
1995 989 2152 1043 factis
2176 1006 2383 1059 prmoe-

799 1090 1053 1150 cupatus.
1100 1082 1363 1148 Sequenti
1420 1098 1551 1135 vero
1602 1098 1746 1135 anno
1789 1080 2031 1136 Joannes
2070 1096 2379 1135 sermonem

801 1185 989 1227 contra
1024 1176 1194 1227 maias
1218 1174 1479 1228 mulieres
1510 1174 1662 1238 fecit,
1694 1188 1800 1242 quo
1833 1174 2017 1226 vesani
2056 1181 2108 1226 et
2136 1173 2383 1226 veritatis

804 1265 1007 1317 inimici
1046 1263 1348 1317 Eudoxiam
1407 1266 1785 1329 irritavcrunt,
1818 1264 2065 1319 dicentes
2116 1265 2380 1318 adversus

798 1374 917 1409 eam
975 1357 1221 1409 habitum
1260 1356 1430 1412 fuisse
1464 1371 1792 1412 sermonem.
1841 1361 1908 1408 At
1940 1357 2032 1409 illa
2081 1358 2270 1409 dicens
2311 1356 2379 1409 ad

799 1448 1094 1501 Arcadium
1126 1451 1337 1501 atrocia
1393 1464 1451 1501 se
1482 1463 1509 1499 a
1556 1446 1769 1501 Joanne
1802 1448 1975 1502 fuisse
2038 1463 2377 1518 perpessam,

800 1541 911 1607 egit
969 1548 1026 1590 ut
1063 1537 1399 1607 'l‘heOphilus
1436 1538 1823 1603 accersiretur,
1873 1538 2001 1607 quia
2056 1536 2380 1592 Inanifeszus

799 1638 919 1683 erat
948 1629 1206 1681 inimicus
1235 1625 1506 1693 Joannis;
1550 1628 1640 1695 qni
1678 1629 1945 1681 accedens
1977 1641 2163 1681 contra
2207 1627 2380 1681 Joan-

802 1738 924 1774 nem
958 1719 1250 1773 insidiatus
1290 1730 1394 1783 est,
1444 1730 1497 1773 et
1548 1729 1678 1773 tunc
1713 1720 1895 1773 emisit
1949 1720 2016 1773 ab
2062 1719 2214 1771 urbe.
2257 1718 2379 1784 Quo

799 1824 1079 1882 comperto
1128 1813 1364 1882 p0pulns
1421 1826 1676 1880 magnam
1713 1812 1971 1865 excitavit
2025 1811 2373 1874 seditionem,

800 1923 910 1958 non
943 1905 1238 1972 indulgens
1267 1901 1678 1973 pelli_Joannem
1704 1905 2039 1971 ;interquos
2054 1913 2105 1956 et
2138 1903 2375 1955 liudoxia
2407 1883 2452 1942 Β

803 1998 1205 2068 ploratinnibus
1248 1997 1425 2066 plebis
1453 1996 1716 2050 inclinata
1752 1996 1959 2066 rogavit
1982 1995 2296 2060 Arcadium,
2324 2004 2378 2048 et

800 2094 970 2145 misso
996 2092 1227 2144 Crisone
1251 2090 1506 2143 eunucho
1529 2104 1558 2142 a
1590 2087 1824 2142 Preneto
1845 2087 2110 2141 Joannem
2137 2088 2374 2151 reduxit,

798 2185 890 2252 ιιιιί
942 2184 1217 2252 publicam
1251 2181 1520 2252 synodu‘m
1568 2180 1796 2233 introire
1828 2180 2048 2232 minime
2096 2194 2290 2247 passus
2323 2180 2375 2231 in

801 2278 1044 2344 proasno
1070 2274 1407 2328 inorabatur.
1435 2274 1677 2341 Populus
1698 2280 1878 2325 autem
1905 2270 1970 2323 ad
1996 2270 2374 2338 imperatorem

801 2367 1132 2421 vociferatus
1150 2365 1415 2421 Joannem
1440 2366 1646 2419 intrare
1663 2372 1716 2419 et
1736 2364 1788 2416 in
1822 2364 2020 2417 throno
2047 2365 2224 2415 locare
2253 2376 2378 2414 eoe-

797 2461 987 2530 git,ita
1005 2457 1513 2526 ut'l‘heophilus,et
1533 2458 1626 2525 qui
1658 2471 1781 2509 cum
1806 2456 1899 2508 illo
1927 2463 2105 2517 erant,
2136 2464 2379 2506 metuen-

803 2564 881 2605 tes
916 2551 982 2603 de
1010 2550 1233 2603 civitate
1276 2549 1550 2618 fugerent.
1604 2548 1759 2603 Tunc
1818 2549 2102 2616 sexaginta
2137 2545 2375 2615 episcopi

800 2642 1195 2695 convenientes
1227 2640 1382 2694 irrita
1408 2640 1732 2707 omniaquae
1757 2654 1785 2691 a
1808 2638 2111 2706 Theophila
2130 2646 2182 2691 et
2212 2636 2376 2689 sociis

800 2742 990 2785 contra
1027 2731 1273 2783 divinum
1296 2728 1562 2784 Joannem
1601 2738 1723 2782 acta
1762 2729 1979 2783 fuerant
2016 2728 2140 2795 jure
2167 2724 2377 2782 consti-

802 2834 1042 2878 tuerunt.
1094 2822 1266 2876 Porro
1300 2824 1550 2892 sequenti
1590 2838 1737 2875 anno
1779 2821 2099 2891 imperatrix
2134 2817 2379 2870 Eudoxia

801 2901 975 2973 suam.
1018 2925 1330 2985 argenteam
1382 2924 1621 2969 statuam
1680 2912 1890 2967 faciens
1925 2911 2118 2965 statuit
2171 2908 2380 2961 inloco

801 3008 893 3076 qui
924 3017 1278 3075 nuncupatur
1304 3005 1539 3059 Pittacia
1569 3046 1584 3069 ,
1634 3004 1791 3074 juxta
1840 3012 2087 3058 sanctam
2146 2999 2375 3053 Irenem.

805 3100 969 3155 Urbis
1018 3110 1200 3154 autem
1252 3097 1545 3169 praalectus
1575 3113 1699 3151 cum
1741 3103 1888 3150 esset
1927 3093 2285 3154 Manichacus,
2328 3100 2382 3144 et

2482 625 2757 693 juniorem
2786 621 3072 691 parvulum
3098 638 3242 687 esse,
3274 634 3326 676 et
3365 622 3729 676 considerans
3757 639 3824 676 ne
3851 639 3879 675 a
3923 641 4066 694 quo-

2486 730 2649 785 quam
2685 715 2901 767 insidiis
2936 720 3306 781 appetere-tur,
3337 713 3483 766 hunc
3523 713 3908 783 imperatorem
3969 732 4065 786 ap-

2488 807 2727 875 pellavit,
2778 815 2832 857 et
2864 808 2913 859 ei
2973 816 3292 859 curatorem
3352 821 3447 874 per
3512 815 3896 860 testamentum
3940 807 4061 861 fore

2485 898 2678 951 statuit
2706 896 3083 963 Hisdigerdem
3123 896 3417 949 Persarum
3462 911 3666 965 regem.
3705 895 4061 968 Hisdigerdes

2485 998 2667 1042 autem
2702 989 2919 1041 Arcadii
2962 996 3295 1041 testamento
3327 997 3608 1055 suscepto,
3664 1003 3908 1057 paceque
3942 990 4061 1044 sine

2485 1082 2689 1136 invidia
2717 1099 2849 1152 erga
2884 1080 3160 1136 Romanos
3182 1096 3338 1134 'usus
3359 1119 3374 1141 ,
3415 1078 3731 1133 Theodosio
3770 1082 4060 1148 imperium

2485 1176 2852 1240 conservavit,
2913 1184 2966 1228 et
3024 1174 3356 1229 Antiochum
3410 1175 3704 1243 quemdam
3756 1174 4059 1228 mirabilem

2485 1282 2649 1339 atque
2674 1268 3055 1322 rationabilem
3088 1267 3263 1319 virum
3292 1267 3340 1320 ei
3377 1275 3612 1319 tutorem
3629 1275 3685 1319 et
3709 1266 4059 1335 paedagogum

2485 1361 2728 1421 mittens,
2756 1358 2866 1409 lucc
2891 1355 3139 1409 liomano
3171 1354 3387 1408 senatui
3410 1354 3603 1409 scribit
3628 1370 3641 1405 :
3677 1355 3908 1406 Arradio
3935 1353 4060 1407 dor-

2482 1453 2673 1504 miente
2726 1466 2905 1519 mequo
2944 1459 3242 1501 curatorem
3277 1448 3378 1516 ﬁlii
3418 1448 3530 1515 ejus
3563 1449 3930 1512 constituente,
3968 1449 4057 1515 qui

2481 1544 2720 1613 suppleat
2758 1543 2930 1595 locum
2968 1557 3138 1593 meum
3173 1540 3371 1592 direxi.
3408 1537 3490 1592 Ne
3524 1541 3641 1608 quis
3682 1556 3803 1607 ergo
3832 1542 4057 1593 insidias

2481 1652 2642 1705 puero
2691 1643 2930 1695 conetur,
2966 1650 3028 1686 ne
3066 1631 3308 1700 praelium
3352 1631 3684 1685 intolerabile
3735 1640 3921 1684 contra
3951 1631 4054 1685 Ro-

2483 1745 2667 1781 manus
2690 1733 3034 1780 commoueat.
3060 1724 3371 1777 Antiochus
3407 1738 3535 1776 vero
3573 1738 3696 1775 cum
3728 1723 4057 1791 imperatore

2484 1826 2725 1871 venerat.
2754 1816 2833 1869 Ab
2864 1814 3104 1868 llonorio
3134 1826 3313 1867 autem
3349 1824 3543 1882 patruo
3560 1829 3659 1868 suo
3686 1824 3739 1867 et
3771 1814 4055 1868 Pulcheria

2484 1925 2675 1965 sorore
2707 1924 2805 1963 sua
2829 1907 3172 1961 Theodosius
3197 1906 3371 1975 perite
3403 1906 3455 1959 in
3488 1906 3575 1959 his
3614 1923 3735 1975 qua:
3783 1906 4053 1959 Christia-

2486 2016 2678 2053 norum
2710 2009 2837 2052 sunt
2863 1998 3241 2063 erudiebatur,
3272 2006 3325 2049 et
3356 2005 3474 2050 erat
3499 2000 3597 2066 pax
3624 1997 3761 2050 inter
3780 1996 4057 2053 Romanos

2484 2100 2537 2144 et
2575 2088 2793 2151 Persas,
2826 2088 3101 2141 Antiocho
3129 2088 3364 2140 maxime
3388 2102 3487 2155 pro
3518 2088 3852 2141 Christianis
3883 2091 4054 2140 multa

2485 2183 2789 2245 scribente;
2821 2180 3012 2248 sicque
3036 2180 3261 2232 dilatata
3282 2187 3363 2232 est
3391 2180 3443 2232 in
3472 2179 3692 2232 Perside
3723 2176 4057 2233 Christiani-

2486 2286 2569 2328 tas
2595 2274 2730 2345 (l2),
2768 2273 3016 2327 Marutha
3039 2272 3299 2341 episCOpo
3330 2270 3729 2337 Mesopotamia
3754 2272 4050 2324 mediante.

2553 2367 2741 2419 Mundi
2765 2381 2908 2419 anno
2937 2364 3068 2418 590i
3085 2405 3098 2427 ,
3121 2364 3317 2417 divina:
3341 2363 3738 2415 incarnationis
3760 2378 3904 2417 anno
3925 2364 4054 2428 41H,

2481 2459 3357 2525 Theodosiusjunior.imperat;
3421 2456 3582 2524 cujus
3641 2459 3851 2527 imperii
3909 2473 4055 2513 anno

2483 2553 2723 2606 secundo
2790 2553 3006 2604 Atticus
3066 2534 4057 2617 cpiscopus'Constantimqiolitaiiiis
4140 2616 4146 2620 .

2480 2643 2725 2698 Judaeum
2783 2644 3071 2708 quemdam
3107 2643 3466 2712 paralyticum
3527 2656 3787 2702 monens,
3815 2642 4059 2697 suadens

2481 2747 2643 2807 atque
2675 2738 2960 2805 baptizans
2992 2751 3184 2789 sanum
3222 2750 3290 2787 ex
3323 2734 3539 2785 lavacro
3569 2732 3756 2786 eduxit
3789 2749 3803 2786 :
3854 2748 4060 2786 secun-

2481 2829 2610 2881 dum
2636 2827 2797 2880 Deum
2842 2823 2987 2878 enim
3022 2824 3229 2878 dicitur
3261 2822 3433 2876 fuisse
3461 2832 3771 2890 provectus.
3808 2823 4057 2890 Septimo

2481 2919 2697 2987 imperii
2727 2916 3019 2972 Theodosii
3046 2930 3215 2979 anno,
3242 2914 3479 2968 obeunte
3500 2912 3800 2982 Theophilo
3824 2916 4059 2967 Alexan-

2481 3011 2663 3071 drino,
2694 3010 2933 3079 Cyrillus
2958 3007 3321 3061 consobrinus
3349 3005 3469 3073 ejus
3502 3021 3600 3074 pro
3625 3006 3743 3073 ipso
3764 3008 4057 3074 episcopus

2482 3104 2770 3158 ordinatus
2803 3110 2906 3156 est.
2944 3100 3100 3153 Tunc
3134 3110 3187 3154 et
3221 3096 3530 3167 Hesychius
3560 3098 3841 3167 presbyter
3868 3097 4058 3151 lliero-

801 3210 924 3263 quae
956 3206 1293 3265 paganorum
1324 3197 1453 3244 sunt
1480 3198 1718 3259 saperet,
1758 3189 1984 3257 plausus
2016 3198 2069 3239 et
2099 3185 2302 3238 choros
2326 3190 2379 3236 et
2405 3223 2449 3279 ϐ
2484 3196 2554 3249 so]

1661 3198 1718 3252 τι»
1758 3189 1984 3257 Ρ¹³¹¹ει¹ε
2016 3198 2069 3239 ει
2099 3185 2302 3238 01³01⁸08
2326 3190 2379 3279 ξεί
2405 3223 2449 3279 C
2484 3196 2845 3265 solymitanus
2870 3192 3141 3247 doctrinis
3160 3190 3414 3243 ellloruit.

805 3286 1128 3337 saltationes
1183 3282 1468 3336 celebrans
1498 3280 1885 3349 tumultusque
1926 3276 2135 3331 faciens
2165 3272 2376 3329 contri-

804 3376 987 3430 stabat
1026 3373 1361 3443 pontilicem,
1414 3386 1522 3425 non
1559 3370 1889 3440 permittens
1921 3384 2044 3422 eum
2075 3366 2258 3435 quiete
2297 3363 2380 3416 di-

808 3468 929 3520 vina
961 3467 1139 3519 cilicia
1162 3465 1444 3519 celebrare
1482 3477 1662 3530 :sarpe
1696 3475 1933 3528 namque
1959 3458 2211 3511 turbabat
2235 3452 2375 3524 psal-

806 3561 1003 3613 lentes.
1045 3555 1243 3611 Vevum
1280 3553 1517 3610 Joannes
1549 3554 1694 3607 hunc
1726 3552 1910 3606 verbis
1945 3548 2255 3617 mitigabat,
2284 3545 2377 3599 ille

806 3663 937 3701 vero
990 3645 1288 3699 Eudoxiam
1342 3653 1537 3698 contra
1566 3641 1833 3697 Joannem
1888 3638 2168 3703 excitavit,
2223 3634 2382 3706 quasi

802 3749 999 3791 contra
1036 3740 1299 3791 honorem
1339 3744 1536 3791 statuae
1572 3735 1693 3803 ejus
1728 3740 1962 3802 gereret.
1998 3730 2139 3801 Ergo
2194 3738 2384 3782 contra

802 3830 1071 3885 Joannen
1138 3829 1336 3882 iterum
1377 3828 1586 3891 odium,
1638 3827 1838 3878 iterum
1894 3824 1997 3877 ira.
2051 3822 2172 3891 Ipse
2203 3829 2383 3874 autem

809 3940 1117 3978 sermonem
1146 3923 1341 3984 edidit,
1384 3922 1544 3989 cujus
1584 3920 1801 3973 initium
1832 3925 1918 3972 est
1946 3935 1959 3971 ε
1988 3915 2191 3969 lterum
2217 3915 2385 3968 Hero-

805 4020 927 4072 dias
950 4019 1119 4071 servit.
1153 4016 1306 4070 Tunc
1338 4013 1625 4069 inimicitia
1660 4018 2041 4066 consummata
2072 4008 2386 4077 imperatri--

807 4113 889 4163 cis
918 4109 1184 4165 adversus
1214 4125 1339 4163 eum
1367 4118 1643 4162 commota
1662 4117 1769 4171 est,
1799 4114 1853 4159 et
1882 4104 2080 4158 iterum
2114 4102 2387 4170 depositio

808 4218 862 4261 et
894 4205 1174 4259 exsilium.
1228 4201 1469 4271 Populus
1530 4207 1712 4251 autem
1769 4196 2059 4251 ecclesiam
2122 4194 2383 4255 incendit,

812 4299 1081 4366 multique
1130 4310 1229 4365 pro
1257 4294 1466 4347 Joanne
1496 4289 1788 4361 periclitati
1839 4294 2003 4354 sunt;
2038 4285 2130 4356 qui
2196 4285 2388 4355 pulsus

812 4393 881 4447 ab
911 4392 1049 4445 urbe
1086 4390 1141 4442 in
1176 4386 1433 4442 exsilium
1461 4383 1665 4437 missus
1696 4389 1805 4443 est,
1837 4381 1935 4435 ubi
1964 4389 2019 4433 et
2067 4378 2121 4431 in
2153 4374 2384 4431 Domino

812 4485 969 4539 obiit.
1022 4482 1126 4548 Qui
1174 4494 1299 4533 cum
1348 4485 1495 4532 esset
1536 4476 1591 4530 in
1641 4474 1858 4539 exsilio,
1908 4480 2268 4526 consecratus
2305 4476 2390 4522 est

2552 3284 2737 3337 Mundi
2762 3297 2907 3337 anno
2937 3280 3097 3343 5912,
3120 3280 3319 3335 divina!
3345 3279 3745 3333 incarnationis
3769 3294 3910 3333 anno
3925 3280 4057 3343 ΗΞ,

2482 3373 2827 3429 Theodosius
2883 3374 3151 3441 imperat;
3178 3370 3336 3437 cujus
3363 3369 3575 3424 decimo
3612 3370 3805 3436 quinto
3846 3368 4057 3435 imperii

2482 3481 2629 3521 anno
2656 3465 2930 3520 Honorius
2963 3464 3219 3526 moritur,
3247 3470 3301 3517 et
3327 3459 3568 3515 Joannes
3603 3462 3825 3529 quidam
3863 3475 3927 3513 ex
3954 3461 4060 3513 im-

2484 3561 2783 3631 perialibus
2816 3557 3292 3626 subscriptoribus
3317 3555 3503 3609 Romae.
3527 3555 3815 3623 imperium
3839 3551 4059 3619 arripit,

2484 3653 2926 3721 legationeque
2952 3650 3018 3703 ad
3046 3647 3419 3702 Theodosium
3447 3646 3632 3709 mittit,
3664 3646 3717 3698 in
3762 3646 4060 3713 imperato-

2484 3762 2595 3799 rem
2631 3744 2837 3814 suscipi
2861 3743 3188 3812 deprecans.
3224 3741 3291 3793 At
3321 3753 3449 3793 vero
3480 3734 3825 3789 Theodosius
3865 3737 4059 3804 legatis

2486 3836 2839 3891 incarcerem
2900 3832 3074 3886 trusis
3130 3828 3504 3884 Ardaburlum
3581 3835 3862 3895 strategon
3892 3825 4063 3877 mittit

2486 3929 2753 3982 adversus
2810 3940 2975 3991 eum;
3029 3939 3191 3993 quem
3253 3931 3520 3992 tyrannus
3552 3919 3696 3985 apud
3748 3916 4059 3969 llavemiam

2487 4031 2778 4087 aggressus
2830 4014 3075 4068 inclusit.
3110 4012 3230 4078 Quo
3260 4008 3604 4065 Theodosius
3636 4008 3856 4076 cognitu
3884 4008 4056 4073 Aspa-

2487 4127 2602 4165 rem
2637 4108 2802 4177 hujus
2839 4107 3008 4159 lilium
3044 4105 3210 4158 mittit
3267 4103 3534 4156 adversus
3574 4115 3722 4155 eum.
3757 4098 3893 4152 Tum
3950 4096 4064 4151 Deo

2489 4198 2740 4252 amabilis
2787 4197 3136 4264 imperatoris
3182 4191 3437 4246 oratione
3465 4192 3689 4256 angelus
3724 4187 3974 4249 Domini,
4008 4188 4063 4239 itt

2460 4288 2677 4341 'habitn
2715 4285 2953 4355 pastoris
2983 4298 3278 4353 apparens,
3305 4280 3534 4335 deduxit
3565 4281 3827 4346 Asparem
3865 4288 3919 4329 et
3969 4292 4068 4331 eos

2488 4380 2579 4448 qui
2603 4394 2727 4432 cum
2753 4378 2843 4431 illo
2872 4385 3052 4437 erant,
3073 4383 3127 4428 et
3156 4373 3422 4427 duciteos
3449 4386 3542 4440 per
3567 4370 3817 4438 paludem
3839 4369 4066 4429 inviam,

2490 4470 2903 4540 quaﬁl’vavennaa
2929 4466 3164 4534 adjacet,
3190 4479 3353 4532 quam
3377 4462 3518 4515 Deus
3538 4461 3781 4528 perviam
3804 4469 4067 4527 operatus

814 4576 1073 4633 Arsacius
1130 4575 1299 4626 frater
1329 4569 1589 4632 Nectarii,
1634 4567 1725 4636 qui
1746 4558 1884 4619 ante
1932 4564 2385 4634 Cbrysostomum
2420 4559 2463 4614 Ι)
2494 4569 2597 4621 est,
2627 4555 3087 4626 quemadmodum
3110 4553 3479 4607 lsraelitarum
3505 4560 3783 4617 tempore;
3811 4560 3861 4601 et
3884 4558 4067 4600 trans-

815 4670 1108 4739 episeOpus
1150 4665 1305 4719 urbis
1350 4662 1512 4732 regiae
1566 4660 1759 4714 luerat.
1812 4654 2385 4722 lnnocéntiusjautem

816 4765 1099 4819 Romanus
1132 4774 1238 4813 non
1269 4748 1968 4818 communicavitejectioni
2001 4744 2250 4807 Joannis,
2293 4745 2386 4797 sed

818 4872 915 4925 per
941 4855 1152 4907 litteras
1175 4851 1382 4904 clerum
1399 4847 1719 4899 consolatus
1747 4852 1832 4896 est
1862 4840 2125 4903 civitatis,
2148 4849 2202 4893 et
2224 4826 2389 4906 super

815 4945 1225 5003 temeritatibus
1285 4939 1697 5010 indignabatur.
1751 4932 2091 5003 Epiphanius
2132 4944 2261 4985 vero
2321 4926 2388 4980 ad

817 5043 1055 5111 Cyprum
1095 5034 1393 5105 navigavit,
1431 5033 1538 5085 Deo
1572 5029 1830 5082 nimirum
1867 5025 2246 5093 migrationem
2271 5020 2390 5089 ejus

820 5110 1245 5201 pra-nuntiante.
1282 5125 1450 5179 Aiunt
1488 5128 1669 5195 autem
1710 5117 1853 5186 quod
1910 5125 1965 5169 et
1992 5112 2189 5167 Joanni
2228 5110 2388 5164 linem

821 5227 874 5277 in
938 5222 1136 5277 exsilio
1194 5214 1646 5288 praenuntiaverit
1685 5210 2003 5271 all‘uturum,
2040 5206 2296 5261 similiter
2336 5212 2390 5257 et

819 5314 1059 5368 Joannes
1082 5300 1384 5377 Epiphanio
1408 5301 1722 5373 praedixerit
1752 5314 1913 5369 quam
1939 5297 1992 5349 in
2025 5294 2146 5347 navi
2172 5294 2395 5363 pertulit

823 5418 1071 5461 tuortem.
1108 5400 1310 5453 Eodem
1344 5412 1488 5450 anno
1536 5402 1748 5448 mortua
1782 5400 1867 5446 est
1906 5399 1959 5443 et
1994 5387 2259 5441 Eudoxia.
2295 5387 2395 5448 Ar-

823 5498 1014 5551 cadios
1046 5502 1228 5547 autem
1255 5507 1378 5543 cum
1414 5505 1471 5541 se
1502 5486 1774 5554 completo
1800 5484 2015 5535 decimo
2049 5486 2247 5548 quarto
2294 5478 2395 5530 im-

2499 4661 2746 4708 meantes
2778 4663 2876 4719 per
2929 4648 3160 4725 aridam,
3189 4645 3393 4713 apertis
3425 4641 3599 4709 portis
3616 4639 3854 4692 civitatis
3877 4640 4069 4692 invert-

2499 4745 2593 4807 tis,
2656 4752 2951 4812 tyranuum
3006 4737 3225 4807 quidem
3278 4733 3638 4791 occiderunt,
3697 4728 4070 4783 Ardaburium

2499 4846 2679 4889 autent
2712 4849 2740 4885 a
2768 4831 3005 4885 vinculis
3030 4828 3401 4895 absolverunt.
3426 4823 3684 4893 Sequenti
3710 4834 3894 4875 autem
3926 4836 4073 4873 anno

2501 4926 2783 4981 Maruthas
2810 4924 3106 4993 episcopus
3140 4917 3544 4988 Mesopotamiae
3572 4915 3742 4967 lilium
3777 4915 3917 4983 regis
3947 4912 4071 4966 Per-

2500 5035 2684 5074 sarum
2752 5014 3093 5084 llisdigerdis
3136 5028 3165 5065 a
3221 5009 3494 5063 όιειιιοηίο
3526 5015 3779 5059 vexatum
3831 5006 4071 5059 sanavit.

2502 5108 2711 5161 Interea
2759 5104 3105 5159 Theodosius
3159 5102 3460 5169 imperator
3513 5099 3684 5150 multa
3728 5096 4075 5164 benignitate

2503 5205 2705 5261 motus,
2748 5196 2879 5248 licet
2930 5192 3124 5245 Persas
3181 5188 3560 5257 potentissime
3586 5186 3797 5249 vicerit,
3844 5200 4073 5251 parcens

2501 5299 2683 5343 tamen
2714 5285 3046 5341 Christianis
3074 5282 3165 5352 qui
3199 5281 3516 5335 habitabant
3540 5281 3593 5331 in
3614 5277 3861 5332 Perside.
3883 5291 4071 5343 pacem

2503 5382 2891 5451 amplectitur;
2925 5376 3081 5442 cujus
3116 5376 3192 5427 rei
3224 5374 3398 5443 gratia
3437 5372 3604 5425 mittit
3634 5369 3926 5437 legatarios
3962 5367 4075 5434 (ιῦ)

2506 5478 2799 5533 lleleonem
2857 5474 3187 5545 patricium,
3249 5484 3413 5539 quem
3474 5468 3632 5521 valde
3689 5463 4075 5519 honorandum

2343 5613 2577 5670 NOTAE.

900 5730 1011 5795 (li)
1042 5725 1446 5795 Christianitas.
1484 5718 1650 5795 Vetus
1686 5714 2168 5795 interpresepist.‘
2192 5712 2397 5795 adnbla-

827 5783 981 5865 cnes.
998 5783 1120 5869 quae
1135 5805 1323 5869 sancto
1340 5783 1891 5869 lgnatioascribitur:
1914 5783 2072 5869 «βιὸν
2087 5786 2229 5869 enim
2245 5783 2401 5861 Chri-

829 5854 1082 5927 s;ianit'as
1113 5872 1164 5921 in
1196 5854 1534 5921 Juil'aistnum
1570 5859 1819 5924 credidit,
1865 5856 1958 5912 sed
1998 5854 2314 5909 Judaismus
2348 5854 2399 5904 in

2507 5707 3001 5764 Christianitatein.
3042 5722 3059 5753 ι
3102 5700 3265 5755 Ρηιι.

2582 5780 2692 5849 (15)
2737 5776 3064 5849 Legaturios.
3106 5769 3446 5849 F-lodoardns
3476 5765 3608 5819 llist.
3641 5765 3789 5817 Eccl.
3825 5762 3977 5849 μου).
4024 5762 4076 5824 1.

2512 5832 2625 5903 275‘:
2668 5869 2683 5897 ι
2711 5832 3032 5916 [οςξξιιίιειιιδ
3066 5844 3231 5897 animi
3268 5842 3387 5893 l'clic
3413 5850 3739 5891 commotus.
3769 5852 3786 5884 ι
3824 5832 3896 5886 in.
