4440 6446
402 374 541 443 1%25

1219 372 1587 433 HISTORIA
1614 372 2191 435 ECCLESIASTICA
2223 376 2326 438 ΕΧ
2358 377 2768 441 ΤΗΕΟΡΙΙΑΝ
2779 382 2838 440 Ε.

3524 388 3662 452 1:226

398 489 657 554 ducebat,
690 496 743 543 ct
786 487 1093 542 .\Ilululittlil
1125 486 1369 541 (lrientis
1408 486 1703 556 stratigon.
1740 484 1974 540 Varara-
2000 488 2054 547 Α
2079 500 2210 542 vero
2269 487 2559 547 Nestorius
2599 494 2747 561 quod
2809 493 3137 562 patriarchae
3178 496 3361 550 taliter
3408 499 3663 556 ecclesiis

402 597 496 635 nes
519 590 700 635 autem
727 581 906 635 sciens
938 580 1349 650 superationem
1388 595 1541 634 suam
1568 578 1801 647 suscipit
1827 578 1974 647 lega-

401 677 627 739 tionem,
666 686 720 728 et
744 674 847 726 ista
880 668 1192 742 persecutio
1216 672 1591 741 cessavitquze
1628 672 1680 724 in
1705 671 1974 726 Christia-

399 781 501 820 nos
557 764 887 833 agitabatur.
946 763 1217 818 Caeterum
1274 762 1621 817 Theodosius
1674 762 1974 833 imperator

397 853 1149 909 communicatrices.habens
1176 852 1489 922 hymnodim
1527 852 1779 922 proprias
1811 867 1969 907 soro-

396 962 508 1011 res,
548 960 668 1015 qua“:
703 946 1068 1016 virginitatem
1101 955 1214 999 tota
1251 946 1357 999 vita
1385 947 1772 1010 sectabantur,
1799 962 1971 1015 super

397 1038 774 1106 hujuscemodi
826 1037 1106 1093 beneﬁciis
1148 1037 1258 1093 Deo
1291 1041 1497 1108 gratias
1555 1055 1721 1109 agens
1755 1040 1972 1110 hymnis

401 1131 544 1184 hunc
567 1130 791 1185 laudare
820 1131 1036 1200 penitus
1058 1145 1166 1184 non
1187 1132 1460 1185 cessabat.
1485 1132 1763 1188 Sisinnius
1785 1140 1968 1187 autem

398 1223 1044 1292 Constantinopolitanus
1074 1223 1365 1295 episc0pus
1390 1224 1645 1279 Proclum
1677 1233 1969 1280 consecrat

397 1313 711 1384 episc0puni
746 1314 961 1385 Cyzici;
1000 1330 1162 1383 quem
1199 1316 1457 1387 Cyziceni
1494 1332 1600 1371 non
1659 1316 1970 1385 suscipien-

398 1418 503 1471 tes,
560 1407 890 1460 nionaclium
931 1405 1222 1475 quemdam
1273 1417 1476 1476 prmter
1525 1416 1708 1460 votum
1737 1406 1969 1461 Sisiunii

397 1484 720 1553 Dalmatium
742 1498 948 1552 dictum
982 1497 1576 1554 consecrant.Proc|us
1609 1508 1787 1552 autem
1845 1515 1969 1579 p‘ro-

320 1649 325 1655 ~
395 1589 564 1659 priam
599 1589 890 1644 ecclesiam
924 1604 1029 1643 non
1060 1590 1269 1644 habens
1297 1588 1782 1659 Constantinopoli
1836 1591 1967 1644 hor-

395 1689 509 1733 tatu
544 1680 766 1733 Sisinnii
803 1679 1072 1733 doctrinis
1112 1680 1389 1749 pollebat;
1416 1682 1510 1751 qui
1540 1681 1786 1748 ejusdem
1813 1682 1966 1737 urbis

394 1787 503 1825 non
532 1772 702 1825 multo
735 1780 857 1841 post
891 1772 1181 1827 ordinatur
1230 1773 1487 1828 antistes.
1544 1771 1803 1843 Sequenti
1839 1789 1965 1829 vero

390 1880 534 1918 anno
564 1839 848 1935 Philippus
879 1866 1165 1936 presbyter
1193 1865 1337 1920 Sidae
1385 1839 1754 1945 Christianam
1794 1865 1966 1921 histo-
1997 1839 2037 1895 Β

392 1959 526 2011 riam
554 1958 607 2010 in
638 1958 854 2027 triginta
883 1974 975 2012 sex
1020 1959 1187 2014 libros
1214 1959 1527 2029 descripsit.

462 2049 645 2102 Mundi
703 2066 847 2103 anno
897 2049 1057 2115 599.3,
1107 2051 1307 2106 divina:
1359 2052 1760 2107 incarnationis
1820 2070 1965 2112 anno

387 2142 513 2207 425,
551 2143 795 2196 Sisinnio
840 2142 1101 2199 defuncto
1133 2142 1422 2200 Nestorius
1452 2136 1966 2216 Constantinopoli-

387 2238 548 2285 tanus
579 2233 637 2284 fit
670 2231 987 2301 episcopus.
1018 2231 1138 2288 Mor
1193 2248 1324 2289 vero
1348 2235 1609 2289 thronum
1641 2235 1965 2290 conscendit

386 2339 620 2393 nequam
671 2324 804 2379 tides
837 2325 980 2395 ejus,
1041 2333 1097 2381 et
1143 2341 1439 2397 perversus
1491 2329 1544 2382 in
1606 2327 1962 2398 dogmatibus

382 2430 585 2470 sensus
625 2416 1037 2472 ostendebatur.
1094 2417 1398 2474 Homeliam
1460 2421 1665 2490 quippe
1723 2420 1789 2476 de
1856 2423 1961 2479 fide

383 2508 632 2575 protulit,
686 2511 931 2580 syncello
962 2526 1075 2589 suo
1132 2512 1457 2581 praecipiens
1484 2504 1551 2566 ut’
1589 2513 1732 2568 hanc
1769 2529 1959 2598 coram

379 2597 613 2651 ecclesia
676 2599 1023 2667 praedicaret,
1062 2600 1348 2655 habentem
1375 2600 1448 2653 ita
1480 2619 1494 2655 :
1524 2599 1622 2655 Dei
1647 2601 1958 2658 Genilricem

381 2688 614 2741 Mariam
647 2702 789 2744 t-ocet
820 2707 968 2744 nemo
1000 2706 1020 2745 .'
1051 2689 1230 2745 Maria
1276 2691 1416 2744 enim
1444 2692 1598 2747 homo
1643 2704 1779 2761 erat,
1810 2704 1859 2748 et
1891 2695 1957 2748 ab

377 2780 586 2833 nomine
638 2780 811 2834 Deum
845 2783 989 2851 gigni
1045 2782 1370 2851 impossibile
1398 2784 1496 2838 est;
1557 2783 1709 2840 [lane
1765 2802 1953 2842 vocem

376 2870 611 2936 primum
654 2874 1000 2939 reprehendit
1032 2872 1301 2927 Eusebius
1329 2875 1554 2943 quidam
1586 2878 1953 2934 scholasticus

376 2962 739 3028 imperatricis
771 2963 1330 3033 Constantinopoleos
1353 2983 1366 3031 ;
1392 2967 1537 3023 unde
1561 2970 1717 3021 multi
1743 2968 1953 3040 Byzan-

378 3053 579 3104 tiorum
608 3054 813 3107 turbati
855 3062 1004 3108 sunt.
1061 3053 1350 3110 Nestorius
1387 3066 1569 3112 autent
1603 3059 1829 3113 verbum
1856 3060 1951 3114 lir-

376 3155 524 3194 mare
571 3141 863 3209 festinans,
920 3159 1105 3199 vocem
1167 3161 1276 3216 qua
1331 3147 1425 3200 Dei
1458 3148 1709 3205 Genitrix
1745 3151 1949 3208 dicitur

372 3231 551 3298 ejcc'it,
586 3248 781 3301 purum
814 3234 1089 3290 hominem
1127 3236 1320 3290 dicens
1349 3237 1664 3294 Dominum.
1702 3243 1945 3309 Quadam

369 3336 499 3375 γεω
558 3323 841 3379 Dominica
884 3327 994 3388 die.
1043 3329 1373 3396 praesidente
1431 3330 1706 3411 Nestor-io,
1753 3335 1945 3405 jussus

369 3411 597 3469 Proclus
630 3416 860 3470 recitare
884 3416 1173 3471 homeliam
1201 3419 1340 3474 dixit
1369 3422 1421 3475 in
1454 3421 1545 3476 Dei
1584 3422 1941 3493 Genitricem,

366 3505 526 3572 cujus
584 3506 801 3560 initium
851 3517 992 3564 est:
1048 3508 1337 3581 Virginalis
1395 3514 1708 3570 solentnitas
1767 3517 1943 3585 hodie,

370 3594 581 3647 fratres.
602 3594 754 3650 Tunc
778 3598 996 3651 odibilis
1028 3598 1207 3655 factus
1231 3611 1315 3656 est
1348 3603 1489 3671 apud
1513 3616 1714 3661 omnes
1740 3607 1942 3678 impius

369 3680 652 3737 Nestorius
680 3695 902 3757 propter
937 3690 1162 3760 typhum
1187 3700 1240 3745 et
1273 3694 1469 3748 malam
1506 3696 1690 3751 fidem.
1734 3700 1937 3755 Eodem

366 3790 492 3829 vero
522 3790 666 3829 anno
694 3781 936 3835 terribile
971 3784 1294 3839 miraculum
1344 3797 1659 3844 sanctorum
1721 3803 1932 3864 septem

2102 3869 2112 3871 ἡ
2404 3869 2432 3881 ν
2720 3869 2992 3879 ”“⁷⁷“⁷””““’
3021 3869 3315 3898 νιν-υννιιησν
3389 3869 3441 3886 υι
3467 3869 3625 3895 ΙΙΙιδθΙ

363 3882 656 3933 puerorum
701 3869 898 3941 Ephesi
964 3874 1164 3931 factum
1205 3890 1310 3945 est,
1384 3886 1805 3954 resurgentibus
1838 3890 1937 3946 ‘eis
1973 3883 1991 3949 ’,
2044 3894 2278 3961 fuerant,
2316 3906 2571 3973 receptis,
2634 3915 2964 3969 sententiam
3011 3923 3236 3986 protulit
3290 3869 3538 3997 inqeum,
3567 3945 3625 3988 et

364 3967 480 3997 nnct
524 3959 615 3997 ΙΩΙ
656 3978 825 3997 σιηηηα
880 3964 1049 3997 οτι-...η
1078 3968 1313 3997 (xum..-
1364 3973 1753 3997 At-_-_,a_s___,_
1798 3996 1805 3997 ,
1860 3982 1871 3993 υ
2081 3988 2112 3997 ..
2331 3994 2343 3997 ξ

364 3967 486 4026 post
524 3959 617 4014 181
655 3978 849 4018 annos.
879 3964 1050 4022 Porro
1078 3968 1315 4040 Cyrillus
1353 3973 1762 4035 Alexandrinus
1787 3982 1935 4051 cpis-

362 4065 531 4119 t‘OpllS
556 4057 853 4124 compertis
878 4058 1117 4113 Nestorii
1144 4061 1499 4132 blasphemiis
1529 4070 1722 4123 scribit
1746 4073 1815 4137 ci,
1848 4088 1936 4129 ro-

360 4159 494 4213 gans
526 4154 578 4199 et
604 4165 831 4206 monens
869 4161 923 4205 ut
951 4152 1257 4211 discederet
1285 4173 1315 4212 a
1355 4164 1628 4228 perversis
1660 4164 1933 4235 dogmati-

360 4238 460 4289 lius
486 4242 599 4293 suis
620 4241 891 4314 fidemque
916 4254 1119 4302 rectam
1145 4252 1473 4320 susciperet.
1498 4255 1567 4308 At
1593 4272 1720 4313 vero
1738 4258 1933 4317 Nesto-

360 4329 473 4383 rius
500 4330 546 4384 ei
578 4348 607 4385 e
638 4344 830 4389 contra
856 4338 1003 4390 misit
1031 4340 1261 4405 injurias
1288 4353 1342 4397 et
1364 4345 1758 4415 blasphemias.
1779 4353 1933 4410 Tunc

355 4415 421 4485 (ἶ)
440 4419 591 4472 rillus
628 4423 817 4477 scribit
845 4425 1143 4483 C(elestino
1181 4447 1335 4502 papa:
1375 4434 1622 4493 Romano
1683 4457 1805 4512 qua:
1835 4444 1931 4501 Ne-

358 4510 564 4562 storius
629 4514 989 4581 praedicaret;
1057 4529 1111 4573 et
1180 4521 1579 4595 blasphemias,
1640 4510 1762 4601 quae
1823 4536 1927 4593 sibi

356 4616 395 4645 δ.
421 4599 572 4665 ripta:
614 4600 829 4658 fuerant
854 4621 882 4657 a
908 4607 1183 4679 Nestorio,
1216 4615 1266 4668 ei
1296 4620 1617 4677 manifestas
1655 4625 1925 4682 exhibuit.

358 4686 508 4743 Tunc
540 4691 873 4750 CtBlCSlillllS
907 4700 1100 4755 scribit
1134 4702 1409 4772 Nestorio,
1430 4711 1696 4770 definiens
1734 4718 1782 4771 ei
1814 4704 1947 4775 die-J

354 4795 471 4833 rum
506 4782 690 4837 decem
731 4784 983 4844 inducias
1006 4797 1256 4849 cessandi
1291 4813 1320 4850 a
1354 4799 1693 4870 blasphemia
1722 4816 1775 4861 et
1807 4825 1923 4876 pa:-

352 4871 556 4926 nitendi
600 4878 792 4945 :quod
831 4880 874 4934 si
906 4883 1260 4949 perdurasset
1304 4890 1356 4943 in
1420 4907 1586 4967 prava
1642 4871 1922 4967 opinione,

348 4962 639 5017 sacerdotii
674 4971 1109 5043 communicator
1144 4977 1374 5036 ulterius
1432 4961 1556 5039 esse
1607 4988 1918 5049 desisteret.

348 5049 607 5109 Scribunt
630 5067 814 5113 autem
846 5065 1098 5121 similiter
1122 5067 1455 5132 leestinus
1484 5088 1646 5150 atque
1680 5083 1920 5154 Cyrillus

346 5142 695 5203 Antiocheno
731 5161 784 5205 et
822 5144 1321 5229 Hierosolyniitano
1356 5142 1797 5245 archiepiscopis
1850 5181 1917 5236 de

345 5233 595 5293 Nestorio
620 5251 672 5295 et
706 5243 899 5300 lneresi
928 5248 1067 5317 ejus.
1103 5251 1342 5312 Joannes
1382 5273 1562 5317 autem
1589 5269 1784 5322 scribit
1810 5270 1915 5327 Ne-

340 5327 511 5380 storio
532 5328 669 5385 dans
702 5337 994 5391 consilium
1033 5344 1321 5401 recedendi
1352 5350 1418 5403 ab
1450 5353 1664 5420 haeresi,
1698 5363 1829 5428 quin
1859 5374 1910 5419 et

339 5420 403 5469 ad
439 5425 758 5477 memoriam
784 5427 993 5488 ducens
1022 5435 1155 5488 illud
1176 5439 1422 5508 Apostoli
1452 5420 1727 5504 dicentis
1754 5450 1909 5508 Misit

343 5510 479 5568 Deus
516 5513 711 5572 Filium
743 5538 896 5578 suum
930 5526 1131 5593 factum
1185 5550 1248 5587 ea:
1285 5540 1522 5595 muliere.
1556 5544 1907 5618 Cognoscens

399 5724 509 5803 (μ)
546 5723 605 5777 In
635 5726 847 5813 fugient.
878 5730 1015 5789 Hist.
1050 5737 1287 5809 Tripart.
1316 5764 1389 5804 Iv.
1418 5751 1485 5805 2i
1523 5769 1536 5807 :
1568 5773 1584 5807 ε
1617 5774 1684 5813 na

330 5789 563 5861 fugiunt.
616 5789 643 5847 »⁷
670 5797 832 5857 FABR.
1072 5789 1287 5809 mli—In
1422 5789 1484 5805 υ
1524 5794 1535 5807 ⁸
1568 5789 1605 5859 ἰ

568 5893 835 5959 Parnm.
866 5902 979 5966 Gn.
1022 5908 1228 5973 CVIII.

2079 581 2424 636 conturbatis
2459 583 2622 639 silere
2656 586 2877 639 minime
2913 594 3238 656 paterentur
3262 631 3277 655 ,
3344 592 3526 646 suasit
3558 593 3657 646 im-

2078 672 2318 741 peratori
2338 674 2555 727 mittere
2569 676 2773 746 Cyrillo
2793 691 3009 731 sacram
3032 680 3383 749 stigmatibus
3406 682 3658 753 plenam;

2078 781 2239 835 quem
2270 776 2468 836 putans
2491 784 2557 822 ex
2582 769 2669 824 his
2698 783 3053 839 compescere
3078 774 3253 842 magis
3288 777 3484 830 erexit.
3517 776 3656 831 Sur-

2077 874 2210 929 gens
2239 860 2383 912 enim
2415 861 2608 915 scribit
2634 863 2950 931 imperatori
2989 876 3042 919 et
3068 869 3357 926 sororibus
3395 871 3513 926 suis
3545 882 3658 927 tam

2077 949 2145 1004 de
2195 960 2343 1004 recta
2388 951 2492 1006 fide
2528 968 2693 1021 quam
2730 954 2799 1009 de
2832 955 3061 1011 sinistra
3097 958 3362 1028 opinione
3390 960 3655 1029 Nestor-ii,
3726 985 3728 988 ν

2077 1041 2319 1097 simulet
2361 1047 2649 1113 postulans
2705 1047 3074 1105 universalem
3117 1053 3234 1107 fieri
3276 1056 3548 1126 synodum
3588 1061 3656 1113 ad

2075 1136 2500 1191 exaininanilum
2523 1139 2787 1194 canonice
2810 1140 2877 1194 de
2911 1141 3184 1198 Nestorio.
3214 1145 3374 1205 Tunc
3415 1149 3659 1219 impera-

2074 1234 2159 1279 tor
2183 1226 2525 1285 Theodosius
2554 1232 2745 1287 scribit
2764 1234 3024 1290 omnibus
3044 1238 3317 1308 episcOpis
3348 1250 3409 1295 ut
3434 1243 3650 1313 absque

2073 1313 2185 1398 ulla
2214 1318 2483 1391 dilatione
2514 1333 2638 1392 post
2695 1327 2906 1380 Pascha
2947 1326 3224 1397 Ephesum
3268 1337 3653 1402 convenirent.

2071 1394 2342 1465 definiens
2372 1415 2501 1482 quia
2538 1418 2747 1471 nullam
2789 1421 2933 1487 apud
2963 1394 3131 1476 deum
3153 1434 3211 1479 et
3242 1427 3390 1494 apud
3421 1446 3521 1484 nos
3558 1394 3657 1487 es:
3685 1437 3691 1442 ’

2072 1502 2379 1559 cusationis
2416 1508 2687 1561 rationem
2722 1510 2969 1577 habebit,
3004 1515 3097 1583 qui
3154 1518 3240 1572 die
3276 1532 3481 1576 sancta:
3517 1523 3658 1579 Pen-

2072 1598 2310 1647 tecostes
2336 1594 2390 1647 in
2416 1598 2655 1651 concilio
2681 1599 2941 1656 inventus
2960 1619 3070 1658 non
3105 1604 3267 1663 fuerit
3305 1612 3447 1679 apud
3474 1612 3655 1685 Ephe-

2070 1697 2214 1738 sum.
2266 1685 2601 1744 Coelestinus
2650 1700 2830 1747 autem
2887 1694 3168 1752 Romanus
3213 1703 3408 1757 scribit
3446 1704 3655 1777 Cyrillo

2069 1774 2440 1833 Alexandrino
2467 1780 2645 1838 locum
2677 1799 2839 1839 suum
2869 1788 2922 1841 in
2954 1791 3191 1847 concilio
3223 1791 3517 1854 retinendi.
3547 1801 3655 1856 Ita-

2067 1884 2175 1938 que
2207 1870 2473 1927 vicesimo
2507 1877 2705 1944 quinto
2741 1878 2957 1947 imperii
2984 1880 3278 1939 Theodosii
3307 1903 3455 1944 anno
3505 1895 3652 1963 apud

2068 1958 2343 2029 Ephesum
2375 1965 2689 2021 celebratur
2719 1970 2883 2024 tertia
2921 1985 3115 2045 sancta
3159 1978 3428 2049 synodus.
3460 1984 3652 2041 Omni-

2068 2049 2170 2107 bus
2191 2066 2323 2109 sane
2352 2056 2698 2115 antistitibus
2733 2065 3218 2135 convenientibus,
3253 2068 3497 2131 Joannes
3541 2080 3652 2133 An-

2067 2140 2358 2201 tiochenus
2401 2156 2457 2202 et
2496 2144 2804 2208 Orientales
2838 2154 2893 2208 in
2930 2154 3072 2211 dicta
3120 2159 3231 2227 die,
3283 2173 3336 2217 et
3371 2182 3493 2235 qua:
3523 2180 3651 2228 ante

2065 2242 2272 2289 statuta
2296 2236 2498 2306 fuerat,
2525 2243 2748 2299 minime
2779 2262 3207 2307 concurrerunt.
3232 2253 3406 2311 Porro
3435 2260 3649 2319 decima

2063 2334 2218 2382 sexta
2250 2328 2339 2385 die
2376 2341 2499 2401 post
2545 2337 2907 2403 przelinitam,
2949 2339 3165 2399 Joanne
3218 2363 3331 2403 non
3362 2354 3636 2423 veniente,

2062 2425 2310 2490 pervenit
2334 2422 2629 2483 Nestorius
2655 2444 2780 2486 cum
2818 2434 2990 2489 multa
3024 2438 3312 2508 jactantia,
3351 2446 3646 2505 vicesima-

2062 2527 2171 2583 que
2192 2514 2398 2571 mensis
2419 2515 2565 2573 Junii
2591 2520 2679 2576 die
2699 2523 2975 2580 celebrata
3011 2538 3094 2583 est
3139 2535 3405 2603 synodus,
3449 2538 3646 2597 Nesto-

2061 2604 2166 2671 rio,
2189 2604 2393 2693 Cyrillo
2418 2610 2738 2669 etJuvenali
2767 2618 3213 2687 praesidentibus.
3239 2624 3409 2684 Porro
3436 2630 3643 2703 Cyr-illo

2060 2695 2293 2752 Romani
2322 2686 2599 2769 pontificis
2626 2708 2776 2762 vices
2799 2720 2993 2780 agente
3017 2722 3070 2766 ct
3097 2728 3296 2773 cuncta
3341 2723 3645 2796 theologice

2057 2789 2394 2862 disputante,
2445 2796 2582 2853 dicit
2632 2798 2921 2860 Nestorius
2955 2822 3081 2860 cum
3122 2811 3293 2866 multa
3321 2789 3588 2882 jactantia
3625 2842 3637 2877 :

2057 2879 2174 2951 Ego
2202 2886 2352 2938 illum
2382 2890 2472 2957 qui
2513 2892 2814 2948 bimenstris
2848 2906 2896 2949 et
2925 2899 3244 2958 lrimenslris
3304 2879 3481 2974 factus
3538 2925 3639 2975 est.

2036 2969 2324 3045 nunquam
2354 2978 2522 3035 Deum
2555 2987 2959 3054 nominarerim,
2992 3001 3043 3045 et
3104 2994 3221 3049 ideo
3253 3002 3479 3055 mundus
3519 3022 3637 3060 sum

2056 3082 2089 3118 α
2136 3072 2391 3139 sanguine
2438 3086 2629 3140 vestro,
2670 3090 2716 3132 et
2749 3098 2813 3134 ea:
2854 3083 2951 3137 hoc
2980 3087 3047 3138 ad
3080 3104 3168 3141 vos
3212 3093 3519 3152 nullatenus
3556 3116 3633 3153 re-

2050 3159 2293 3227 pedabo;
2327 3170 2380 3216 et
2415 3165 2500 3221 his
2536 3169 2701 3224 dictis
2758 3186 2882 3226 cum
2917 3191 3013 3231 sex
3066 3180 3366 3253 episcopis,
3398 3189 3490 3255 qui
3537 3206 3635 3245 vo-

2051 3248 2288 3305 luntarie
2328 3257 2503 3309 secuti
2551 3269 2681 3314 sunt
2718 3277 2865 3328 eum,
2913 3268 3066 3324 abiit.
3102 3270 3142 3324 li
3174 3288 3303 3328 vero
3329 3262 3425 3346 qui
3482 3283 3634 3338 circa

2049 3340 2311 3411 Cyrillum
2342 3358 2499 3403 erant
2539 3364 2762 3420 postera
2807 3357 2899 3413 die
2953 3366 3367 3435 convenientes,
3432 3374 3634 3439 misere

1986 3494 1989 3495 ν
2050 3440 2161 3489 tres
2187 3438 2477 3510 episcopos
2508 3461 2706 3502 vocare
2738 3450 2923 3523 illum,
2956 3464 3011 3508 et
3046 3472 3156 3512 non
3179 3461 3481 3521 obaudivit.
3503 3468 3630 3526 Pari

2049 3527 2213 3605 modo
2247 3535 2494 3588 secundo
2534 3548 2588 3591 et
2629 3542 2795 3597 tertio
2823 3553 2875 3597 et
2902 3557 3097 3614 quarto
3124 3565 3153 3602 a
3183 3554 3393 3622 synodo
3421 3572 3630 3617 convo-
3717 3554 3725 3559 ’

2048 3630 2204 3677 catus
2242 3639 2349 3679 non
2387 3630 2536 3684 venit
2574 3650 2586 3685 :
2627 3634 2720 3688 sed
2761 3645 2815 3690 et
2865 3640 2987 3695 illos
3042 3645 3132 3712 qui
3196 3647 3355 3703 missi
3408 3651 3629 3711 fuerant

2044 3710 2263 3780 injuriis
2307 3715 2431 3772 fecit
2467 3729 2519 3773 et
2566 3728 2914 3784 contumeliis
2963 3710 3125 3788 allici.
3184 3734 3341 3793 Tunc
3385 3745 3627 3812 synodus

2044 3802 2268 3871 injuriis
2309 3817 2363 3863 et
2386 3811 2685 3881 ignominia
2718 3818 2993 3879 lacessitis
3020 3826 3315 3898 episc0pis,
3348 3835 3441 3903 qui
3467 3837 3626 3895 missi

2042 3988 2284 4047 alienum
2324 3994 2439 4052 fore
2484 4001 2552 4056 ab
2584 4006 2735 4058 onmi
2772 4022 2929 4062 sacra
2960 4010 3227 4082 dignitate
3260 4016 3525 4091 decrevit,
3562 4028 3621 4085 in

2039 4080 2236 4138 faciem
2283 4089 2395 4159 (l-i)
2432 4093 2481 4146 ei
2511 4094 2859 4164 depositione
2894 4080 3070 4171 ipsius
3117 4114 3470 4171 transmissa.
3512 4080 3620 4175 llis

2038 4172 2108 4227 ita
2144 4175 2312 4234 finitis
2346 4185 2495 4237 venit
2527 4197 2649 4257 post
2676 4198 2789 4246 tres
2815 4192 2931 4250 dies
2959 4195 3202 4257 Joannes
3236 4204 3618 4269 Antiochenus

2035 4267 2326 4339 episcopus
2356 4275 2548 4345 viginti
2571 4296 2665 4334 sex
2700 4298 2887 4339 secum
2924 4290 3201 4361 episcopis
3231 4295 3483 4373 habitis;
3522 4267 3618 4374 qui

2035 4370 2160 4412 cum
2195 4362 2515 4432 didicissent
2544 4370 2855 4429 Nestorium
2909 4378 3023 4446 jam
3070 4383 3403 4453 depositum,
3448 4362 3613 4452 scissi

1963 4487 2006 4541 Β
2035 4464 2063 4503 a
2087 4463 2275 4509 sancta
2306 4462 2516 4529 synodo
2543 4473 2596 4517 et
2644 4482 2770 4521 cum
2832 4470 3093 4529 Nestorio
3132 4483 3483 4541 considentes
3515 4491 3615 4544 de-

2034 4559 2294 4615 posuere,
2344 4560 2402 4605 ut
2432 4554 2824 4626 opinabantur,
2857 4564 3117 4634 Cyrillum
3160 4581 3213 4625 et
3265 4575 3607 4641 Memnonem

2033 4635 2393 4704 Ephesinum.
2428 4644 2795 4726 'I‘heodoritus
2829 4670 2963 4711 sane
3008 4670 3209 4728 putans
3251 4665 3513 4739 Cyrillum
3557 4676 3609 4733 in

2030 4728 2320 4787 duodecim
2368 4739 2609 4807 capitula
2675 4745 3005 4814 offendisse,
3063 4766 3259 4822 praeter
3319 4766 3604 4825 veritatem

2029 4823 2405 4881 narrationem
2439 4830 2667 4898 faciens,
2694 4836 2895 4892 ibidem
2919 4841 3153 4901 Nestorii
3186 4864 3454 4909 venenum
3480 4873 3607 4913 evo-

2029 4910 2187 4970 muit.
2223 4912 2471 4987 Cyrillus'
2491 4939 2620 4980 vero
2652 4938 2904 4997 potenter
2936 4950 3240 5008 exsurgens
3270 4958 3369 5011 pro
3395 4948 3603 5004 eisdem

2028 5007 2281 5075 capitulis
2316 5013 2582 5070 rationem
2620 5020 2881 5087 reddidit,
2917 5042 2982 5081 ea
3014 5007 3137 5097 quae
3173 5033 3228 5086 in
3270 5007 3358 5091 eis
3389 5038 3601 5096 haben-

1997 5101 2523 5173 -tur'interpretans,
2567 5120 2623 5165 et
2660 5116 3099 5177 ecclesiaSticum
3135 5124 3453 5185 thesaurum
3476 5150 3602 5192 esse

2025 5190 2438 5265 demonstrans,
2470 5208 2636 5271 atque
2665 5205 2808 5275 piam
2846 5210 3206 5271 intentionem
3230 5235 3383 5275 suam
3423 5232 3602 5282 mani-

2025 5281 2234 5340 festans
2293 5291 2577 5350 omnibus.
2640 5294 2827 5367 Itaque
2875 5302 3253 5364 Antiochenus
3302 5312 3596 5378 Joannesa

2021 5375 2252 5430 concilio
2282 5381 2446 5434 tertio
2477 5395 2725 5450 vocatus,
2771 5399 2823 5442 et
2864 5407 2972 5447 non
3014 5392 3317 5457 obaudicns
3352 5414 3410 5461 ut
3440 5413 3592 5462 veni-

2019 5476 2123 5532 ret,
2157 5473 2485 5529 sententiam
2517 5493 2625 5531 una
2654 5495 2777 5535 cum
2814 5484 2898 5540 his
2927 5489 3021 5557 qui
3053 5506 3240 5547 secum
3284 5508 3442 5553 erant
3494 5518 3590 5556 ex-

2019 5559 2183 5627 cepit,
2212 5569 2271 5614 ut
2302 5564 2465 5620 alieni
2510 5565 2690 5624 forent
2744 5572 2814 5628 ab
2846 5578 2997 5632 omni
3026 5582 3404 5642 ecclesiastica
3439 5605 3590 5646 comv

1946 5668 2158 5726 NOTAS

1696 5776 1739 5812 ιιι
1781 5761 1875 5831 qui
1906 5762 1972 5819 dc
2014 5770 2129 5825 suis
2161 5768 2324 5829 dictis
2343 5775 2650 5846 confidunt,
2674 5782 2841 5839 etiam
2863 5797 2927 5841 an
2965 5802 3161 5843 racicm
3205 5793 3437 5860 probare
3474 5813 3582 5857 non

3155 5949 3231 6012 39
