4440 6446
801 404 933 467 1227

1892 404 2319 463 ANASTASII-
2348 404 2973 467 BIBIJOTHECARII

3923 416 4055 482 iii-3

799 520 1079 581 munione,
1106 518 1413 587 usquedum
1454 531 1573 572 sese
1606 521 2063 586 recognoscentes
2091 517 2369 587 proprium
2401 522 2450 579 Λ
2478 521 2874 590 depositionem
2928 524 2996 579 ab
3030 523 3262 578 ecclesia
3303 536 3537 595 separati
3592 539 3768 591 erant,
3812 531 4057 585 ecclesiae

797 615 1191 668 confiterentur
1228 625 1538 665 excessum.
1577 610 1844 680 Tuncque
1883 611 2131 681 synodus
2173 608 2369 665 defini-

802 706 893 768 vit,
928 718 1046 774 quae
1077 703 1144 755 ab
1168 698 1542 755 Orientalibus
1584 702 1637 753 in
1676 697 1935 768 inju'riam
1989 700 2372 755 sanctissimo—

802 814 921 850 rum
950 795 1203 849 Ecclesiae
1225 795 1518 865 praesulum
1549 792 1732 862 Cyrilli
1763 801 1815 846 et
1841 790 2146 847 Memnonis
2165 793 2375 863 prolata

801 895 950 949 sunt,
981 892 1169 955 utpote
1221 887 1341 939 sine
1395 886 1511 954 lege
1543 895 1597 937 et
1620 884 1740 938 sine
1776 899 1987 938 canone
2028 884 2375 954 deprompta,

802 982 1009 1035 nullam
1056 981 1164 1033 vim
1214 993 1441 1048 prorsus
1500 978 1726 1032 habere.
1771 977 1867 1031 llis
1906 978 2073 1047 igitur
2113 979 2375 1033 omnibus

802 1092 898 1146 per
957 1074 1337 1145 suggestiones
1386 1070 1701 1126 Theodosio
1764 1056 2084 1140 imperatori
2159 1071 2376 1134 relatis,

804 1166 941 1234 iussi
990 1172 1120 1221 sunt
1166 1162 1413 1232 episcopi
1460 1176 1545 1232 ex“
1590 1170 1820 1229 utraque
1877 1168 2030 1229 parte
2079 1159 2380 1216 ascendere

802 1254 1370 1324 Constantinopolim;
1401 1253 1494 1324 qui
1529 1267 1651 1307 cum
1682 1252 2082 1313 ascendissent,
2112 1266 2382 1321 coopera-

803 1349 953 1401 tione
983 1344 1073 1398 Dei
1105 1345 1288 1397 vicere
1345 1343 1397 1395 hi
1434 1341 1527 1411 qui
1586 1356 1651 1394 ex
1683 1351 1839 1410 parte
1900 1341 2093 1410 synodi
2141 1342 2378 1404 fuerant,

806 1440 1125 1504 firmataque
1153 1433 1490 1501 depositione
1541 1428 1780 1485 Nestorii
1836 1429 2205 1486 Maximianus
2238 1430 2382 1484 Con-

804 1510 1241 1597 stantinopoleos
1290 1532 1644 1578 consecratur
1703 1523 2014 1591 episcopus.
2073 1521 2390 1597 Orientales

807 1638 938 1678 vero
998 1596 1314 1688 susceptum
1346 1615 1656 1671 Nestorium
1689 1630 1876 1670 secum
1936 1596 2163 1669 duxere.
2212 1615 2384 1670 Porro

810 1711 1279 1784 quartoNestorii
1336 1708 1703 1780 depositionis
1740 1723 1885 1762 anno
1920 1706 2158 1763 Joannes
2190 1708 2385 1762 Antio-

808 1809 1018 1862 chenus
1046 1806 1339 1873 cpiscopus
1372 1816 1559 1855 amore
1610 1800 1702 1855 Dei
1761 1801 2041 1865 detentus;
2084 1800 2385 1872 vidensque

2480 629 2671 669 rursus
2722 616 2919 669 univit.
2955 616 3067 672 Sub
3109 617 3211 671 huc
3271 627 3474 673 sanctze
3524 621 3800 674 memorie
3861 621 4055 677 Proclo

2478 714 2638 760 terrae
2664 717 2847 761 motus
2889 706 3017 761 facti
3062 720 3192 764 sunt
3219 711 3402 779 magni
3454 710 3928 783 Constantinopoli
3959 730 4056 784 per

2478 807 2716 867 quatuor
2740 816 2978 862 menses,
3012 801 3084 855 ita
3119 811 3177 856 ut
3199 804 3456 858 timentes
3487 803 3735 875 Byzantii
3767 817 3920 860 extra
3972 808 4055 861 ci-

2478 890 2724 956 vitatem,
2760 893 2814 947 in
2846 892 2967 948 loco
2998 894 3091 962 qui
3123 894 3329 949 dicitur
3356 894 3619 966 Campus,
3648 907 3838 953 essent
3866 914 4057 968 perse—

2479 997 2733 1040 verantes
2768 1002 2876 1040 una
2910 1002 3033 1040 cum
3065 988 3345 1058 episcopo,
3397 989 3462 1043 ad
3516 989 3682 1046 Deum
3719 993 3973 1060 precibus
4002 1003 4059 1045 et

2481 1077 2691 1133 litaniis
2738 1079 3127 1134 vociferantes.
3164 1081 3407 1146 Quadam
3462 1075 3594 1153 ergo
3646 1083 3733 1139 die
3764 1084 4059 1139 fluctuante

2483 1176 2647 1233 terra,
2708 1178 2763 1224 et
2815 1173 2963 1225 omni
3002 1172 3157 1241 plebe
3185 1174 3446 1227 attentius
3472 1174 3814 1228 exclamante
3850 1176 4053 1245 Κύριε.

2484 1262 2727 1330 ἐλέησον,
2762 1262 2910 1317 circa
2948 1264 3136 1319 horam
3176 1266 3392 1319 tertiam
3432 1267 3692 1321 omnibus
3741 1265 4059 1321 videntibus

2484 1357 2711 1425 contigit
2763 1370 2791 1409 a
2850 1357 3035 1412 divina
3072 1358 3274 1410 virtute
3329 1357 3541 1412 sustolli
3590 1359 3881 1427 quemdam
3911 1359 4043 1412 ado-

2483 1447 2846 1504 lescentulum
2884 1448 2937 1501 in
2963 1464 3108 1514 aere,
3142 1460 3194 1504 et
3232 1452 3408 1504 audiri
3438 1451 3677 1505 divinam
3726 1465 3911 1505 vocem
3964 1451 4063 1504 ad-

2485 1548 2796 1594 monentem
2826 1556 2947 1593 eum
2976 1542 3236 1611 episcopo
3261 1557 3323 1594 ac
3350 1543 3548 1611 populo
3568 1544 3822 1596 nuntiare
3861 1550 3913 1594 ut
3935 1543 4060 1596 lita-

2486 1631 2604 1685 nias
2636 1632 2717 1684 sic
2753 1632 2995 1686 facerent
3026 1640 3079 1686 et
3121 1634 3365 1687 dicerent
3396 1652 3409 1687 :
3442 1634 3668 1688 Sanctus
3703 1633 3862 1698 Deus,
3916 1636 4062 1691 Sau-

2488 1736 2598 1777 ctus
2641 1726 2817 1793 fortis,
2881 1728 3109 1783 Sanctus
3177 1731 3533 1789 immortalis,
3590 1734 3833 1786 miserere
3886 1735 4058 1794 nobis,

2487 1816 2623 1870 nihil
2649 1817 2796 1870 aliud
2830 1828 3195 1887 apponentcs.
3226 1818 3451 1875 Procius
3475 1830 3653 1875 autem
3685 1822 3784 1877 hac
3806 1838 4061 1893 suscepta

810 1901 1011 1954 multos
1063 1896 1532 1950 Antiochenorttm
1568 1894 1718 1948 viros
1780 1894 2031 1963 egregios
2068 1908 2095 1947 a
2127 1892 2381 1949 Nestorio
2413 1902 2455 1956 B
2484 1923 2561 1963 εει

2303 1894 2381 1949 rio
2413 1902 2455 1956 B
2484 1913 2753 1963 sententia
2810 1912 3067 1981 praecepit
3108 1913 3307 1981 pepulo
3372 1914 3603 1982 psallere
3646 1916 3744 1974 sic.
3783 1927 3833 1971 et
3873 1892 4056 1970 statim

809 1992 1114 2047 adulterina
1141 1988 1410 2059 pravitate
1435 1986 1694 2050 infectos,
1754 1985 1950 2040 scribit
1971 2000 2185 2056 rogans
2207 1987 2380 2057 impe-

811 2096 1046 2139 ratorem
1073 2082 1214 2136 hunc
1240 2081 1307 2134 ab
1341 2078 1564 2134 Oriente
1597 2078 1927 2148 pellendum.
1956 2077 2258 2148 Imperator
2287 2095 2383 2133 au-

812 2176 916 2227 tem
944 2173 1253 2227 Nestorium
1278 2168 1498 2239 quidem
1518 2167 1714 2222 exsilio
1734 2168 2150 2238 relegavitapud
2174 2168 2381 2237 Oasim,

808 2273 1079 2338 praecepta
1108 2278 1236 2318 vero
1260 2260 1428 2314 mittit
1455 2260 1659 2329 Cyrillo
1686 2269 1736 2313 et
1756 2259 1951 2315 Joauni
1980 2262 2100 2315 sine
2120 2262 2387 2317 dilatione

808 2372 861 2415 et
890 2360 958 2412 ad
1011 2359 1301 2412 universas
1329 2355 1621 2410 Ecclesias.
1672 2354 1912 2411 Joannes
1940 2369 2116 2411 autem
2158 2365 2383 2427 accepta

810 2454 1172 2529 praeceptione
1203 2454 1397 2508 scribit
1424 2451 1627 2523 Cyrillo
1668 2452 1824 2505 fidem
1858 2468 2013 2508 suam
2073 2463 2127 2509 et
2164 2454 2382 2510 Patrum

811 2549 955 2619 apud
1018 2545 1254 2601 Nicaeam
1318 2553 1373 2599 et
1436 2544 1969 2613 Constantinopolim
2028 2547 2383 2602 collectorum

810 2640 1239 2702 confessionem,
1278 2637 1551 2706 recipiens
1585 2640 1747 2690 etiam
1783 2654 1905 2706 qua:
1939 2638 2082 2708 apud
2110 2639 2383 2709 Ephesum

811 2742 962 2804 gesta
985 2744 1132 2787 sunt.
1161 2730 1372 2795 Quibus
1402 2728 1638 2800 Cyrillus
1672 2731 1940 2799 susceptis
1975 2732 2168 2786 scribit
2189 2730 2386 2788 Joanni

811 2838 863 2880 et
886 2824 1257 2881 Orientalibus
1284 2823 1595 2892 epistolam,
1629 2823 1790 2892 cujus
1812 2824 2029 2878 initium
2060 2833 2179 2879 est:
2206 2843 2225 2877 ί
2266 2826 2385 2880 La:-

812 2927 995 2973 tentur
1027 2917 1152 2972 caeli
1178 2926 1231 2971 et
1264 2916 1505 2972 exsultet
1544 2927 1708 2970 terra.
1729 2915 1837 2983 [Et
1862 2916 1914 2969 in
1944 2916 2130 2972 eadem
2167 2918 2386 2973 confes-

812 3012 967 3066 sione
997 3011 1245 3079 utrisque
1274 3008 1727 3063 convenientibus
1754 3008 1921 3061 unita:
1945 3016 2074 3062 sunt
2096 3008 2162 3063 ad
2196 3023 2384 3078 pacem

812 3111 975 3174 atque
1007 3100 1380 3164 concordiam,
1418 3101 1617 3170 quibus
1652 3101 2067 3169 prmminchant,
2110 3101 2384 3155 Ecclesiae.

811 3195 914 3251 Per
940 3196 1080 3249 idem
1108 3208 1235 3249 vero
1269 3203 1483 3262 tempus
1512 3191 1739 3247 Nonnus
1765 3193 1987 3261 regebat
2020 3192 2386 3247 Edessensem

2493 2010 2652 2057 terra:
2678 2014 2859 2057 motus
2888 2005 3146 2059 cessavit.
3187 2004 3356 2059 Porro
3380 2007 3535 2061 beata
3557 2006 3845 2063 Pulcheria
3885 2026 4051 2079 super

2491 2094 2758 2150 miraculo
2788 2112 2892 2149 una
2922 2113 3045 2151 cum
3100 2098 3268 2153 fratre
3325 2116 3489 2168 supra
3522 2102 3739 2154 modum
3796 2104 4065 2156 admirata

2492 2188 2674 2242 sanxit
2708 2204 2807 2257 per
2831 2190 3145 2244 universum
3176 2192 3623 2246 orbemdivinum
3655 2197 3797 2248 hunc
3829 2196 4066 2263 psallere.

2492 2280 2791 2350 hymnum;
2822 2291 2877 2335 et
2910 2298 2977 2337 ex
3000 2293 3128 2336 tunc
3162 2298 3414 2354 recepere
3448 2299 3639 2341 omnes
3673 2284 3927 2342 Ecclesia:
3958 2302 4056 2356 per

2493 2373 2737 2443 singulos
2772 2373 2892 2429 dies
2924 2374 3070 2429 hunc
3094 2390 3291 2429 canere
3325 2376 3454 2432 Deo.

2563 2466 2639 2520 De
2688 2477 2883 2523 caetero
2925 2468 3226 2537 imperante
3272 2469 3579 2525 Theodmio
3624 2471 3835 2538 iuniore
3872 2468 4073 2524 γυιυη-

2491 2558 2738 2612 tinianus
2775 2574 2880 2612 non
2918 2560 3091 2614 solum
3129 2559 3463 2613 Britanniam
3498 2570 3550 2614 et
3605 2560 3830 2614 Galliam
3884 2571 3935 2615 et
3976 2564 4073 2613 Iti-

2494 2651 2740 2720 spaniam
2780 2651 3298 2722 salvare‘nequivit,
3337 2655 3429 2707 sed
3462 2665 3510 2705 et
3542 2652 3935 2706 occidentalem
3986 2652 4077 2705 Li-

2491 2746 2676 2813 byam,
2709 2759 2836 2812 quae
2859 2743 3109 2798 videlicet
3140 2745 3290 2812 regio
3315 2756 3540 2798 vocatur
3570 2746 3851 2804 Afrorum,
3890 2745 4074 2797 amisit

2496 2834 2599 2889 hoc
2630 2834 2815 2889 modo.
2843 2834 2959 2888 Duo
2978 2843 3240 2905 praetores
3259 2848 3433 2901 erant,
3456 2837 3645 2891 Aetius
3667 2838 3869 2892 scilicet
3894 2847 3945 2891 et
3968 2837 4075 2889 Bo-

2495 2928 2752 2990 nifacius,
2789 2943 2926 2997 quos
2957 2928 3299 2983 Theodosius
3334 2931 3647 2998 postulante
3692 2929 4079 2985 Valentiniano

2496 3019 2723 3073 Romam
2773 3019 2996 3074 direxit.
3044 3019 3289 3092 Cumque
3350 3020 3668 3079 Bonifacius
3712 3023 4076 3092 principatum

2495 3110 2891 3165 occidentalem
2948 3108 3136 3181 Libyae
3191 3115 3550 3182 percepisset,
3592 3114 3796 3167 invidia
3852 3114 4075 3167 inﬂam-

2498 3214 2680 3257 matus
2733 3204 2920 3257 Aetius
2984 3205 3391 3258 accusationem
3445 3205 3572 3260 facit
3632 3206 3893 3261 adversus
3952 3223 4077 3261 eum

815 3288 1137 3353 Beelesiam,
1167 3287 1259 3357 qui
1306 3288 1537 3355 primam
1583 3286 2047 3345 Autiochenarum
2102 3286 2391 3339 mimarum
2422 3271 2464 3328 (ἶ
2499 3300 2759 3362 tanquam
2821 3294 3176 3349 rebellionem
3214 3296 3569 3351 meditantem
3611 3309 3663 3353 ct
3696 3294 3939 3354 obtinere
3991 3297 4080 3350 Li-

816 3382 925 3437 Deo
954 3383 1233 3436 dicavitet
1278 3397 1375 3449 pro
1431 3378 1721 3448 Margarita
1779 3380 2065 3433 meretrice
2121 3379 2392 3450 Pelagium

812 3474 1029 3527 Christo
1062 3472 1331 3527 exhibuit.
1366 3471 1473 3526 Iste
1518 3488 1648 3542 ergo
1678 3472 1965 3527 exsultans
1997 3488 2163 3542 super
2195 3473 2391 3529 horum

814 3566 1110 3620 concordia
1139 3566 1333 3619 scribit
1372 3564 1570 3619 Joanni
1626 3566 2047 3636 archiepiscopo
2085 3568 2290 3621 monita
2340 3577 2394 3623 et

816 3660 1106 3713 verborum
1141 3658 1479 3726 magisteria,
1514 3674 1567 3711 Ill
1600 3658 1801 3728 quibus
1834 3667 1887 3713 et
1914 3660 2019 3712 hoc
2044 3661 2155 3714 ait:
2186 3660 2391 3714 Munda

819 3750 1135 3814 Ecclesium,
1178 3766 1207 3802 ο
1242 3750 1397 3802 homo
1444 3748 1561 3813 Dei,
1618 3768 1648 3803 a
1682 3749 2025 3805 Nestorianis
2058 3753 2284 3806 zizaniis
2345 3761 2400 3821 et

813 3844 927 3907 eius
956 3844 1250 3911 impietate.
1281 3828 1455 3897 Porro
1515 3842 1745 3914 impium
1784 3851 1837 3897 et
1868 3844 2252 3914 blasphemum
2286 3846 2393 3899 he.-

816 3936 1047 3988 storium
1100 3937 1153 3989 in
1207 3936 1402 3991 exsilio
1435 3934 1680 3988 divinum
1719 3936 1990 4006 judicium
2037 3937 2390 3992 subsecutum

814 4035 920 4091 est,
954 4025 1245 4081 tabefactis
1271 4028 1530 4082 erunibus
1584 4028 1843 4083 membris
1884 4028 2025 4096 ejus,
2056 4036 2111 4082 et
2158 4030 2392 4085 maxime

819 4118 1023 4186 lingua,
1056 4132 1163 4188 qua
1217 4129 1540 4193 consumpta
1590 4129 1764 4172 morte
1825 4120 2085 4191 pra-venit
2128 4122 2244 4175 iter
2282 4137 2392 4192 quo

819 4209 886 4264 ab
911 4208 1051 4263 Oase
1082 4211 1147 4264 ad
1182 4211 1347 4263 alium
1381 4211 1562 4263 locum
1598 4222 1714 4265 erat
1744 4213 2061 4277 ducendus.

884 4306 1076 4361 Mundi
1104 4318 1249 4356 anno
1267 4303 1427 4364 5926,
1458 4302 1656 4356 divinzc
1678 4303 2073 4357 incarnationis
2098 4317 2241 4360 anno
2261 4304 2387 4371 £26,

815 4401 1045 4454 veniens
1101 4395 1523 4450 Valentinianus
1579 4395 1723 4449 filius
1757 4377 2065 4449 Constantii
2124 4404 2179 4449 et
2223 4394 2391 4449 Galla!

766 4501 772 4507 ·
816 4480 1072 4543 Placidia:
1134 4490 1204 4541 ab
1241 4488 1377 4539 urbe
1423 4484 1598 4538 Roma
1657 4484 2192 4555 Constantinopolim
2238 4486 2392 4539 duxit

2497 3386 2659 3458 byam
2686 3394 3063 3456 satagentem;
3117 3398 3169 3441 ct
3203 3389 3313 3442 hcce
3346 3388 3564 3457 quidem
3601 3389 3848 3444 Placidia:
3876 3390 4078 3443 fateba-

2496 3486 2605 3544 tur,
2648 3478 3011 3534 Valentiniani
3042 3482 3222 3533 matri.
3256 3481 3524 3555 Czeterum
3573 3482 3853 3536 Bonifacio
3888 3482 4083 3536 scribit

2496 3572 2646 3642 quia,
2678 3573 2725 3627 si
2762 3574 3061 3628 accersitus
3102 3573 3290 3637 fueris,
3326 3577 3585 3631 accedere
3608 3577 3713 3630 noli
3743 3596 3753 3631 :
3794 3577 4081 3632 incusatus

2494 3664 2639 3719 enim
2668 3680 2748 3725 es,
2776 3674 2827 3720 et
2857 3674 2909 3718 te
2936 3664 3123 3721 dolose
3148 3667 3335 3720 volunt
3364 3667 3717 3736 imperatores
3743 3707 3756 3721 .
3786 3706 3799 3720 .
3824 3709 3836 3722 .
3863 3709 3875 3722 .
3902 3707 3915 3721 .
3954 3667 4078 3722 Hmc

2495 3756 2805 3827 suscipiens
2834 3756 3169 3819 Bonifacius,
3195 3766 3246 3810 et
3276 3759 3437 3811 veluti
3474 3759 3691 3828 proprio
3726 3774 3886 3813 Servo
3922 3760 4080 3812 Aetio

2496 3850 2747 3909 credens,
2803 3850 3104 3902 accersitus
3141 3849 3405 3903 accedere
3447 3851 3679 3903 distulit.
3716 3849 3869 3903 Tunc
3909 3851 4081 3918 impe-

2498 3948 2708 3995 ratores
2742 3940 2955 3994 Aetium
2998 3941 3158 4009 quasi
3206 3942 3460 3993 devotum
3514 3950 3857 4010 receperunt.
3910 3940 4079 3993 Erant

2494 4044 2674 4089 autem
2736 4031 2896 4086 Gothi
2949 4041 3079 4085 tunc
3121 4040 3170 4085 et
3217 4042 3406 4102 gentes
3457 4034 3638 4085 multa:
3687 4047 3748 4086 ac
3808 4034 4080 4088 maximat.

2497 4135 2645 4179 trans
2678 4123 2984 4177 Danubium
3020 4125 3072 4176 in
3107 4121 3474 4192 Hyperboreis
3517 4124 3649 4177 locis
3680 4124 4078 4183 inhabitantes,

2493 4232 2558 4273 ex
2590 4218 2787 4286 quibus
2826 4217 3263 4269 rationabiliores
3300 4225 3533 4283 quatuor
3585 4224 3742 4274 sunt,
3775 4213 3932 4268 Gothi
3972 4215 4082 4268 sci-

2494 4309 2622 4363 licet
2681 4317 2734 4361 et
2790 4308 3122 4379 Hypogothi,
3177 4307 3412 4377 Gipedes
3463 4315 3512 4358 et
3560 4307 3811 4366 Vandali,
3882 4320 4079 4357 nomen

2494 4407 2707 4453 tantum
2756 4408 2812 4453 et
2871 4400 3004 4453 nihil
3060 4399 3206 4452 aliud
3265 4408 3561 4454 mutantes.
3620 4413 3835 4466 unaque
3896 4398 4078 4466 lingu.

2495 4500 2731 4546 utentes.
2796 4491 2997 4545 Omnes
3052 4503 3230 4542 autem
3276 4490 3393 4541 fidei
3445 4498 3603 4540 erant
3656 4490 3869 4541 Arianae
3918 4491 4078 4540 maii-

816 4598 1044 4638 uxorem
1074 4596 1249 4646 suam,
1287 4580 1451 4635 filiam
1508 4579 1801 4634 Theodosii
1850 4581 2220 4649 imperatoris,
2277 4580 2385 4633 Eu-
2419 4620 2464 4675 ι)
2495 4582 2741 4652 guitatis.
2796 4580 2884 4635 Isti
2936 4581 3038 4635 sub
3080 4580 3319 4634 Arcadio
3370 4589 3419 4631 et
3471 4577 3709 4630 Honorio
3769 4576 4075 4630 Danubium

815 4674 1031 4727 «loriam
1071 4674 1309 4732 nomine,
1355 4686 1517 4740 quam
1561 4672 1663 4726 sibi
1700 4671 1943 4724 Eudocia
1995 4679 2277 4740 genuerat,
2335 4679 2389 4725 et

815 4765 1046 4819 Romam
1076 4764 1261 4817 rediit.
1293 4764 1553 4835 Sequenti
1586 4778 1715 4816 vero
1748 4779 1892 4817 anno
1918 4762 2259 4817 Theodosius
2286 4767 2391 4816 im-

816 4862 1037 4919 perator
1094 4850 1389 4903 Eudociam
1446 4866 1670 4905 uxorem
1733 4866 1889 4905 suam
1952 4852 2387 4931 Hierosolymam

819 4946 967 4999 misit
1008 4942 1289 5014 gratificos
1326 4944 1560 5014 hymnos
1598 4945 1907 4999 oblaturam
1933 4944 2229 5016 Deo;’qua:
2268 4948 2389 5015 plu-

820 5037 953 5088 rima
990 5020 1134 5088 dona
1166 5036 1415 5090 ecclesiis
1449 5036 1707 5100 contulit,
1740 5046 1795 5091 et
1830 5037 2073 5093 adoratis
2115 5047 2221 5090 tam
2266 5051 2393 5091 san-

817 5138 901 5181 cta
935 5144 1099 5181 cruce
1131 5143 1297 5197 quam
1336 5128 1583 5183 colendis
1618 5128 1755 5182 locis
1784 5140 2000 5184 reversa
2032 5139 2115 5184 est
2146 5129 2212 5184 ad
2243 5145 2395 5199 rega-

817 5220 910 5273 lia.
938 5217 1245 5273 Tricesimo
1280 5219 1406 5274 dein
1436 5220 1647 5288 imperii
1671 5221 1964 5275 Theodosii
1992 5237 2136 5276 anno
2167 5222 2394 5277 Proetus

816 5313 1107 5382 episcopus
1153 5313 1798 5382 Constantinopolitanus
1838 5316 2145 5382 postulatus
2180 5316 2247 5369 ab
2290 5316 2393 5368 im-

818 5414 1072 5470 peratore
1108 5402 1417 5459 Theodosio
1464 5420 1665 5475 corpus
1717 5408 1896 5462 sancti
1944 5403 2173 5462 Joannis
2217 5408 2394 5478 Chry-

816 5497 1043 5550 sostomi
1077 5510 1105 5548 a
1123 5495 1380 5552 Comanis
1405 5497 1470 5551 ad
1507 5500 1708 5566 regiam
1739 5498 1928 5552 urbem
1956 5499 2167 5562 detulit,
2194 5506 2246 5552 et
2270 5514 2395 5569 pro-

818 5589 967 5641 ximo
993 5603 1139 5641 anno
1188 5597 1310 5656 post
1336 5589 1560 5659 triginta
1592 5598 1705 5644 tres
1736 5603 1911 5645 annos
1940 5590 1993 5643 id
2037 5605 2219 5645 coram
2249 5590 2395 5643 omni

818 5681 1167 5750 pmcessione
1216 5695 1325 5735 una
1373 5695 1499 5735 cum
1558 5682 1888 5751 imperatore
1934 5696 1999 5736 ac
2053 5682 2398 5752 imperatrice

818 5773 1107 5827 Pulcheria
1138 5774 1354 5843 pompis
1385 5772 1707 5828 funebribus
1737 5774 2026 5845 publicane
2063 5776 2119 5829 in
2166 5777 2396 5844 Aposto-

820 5868 995 5923 lorum
1030 5867 1262 5926 ecclesia
1294 5868 1495 5938 posuit.
1544 5864 1609 5924 Et
1647 5868 1721 5923 ita
1754 5882 1849 5925 eos
1876 5870 1967 5939 qui
1998 5877 2221 5940 propter
2246 5868 2395 5923 illius

2496 4682 2844 4728 transeuntes
2890 4674 2940 4727 in
3001 4682 3143 4725 terra
3208 4670 3367 4724 locati
3422 4680 3548 4723 sunt
3590 4670 3976 4723 Romanorum.
4016 4668 4075 4720 [ι

2494 4765 2726 4835 Gipedes
2773 4765 3016 4835 quidem,
3054 4779 3117 4817 ex
3153 4764 3353 4833 quibus
3383 4762 3729 4831 postmodum
3762 4762 3919 4815 divisi
3951 4773 4077 4815 sunt

2493 4856 2839 4926 Longobardi
2874 4864 2925 4908 et
2957 4856 3183 4918 Avares,
3223 4854 3381 4907 villas
3420 4868 3538 4921 quae
3566 4863 3689 4906 sunt
3729 4853 3869 4904 circa
3904 4850 4079 4921 Siggi-

2494 4948 2691 5003 donem
2732 4957 2787 5002 et
2828 4945 3088 5001 Sirmium
3130 4944 3533 4998 habitaverunt.
3593 4942 3895 5011 iiypogOthi
3947 4957 4079 4995 vero

2494 5049 2618 5109 post
2682 5037 2957 5092 Alaricum
3032 5035 3258 5088 Romam
3314 5034 3711 5102 depopulantes
3765 5034 3815 5083 in
3873 5030 4077 5083 Gallias

2496 5130 2700 5193 abiere,
2754 5137 2809 5183 et
2866 5143 2986 5197 quae
3045 5127 3242 5181 ibidem
3304 5135 3432 5179 sunt
3486 5125 3860 5178 obtinuerunt.
3915 5120 4075 5175 Coifi

2497 5231 2676 5275 autem
2708 5217 3044 5273 Pannoniam
3073 5218 3380 5271 habuerunt
3416 5217 3679 5285 primum,
3711 5213 3832 5266 dein
3865 5213 4016 5265 decin
4046 5228 4077 5263 ο

2496 5326 2643 5366 nono
2692 5325 2836 5364 anno
2868 5308 3187 5379 imperantis
3228 5306 3517 5361 Theodosii
3560 5304 3793 5372 junioris
3828 5301 4075 5355 Thraciae

2496 5405 2667 5458 villas;
2695 5404 3080 5458 habitaverunt
3140 5418 3236 5472 per
3285 5400 3683 5471 quinquaginta
3737 5408 3859 5451 octo
3902 5411 4075 5450 annos

2499 5498 2552 5551 in
2579 5497 2791 5550 Thrace
2821 5503 3117 5569 morantes,
3142 5494 3461 5564 Hesperium
3487 5507 3700 5562 quoque
3725 5490 4077 5545 obtinuerunt

2499 5590 2891 5659 principatum.
2950 5587 3120 5641 Porro
3172 5584 3400 5640 Vandali
3452 5585 3636 5638 Alanis
3678 5584 3780 5637 siLi
3826 5582 4069 5641 soiiatis,

2500 5692 2553 5736 et
2594 5680 2901 5744 Germanis,
2948 5681 3041 5750 qui
3094 5694 3239 5735 nunc
3282 5676 3479 5732 Franci
3524 5685 3808 5735 vocantur,
3861 5676 4071 5730 asciiis.

2502 5783 2851 5829 transeuntes
2890 5772 3088 5827 Ninum
3121 5772 3342 5826 ﬂuvium
3375 5769 3690 5840 Modigisclo
3721 5768 3856 5820 duce
3893 5764 4077 5818 habito

2504 5866 2887 5923 habitaverunt
2922 5869 2976 5923 in
3014 5864 3299 5937 Hispania,
3352 5880 3470 5937 qua:
3515 5874 3597 5919 est
3630 5864 3798 5932 prima
3847 5857 4075 5926 Europe
