4440 6446
388 454 521 519 1229

1207 448 1577 512 HISTORIA
1608 445 2196 509 {ECCLESIASTICA
2237 447 2340 508 EX
2374 444 2854 507 THEOPHANE.

3526 443 3664 511 1230

382 562 794 638 provinciarum
826 561 893 617 ab
929 557 1192 631 llespcrio
1225 556 1468 615 Oceano.
1519 556 1835 614 Bonifacius
1872 571 1974 612 au-
2002 559 2053 621 Α
2078 555 2410 629 patrimonia
2453 555 2824 627 deprmdatur,
2852 554 3021 611 filium
3078 566 3259 613 autem
3310 556 3493 615 fratris
3545 560 3668 629 cjtts

385 668 494 715 tem
549 662 805 711 metuens
856 656 1219 725 imperatores
1267 648 1572 715 Romanos,
1620 646 1990 711 transfretans

384 764 412 803 a
452 747 621 818 Libya
661 745 717 800 in
762 743 1106 815 Hispaniam,
1154 741 1227 797 ad
1281 739 1558 798 Vandalus
1604 741 1775 797 venit.
1822 740 1992 796 Cum-

384 856 491 913 que
547 837 928 909 Modiglsclum
961 834 1264 892 invenisset
1292 842 1566 890 mortuum
1599 841 1652 890 et
1684 832 1827 890 filios
1869 833 1990 904 ejus

386 933 669 993 Gonzarin
716 939 772 989 et
828 929 1139 987 Gizericutn
1190 927 1565 999 principatum
1616 927 1986 992 moderantes,

387 1028 641 1083 hortatus
685 1031 771 1081 est
806 1031 864 1078 ut
906 1021 1219 1093 hesperiam
1272 1017 1500 1091 Libyam
1551 1017 1607 1073 in
1645 1024 1757 1074 tres
1797 1024 1986 1088 partes

384 1120 717 1177 dividerent.
800 1116 1039 1173 Polliciti
1094 1122 1226 1171 sunt
1269 1112 1566 1183 unicuique
1621 1110 1797 1166 tertia:
1842 1110 1985 1180 parti

387 1226 445 1268 se
518 1224 625 1265 una
693 1223 820 1264 cum
884 1206 1021 1278 ipsis
1085 1203 1519 1276 principaturos,
1575 1201 1631 1256 in
1704 1195 1984 1255 communi

387 1315 569 1359 tamen
600 1304 654 1359 in
689 1301 988 1373 quemlibet
1012 1298 1226 1355 hostem
1257 1296 1496 1353 ulturos.
1533 1295 1590 1350 ln
1628 1293 1832 1350 talibus
1855 1307 1985 1364 ergo

389 1395 832 1467 professionibus
896 1390 1124 1445 Vandali
1185 1388 1388 1444 fretum
1430 1395 1834 1443 transmeantes
1891 1384 1984 1439 Li-

292 1506 297 1510 ο
390 1489 549 1559 liram
607 1486 995 1540 habitaverunt
1048 1482 1118 1538 ab
1171 1480 1394 1537 Oceano
1452 1494 1629 1550 usque
1688 1477 1981 1550 Tripolim,

390 1595 512 1649 quze
550 1587 635 1633 est
661 1579 805 1633 circa
842 1577 1118 1649 Cyrenen.
1153 1573 1464 1646 llypogothi
1515 1587 1648 1626 vero
1691 1579 1981 1641 surgentes

390 1687 418 1724 a
450 1670 622 1724 Gallia
655 1678 883 1726 tenuere
918 1669 1086 1724 etiam
1128 1665 1469 1736 Hispaniam.
1507 1662 1741 1729 Quidam
1796 1670 1978 1716 autem

392 1774 619 1818 senatus
671 1763 925 1826 Romani,
967 1760 1131 1815 amici
1177 1757 1473 1823 Bonifacii,
1509 1755 1702 1811 falsam
1743 1768 1976 1809 accusa-

395 1857 601 1907 tionem
636 1852 777 1907 Aetii
812 1852 1135 1906 intimavere
1156 1848 1433 1913 Placidiae,
1464 1845 1817 1903 ostendentes
1842 1860 1978 1915 quo~

391 1961 499 2016 que
552 1955 606 1999 et
638 1945 777 1999 Aetii
815 1944 879 1997 ad
922 1940 1266 1997 Bonifacium
1313 1940 1524 2012 pridem
1565 1938 1826 2007 scriptam
1865 1937 1984 2007 epi-
2018 1928 2060 1982 Β

394 2040 612 2095 stolam.
660 2050 824 2106 quam
878 2034 944 2089 ad
994 2049 1090 2089 eos
1151 2032 1296 2088 idem
1358 2032 1584 2087 miserat
1644 2027 1984 2083 Bonifacius.

394 2128 495 2180 Ast
550 2126 854 2197 stupefacta
903 2115 1149 2180 Placidia
1203 2123 1417 2177 Aetium
1463 2121 1682 2193 quidem
1736 2122 1789 2174 in
1839 2119 1987 2174 nullo

397 2220 557 2281 Lesit.
637 2218 924 2275 Bonifacio
982 2234 1117 2274 vero
1190 2218 1416 2273 verbum
1488 2230 1614 2271 cum
1672 2216 1989 2279 juramento

398 2312 549 2366 misit
593 2313 1065 2368 cxhortatorium.
1099 2312 1274 2368 Porro
1314 2309 1622 2366 Gonthario
1648 2316 1863 2362 mortuo
1892 2304 1986 2360 Gi-

395 2407 614 2463 zericus
653 2404 1025 2461 Vandalorum
1082 2403 1265 2459 factus
1303 2413 1390 2459 est
1417 2405 1739 2473 imperator.
1775 2398 1986 2465 Bonifa-

395 2502 516 2557 cius
551 2515 680 2570 ergo
700 2501 862 2554 verbo
888 2505 1146 2569 suscepto
1188 2504 1383 2551 contra
1414 2493 1689 2548 Vandalos
1718 2498 1983 2556 armatur,

396 2593 639 2646 exercitu
698 2605 895 2662 magno
939 2590 1044 2644 sibi
1092 2589 1351 2644 veniente
1401 2598 1565 2640 tanta
1598 2583 1772 2638 Roma
1822 2598 1983 2654 quam

399 2701 429 2737 a
488 2684 773 2755 Byzantio,
847 2683 1009 2752 cujus
1070 2682 1295 2753 Asperis
1346 2690 1466 2737 erat
1515 2680 1800 2748 magister.
1852 2677 1989 2731 Inito

400 2786 584 2832 autem
620 2789 815 2831 contra
855 2774 1167 2831 Gizcricttm
1221 2774 1412 2845 praelia
1440 2780 1732 2844 superatus
1761 2780 1847 2825 est
1881 2769 1987 2824 Ro-

402 2882 688 2921 manorum
731 2866 1036 2929 exercitus,
1071 2866 1263 2935 sicque
1283 2863 1596 2919 Bonifacius
1644 2877 1770 2916 cum
1795 2860 1987 2931 Asperi

404 2960 633 3013 Romam
668 2961 896 3015 veniens
933 2959 1306 3028 suspicionem
1348 2956 1618 3019 dissolvit,
1650 2956 1725 3009 rei
1758 2956 1986 3008 veritate

402 3060 727 3106 monstrata.
758 3051 930 3107 Porro
966 3052 1151 3105 Africa
1186 3051 1367 3105 taliter
1398 3058 1483 3105 est
1518 3048 1777 3103 Vandalés
1818 3048 1983 3101 suba-

402 3156 509 3200 cla.
546 3144 701 3199 Tunc
721 3157 774 3200 et
806 3145 1140 3210 Marcianus,
1167 3143 1261 3215 qui
1296 3143 1643 3214 postmodum
1675 3140 1983 3212 imperavit,

402 3252 527 3290 cum
588 3239 742 3292 miles
808 3246 958 3293 esset
1006 3246 1059 3291 et
1104 3237 1300 3307 Asperi
1366 3236 1692 3300 deservirct,
1740 3235 1897 3289 vivus
1956 3249 1985 3287 a

403 3328 654 3385 tiizerico
698 3331 1208 3401 comprehenditur.

474 3420 659 3475 Mundi
715 3438 859 3477 anno
918 3421 1078 3486 5957,
1136 3420 1339 3475 divinae
1394 3420 1795 3476 incarnationis
1847 3435 1990 3476 anno

405 3513 530 3576 $.37,
563 3512 823 3567 Romamc
856 3514 1005 3568 sedis
1066 3512 1176 3568 Leo
1234 3512 1571 3583 pontificium
1622 3513 1784 3582 gerit,
1830 3512 1993 3582 impe-

407 3614 562 3659 r.mte
590 3604 923 3670 Theodosio,
946 3607 1102 3676 cujus
1135 3605 1349 3675 imperii
1373 3605 1657 3659 tricesimo
1680 3621 1822 3659 nono
1847 3618 1991 3658 anno

405 3693 636 3750 Proclus
667 3694 1315 3765 Constantinopolitanus
1342 3695 1597 3761 moritur,
1629 3694 1719 3750 cui
1748 3695 1992 3749 succedit

407 3787 699 3843 Flavianus
731 3790 1015 3859 presbyter
1041 3796 1095 3845 et
1140 3789 1514 3860 sceuophylax
1550 3787 1802 3844 ecclesiae
1847 3786 1990 3843 Con-

407 3883 930 3953 stantinopolitanae,
962 3885 1046 3938 vir
1082 3897 1239 3939 sacer
1279 3892 1333 3939 et
1360 3890 1645 3938 strenuus.
1679 3883 1856 3953 Atque
1883 3882 1989 3953 Cy-

407 3976 562 4031 rillus
591 3976 995 4033 Alexandrinus
1043 3976 1181 4031 obiit
1230 3976 1484 4043 antistes,
1531 3974 1617 4031 cui
1660 3974 1991 4045 subrogatur

409 4069 465 4123 in
501 4069 627 4125 sede
685 4068 1002 4137 Dioscorus,
1037 4067 1133 4139 qui
1177 4068 1487 4124 nullatenus
1538 4075 1657 4123 erat
1701 4065 1990 4122 didascali-

407 4176 525 4221 cus.
558 4162 654 4216 sed
692 4164 917 4216 immitis
947 4172 1001 4216 et
1040 4162 1210 4217 ferus.

481 4252 663 4305 Mundi
712 4268 856 4306 anno
915 4254 1077 4321 5940,
1142 4256 1338 4310 divinae
1394 4254 1792 4310 incarnationis
1849 4269 1990 4307 anno

408 4346 531 4406 HO.
589 4344 965 4417 Chrysapbius
1030 4348 1318 4402 eunuchus
1376 4347 1636 4416 palatium
1692 4355 1747 4401 et
1812 4347 1989 4416 ipsum

411 4441 795 4509 imperatorem
827 4448 1043 4503 tenens,
1074 4456 1200 4495 cum
1252 4442 1523 4496 invideret
1567 4440 1812 4494 Flaviani
1858 4454 1990 4494 con~

410 4531 726 4595 secrationi,
761 4534 1033 4603 suggessit
1082 4534 1423 4603 imperatori,
1458 4534 1577 4587 sine
1612 4534 1818 4586 malitia
1848 4533 1991 4586 exsi-

411 4624 572 4677 stcnti
641 4633 695 4677 et
764 4624 904 4693 apud
969 4624 1369 4678 Chalcedonem
1433 4623 1672 4692 degenti,
1729 4623 1991 4676 mandare

411 4717 734 4785 patriarcha:
776 4727 841 4771 ut-
864 4718 1105 4772 mitteret
1141 4734 1240 4787 pro
1272 4717 1685 4772 consecratione
1735 4717 1839 4768 sibi
1894 4716 1987 4769 be—

413 4810 750 4864 nctfictioues
778 4810 911 4879 (l5).
944 4809 1063 4874 Quo
1087 4809 1228 4863 facto
1257 4811 1391 4879 (16),
1427 4809 1802 4878 Chrysaphius
1833 4824 1990 4863 aver-

413 4910 534 4957 tens
598 4902 877 4956 mandavit
916 4918 1109 4957 aureas
1145 4904 1526 4972 imperatorem
1557 4916 1801 4972 quaerere
1828 4900 1988 4954 bene-

410 4992 703 5047 dictiones.
738 4994 806 5046 At
837 4996 1130 5064 episcopus
1184 4992 1520 5048 renuntiavit
1561 5008 1670 5047 non
1702 5007 1760 5047 sc
1790 4991 1989 5046 habere

412 5087 675 5155 pecunias
719 5087 785 5141 ad
839 5088 1189 5150 mittendum,
1243 5088 1348 5141 nisi
1406 5086 1544 5140 forte
1599 5101 1817 5155 quoque
1865 5093 1991 5137 utar

412 5180 714 5248 (inquiens)
743 5194 808 5232 ex
841 5180 1016 5233 sacris
1044 5179 1278 5235 vasibus.
1315 5178 1401 5232 Fit
1431 5192 1561 5249 ergo
1600 5194 1661 5232 ex
1711 5177 1816 5230 hoc
1845 5177 1989 5230 inter

414 5272 555 5336 illos,
601 5270 885 5328 Pulcheria
936 5275 1050 5327 haec
1094 5274 1399 5344 ignorante,
1436 5287 1546 5326 non
1581 5271 1989 5326 modicusmm-

413 5380 524 5418 ror.
563 5363 759 5418 Verum
817 5366 929 5420 haec
961 5369 1101 5436 apud
1135 5365 1690 5436 Constantinopolim.
1721 5364 1989 5420 Caeterum

416 5474 580 5528 penes
653 5460 1039 5514 Alexandriam
1114 5460 1408 5513 Dioscorus
1463 5457 1750 5513 confestim
1807 5456 1992 5527 Cyrilli

412 5562 675 5621 cognatos
741 5553 793 5608 in
849 5556 1162 5623 primordiis
1214 5554 1332 5609 suis
1384 5552 1632 5607 devastat
1683 5560 1737 5605 ct
1798 5551 1992 5604 horum

2094 646 2452 705 Athanasium
2489 647 2867 720 presbyterum
2900 647 3019 703 sine
3053 647 3212 719 culpa
3241 646 3519 720 deposuit.
3545 648 3670 707 Haec

2094 749 2275 795 autem
2310 737 2545 796 faciebat
2592 746 2756 796 rectae
2784 738 2972 812 Cyrilli
3009 738 3131 797 fidei
3162 740 3505 811 adversatus,
3544 758 3669 799 cum

2091 839 2241 887 esset
2296 830 2587 887 haereticus
2637 837 2691 886 et
2738 845 2807 888 ex
2850 829 3107 889 mollibus
3159 833 3379 902 ungulis
3438 849 3499 891 ea
3551 851 3671 905 qure
3708 848 3760 875 ι·

2091 933 2220 980 sunt
2268 920 2523 996 Origenis
2568 925 2819 981 sentiret.
2847 924 3194 982 Irascebatur
3237 937 3418 984 autem
3465 938 3520 985 et
3554 928 3674 985 Fla-

2088 1017 2271 1083 viano,
2304 1030 2372 1073 eo
2395 1018 2541 1089 quod
2574 1017 2850 1074 modicum
2881 1017 3009 1089 quid
3061 1017 3183 1090 epis
3221 1018 3367 1075 beati
3398 1020 3674 1079 conferret

2088 1109 2280 1182 Cyrilli
2322 1110 2594 1181 cognatis.
2627 1111 2764 1167 Cum
2812 1126 2941 1180 ergo
2983 1110 3359 1185 Chrysaphius
3399 1125 3547 1170 esset
3573 1117 3674 1171 im-

2088 1203 2233 1271 pius,
2280 1200 2469 1258 videre
2507 1216 2612 1256 non
2652 1200 2835 1258 ferens
2878 1201 3246 1260 Ecclesiarum
3297 1206 3672 1273 concordiam,

2088 1309 2309 1366 operam
2371 1293 2539 1351 dabat
2602 1302 2661 1349 ut
2722 1296 3080 1352 conturbaret
3146 1312 3264 1365 eas,
3319 1306 3374 1353 et
3438 1298 3675 1357 diversis

2089 1392 2265 1447 modis
2326 1391 2522 1462 agebat
2576 1401 2633 1447 ut
2679 1390 3002 1447 Flavianum
3040 1390 3111 1447 ab
3140 1392 3457 1463 episcopatu
3491 1394 3677 1464 depcl—

2087 1484 2241 1547 lerct,
2279 1485 2471 1539 volens
2506 1484 2791 1556 Eutychen
2826 1485 3120 1555 quemdam
3150 1500 3346 1541 sensus
3378 1485 3462 1540 sui
3491 1487 3676 1539 archi-

2085 1575 2415 1628 tnandritam
2478 1575 2545 1630 ad
2624 1576 3003 1647 episcopatum
3062 1577 3186 1647 ejus
3230 1578 3570 1647 provehere;
3621 1588 3677 1633 et

2083 1668 2346 1733 quoniam
2371 1668 2659 1723 l’ulchcria
2687 1684 2774 1723 res
2797 1669 2990 1725 civiles
3026 1644 3457 1725 retinentc‘nihil
3484 1671 3675 1735 valuit,

2081 1761 2260 1831 primo
2292 1761 2587 1816 insidiatur
2616 1760 2869 1816 Endocize
2903 1761 3227 1816 insidiarum
3257 1761 3378 1831 ejus
3432 1762 3675 1816 nendum

2083 1861 2342 1923 expertae,
2375 1862 2427 1909 et
2470 1854 2525 1908 in
2577 1853 2803 1909 livorem
2850 1869 2971 1907 eam
3026 1854 3254 1924 instigat
3297 1865 3489 1909 contra
3548 1870 3678 1924 pro-

2092 1945 2265 2015 priam
2315 1954 2567 2009 matrem,
2604 1955 2659 2000 et
2711 1945 2960 2000 immittit
3008 1946 3083 2009 ei,
3140 1953 3201 1999 ut
3244 1954 3298 2000 et
3335 1945 3414 1999 illi
3447 1945 3676 2016 deroget

2094 2037 2236 2108 apud
2269 2040 2655 2107 imperatorem
2683 2047 2738 2092 et
2764 2037 2923 2092 tollat
2950 2037 3016 2091 ad
3043 2052 3101 2092 se
3133 2039 3510 2108 praepositum,
3538 2055 3676 2108 quo-

2094 2131 2239 2185 niam
2287 2130 2611 2199 prrepositus
2667 2130 2734 2184 ad
2783 2130 3199 2200 dispositionem
3249 2145 3430 2185 rerqu
3483 2146 3676 2200 perne-

2093 2223 2373 2278 ccssarius
2435 2231 2554 2277 erat
2623 2223 2947 2278 l’nlcheriaa.
3017 2222 3322 2294 Imperator
3361 2232 3543 2276 autem
3610 2224 3678 2276 ab

2096 2329 2266 2369 uxore
2311 2314 2580 2368 molestiis
2628 2312 2912 2383 fatigatus,
2948 2313 3114 2368 mittit
3162 2314 3210 2368 ei
3254 2314 3444 2369 dicens
3472 2334 3483 2368 :
3516 2312 3598 2368 Ne
3631 2325 3679 2367 te

2094 2408 2190 2461 hoc
2223 2408 2429 2462 tristem
2459 2405 2689 2460 reddat:
2725 2406 3067 2475 prrepositum
3100 2406 3240 2460 enim
3285 2416 3332 2460 te
3364 2407 3553 2461 habere
3574 2424 3680 2462 non

2092 2511 2170 2555 est
2224 2500 2496 2568 possibile,
2545 2516 2707 2570 neque
2760 2514 2928 2553 meum
2979 2515 3213 2554 sororem
3247 2499 3373 2553 bene
3419 2509 3469 2553 et
3514 2502 3679 2570 perite

2095 2610 2160 2647 ac
2225 2592 2307 2663 pie
2375 2594 2557 2647 omnia
2617 2593 2978 2661 disponentem
3029 2607 3121 2662 ego
3170 2592 3387 2660 repello.
3426 2592 3680 2649 lnellicax

2092 2698 2223 2753 ergo
2252 2681 2633 2754 Cltrysaphius
2662 2696 2827 2752 super
2864 2682 2969 2737 hoc
3018 2680 3245 2737 effectus
3274 2682 3341 2736 ad
3380 2683 3529 2738 aliud
3559 2698 3680 2738 ver-

2095 2778 2231 2831 titur
2282 2776 2730 2838 instrumentum,
2769 2784 2824 2830 et
2860 2774 3108 2847 suggerit
3156 2774 3415 2831 Eudociae
3461 2785 3520 2832 ut
3564 2792 3680 2831 mo-

2094 2872 2232 2926 lesta
2279 2868 2602 2939 imperatori
2651 2869 2909 2924 suaderet
2952 2867 3026 2933 ei,
3061 2884 3171 2937 quo
3222 2869 3538 2939 praeciperet
3583 2886 3682 2941 pa-

2093 2962 2345 3016 triarclue
2373 2975 2701 3016 consecrare
2732 2960 2884 3014 illam
2913 2959 3229 3026 diaconam,
3266 2970 3526 3031 tanquam
3554 2976 3680 3033 quas

2092 3052 2466 3121 virginitatem
2502 3052 2784 3122 elegisset.
2820 3052 2890 3107 Et
2912 3052 3122 3109 diutius
3174 3052 3414 3108 Eudocia
3452 3054 3683 3125 impera-

2091 3143 2197 3197 tori
2249 3143 2478 3198 molesta
2544 3141 2819 3210 persuasit
2878 3141 3087 3195 levitati
3139 3141 3281 3209 ejus.
3326 3141 3507 3212 Super
3570 3158 3681 3213 quo

2089 3236 2284 3304 jussus
2314 3233 2610 3290 Flavianus
2637 3234 2706 3289 ab
2732 3234 3062 3303 imperatore
3094 3233 3353 3289 tristatus
3382 3242 3464 3288 est
3498 3235 3678 3298 valde,

2019 3307 2059 3362 (δ
2096 3331 2438 3402 prospiciens
2475 3331 2658 3384 futura
2685 3346 2751 3385 ex
2800 3329 2903 3383 hoc
2956 3328 3215 3383 scandala
3262 3328 3564 3383 nascitura.
3615 3329 3684 3384 Et

2094 3424 2414 3493 imperatori
2476 3423 2696 3492 quidem
2776 3422 3128 3493 repromisit,
3191 3422 3496 3476 Pulchcrim
3547 3438 3681 3477 vero

2094 3518 2314 3587 scripsit
2349 3521 2559 3587 rogans‘
2611 3530 2731 3570 eam
2792 3531 2862 3571 ne
2910 3515 3104 3570 saltem
3154 3522 3282 3570 ante
3329 3505 3684 3584 faciem‘ejus

2093 3611 2323 3675 veniret,
2364 3627 2427 3663 ne
2455 3626 2639 3680 cogar,
2699 3609 2901 3678 inquit,
2961 3624 3115 3677 agere
3164 3609 3291 3677 quid
3342 3623 3527 3661 eorum
3563 3622 3681 3678 qua:

2094 3714 2142 3758 te
2188 3705 2528 3759 contristant.
2564 3702 2655 3757 Illa
2686 3716 2818 3772 ergo
2848 3716 2915 3756 ex
2944 3700 3031 3754 his
3075 3714 3197 3770 qua
3225 3699 3432 3771 scripta
3465 3700 3683 3756 fuerant

2094 3797 2407 3867 intelligens
2484 3795 2631 3865 quod
2702 3792 3131 3858 meditabantur,
3194 3800 3249 3848 et
3326 3794 3680 3863 praepositum

2094 3887 2347 3943 Eudociae
2405 3884 2835 3944 transmittit.ct
2872 3884 2990 3953 ipsa
3045 3882 3239 3939 exiens
3288 3882 3341 3937 in
3378 3883 3681 3939 Ebdomunt

2094 3977 2267 4035 siluit.
2314 3976 2393 4032 Ex
2435 3977 2537 4033 hoc
2575 3976 2760 4046 itaque
2800 3974 3103 4044 imperator
3149 3984 3205 4030 et
3243 3973 3483 4031 Eudocia
3524 3975 3682 4032 valde

2093 4083 2285 4129 contra
2337 4071 2663 4127 Flavianum
2713 4069 2905 4123 tristes
2956 4066 3132 4123 effecti
3164 4075 3313 4131 sunt,
3340 4068 3486 4138 quod
3517 4085 3681 4127 suum

2096 4168 2401 4222 revelasset
2433 4175 2732 4220 secretum.
2767 4163 2941 4217 Porro
2974 4162 3243 4217 Eusebius
3287 4163 3677 4227 scholasticus,

2092 4259 2183 4328 qui
2212 4259 2420 4328 primus
2446 4254 2762 4311 Nestorium
2810 4254 3183 4324 reprehendit,
3210 4253 3276 4307 ad
3300 4256 3679 4326 episcopatum

2095 4351 2312 4406 Dorilaei
2354 4360 2660 4420 promotus,
2715 4356 2769 4404 et
2804 4349 2869 4403 de
2914 4348 3019 4403 fide.
3054 4361 3177 4403 cum
3218 4348 3460 4420 Eutyche
3496 4352 3681 4407 archi-

2096 4446 2368 4500 mandrita
2419 4446 2727 4513 disputans,
2779 4443 2987 4496 invenit
3045 4458 3168 4495 eum
3217 4458 3325 4495 non
3392 4452 3542 4498 recta
3588 4461 3679 4499 sa-

2094 4540 2366 4609 pientem;
2397 4537 2488 4607 qui
2542 4551 2665 4591 cum
2714 4536 2945 4590 multum
2984 4550 3342 4591 commonens
3388 4537 3581 4605 juvare
3613 4538 3682 4591 il-

2020 4657 2068 4715 ι)
2097 4633 2206 4686 lum
2252 4630 2612 4699 nequivisset,
2664 4628 2853 4683 retulit
2891 4627 2958 4683 de
2993 4642 3059 4682 eo
3088 4626 3350 4682 Flaviano
3398 4629 3677 4698 episcopo.

2097 4730 2190 4797 qui
2236 4722 2599 4797 quadraginta
2657 4724 3042 4793 episcoporum
3087 4721 3325 4776 concilio
3352 4734 3679 4792 congregato

2100 4820 2318 4873 adducit
2353 4817 2658 4889 Eutychen,
2689 4824 2743 4869 et
2769 4815 2929 4884 juxta
2977 4827 3193 4868 omnem
3230 4812 3676 4882 consequentiam

2096 4912 2408 4979 regularum
2467 4906 2971 4963 ecclesiasticarum
3027 4902 3335 4958 discutiens
3391 4902 3675 4955 inventum

2096 5003 2386 5057 subdolum
2426 5010 2481 5055 et
2517 5000 2835 5055 haereticum
2875 4995 3153 5066 deposuit.
3178 4992 3554 5063 Chrysaphius
3579 5007 3676 5046 att-

2097 5106 2204 5151 tem
2261 5094 2426 5163 hujus
2460 5107 2695 5149 concors
2726 5090 2987 5159 palatium
3042 5095 3258 5147 tenens.
3296 5086 3381 5140 his
3444 5084 3677 5153 cognitis

2093 5189 2146 5242 in
2200 5187 2335 5239 iram
2384 5184 2721 5255 peramplius
2750 5190 2944 5237 contra
2978 5178 3299 5233 Flavianum
3329 5175 3673 5238 accenditur,

2092 5288 2145 5334 et
2197 5278 2411 5332 intimat
2473 5276 2736 5330 Dioscoro
2784 5270 3158 5329 Alexandrino
3215 5284 3276 5323 se
3320 5269 3374 5322 in
3428 5268 3513 5323 his
3552 5282 3676 5337 qua:

2094 5370 2243 5424 cordi
2296 5370 2416 5439 ejus
2474 5377 2660 5423 essent
2715 5382 2814 5437 per
2877 5363 3062 5437 omnia
3130 5370 3574 5432 cooperaturutn,
3626 5358 3673 5413 si

2097 5463 2200 5517 sibi
2264 5462 2315 5515 in
2360 5460 2649 5516 calumniis
2695 5468 2891 5514 contra
2937 5454 3258 5510 Flavianum
3289 5462 3344 5507 et
3376 5450 3672 5505 Eusebium

2098 5553 2217 5621 ipse
2253 5559 2607 5605 concurreret
2636 5563 2735 5619 pro
2781 5547 3133 5619 Eutycheque
3172 5551 3463 5613 satageret.
3498 5542 3675 5596 Movet

1922 5687 2155 5743 NOT/E.

489 5795 594 5849 (iii?
638 5794 1045 5848 Penedicufioncs.
1084 5791 1145 5845 κ’.
1181 5790 1494 5844 Mennrdum
1534 5788 1597 5840 ad
1622 5787 1986 5841 Concordiam

416 5884 543 5917 rem
575 5882 747 5917 .tr-tm.
789 5865 1153 5917 Hodoariltttu
1226 5862 1367 5915 "ist.
1412 5859 1551 5913 Eccl.
1615 5859 1761 5913 Rem.
1806 5874 1866 5916 lt.
1905 5859 1991 5910 Η.

416 5934 575 5989 Fies.

2170 5788 2279 5858 (16)
2322 5786 2474 5852 Quod
2533 5784 3069 5855 {actum,Fabrottts.
3104 5782 3247 5858 ltlem
3295 5794 3417 5833 mox
3483 5793 3672 5833 aureas

2103 5852 2284 5928 posuit
2322 5875 2418 5930 pro
2447 5873 2510 5913 eo
2534 5852 2685 5927 quod
2718 5864 2835 5910 erat
2860 5865 3034 5908 autem
3062 5852 3318 5906 Andreas.
