4440 6446
772 424 867 487 1:23

1860 416 2251 479 ANASTASII
2314 417 2385 475 Bl
2399 413 2936 477 BLIOTIIECARII

3922 406 4059 471 1932

772 547 955 591 autem
1006 532 1073 585 ad
1118 531 1168 585 id
1222 529 1388 584 etiam
1450 530 1754 599 Augustam
1813 527 2137 592 Eudociam,
2182 523 2905 595 tristiaAllierosolytnam
2964 537 3023 578 se
3085 520 3312 583 dimitti,
3377 530 3429 574 et
3484 521 3784 589 assumptis
3850 519 4059 575 Severo

769 631 839 683 de
876 624 1166 680 Pulclteria
1216 631 1412 676 contra
1470 620 1794 676 Flavianum
1851 635 2166 676 memorans
2221 619 2365 689 apud

777 719 963 784 illam;
1021 724 1075 771 et
1125 713 1237 783 agit
1303 721 1533 781 uterque
1582 726 1694 781 quo
1755 714 2054 780 imperator
2124 710 2366 765 sanciret

769 806 1073 864 secundum
1136 802 1339 873 Ephesi
1395 802 1721 873 congregari
1767 802 2083 864 concilium,
2115 802 2201 856 cui
2235 799 2365 854 Dio-

770 916 933 958 scoro
978 912 1219 970 praeesse
1266 896 1602 960 concedunt,
1635 898 1915 951 mittentes
1964 895 2013 950 ei
2062 894 2363 950 exercitum

770 993 1073 1065 plurimum
1124 990 1181 1045 in
1241 988 1552 1061 auxilium;
1601 1003 1838 1059 cumque
1869 985 2183 1043 latrocinali
2234 988 2363 1042 huic

769 1085 1011 1141 concilio
1041 1082 1416 1154 przesedisset,
1446 1096 1556 1136 non
1589 1081 1840 1152 permisit
1864 1080 2061 1136 adesse
2082 1080 2358 1134 notarium

769 1177 937 1230 alium
960 1173 1215 1238 concilio,
1243 1171 1341 1227 sed
1374 1185 1506 1227 suos
1542 1179 1755 1226 tantunt
1810 1170 1940 1226 fecit
1971 1170 2215 1225 scribere
2243 1185 2364 1241 qua:

769 1268 1123 1336 gerebantur.
1168 1262 1415 1328 Quaestio
1469 1278 1599 1332 ergo
1656 1278 1780 1317 cum
1832 1262 2001 1327 lieret,
2044 1262 2364 1333 exigebatur

770 1358 1043 1428 Eutyches
1066 1357 1343 1425 propriam
1369 1356 1629 1410 exhibere
1657 1355 1996 1423 opinionem,
2020 1356 2112 1425 qui
2140 1370 2363 1425 respon-

767 1453 842 1505 dit
895 1451 1122 1504 dicens:
1156 1448 1419 1516 Conﬁteor
1450 1463 1514 1501 ea:
1542 1448 1751 1500 duabus
1787 1448 1992 1500 naturis
2040 1448 2204 1515 fuisse
2251 1448 2361 1501 Do-

769 1546 972 1597 minum
1028 1552 1270 1596 nostrum
1302 1550 1421 1594 ante
1473 1542 1893 1595 adunationem:
1924 1537 2039 1609 post
2082 1542 2365 1595 adunatio-

768 1653 885 1690 nent
918 1651 1037 1690 vero
1068 1651 1227 1686 unam
1263 1644 1513 1686 naturam
1565 1634 1838 1699 conﬁteor.
1875 1633 2031 1689 Tunc
2067 1634 2359 1691 Dioscorus

770 1731 955 1783 dixit:
993 1727 1060 1780 Et
1108 1744 1199 1779 nos
1232 1727 1523 1780 omnes’h‘is
1559 1729 1917 1794 assentimus;
1942 1738 1995 1783 et
2023 1729 2127 1783 loci
2173 1745 2365 1784 serva-

774 1832 923 1876 tores
959 1821 1067 1890 (l'i)
1101 1818 1319 1889 quidem
1362 1819 1565 1875 Leonis
1616 1834 1769 1889 papas
1813 1818 2069 1883 Romani,
2110 1817 2360 1876 Dioscori

770 1915 1015 1971 viuetttcs
1047 1914 1332 1983 impetum,
1366 1921 1418 1965 et
1448 1911 1596 1982 quod
1629 1912 1918 1982 epistolam
1957 1927 2107 1982 papa:
2142 1913 2208 1966 ad
2238 1912 2363 1965 Fla-

769 2006 990 2058 vianum
1060 2019 1167 2057 non
1240 2002 1552 2071 permiserit
1599 2002 1730 2072 legi,
1779 2016 1959 2072 neque
2000 2002 2147 2056 illam
2196 2016 2361 2071 quam

774 2097 840 2151 ad
878 2095 1147 2166 synodum
1181 2095 1431 2158 miserat,
1493 2094 1589 2148 sed
1640 2094 1974 2164 despexerit,
2024 2093 2281 2165 fugerunt
2310 2104 2364 2150 et

772 2186 1177 2244 descenderunt
1223 2187 1471 2240 llontam.
1532 2185 1713 2241 Porro
1774 2187 2073 2242 Dioscorus
2132 2188 2362 2259 Eutyclti

775 2277 1147 2335 sacerdotium
1210 2276 1408 2341 reddit,
1471 2275 1769 2333 Eusebium
1840 2293 1971 2332 vero
2031 2277 2245 2332 Doriltci
2311 2286 2365 2333 et

775 2369 1094 2424 Flavianum
1146 2368 1818 2439 Constantinopolitanum
1876 2368 1930 2424 in
1978 2378 2230 2439 promptu
2267 2368 2366 2424 dc-

778 2478 986 2533 ponere
1020 2461 1236 2526 habuit,
1313 2461 1408 2532 qui
1460 2467 1515 2515 et
1553 2468 1678 2514 ante
1725 2459 2125 2531 depositioncm
2165 2463 2365 2532 impul-

779 2554 1032 2613 sionibus
1063 2563 1116 2609 et
1136 2552 1383 2609 calcibus
1406 2566 1436 2606 a
1468 2551 1729 2608 Dioscoro
1757 2555 2066 2610 submissus
2094 2556 2365 2613 tertianus

778 2648 947 2702 vitam
980 2647 1240 2712 mutavit;
1277 2652 1330 2699 et
1358 2645 1426 2700 de
1454 2654 1653 2700 caetero
1697 2647 1747 2699 vi
1785 2646 2016 2699 militum
2070 2654 2124 2701 et
2154 2646 2367 2715 gladio-

780 2757 901 2797 rum
935 2739 1198 2810 'episcOpi
1257 2737 1615 2793 subscribere
1670 2738 1851 2793 coacti
1918 2745 2068 2792 sunt.
2124 2738 2368 2795 Domnus

782 2843 963 2889 autem
1008 2831 1389 2886 Antiocltenus
1441 2830 1756 2902 cpiscopus,
1798 2839 2094 2900 postquam
2135 2832 2185 2883 vi
2235 2831 2367 2887 sub-

782 2924 1029 2995 scripsit,
1062 2924 1117 2977 in
1150 2938 1208 2979 se
1245 2936 1499 2978 reversus
1530 2923 1705 2977 erexit
1734 2936 1794 2976 se
1821 2932 2014 2977 contra
2045 2922 2367 2977 Dioscorum

785 3017 1108 3090 principem,
1136 3013 1449 3071 vociferans
1482 3013 1749 3069 adversus
1779 3029 1841 3069 ea
1872 3030 1995 3086 quae
2027 3023 2178 3085 gesta
2212 3023 2366 3077 sunt,

782 3119 839 3165 et
892 3108 1226 3178 impietatem
1292 3105 1588 3162 concilium
1632 3107 1947 3173 nominans,
2003 3116 2058 3161 et
2128 3106 2373 3163 subscri-

2474 618 2795 689 prcsbytero
2818 622 2873 670 et
2898 613 3111 669 Joanne
3142 614 3378 668 diacono
3411 611 3843 683 Hierosolymam
3883 612 4054 667 venit.

2475 710 2701 767 Discens
2723 709 2931 764 interea
2957 707 3258 777 imperator
3299 705 3447 774 quod
3482 705 3571 761 isti
3606 715 3663 760 et
3693 707 3746 759 in
3782 704 3917 759 urbe
3947 704 4061 760 l're-

2471 811 2703 872 quenter
2754 802 2823 857 ad
2860 816 2980 856 eam
3042 800 3366 856 accederent
3415 809 3471 855 et
3529 814 3653 854 cum
3698 799 3815 868 ipsa
3865 814 4061 854 rursus

2470 894 2867 964 Hierosolymis
2897 904 3105 956 essent,
3140 893 3422 963 multaque
3452 891 3559 947 illis
3584 891 3899 961 largiretur,
3933 893 4061 944 mit-

2470 998 2591 1044 tens
2647 988 2944 1043 decollavit
2976 1002 3092 1041 eos.
3133 986 3286 1041 Tunc
3339 987 3639 1056 imperator
3686 985 3901 1039 beatam
3933 985 4061 1039 Pul-

2468 1082 2711 1137 clteriam
2752 1080 2957 1150 oppido
2983 1095 3181 1152 rogans
3216 1080 3283 1133 ad
3321 1079 3628 1149 imperialia
3668 1079 3902 1143 reduxit,
3938 1093 4059 1148 qua:

2470 1190 2593 1229 mox
2638 1175 2867 1230 mittens
2904 1173 3176 1244 Ephesum
3207 1174 3513 1243 asportavit
3540 1172 3667 1227 inde
3695 1187 3894 1241 corpus
3928 1186 4061 1225 san-

2467 1268 2540 1323 cti
2574 1267 2843 1334 Flaviani,
2896 1278 2951 1322 et
2994 1283 3117 1322 cum
3153 1267 3328 1322 multo
3360 1266 3616 1323 deferens
3656 1266 3926 1332 obsequio
3963 1281 4060 1333 per

2468 1358 2708 1413 medium
2753 1360 2906 1414 urbis
2972 1358 3225 1430 sepelivit
3282 1359 3424 1427 apud
3476 1368 3701 1413 sanctos
3752 1358 4058 1426 apostolos.

2467 1452 2679 1506 Interea
2728 1452 2934 1506 Attilas
2981 1452 3210 1523 Scytha,
3243 1452 3328 1505 vir
3364 1450 3522 1505 fortis
3552 1459 3717 1520 atque
3765 1449 4057 1519 superbus,

2466 1543 2717 1612 deposito
2774 1542 2954 1597 Bdella
3012 1543 3217 1598 seniori
3278 1542 3443 1596 lratrc
3504 1543 3655 1597 solus
3705 1542 4060 1612 Scytharum,

2465 1649 2605 1705 quos
2628 1634 2857 1689 llunnos
2888 1644 3111 1697 vocant,
3146 1634 3491 1704 principatus
3526 1648 3715 1703 regno,
3748 1648 3839 1702 per
3874 1632 4060 1685 Thra-

2465 1743 2583 1784 cem
2642 1728 2932 1792 discurrit,
2987 1736 3041 1783 et
3083 1742 3302 1782 onmem
3357 1726 3631 1781 civitatem
3662 1736 3715 1780 et
3753 1738 3934 1781 castra
3996 1725 4052 1779 in

2476 1822 2794 1877 servitutcnt
2829 1822 3063 1891 redegit,
3102 1830 3297 1892 prmter
3332 1820 3776 1891 Hadrianopolim
3806 1833 3858 1875 ct
3886 1819 4060 1875 Ilera-

2467 1915 2653 1977 cliam,
2678 1930 2799 1984 qua:
2826 1916 3100 1983 quondam
3142 1913 3436 1969 Perinthus
3483 1915 3803 1969 vocabatur.
3833 1912 4060 1984 Cogitur

2468 2020 2599 2076 ergo
2634 2005 2982 2061 Theodosius
3024 2006 3350 2075 legationem
3384 2006 3563 2060 Attilae
3607 2007 3845 2068 mittere,
3881 2018 3930 2060 ct
3963 2022 4059 2060 sex

2468 2099 2643 2153 millia
2671 2097 2936 2152 librarum
2971 2098 3021 2151 ei
3056 2114 3153 2168 pro
3181 2113 3399 2152 recessu
3434 2098 3683 2167 praebens
3715 2099 3864 2152 mille
3897 2099 4061 2150 libra-

2469 2205 2590 2245 rum
2623 2206 2868 2244 annuum
2904 2189 3173 2244 tribtttum
3207 2190 3517 2259 persolvere
3546 2191 3857 2260 pollicetur.
3891 2188 4062 2258 igitur

2469 2298 2593 2339 cum
2630 2284 2878 2339 Romana
2902 2284 3079 2339 virtus
3102 2298 3131 2337 a
3164 2284 3305 2338 bello
3334 2284 3588 2339 rediisset
3614 2283 3758 2353 quod
3790 2282 4061 2337 adversus

2468 2374 2694 2428 Attilam
2738 2374 2920 2429 lucrat
2945 2374 3304 2437 destinatum,
3362 2388 3469 2428 non
3522 2374 3692 2427 multo
3716 2381 3838 2443 post
3877 2371 4063 2426 Theo-

2469 2467 2658 2523 ilosius
2717 2467 2974 2523 moritur.
3023 2466 3193 2521 Porro
3247 2467 3405 2521 beata
3448 2465 3772 2531 .Pulclteria,
3814 2465 4056 2519 nondum

2471 2560 2728 2631 cuiquam
2786 2560 3137 2630 imperatoris
3193 2567 3369 2614 morte
3404 2566 3705 2629 comperta,
3772 2555 4059 2611 Marciano

2472 2652 2762 2719 accersito,
2802 2653 2860 2707 in
2925 2652 3192 2722 religione
3242 2666 3306 2707 ac
3356 2652 3622 2722 pudicitia
3675 2660 4059 2713 conversante,

2472 2760 2603 2800 sene
2636 2744 2893 2800 videlicet
2940 2754 2995 2799 et
3049 2744 3244 2801 idoneo
3294 2745 3433 2806 viro,
3478 2745 3611 2799 dicit
3645 2743 3734 2799 ei:
3789 2742 4060 2808 Quoniam

2472 2834 2762 2902 imperator
2814 2844 3058 2889 mortuus
3110 2845 3210 2900 est,
3256 2847 3305 2889 et
3358 2852 3450 2905 ego
3504 2845 3553 2889 te
3606 2835 3737 2904 elegi
3800 2844 4057 2901 tanquam

2475 2926 2890 2994 benepiacentem
2964 2942 3029 2980 ea:
3091 2927 3234 2980 omni
3289 2935 3500 2989 senatu,
3560 2926 3627 2978 da
3684 2924 3807 2977 mihi
3850 2925 4058 2978 t'et'l'ttm

2473 3018 2610 3088 quod
2640 3017 2916 3072 custodias
2957 3018 3314 3088 virginitatem
3348 3032 3543 3079 meam,
3572 3031 3728 3084 quam
3781 3014 3884 3068 Deo
3916 3030 4060 3067 roni-

2476 3110 2620 3175 misi,
2656 3120 2705 3164 et
2734 3111 3086 3178 pronuntiabo
3124 3118 3171 3163 te
3204 3110 3611 3175 imperatorem:
3644 3107 3787 3176 quod
3830 3121 3894 3160 eo
3947 3108 4061 3173 pol-

786 3203 1025 3274 ptionetn
1056 3215 1210 3257 suam
1239 3216 1489 3271 quaerens
1526 3200 1795 3270 recipere.
1834 3198 1929 3254 llis
1958 3200 2198 3271 cognitis
2232 3214 2371 3269 papa
2400 3227 2446 3290 ρ
2476 3204 2697 3271 licente,
2749 3204 3020 3260 accersito
3083 3204 3401 3274 patriarcha
3464 3203 3669 3271 pariter
3728 3212 3781 3254 et
3839 3207 4057 3261 senatu,

785 3293 897 3349 Leo
933 3292 1148 3373 accedit
1194 3306 1319 3373 cum
1377 3290 1636 3361 lacrymis
1666 3289 1734 3342 ad
1766 3290 2146 3361 imperatorem
2178 3289 2375 3346 Valen-

786 3386 1057 3441 tinianum
1088 3371 1254 3461 simul
1289 3390 1342 3438 et
1382 3385 1679 3453 Augustas,
1726 3391 1918 3452 petens
1961 3382 2223 3453 epistolas
2269 3382 2371 3436 itit-

788 3477 1033 3547 peratori
1100 3474 1413 3530 Theodosio
1466 3467 1589 3543 pro
1671 3473 2053 3531 emendatione
2109 3475 2375 3545 patranda

787 3585 1002 3633 eorum,
1026 3584 1147 3639 quae
1178 3567 1321 3637 apud
1346 3568 1622 3636 Ephesum
1649 3566 1901 3636 nequiter
1922 3578 1977 3622 et
2000 3566 2377 3636 irregulariter

788 3671 910 3719 acta
941 3671 1092 3724 sunt,
1125 3658 1519 3722 destinandas;
1551 3656 1646 3728 qui
1674 3658 1932 3713 rescribit
1961 3656 2217 3712 Eudocite
2250 3657 2375 3712 tilia:

791 3759 899 3810 ita:
935 3753 1049 3808 Hoc
1104 3751 1374 3805 dulcedini
1423 3764 1526 3804 tua:
1572 3753 1650 3803 ita
1705 3761 1887 3804 notum
1939 3766 2050 3805 esse
2082 3750 2218 3817 volo,
2252 3751 2377 3820 quia

790 3848 1086 3902 Flavianus
1141 3845 1318 3898 divino
1355 3844 1559 3912 judicio
1593 3843 1657 3895 ab
1689 3843 1924 3897 ecclesiis
1977 3842 2173 3911 ejectus
2208 3852 2285 3897 est
2320 3851 2376 3894 ut

789 3941 1087 3995 multarum
1150 3938 1513 3992 turbationum
1576 3948 1785 3991 auctor.
1843 3938 2014 3992 Porro
2080 3936 2377 3993 Dioscorus

789 4034 1043 4102 deposuit
1070 4042 1119 4086 et
1144 4029 1569 4097 Theodoretum,
1601 4038 1653 4085 et
1681 4029 1849 4093 Ibam,
1886 4038 1941 4084 et
1971 4027 2269 4093 Andream,
2318 4036 2374 4083 et

790 4125 1058 4179 Domuum
1089 4124 1486 4179 Antiocltenttm
1530 4130 1583 4178 et
1634 4123 1770 4179 alios
1820 4121 2125 4177 Orientales
2164 4122 2375 4192 cpisco-

792 4233 912 4288 pos.
979 4215 1326 4270 Thcodosius
1391 4223 1571 4269 autem
1632 4214 1929 4283 imperator
1977 4213 2196 4268 mobilis
2259 4221 2378 4267 erat

790 4308 936 4361 omni
996 4312 1160 4361 vento
1213 4305 1596 4370 circumlatus,
1658 4304 1801 4359 unde
1840 4313 1893 4359 et
1932 4304 1986 4360 in
2016 4304 2222 4359 chartis
2268 4319 2376 4358 non

793 4400 949 4455 lectis
988 4398 1388 4455 subscribebat.
1423 4396 1632 4452 Eodem
1675 4412 1818 4452 anno
1849 4397 2184 4453 Gezerichus
2228 4395 2376 4451 Van.-

791 4495 971 4549 dalica
1031 4494 1382 4549 multitudine
1435 4494 1657 4564 opimus
1708 4493 1957 4559 allectus,
1995 4503 2051 4548 et
2096 4508 2155 4548 se
2192 4506 2374 4559 regem

2479 3297 2854 3367 pronuntiavit
2906 3312 3030 3352 eum
3088 3298 3474 3366 imperatorem
3515 3294 3911 3347 Romanorum.

2552 3386 2737 3441 Mundi
2803 3401 2950 3442 anno
3011 3386 3172 3451 5945,
3235 3387 3433 3441 divinae
3487 3385 3807 3439 incarnatio:
3834 3384 3878 3436 is
3930 3382 4057 3445 4L1,

2481 3483 2793 3538 Marcianus
2825 3483 2948 3553 pius
2978 3482 3164 3537 divino
3196 3482 3417 3537 decreto
3470 3482 3768 3551 imperator
3798 3491 4058 3533 ostensus

2479 3589 2671 3630 omnes
2692 3575 2785 3644 qui
2810 3574 2864 3627 in
2892 3574 3271 3639 cxsiliojerant
3295 3572 3591 3625 revocavit.
3610 3569 3891 3623 Pulcheria
3927 3583 4059 3622 vero

2480 3682 2739 3737 perosum
2772 3665 3173 3737 Cbrysapltium
3226 3664 3541 3718 eunuchum
3580 3662 3802 3716 tradidit
3830 3659 4057 3715 Jordaui

2481 3760 2593 3814 lilio
2634 3758 2884 3823 Joannis,
2922 3758 3015 3828 qui
3066 3756 3411 3827 tyrannidem
3450 3754 3591 3824 apud
3628 3754 3928 3808 Romanam
3963 3769 4058 3805 ur-

2481 3852 2601 3906 bem
2629 3852 2897 3914 exercuit,
2951 3850 3248 3919 multisque.
3279 3848 3498 3903 Christo
3546 3848 3747 3902 erectis
3778 3847 4055 3905 ceclesiis.

2480 3944 2866 4014 praecipueque
2890 3943 2944 3997 in
2976 3941 3296 3996 Blachernis
3336 3938 3626 3995 laudabilis
3672 3939 3911 3992 DOtttitl.1‘
3950 3954 4053 3991 uo-

2479 4044 2606 4092 stra:
2632 4036 2725 4092 Dei
2748 4034 3039 4091 Genitricis
3064 4035 3116 4089 itt
3140 4032 3409 4103 principio
3446 4032 3658 4101 imperii
3689 4032 3759 4100 pii
3791 4031 4053 4085 Marciani

2479 4130 2769 4186 ecclesiam
2832 4128 2978 4185 fecit.
3047 4126 3219 4182 Porro
3275 4127 3466 4181 beatus
3524 4140 3659 4196 papa
3695 4125 3800 4180 Leo
3835 4126 4056 4192 sctit-sit

2480 4221 2781 4287 Marciano,
2840 4230 3030 4289 petens
3086 4229 3143 4274 ut
3200 4235 3321 4289 quae
3370 4229 3698 4288 praesumpta
3757 4219 3973 4273 lueiaut
4027 4234 4054 4271 a

2480 4316 2743 4372 Dioscoro
2805 4322 2858 4369 et
2911 4313 3338 4385 Eutyche‘apnd
3361 4312 3636 4383 Ephesum
3670 4314 3721 4367 in
3755 4310 3810 4367 S.
3848 4310 4057 4364 Flavia-

2480 4424 2610 4463 num
2663 4407 3078 4477 requirerentur
3126 4420 3308 4460 coram
3379 4404 3678 4459 universali
3730 4404 3955 4473 synodo,
4003 4418 4055 4457 ct

2477 4497 2642 4566 jussit
2673 4497 2970 4566 imperator
2994 4495 3173 4565 colligi
3208 4502 3438 4549 cunctos
3468 4495 3774 4563 episcopos.
3800 4494 4055 4548 Secundo

793 4600 999 4640 vocans
1058 4592 1215 4639 terra:
1268 4600 1332 4639 ac
1383 4587 1552 4641 maris
1602 4585 2019 4652 insularumque
2057 4581 2374 4644 “uillarum.
2409 4571 2453 4626 θ
2482 4590 2668 4657 itaque
2698 4587 2914 4657 imperii
2977 4585 3239 4642 Marciani
3291 4602 3437 4641 anno
3477 4586 3822 4641 Chalcedone
3865 4597 4056 4640 sumta

794 4674 1164 4730 Theodosium
1218 4675 1605 4730 contristabat.
1668 4672 1811 4730 Sane
1858 4689 1967 4729 non
2026 4672 2198 4727 multo
2249 4680 2375 4742 post

797 4768 1127 4837 resipiscens
1196 4766 1573 4833 Theodosius,
1634 4776 1693 4822 et
1752 4780 2157 4837 recognoscens
2218 4779 2277 4818 se
2344 4779 2374 4819 a

795 4861 1123 4930 tlhrysaphii
1191 4861 1450 4916 versutiis
1506 4859 1680 4916 fuisse
1709 4859 2021 4929 deceptum,
2053 4858 2378 4913 tristabatur

795 4968 961 5022 super
994 4953 1273 5022 impietate
1324 4968 1390 5007 ac
1438 4951 1711 5022 injustitia
1762 4966 1883 5021 qua:
1914 4950 2058 5005 facta
2114 4949 2293 5005 fuerat
2324 4950 2379 5004 in

794 5045 1117 5099 Flavianum
1180 5056 1233 5099 et
1286 5044 1528 5115 reliquos
1572 5044 1883 5115 episcopos.
1939 5041 2004 5097 Et
2060 5043 2378 5113 indignatus

794 5137 1145 5192 vehementer
1180 5136 1355 5206 primo
1407 5136 1629 5207 quidem
1662 5136 1907 5191 exsulem
1953 5136 2081 5190 fecit
2131 5135 2185 5191 itt
2228 5135 2379 5190 insu-

794 5231 902 5283 lam
967 5228 1259 5298 quamdam
1314 5228 1741 5300 Cbrysapltium,
1792 5230 1847 5283 in
1894 5227 2193 5283 Eudociam
2246 5243 2375 5282 vero

792 5321 952 5378 valde
972 5332 1371 5389 commovetur,
1404 5321 1546 5377 hanc
1575 5323 1820 5377 omnium
1849 5321 2117 5376 malorum
2149 5334 2374 5376 causam

793 5414 1102 5485 appellans,
1150 5414 1348 5484 quippe
1388 5429 1508 5484 qua:
1533 5422 1589 5469 et
1621 5412 1966 5470 Pulcheriam
1998 5430 2064 5469 ex
2114 5414 2373 5483 imperia-

793 5510 939 5564 libus
988 5509 1242 5564 insecuta
1279 5508 1351 5563 sit
1392 5508 1580 5572 simul,
1637 5517 1690 5562 et
1737 5508 2117 5577 improperans
2159 5506 2209 5561 ei
2255 5520 2375 5575 qua:

792 5611 1039 5672 gesserat
1064 5602 1214 5656 circa
1242 5600 1548 5656 Paulinum.
1580 5599 1673 5656 Illa
1694 5617 1823 5658 vero
1848 5602 2135 5671 desperata
2166 5599 2375 5670 rogavit

2478 4691 2673 4753 quarta
2725 4679 2869 4735 facta
2933 4690 3015 4735 est
3074 4679 3337 4750 synodus,
3390 4695 3578 4735 mense
3644 4678 3922 4740 Octoltio,
3972 4680 4056 4733 in-

2479 4775 2721 4830 dictione
2754 4774 2967 4843 quinta.
2994 4774 3260 4828 Omnibus
3295 4781 3475 4827 autem
3513 4772 3784 4841 cpiscOpis
3824 4773 3875 4825 in
3905 4786 4052 4824 mar-

2482 4866 2624 4937 tyrio
2660 4863 2718 4920 S.
2752 4863 3067 4934 Eupltetnite
3117 4876 3222 4917 una
3286 4877 3407 4916 cum
3444 4872 3633 4917 senatu
3684 4861 4060 4916 convenienti-

2481 4959 2605 5021 bus,
2638 4957 2887 5011 discussa
2920 4964 3048 5011 sunt
3093 4954 3288 5024 quaein
3324 4955 3496 5024 prima
3544 4954 3842 5008 indictione
3893 4969 4057 5022 super

2482 5048 2727 5121 Eutyche
2761 5058 2914 5119 gesta
2944 5056 3097 5113 sunt,
3133 5058 3185 5103 ct
3230 5063 3351 5117 quae
3383 5049 3522 5116 apud
3557 5046 3831 5114 Ephesum
3868 5056 3995 5099 sunt
4026 5061 4056 5099 a

2486 5140 2752 5196 Dioscoro
2802 5151 3005 5195 temere
3071 5147 3405 5209 perpetrata.
3490 5135 3785 5203 Queritans
3874 5146 4055 5189 autem

2485 5231 2784 5287 Dioscorus
2814 5231 2883 5285 de
2914 5231 2998 5287 his
3043 5229 3109 5283 ad
3148 5230 3509 5298 ignorantiam
3550 5238 3828 5297 gestorum
3862 5227 4056 5279 antiit:—

2484 5327 2597 5396 git:
2631 5325 2725 5380 sed
2752 5324 2991 5392 ell‘ugere
3027 5323 3493 5393 redargutionem,
3527 5337 3647 5391 quae
3675 5323 3725 5375 iit
3755 5322 3890 5375 aetis
3922 5346 3966 5373 ρ,
4032 5340 4075 5359 ρ

2486 5419 2729 5482 rebatur,
2762 5432 2871 5472 non
2904 5418 3092 5472 valens
3132 5416 3436 5477 deficiebat,
3491 5426 3543 5470 et
3574 5416 3777 5470 veritas
3813 5413 4057 5468 denuda-

2484 5510 2665 5564 batur.
2715 5508 2873 5564 Tunc
2928 5508 3336 5564 excusationem
3388 5522 3493 5562 non
3537 5506 3743 5559 habens
3792 5502 4060 5557 confusis

2486 5613 2588 5657 est.
2616 5603 2677 5656 lli
2716 5618 2840 5659 vero
2872 5603 2964 5673 qui
2997 5618 3119 5656 cum
3145 5617 3208 5657 eo
3256 5601 3563 5654 latrocinali
3594 5600 3825 5654 concilio
3860 5611 4060 5649 (UItSL-

2308 5712 2542 5769 ΝΟΤᾸΞ.

866 5811 977 5883 (ﬁt?)
1013 5809 1136 5866 Loci
1167 5828 1300 5867 serv.
1365 5814 1692 5868 Anastasius
1742 5814 1794 5867 itt
1849 5814 2143 5869 collatione
2176 5812 2235 5883 S.
2270 5810 2493 5867 Maximi
2545 5812 2836 5882 martyris:
2882 5832 2900 5864 ι
2945 5818 3306 5883 compunctus
3343 5807 3604 5865 divinitus
3680 5815 3897 5878 prator,
3948 5804 4059 5858 imo

797 5881 901 5940 loci
920 5892 1168 5940 servator
1202 5884 1467 5953 praetoris.
1504 5903 1521 5935 ι
1552 5883 1615 5939 ν.
1640 5885 1814 5941 Gloss.
1847 5885 1913 5940 ad
1942 5886 2166 5941 Cedrcn.
2205 5882 2368 5938 Fsttn.
