4440 6446
399 465 534 532 1233

1225 465 1594 529 HISTORIA
1623 467 2204 530 ECCLESIASTICA
2232 469 2334 531 EX
2365 470 2851 536 THEOPHANE.

3530 474 3668 543 1234

394 586 616 650 derunt,
644 581 1042 656 redarguebant
1075 599 1199 640 eum
1228 600 1395 656 super
1423 584 1678 641 violentia
1700 593 1754 641 et
1789 599 1979 641 neces-
2007 589 2055 646 Α
2084 599 2284 655 rogans
2324 602 2353 640 a
2383 585 2602 643 Maximi
2672 590 2959 661 tyrannide
3011 589 3253 648 liberari.
3287 591 3482 664 Magna
3531 610 3668 650 vero

396 681 559 735 sitate
591 694 754 748 quam
787 679 855 732 ab
884 680 1001 748 ipso
1064 678 1424 746 pertulerant,
1483 687 1537 734 et
1558 679 1771 735 veniam
1803 693 1831 732 a
1886 694 1980 750 sy-

396 769 536 825 nodc
582 769 928 839 postulantes
961 770 1166 838 recepti
1209 778 1374 837 sunt;
1427 785 1660 841 quorum
1692 785 1836 825 unus
1863 779 1982 824 erat

393 859 677 914 Iuvenalis
737 859 1273 930 llierosolymitanus
1340 861 1654 932 episcopus.
1733 859 1982 930 Cumque

395 953 688 1008 defecisset
759 953 1073 1019 Dioscorus,
1140 969 1250 1008 non
1307 954 1515 1010 habens
1570 957 1977 1011 excusatoriam

394 1045 687 1108 rationem.
718 1046 861 1100 ultra
893 1047 947 1100 in
978 1046 1187 1116 synodo
1221 1062 1486 1117 apparere
1510 1050 1710 1102 ‘ausus
1741 1061 1848 1102 non
1874 1058 1977 1102 est.

393 1135 549 1191 Tunc
581 1135 849 1206 synodus.
886 1145 1160 1206 prmsente
1200 1153 1421 1208 quoque
1475 1138 1804 1207 imperatore
1836 1137 1977 1192 Mar-

392 1230 550 1283 ciano
576 1239 629 1284 et
659 1237 876 1292 senatu,
903 1229 1232 1284 sententiam
1268 1229 1494 1299 protulit
1529 1238 1722 1284 contra
1757 1229 1982 1285 Diosco-

395 1336 514 1374 rum
543 1332 596 1376 et
613 1320 919 1389 Eutychen,
942 1338 1148 1393 eosque
1169 1322 1440 1393 deposuit.
1468 1323 1769 1392 Imperator
1798 1331 1978 1378 autem

395 1412 718 1468 Dioscorum
747 1415 966 1485 quidem
993 1416 1046 1471 in
1083 1415 1317 1488 Gaugris
1345 1415 1544 1471 exsilio
1575 1416 1858 1486 relegavit,
1892 1433 1980 1488 sy-

397 1507 600 1561 nodum
632 1515 812 1563 autem
838 1508 1067 1564 laudans
1095 1509 1273 1565 dixit:
1305 1508 1524 1565 Gratias
1541 1510 1980 1578 conﬁteormaa‘i-

395 1619 511 1657 mas
540 1605 774 1657 omnium
805 1613 1108 1659 nostrorum
1176 1603 1309 1669 Deo,
1352 1605 1604 1674 quoniam
1649 1605 1831 1658 ablata
1868 1606 1981 1659 dis-

395 1697 580 1750 cordia
642 1697 695 1750 in
755 1715 916 1752 unum
978 1697 1314 1768 eamdemque
1375 1697 1754 1766 confessione»:
1808 1700 1983 1751 cuncti

395 1791 769 1853 convenimus;
805 1799 856 1843 et
887 1790 1498 1846 amabiliterhonorans
1535 1798 1825 1843 sexcentos
1860 1786 1982 1841 illus

393 1891 444 1933 et
480 1880 697 1951 triginta
730 1880 947 1949 Patres,
995 1880 1061 1936 ad
1112 1896 1211 1936 sua
1258 1881 1311 1935 in
1341 1895 1476 1952 pace
1537 1896 1983 1949 unumquemque

396 1972 651 2027 absolvit.
691 1972 860 2027 Porro
891 1983 1249 2030 consecratus
1275 1983 1359 2029 est
1406 1973 1689 2029 Proterius
1726 1988 1826 2044 pro
1864 1973 1976 2026 Dio-

395 2078 556 2118 scoro
583 2065 878 2135 epise0pus
907 2066 1270 2119 Alexandrim.

473 2155 657 2209 Mundi
695 2173 836 2211 anno
856 2157 1014 2219 5945,
1041 2157 1239 2210 divinat
1273 2156 1668 2210 incarnationis
1690 2171 1832 2210 anno
1855 2157 1979 2220 ΗΞ),

394 2247 685 2304 Pulcltet‘ia
718 2251 873 2303 beata
929 2257 984 2303 ct
1036 2250 1123 2319 pia
1185 2250 1446 2304 dormivit
1483 2250 1535 2303 in
1587 2250 1827 2313 Christo,
1862 2265 1982 2319 qua:

395 2341 563 2394 multa
601 2341 742 2395 bona
777 2341 907 2396 fecit
961 2351 1013 2396 ct
1046 2343 1228 2396 omnia
1283 2357 1380 2397 sua
1413 2343 1749 2412 pauperibus
1780 2342 1980 2395 dereli-

395 2432 550 2499 quit;
585 2449 706 2502 quze
740 2433 1072 2497 Marcianus,
1106 2449 1229 2488 cum
1279 2435 1448 2488 multa
1492 2443 1699 2496 essent,
1727 2433 1981 2510 alacriter

393 2525 564 2578 dedit.
593 2525 910 2580 Construxit
951 2535 1133 2581 autem
1194 2526 1386 2581 eadem
1434 2537 1487 2582 et
1516 2528 1684 2604 nntlta
1716 2528 1977 2590 oratoria,

393 2616 697 2686 domusque
751 2620 1087 2688 pauperibus
1131 2629 1185 2674 et
1221 2607 1580 2688 hospitibus,
1640 2633 1850 2674 necnon
1928 2626 1980 2672 et

395 2711 646 2778 sepulcra
705 2712 1010 2781 peregrinis
1056 2711 1384 2777 aedificavit;
1440 2713 1725 2782 interque
1749 2711 1978 2766 S.Mar-

394 2803 528 2874 tyris
558 2803 841 2860 Laurentii
877 2806 1134 2874 templum
1160 2807 1494 2861 construxit.
1530 2807 1596 2859 At
1635 2821 1762 2860 vero
1798 2805 1978 2859 Theo-

392 2895 584 2950 dosius
644 2897 971 2959 monachus,
1013 2898 1095 2950 vir
1161 2897 1409 2966 pestifer,
1443 2912 1566 2952 cum
1601 2898 1977 2953 descendisset

393 2988 597 3040 cursim
647 2986 1083 3044 Chalcedonensi
1156 2989 1301 3043 facto
1378 2989 1618 3043 concilio
1659 2988 1977 3062 Hierosoly-

321 3059 329 3065 ’
393 3093 560 3145 mam,
607 3091 659 3135 et
712 3081 997 3136 didicisset
1027 3081 1172 3151 quod
1241 3082 1504 3152 Augusta.
1543 3082 1783 3138 Eudocia
1847 3059 1975 3152 erga

395 3168 718 3225 Dioscorum
769 3187 798 3225 a
848 3172 1057 3243 synodo
1100 3173 1410 3242 depositum
1456 3173 1656 3230 alfectu
1701 3174 1976 3245 flagraret,

2085 695 2209 734 cum
2240 681 2406 735 classi
2431 680 2792 739 Gezeriehum
2840 683 3067 739 Romam
3114 686 3462 757 navigantem
3496 685 3671 742 Maxi-

2084 786 2208 828 mus
2241 773 2439 829 timens
2477 773 2599 844 fuga
2631 791 2764 831 usus
2819 784 2903 832 est
2935 794 2948 830 :
2986 777 3039 831 hi
3087 793 3216 832 vero
3265 781 3356 850 qui
3386 797 3510 835 eum
3548 782 3670 851 ipso

2084 870 2259 927 erant,
2303 865 2697 920 interemerunt
2719 883 2866 923 eum.
2898 868 3170 926 Praeterea
3209 871 3541 928 Gezerichus
3573 891 3673 930 ne-

2085 956 2232 1010 mine
2289 958 2393 1012 sibi
2443 959 2735 1014 resistente
2793 961 3042 1016 introivit
3101 963 3330 1019 Romam
3371 967 3532 1021 tertia
3582 966 3672 1021 die

2087 1047 2306 1102 Maximi
2335 1050 2498 1118 fugae,
2527 1062 2582 1104 et
2631 1052 2866 1107 sublatis
2900 1055 3157 1111 omnibus
3199 1057 3467 1125 pecuniis,
3505 1065 3560 1112 et
3591 1057 3673 1110 ci-

2085 1139 2269 1195 vitatis
2294 1141 2576 1196 miraculis
2614 1145 2856 1198 iunavcs
2894 1146 3147 1214 receptis,
3189 1147 3242 1201 in
3281 1148 3484 1216 quibus
3515 1155 3672 1202 erant

2086 1230 2460 1286 ecclesiastica
2501 1235 2717 1287 cimelia
2745 1242 2858 1287 tota
2890 1251 2952 1288 ex
2991 1237 3438 1306 auro,lapidibus
3464 1238 3674 1308 pretio-

2087 1321 2164 1377 sis
2186 1332 2405 1386 ornata,
2437 1330 2490 1378 et
2524 1339 2649 1378 vasa
2682 1323 2974 1392 llebraica,
3003 1342 3125 1396 qua:
3155 1327 3312 1384 Titus
3346 1328 3670 1399 Vespasiani

2043 1475 2047 1480 ,
2087 1415 2229 1470 filius
2279 1424 2401 1484 post
2447 1417 2819 1485 captivitatem
2886 1418 3392 1489 Hierosolymorum
3442 1419 3669 1474 Romam

2086 1505 2382 1570 detulerat,
2417 1522 2520 1559 una
2545 1522 2669 1560 cum
2704 1507 2949 1562 Eudoxia
2977 1511 3325 1580 imperati-ioc
3356 1527 3421 1566 ac
3459 1511 3674 1568 filiabus

2087 1595 2207 1666 ejus
2247 1597 2298 1650 in
2333 1597 2574 1672 Africam
2615 1600 2912 1668 navigavit.
3171 1667 3178 1671 _

2164 1688 2288 1741 Erat
2321 1699 2502 1746 autem
2568 1689 2878 1744 Marcianus
2933 1693 3222 1747 admodum
3281 1695 3595 1763 religiosus,
3619 1704 3674 1748 ct

2088 1781 2284 1836 timens
2318 1783 2484 1836 Deum
2514 1824 2526 1842 ,
2556 1785 2645 1852 qui
2681 1799 2804 1836 cum
2839 1786 3044 1838 litaniis
3097 1787 3283 1855 Campi
3319 1787 3488 1854 pedes
3514 1803 3675 1841 exce-

2086 1873 2268 1939 debat,
2329 1876 2502 1928 multa
2557 1877 2844 1943 egentibus
2887 1878 3148 1932 beneficia
3198 1888 3486 1948 praestans.
3515 1880 3671 1945 Quod

2089 1964 2311 2017 intuens
2351 1966 2640 2020 Anatolius
2667 1967 2979 2040 patriarcha
3012 1977 3061 2022 et
3088 1970 3204 2038 ipse
3235 1969 3299 2024 de
3333 1982 3531 2024 caetero
3565 1985 3673 2022 non

2087 2055 2282 2124 phorio
2308 2065 2553 2124 portatus
2592 2059 2894 2112 secundum
2932 2075 3160 2126 morem,
3222 2055 3314 2115 sed
3344 2061 3504 2130 pedes
3548 2062 3674 2115 lita-

2051 2151 2206 2223 .nias
2230 2148 2437 2204 faciens
2491 2136 2807 2206 incedebat.~
2831 2153 3152 2227 Timotheus
3202 2165 3383 2209 autem
3427 2156 3666 2210 llelurus

2089 2239 2368 2294 molimine
2404 2257 2532 2297 usus
2561 2251 2722 2296 noctu
2751 2246 2921 2299 cellas
2980 2247 3371 2300 monachorum
3433 2249 3674 2301 circum-

2085 2333 2218 2398 ibat,
2241 2350 2688 2405 unumquemque
2720 2351 2927 2405 vocans
2950 2355 3013 2391 ex
3047 2340 3289 2399 nomine,
3320 2357 3428 2409 quo
3453 2356 3674 2410 respon-

2085 2425 2247 2480 dente
2291 2427 2510 2481 dicehat
2542 2445 2552 2479 :
2589 2428 2699 2499 Ego
2754 2432 2972 2499 angeius
3028 2448 3143 2484 sum
3173 2433 3345 2487 dicere
3407 2435 3672 2498 omnibus,

2087 2527 2142 2568 ut
2182 2517 2471 2571 abscedant
2529 2536 2558 2572 α
2610 2523 2977 2576 communione
3029 2521 3261 2576 Proterii
3289 2535 3337 2577 et
3377 2541 3556 2578 eorum
3584 2527 3674 2595 qui

2083 2608 2412 2664 Chalcedone
2448 2628 2765 2677 convenere,
2831 2624 2878 2667 et
2931 2613 3258 2669 Timotheum
3314 2615 3574 2671 ﬂeturum
3620 2620 3671 2670 in

2083 2703 2382 2770 episcopum
2417 2706 2760 2760 Alexandria
2791 2709 3096 2774 prore/mut.

2157 2794 2346 2850 Mundi
2399 2813 2545 2851 anno
2591 2800 2754 2862 5950,
2818 2800 3018 2855 dixitne
3087 2802 3486 2858 incarnationis
3526 2818 3674 2859 anno

2061 2886 2206 2952 '450,
2238 2886 2348 2943 Leo
2375 2888 2606 2957 imperat
2642 2903 2943 2946 coronatus
2970 2884 3308 2949 abAnatolio
3335 2897 3671 2963 patriarcha.

2085 2977 2411 3036 Timotheus
2442 2998 2570 3036 vero
2601 2997 2970 3046 cognomento
3009 2987 3244 3042 llelurus
3289 2988 3672 3056 Alexandriam

2083 3072 2359 3126 civitatem
2398 3074 2674 3128 turbabat.
2701 3069 3048 3133 Multitudine
3071 3080 3272 3149 quippe
3297 3081 3670 3148 inquietorum

2083 3165 2324 3219 virorum
2351 3175 2535 3236 empta
2605 3170 2892 3236 tyrannire
2926 3171 3275 3227 Alexandria!
3309 3172 3494 3228 sedem
3524 3173 3672 3228 obti-

393 3264 560 3332 ccepit
613 3264 850 3319 clamare
909 3265 1172 3321 adversus
1238 3268 1510 3338 synodum
1569 3269 1726 3338 quasi
1775 3276 2051 3338 rcctamC
2084 3271 2143 3308 nl

1920 3285 1978 3322 ,m
2007 3276 2051 3338 ρ
2084 3256 2226 3318 nuit,
2261 3266 2316 3309 et
2347 3271 2472 3310 cum
2530 3258 2815 3328 depositus
2853 3273 3021 3326 esset,
3065 3280 3093 3318 a
3145 3265 3360 3319 duobus
3406 3265 3673 3334 depositis

395 3353 553 3408 fidem
583 3355 1013 3421 subvertentem,
1046 3368 1099 3412 et
1125 3347 1406 3429 subreptis
1435 3358 1678 3429 Augusta
1712 3369 1766 3416 et
1797 3375 1981 3415 mona-

393 3448 536 3511 chis,
561 3449 799 3516 propriis
821 3450 1062 3505 caedibus
1080 3468 1212 3507 usus
1244 3467 1396 3506 more
1419 3452 1731 3519 barbarico,
1760 3443 1981 3509 archie-

395 3541 626 3594 raticum
670 3531 933 3596 thronum
961 3544 1127 3612 rapit,
1160 3552 1214 3600 et
1251 3544 1500 3600 homines
1533 3546 1794 3617 Augustae
1819 3547 1980 3602 mini-

393 3640 543 3688 stros
567 3632 778 3688 habens
809 3637 1098 3704 episcopos
1117 3646 1399 3706 promovet
1429 3653 1525 3708 per
1554 3621 1822 3702 civitates,
1854 3657 1977 3695 cum

323 3784 330 3792 ,
396 3728 639 3799 episcopi
669 3728 850 3784 adhuc
901 3737 1090 3784 essent
1132 3730 1186 3784 in
1219 3731 1450 3801 synodo.
1486 3731 1842 3805 Severianum
1876 3749 1978 3788 au-

399 3830 506 3873 tem
557 3821 875 3890 episcopum
922 3821 1339 3892 Scythopoleos,
1373 3823 1464 3893 qui
1499 3839 1606 3878 non
1653 3824 1830 3881 fuerat
1857 3827 1978 3896 ejus

396 3912 539 3964 mala
568 3913 826 3981 opinione
851 3914 1136 3984 deceptus,
1173 3930 1202 3968 a
1237 3915 1457 3970 civitate
1483 3917 1692 3985 pellens
1739 3919 1985 3984 occidit;

397 4012 449 4056 et
475 4005 725 4059 excitavit
762 4007 1226 4074 perseverantiam
1261 4015 1451 4061 contra
1477 4008 1598 4063 illos
1616 4009 1709 4078 qui
1743 4011 1844 4064 sibi
1870 4027 1977 4066 non

398 4099 900 4162 cmnmunicabant,
929 4108 983 4152 et
1023 4101 1224 4155 multos
1268 4100 1488 4170 quidem
1524 4103 1813 4159 tormentis
1848 4105 1977 4161 alie-

397 4189 494 4249 rit,
549 4190 912 4257 quorumdam
970 4206 1102 4244 vero
1158 4191 1351 4262 domos
1386 4180 1784 4263 tradiditigni,
1816 4195 1890 4250 ita
1923 4203 1978 4250 ut

395 4275 760 4330 aestimaretur
787 4278 918 4332 urbs
975 4293 1002 4331 a
1045 4278 1300 4334 Barbaris
1329 4290 1507 4350 capta.
1547 4280 1772 4337 Necavit
1798 4297 1975 4340 autem

395 4376 448 4419 et
493 4368 846 4446 Athanasium
905 4372 1194 4425 diaconum
1239 4372 1298 4427 S.
1359 4373 1821 4442 Rcsurrectionis,
1881 4394 1974 4433 ex-

395 4460 746 4527 probrantem
779 4471 833 4516 et
866 4472 1185 4533 arguentem
1226 4466 1348 4535 ejus
1381 4467 1736 4536 impietatem,
1771 4477 1826 4526 et
1855 4469 1976 4540 ejus

394 4561 645 4605 Sanctum
679 4567 881 4623 corpus
909 4571 1027 4624 «per
1062 4557 1337 4612 civitatem
1379 4559 1590 4630 pompis
1622 4561 1975 4620 circumdans

394 4643 624 4698 canibus
699 4645 950 4698 tradidit.
1012 4645 1254 4703 Domnus
1327 4663 1456 4702 vero
1525 4651 1976 4723 archiepiseOpus

392 4733 767 4788 Antiochenus
799 4735 854 4788 in
895 4751 1141 4790 eretnum
1197 4737 1356 4807 fugit,
1393 4746 1447 4793 et
1476 4737 1756 4797 Iuvenalis
1783 4741 1972 4798 Hiero-

394 4827 778 4895 solymitanus.
809 4828 980 4882 l‘orro
1007 4844 1132 4882 cum
1193 4832 1459 4900 pestilens
1508 4833 1850 4890 Theodosius
1880 4852 1975 4905 per

390 4914 463 4967 9.0
503 4932 718 4973 menses
759 4919 1018 4972 thronum
1078 4919 1633 4992 i-lierosolymitanum
1679 4929 1969 4994 tenuisset,

389 5008 578 5074 jussus
612 5020 695 5065 est
755 5013 1182 5082 comprehendi;
1243 4995 1336 5085 qui
1369 5013 1589 5085 fugiens
1625 5017 1678 5071 in
1733 5003 1970 5075 montem

394 5101 634 5157 Siuaeum
665 5106 1011 5175 properavit;
1048 5121 1156 5176 quo
1214 5105 1339 5176 fuga
1401 5107 1556 5178 lapso
1584 5127 1691 5164 una
1731 5128 1853 5166 cum
1888 5114 1972 5168 his

392 5209 532 5262 quos
586 5193 702 5263 ipse
766 5204 1112 5264 provexerat,
1164 5197 1363 5251 iterum
1410 5197 1690 5256 Iuvenalis
1711 5203 1968 5258 thronum

393 5302 553 5342 suum
571 5289 798 5357 recepit.

463 5377 674 5434 Interea
727 5379 999 5438 Maximus
1046 5382 1264 5439 Maximi
1320 5402 1490 5458 nepos
1527 5398 1823 5460 tyrannum
1858 5392 1970 5448 Va-

395 5472 751 5527 lentinianum
813 5478 1068 5544 peremit.
1135 5488 1187 5534 et
1238 5481 1498 5536 Eudoxiaa
1545 5483 1600 5537 vi
1660 5485 1968 5542 associatus

394 5562 680 5632 imperium
713 5579 932 5634 quoque
984 5567 1258 5621 obtinuit:
1298 5583 1395 5638 per
1421 5584 1544 5640 quae
1583 5585 1820 5642 namque
1845 5575 1967 5641 quis

393 5663 602 5723 peccat,
633 5669 728 5723 per
761 5670 822 5709 ea
844 5671 1062 5728 quoque
1092 5667 1146 5714 et
1179 5660 1499 5729 corripitur.
1534 5661 1680 5718 Inter
1703 5662 1816 5718 haec
1837 5679 1967 5734 ergo

393 5742 638 5798 Eudoxia
671 5755 952 5801 coarctata
979 5759 1028 5803 et
1055 5751 1267 5805 nullum
1293 5751 1405 5806 fore
1429 5753 1693 5818 auxilium
1713 5769 1740 5806 a
1759 5754 1962 5827 Byzan—

392 5837 468 5889 tio
484 5836 791 5892 Theodosio
812 5851 961 5910 patre
994 5858 1096 5897 suo
1125 5853 1179 5897 et
1219 5844 1504 5900 l-‘ulcheria
1541 5845 1816 5902 defunctis
1849 5849 1963 5904 exi~

391 5929 643 5995 stimaus,
687 5933 914 5988 arcessit
975 5933 1332 5992 licccrichutn
1389 5937 1454 5992 ad
1489 5938 1673 5995 utbem
1712 5938 1962 6006 llotnam,

2087 3343 2424 3416 provehitur.
2496 3348 2650 3405 Unde
2699 3354 2882 3406 omnia
2935 3357 3192 3410 scandala
3226 3372 3394 3426 penes
3439 3357 3674 3411 Alexan-

2084 3439 2261 3493 driam
2291 3452 2408 3495 orta
2447 3453 2594 3498 sunt
2632 3462 2644 3497 :
2674 3449 2893 3503 cunctis
2925 3449 3070 3502 enim
3108 3450 3258 3504 orbis
3297 3459 3456 3505 terra:
3487 3465 3674 3506 sacer-

2083 3529 2306 3588 dotibus
2342 3533 2718 3591 definitionem
2783 3539 2976 3609 synodi
3032 3539 3497 3600 Chalcedonensis
3541 3543 3675 3598 reci-

2083 3624 2385 3695 pientibus,
2406 3628 2509 3683 iste
2531 3630 2800 3685 scelestus
2829 3618 2979 3685 rabie
3001 3633 3236 3702 quadam
3264 3633 3501 3689 infectus
3527 3635 3672 3703 inju-

2081 3716 2178 3771 riis
2206 3720 2514 3787 appetebat,
2551 3730 2606 3774 et
2639 3721 3020 3778 ordinationes
3065 3725 3450 3795 episcoporum
3498 3725 3668 3780 facie-

2082 3811 2198 3875 bat,
2231 3826 2356 3865 cum
2388 3821 2535 3868 esset
2558 3814 2672 3883 ipse
2697 3816 3066 3881 inordinatus,
3095 3827 3148 3872 et
3174 3818 3503 3886 baptizabat,
3541 3835 3666 3874 cum

2083 3903 2369 3972 presbyter
2399 3921 2507 3958 non
2540 3907 2853 3968 exsisteret.
2909 3908 3108 3962 Beatus
3160 3922 3342 3963 autem
3384 3911 3669 3966 Prolerius

2061 3997 2325 4054 sentiens
2351 3988 2540 4050 eontra
2574 4015 2632 4052 se
2665 4000 2978 4054 confectum
3012 4003 3304 4057 concilium
3339 4005 3433 4057 dat
3486 4005 3666 4060 locum

2085 4086 2196 4151 irm,
2231 4098 2283 4141 et
2317 4090 2489 4156 prima
2529 4091 2616 4145 die
2656 4091 2881 4147 Pascha:
2915 4094 2980 4148 ad
3044 4096 3358 4150 venerabile
3405 4097 3669 4167 baptiste-

2081 4179 2224 4233 rit‘lm
2281 4171 2448 4250 fugit.
2492 4183 2589 4234 Ast
2626 4183 2717 4237 ille
2743 4185 3440 4255 Antichristi‘przecursor.
3488 4203 3668 4256 neque

2082 4281 2328 4327 sanctam
2367 4272 2509 4326 diem
2551 4271 2727 4344 neque
2759 4276 2986 4330 colenda
3027 4278 3144 4331 loca
3177 4281 3469 4341 reveritus,
3502 4281 3669 4334 mittit

2057 4374 2132 4419 'et
2169 4365 2372 4420 occidit
2403 4366 2676 4421 insontem
2738 4370 3072 4438 pontificem,
3115 4385 3222 4425 una
3247 4387 3369 4426 cum
3422 4389 3513 4427 sex
3545 4373 3668 4428 aliis

2081 4456 2174 4532 qui
2235 4468 2392 4510 erant
2441 4472 2565 4510 cmn
2623 4460 2777 4528 ipso;
2817 4471 2870 4515 et
2921 4451 3143 4517 funibus
3190 4466 3468 4519 trahentes
3503 4466 3667 4535 hujus

2082 4549 2314 4604 cadaver
2361 4564 2390 4602 a
2444 4563 2638 4604 sancto
2700 4552 2917 4607 lavacro
2948 4555 3271 4617 emiserunt,
3308 4566 3359 4610 et
3407 4572 3668 4625 pompose
3725 4613 3734 4619 _

2083 4653 2179 4707 per
2236 4639 2512 4694 civitatem
2577 4649 2850 4710 portatum
2889 4653 3171 4712 postremo
3201 4646 3365 4698 etiam
3401 4647 3508 4715 igm
3546 4648 3666 4700 sine

2085 4733 2193 4784 ulla
2270 4733 2648 4788 misericordia
2705 4736 3090 4804 prodiderunt,
3123 4747 3176 4790 et
3208 4737 3423 4793 cineres
3456 4739 3578 4808 ejus
3613 4741 3663 4794 in

2082 4839 2265 4893 aerem
2323 4836 2774 4895 conspers'erunt.
2843 4826 3045 4882 Eodem
3099 4844 3244 4884 anno
3293 4830 3530 4884 delatum
3579 4841 3664 4885 est

2082 4930 2281 4985 eurpus
2316 4916 2373 4970 S.
2412 4918 2717 4972 Anastasize
2755 4934 2783 4970 a
2827 4917 3065 4990 Syrmio,
3121 4931 3174 4988 et
3219 4921 3517 4990 repositum
3579 4931 3665 4978 est
3755 4916 3757 4918 ’

2083 5009 2134 5074 in
2174 5009 2375 5078 templo
2440 5011 2572 5083 ejus
2609 5011 2660 5064 in
2695 5013 2994 5080 porticibus
3029 5011 3308 5068 Domnini.
3342 5014 3662 5070 Timotheus

2081 5110 2260 5155 autem
2296 5101 2531 5157 llelurus
2567 5106 2775 5174 seripta
2821 5102 3017 5174 magni
3042 5105 3232 5177 Cyrilli
3259 5121 3366 5162 non
3397 5108 3540 5163 edita
3573 5125 3661 5164 re-

2082 5195 2381 5264 periensiu
2431 5196 2620 5252 multis
2670 5198 2808 5276 locis
2857 5194 3206 5263 adulteravit,
3265 5200 3427 5254 sicuti
3447 5200 3662 5266 ‘scribit

2083 5287 2275 5341 l‘ctrus
2328 5288 2756 5344 Alexandrinus.
2797 5287 3060 5363 Sequenti
3095 5305 3224 5345 vero
3245 5306 3390 5345 anno
3421 5291 3528 5345 1,θο
3559 5293 3661 5343 im-

2080 5381 2298 5448 peratur
2328 5380 2516 5449 iniqua
2542 5379 2773 5436 Proterii
2792 5382 2971 5438 'morte
2991 5390 3046 5437 et
3082 5383 3282 5452 injusta
3311 5383 3498 5437 l-leluri
3529 5398 3656 5454 pro-

2081 5475 2319 5527 mntione
2382 5483 2706 5543 comperta,
2796 5476 3020 5531 mittens
3084 5472 3410 5532 Casaream'
3451 5477 3656 5547 linguis

2081 5566 2346 5619 mutilatis
2407 5566 2602 5622 exsilio
2655 5567 2919 5635 relegavit
2971 5584 3068 5624 eos
3121 5569 3215 5640 qui
3268 5568 3500 5624 Proterii
3534 5567 3656 5624 neci

2080 5657 2624 5714 communicaverant
2673 5672 2687 5709 :
2747 5656 3038 5715 Timotheo
3079 5669 3218 5714 vero
3280 5662 3515 5715 scelesto
3561 5659 3653 5712 ad-

2078 5749 2220 5806 versi
2258 5748 2336 5803 nil
2391 5748 2597 5814 intulit,
2652 5748 2918 5818 judicium
2973 5739 3025 5806 in
3056 5767 3182 5806 eum
3221 5753 3412 5808 dicens
3452 5750 3655 5806 inferre.

2076 5843 2414 5900 antistitibus
2437 5845 2750 5897 convenire.
2777 5846 2878 5910 Qui
2901 5845 3110 5901 litteras
3133 5845 3196 5899 ad
3220 5844 3654 5913 uniuscujusque

2077 5955 2366 6008 ptovmcnc
2427 5937 2577 5992 misit
2630 5937 2934 6007 episcopos,
3003 5950 3058 5992 ut
3099 5939 3297 6009 singuli
3347 5939 3655 5995 scriberent
