4440 6446
788 393 923 455 1235

1878 400 1915 453 Α
1928 397 2275 456 NAS’I‘ASII
2328 398 2403 457 BI
2414 400 2921 464 BLlOTHECABI
2936 407 2959 464 Ι

3920 416 4058 479 1236

781 508 883 560 sibi
914 506 1195 574 prOpt'ium
1229 520 1477 566 sensum,
1513 512 1693 557 utrum
1727 522 1846 573 quae
1882 506 2021 574 apud
2051 504 2359 561 Chalcedo-
2389 515 2437 574 Α
2467 508 2616 563 ηιυηί
2650 508 2902 568 Julianus
2940 515 3167 583 quidam
3237 515 3534 587 episcopus
3582 519 3887 576 Antiochia
3926 541 4055 593 pro-

783 614 904 655 uem
935 598 1157 653 deﬁnita
1199 605 1327 651 sunt
1372 597 1474 651 sibi
1531 597 1830 666 placerent,
1864 608 1917 659 et
1960 613 2125 666 super
2173 596 2361 654 Helnri

781 693 1061 747 creatione
1090 691 1220 760 quid
1249 690 1517 745 dicerent.
1570 691 1716 746 lnter
1750 708 1888 760 quos
1936 702 1989 744 et
2024 691 2082 745 S.
2121 691 2359 748 Simeoni

782 786 982 856 stylita:
1021 792 1074 837 et
1106 783 1296 839 Barda:
1328 783 1599 837 monacho
1633 793 1795 854 atque
1832 782 2036 837 Jaeoho
2063 786 2358 839 miraculo-

782 894 901 930 rum
937 875 1205 945 patratori
1262 875 1510 943 scripsit,
1533 884 1853 930 contestans
1880 884 1937 927 ut
1989 876 2061 928 ita
2086 875 2358 944 judicium

779 969 1284 1023 controversiarum
1337 968 1741 1035 depromerent,
1788 977 1845 1021 ut
1875 978 2057 1023 essent
2093 968 2359 1023 rationem

784 1062 891 1115 Deo
953 1068 1280 1114 cunctorum
1344 1058 1575 1113 Domino
1636 1061 1929 1115 reddituri.
1994 1060 2096 1125 Qui
2168 1077 2359 1116 omnes

782 1155 1116 1207 unanimiter
1148 1163 1202 1206 et
1234 1160 1607 1207 consonanter
1632 1163 1685 1208 et
1728 1152 2232 1209 Chalcedoncusem
2264 1169 2358 1224 sy-

781 1244 984 1299 nodum
1045 1251 1293 1299 sauctam
1348 1260 1472 1299 esse
1495 1245 1787 1307 aliirmant,
1855 1255 1907 1299 et
1946 1248 2239 1299 terminum
2293 1250 2362 1301 ab

783 1339 899 1403 ipsa
963 1335 1345 1404 depromptum
1402 1336 1750 1410 admittuuth
1782 1334 2125 1390 Tiin0tlicum
2178 1346 2359 1390 autem

781 1440 1152 1484 consonanter
1186 1430 1760 1499 reprobanttanquant
1800 1430 2126 1483 homicidam
2158 1431 2363 1500 pariter

783 1532 836 1577 et
870 1522 1206 1576 Inereticum.
1238 1522 1531 1593 Satagehat
1561 1530 1739 1576 autem
1793 1534 1844 1576 et
1875 1521 2192 1577 Gennadius
2218 1524 2362 1592 apud

784 1618 1171 1686 imperatorem
1207 1632 1318 1685 quo
1374 1616 1737 1670 ulcisceretur
1786 1617 1957 1685 super
2005 1616 2089 1671 his
2128 1632 2249 1686 qua:
2284 1626 2362 1671 te-

784 1724 931 1762 mere
965 1708 1181 1762 fuerant
1215 1716 1565 1777 perpetrata;
1606 1708 1695 1761 cui
1739 1725 1768 1763 e
1810 1708 2033 1763 diverso
2071 1709 2363 1763 resistebat

784 1805 958 1870 Asper
992 1801 1248 1856 Arianus.
1276 1801 1447 1855 Porro
1478 1802 1774 1871 imperator
1803 1802 1923 1872 pius
1949 1801 2210 1857 Hel-trum
2236 1804 2361 1872 qui-

2415 1739 2421 1745 -
2468 1717 2755 1786 praefectus
2788 1738 2800 1772 :

2466 611 2742 658 ιιιοιέιιιν.

2540 691 2741 749 Eodem
2798 710 2943 751 anno
2996 700 3299 755 translatus
3352 713 3434 756 est
3485 704 3623 773 apud
3667 704 4054 761 Alexandriam

2468 786 2734 855 propheta
2764 786 3032 846 Helisans
3062 790 3115 844 in
3151 796 3548 848 monasterium
3596 794 3749 850 Pauli
3800 798 3999 868 leprosi
4039 816 4055 851 :

2468 874 2747 945 leprosum
2813 880 2955 933 enim
3019 883 3257 943 sanavit,
3309 893 3363 938 et
3400 885 3677 954 leprosum
3717 888 3867 950 t'ecit,
3902 900 3954 943 et
3998 890 4055 943 in

2466 984 2526 1021 Ca
2560 985 2681 1035 qum
2720 970 2920 1039 leprosi
2962 984 3121 1027 erant
3158 976 3457 1030 translatus
3490 988 3595 1032 est.

2536 1059 2695 1113 Circa
2730 1061 2843 1115 luce
2882 1070 3123 1133 letnpora
3172 1066 3470 1121 Anthimus
3535 1077 3588 1120 et
3628 1069 3903 1125 Timoeles
3942 1080 4057 1123 tro-

2468 1152 2747 1222 pariorum
2788 1154 3023 1212 factores
3046 1161 3511 1227 agnoscebautur.
3533 1162 3800 1217 Pi'arterea
3828 1164 4056 1219 Cassius

2467 1260 2707 1317 quaestor
2746 1249 3122 1326 Antiochcuns
3152 1262 3317 1322 atque
3348 1255 3710 1326 philosophus
3758 1264 4056 1329 derogata:

2467 1351 2549 1395 est
2577 1341 2719 1410 apud
2754 1343 3144 1411 imperatorem
3179 1355 3237 1400 ut
3300 1364 3569 1418 paganus,
3606 1360 3660 1405 et
3683 1352 3850 1420 jussit
3887 1354 4057 1421 impc-

2470 1441 2617 1485 rator
2649 1434 2954 1488 examinari
2986 1453 3111 1489 eum
3138 1453 3168 1490 a
3203 1440 3462 1507 prml'ecto
3495 1446 3875 1511 przetoriorum
3907 1446 4055 1499 Con-

2468 1525 2846 1594 stautinopoli.
2898 1525 3150 1596 Cumque
3234 1528 3533 1585 duceretur
3590 1536 3643 1587 in
3712 1535 4054 1605 Zeuxippum

2469 1621 2687 1673 vinctus
2723 1631 3031 1677 retrorsum
3071 1626 3351 1689 manibus,
3385 1628 3524 1682 dixit
3579 1629 3644 1683 ad
3688 1646 3810 1684 euut
3848 1631 4056 1689 Poseus

2847 1718 3093 1783 Videsne,
3126 1738 3156 1774 ο
3194 1721 3372 1789 Cassi,
3407 1725 3458 1776 in
3497 1742 3602 1794 quo
3632 1726 3813 1779 habitu
3851 1731 4053 1780 consti-

2472 1821 2613 1865 tutus
2639 1813 2711 1867 sis
2734 1814 2757 1865 9
2779 1811 2878 1879 Qui
2908 1815 2983 1867 ait
3018 1830 3031 1867 :
3074 1815 3253 1879 Video,
3280 1828 3328 1872 et
3362 1834 3460 1871 non
3493 1821 3657 1871 miror
3687 1837 3704 1874 :
3736 1821 3887 1874 homo
3914 1824 4053 1873 enim

784 1896 907 1949 dem
952 1894 1093 1964 apud
1116 1895 1364 1964 Gangras
1410 1895 1607 1949 exsilio
1660 1895 1915 1965 relegavit
1946 1913 1957 1947 :
1999 1896 2112 1965 ipse
2148 1911 2278 1950 vero
2309 1905 2361 1951 et
2396 1882 2437 1934 Β
2470 1921 2588 1957 cum
2629 1905 2755 1968 sint,
2786 1906 3046 1962 humanas
3094 1912 3295 1963 incurri
3338 1914 3697 1967 calamitates.
3731 1912 3833 1969 Sed
3864 1914 4055 1983 jndiea

789 1990 895 2045 illic
930 1990 1095 2059 cmpit
1125 1990 1504 2044 conventicula
1540 2006 1874 2060 congregare
1910 1992 2363 2061 turbationesque

788 2091 1028 2148 patrare,
1062 2100 1204 2153 quas
1252 2084 1597 2154 comperiens
1658 2085 1955 2154 imperator
2008 2100 2195 2139 rursus
2238 2100 2362 2138 eum

789 2179 839 2229 in
874 2177 1129 2231 exsilium
1166 2177 1317 2233 misit
1350 2177 1492 2247 apud
1526 2178 1883 2238 Chersouam,
1920 2188 1972 2231 et
2007 2190 2364 2233 consecratus

785 2275 870 2319 est
907 2284 1005 2335 pro
1040 2283 1103 2321 eo
1132 2270 1424 2348 episcopus
1472 2267 1814 2322 Alexandria:
1873 2267 2194 2324 Timotheus
2222 2268 2365 2322 alius

787 2370 1151 2430 cognomento
1207 2360 1439 2425 Leucos,
1474 2363 1567 2432 qui
1618 2370 1671 2416 et
1698 2361 2117 2432 Salophacialus
2147 2378 2364 2417 nuncu-

791 2463 973 2525 patur,
1008 2457 1090 2508 vir
1114 2454 1456 2509 orthodoxus
1488 2465 1539 2508 et
1572 2455 1747 2511 lmnns
1785 2455 2111 2524 cunctisque
2140 2469 2365 2524 prorsus

790 2550 1061 2603 amabilis.
1124 2547 1333 2604 Interea
1388 2560 1542 2601 vasto
1580 2548 1835 2603 incendio
1889 2548 2366 2618 Constantinopoli

792 2643 953 2706 fat-to,
993 2640 1303 2696 Marcianus
1331 2656 1648 2696 oremiomus
1672 2643 1983 2696 ascendens
2011 2657 2174 2712 super
2210 2651 2365 2711 tegu-

793 2737 870 2786 las
901 2734 956 2788 S.
1002 2734 1324 2795 Anastasite,
1365 2743 1555 2789 tenens
1613 2735 1989 2805 Evangelium,
2022 2736 2367 2790 orationibus

790 2832 844 2877 ct
872 2825 1128 2894 lacrymis
1157 2825 1379 2878 illaesum
1413 2825 1635 2878 domum
1662 2826 1919 2878 servavit.
1951 2825 2369 2894 Sequentianno

789 2932 913 2968 cum
953 2916 1129 2983 pictor
1158 2916 1379 2986 quidem
1410 2916 1635 2986 pingere
1684 2918 2023 2971 Salvatorem
2065 2918 2366 2972 secundum

790 3007 1373 3063 siniilitudinemJovis
1407 3007 2131 3078 praesumpsisset{arefacta
2152 3017 2368 3064 estma-

792 3118 895 3155 nus
923 3103 1075 3170 ejus;
1106 3118 1265 3171 quem
1301 3112 1579 3171 peccatum
1608 3118 1766 3156 suum
1808 3103 2119 3158 confessum
2154 3102 2369 3158 sanavit

790 3195 1129 3250 Gennadius.
1161 3196 1328 3250 Aiunt
1352 3196 1496 3249 enim
1540 3195 1760 3265 quidam
1787 3196 2176 3249 historicorum
2221 3193 2365 3264 quod

793 3291 988 3359 cri~pis
1022 3299 1077 3343 et
1116 3290 1254 3344 raris
1282 3291 1494 3357 capillis
1525 3289 1746 3343 schema
1794 3289 1847 3340 in
1883 3288 2167 3342 Salvatorc
2198 3288 2369 3355 magis

791 3383 1145 3436 vernaculum
1206 3384 1298 3435 sit.
1350 3381 1450 3435 Per
1504 3381 1647 3435 idem
1682 3390 1895 3448 tempus
1925 3379 2033 3433 Leo
2070 3380 2371 3450 imperator

792 3475 1067 3531 Zenonem
1096 3491 1353 3545 generum
1385 3491 1543 3530 suum
1572 3473 2137 3542 magistratumtotius
2178 3471 2370 3527 Orien-

793 3569 865 3623 tis
889 3568 1037 3629 feeit,
1058 3577 1109 3621 et
1132 3567 1456 3622 Basiliscum
1477 3567 1702 3621 fratrem
1736 3564 1953 3619 νει-ἱνα)
1975 3567 2232 3635 Augusta:
2260 3580 2372 3617 ma-

793 3664 1075 3721 ;-istratum
1113 3660 1339 3713 Thracae
1379 3658 1685 3734 cousﬁtyit.
1723 3656 1872 3712 Zeno
1929 3665 2112 3712 autem
2147 3656 2371 3711 veniens

795 3753 1138 3808 Antiochiam
1194 3752 1401 3805 invenit
1427 3752 1743 3821 episcopum
1765 3750 1819 3804 in
1845 3764 1905 3804 ea
1930 3764 2146 3804 sacrum
2172 3748 2371 3819 Marty-

799 3848 961 3899 rium.
991 3844 1186 3899 I‘ctrus
1209 3843 1694 3914 autcanapheus
1716 3842 2051 3911 sequebatur
2072 3840 2369 3903 Zononem,

795 3956 917 3993 cum
968 3948 1111 3994 esset
1165 3939 1477 4009 presbyter;
1534 3937 1626 4007 qui
1681 3935 2019 4006 persuadens
2082 3933 2283 3988 Zenoni
2315 3942 2373 3986 ut

798 4032 898 4085 sibi
918 4042 1311 4100 cooperaretur
1339 4027 1807 4083 ad'couducendos
1835 4026 2085 4081 mercede
2102 4026 2371 4095 quosdam

797 4124 1117 4195 Apoliittarii
1160 4131 1481 4185 sectatores,
1516 4120 1885 4174 turbationum
1913 4118 2052 4172 dena
2082 4119 2248 4172 millia
2280 4134 2374 4171 cx-

798 4218 932 4272 citat
967 4226 1157 4270 contra
1208 4214 1365 4269 [idem
1408 4223 1461 4269 et
1520 4212 1840 4284 Martyrium
1902 4212 2219 4282 episc0pum
2247 4229 2275 4276 ;~
2320 4213 2375 4265 c't

800 4309 1221 4364 anathetuatizat
1244 4326 1337 4363 eos
1359 4310 1451 4377 qui
1488 4325 1591 4363 nou
1623 4308 1812 4360 dicunt
1840 4304 2007 4357 Deum
2045 4304 2373 4361 crucilixum

799 4418 943 4466 esse,
976 4410 1030 4455 et
1053 4402 1308 4456 scindens
1352 4400 1608 4471 populum
1656 4398 2063 4451 Antiochenum
2120 4395 2269 4469 addit
2319 4396 2371 4471 in

805 4495 1030 4567 trisagio
1084 4495 1469 4565 hymno:Qui
1525 4493 1811 4558 cruciﬁxus
1877 4508 1928 4543 es
1992 4499 2203 4558 propter
2254 4506 2370 4541 nos.

2467 1999 2518 2050 in
2552 2015 2651 2063 me,
2693 2013 2748 2054 ut
2782 2018 2983 2055 mecum
3030 2001 3343 2071 jndicubas.
3370 2003 3583 2069 Quibus
3630 2006 3831 2061 auditis
3858 2008 4056 2060 concio

2466 2090 2711 2147 laudavit
2760 2095 3192 2164 imperatorem,
3246 2112 3357 2164 quo
3406 2108 3697 2166 comperto
3751 2099 4053 2167 imperator

2466 2188 2684 2256 gavisus
2713 2196 2796 2243 est
2834 2199 2889 2242 et
2917 2188 3128 2243 dimisit
3159 2206 3281 2243 cum
3326 2190 3379 2244 in
3419 2194 3694 2261 regionem
3729 2205 3906 2247 suam.

2538 2279 2724 2332 Mundi
2745 2295 2889 2333 anno
2911 2278 3074 2341 5965,
3099 2280 3297 2335 divina:
3326 2282 3727 2337 incarnationis
3762 2298 3907 2338 anno
3929 2284 4055 2345 «ωδ.

2468 2386 2591 2424 cum
2624 2369 2869 2425 Endoxia
2902 2356 3087 2443 ineptis
3123 2372 3418 2429 Theodosii
3453 2375 3729 2430 sexdecim
3780 2392 3959 2429 anuos
3996 2378 4051 2429 in

2470 2462 2651 2516 Alrica
2674 2480 2797 2518 cum
2833 2465 2951 2521 viro
2996 2482 3097 2522 suo
3142 2465 3418 2523 Honorico
3466 2468 3712 2530 fecisSet,
3742 2478 3793 2522 et
3823 2484 4054 2537 puerum

2470 2554 2805 2608 Cilderieuin
2858 2574 2920 2610 ex
2986 2557 3107 2625 ipso
3169 2560 3468 2627 genuisset,
3512 2559 3727 2611 ditlicile
3780 2558 4057 2612 ferebatur

2470 2662 2596 2717 erga
2632 2648 2913 2711 maritum,
2948 2667 3070 2702 cum
3130 2659 3277 2703 esset
3305 2651 3562 2704 Arianus.
3600 2650 3756 2705 Unde
3795 2650 3940 2702 aditu
3974 2651 4057 2703 iii-

2472 2748 2634 2794 veuto
2663 2740 2788 2808 fuga
2831 2741 2982 2810 lapsa
3041 2744 3186 2795 venit
3224 2740 3686 2813 llier0solvmam,
3724 2753 3778 2795 et
3810 2741 4058 2796 adoratis

2471 2830 2887 2884 venerabilibus
2921 2832 3077 2895 locis,
3111 2833 3463 2901 salutatoque
3509 2833 3765 2901 sepulcro
3801 2831 4057 2885 Eudocim

2472 2924 2607 2977 avia:
2663 2938 2796 2987 suae,
2863 2941 2926 2977 ac
2991 2924 3183 2993 paucis
3214 2924 3408 2979 diebus
3443 2926 3492 2977 in
3539 2935 3726 2979 sancta
3775 2924 4058 2977 demorata

2472 3015 2715 3081 civitate,
2751 3026 2966 3069 mortua
3002 3028 3087 3070 εει
3123 3016 3176 3069 iu
3208 3030 3360 3086 pace,
3396 3015 3653 3070 omnibus
3703 3024 3905 3069 sancta:
3954 3014 4061 3069 lie—

2472 3106 2801 3161 surrectioni
2829 3106 3095 3161 dimissis.

2545 3200 2730 3255 Mundi
2757 3217 2902 3255 anno
2935 3201 3096 3265 5967,
3117 3201 3316 3255 diviuze
3340 3202 3741 3255 incarnationis
3768 3216 3910 3253 anno
3928 3200 4056 3261 467,

2421 3290 2441 3359 _'
2474 3294 2845 3349 Basiliscusin
2866 3295 3073 3363 Campo
3093 3296 3430 3348 acclamatur
3459 3296 3773 3362 imperator.
3812 3290 4059 3345 Marcum

2476 3387 2644 3441 lilium
2679 3386 2952 3441 Cmsarem
3020 3386 3168 3450 iecit,
3208 3395 3260 3440 et
3295 3385 3590 3439 Zenobiam
3629 3400 3853 3438 morem
3901 3397 4055 3437 suam

2474 3482 2778 3548 Augustam
2818 3480 3130 3544 coronavit,
3163 3488 3214 3533 et
3254 3479 3438 3532 statim
3479 3488 3669 3530 ctmtra
3701 3477 3860 3530 tidem
3916 3490 4059 3544 prc-

2474 3574 2639 3628 liatus
2675 3582 2779 3635 est,
2814 3572 3304 3627 Zenobiamasime
3328 3572 3595 3626 incitante
3618 3570 3856 3623 illumad
3888 3570 4057 3629 istud,

2475 3664 2935 3735 Timotheumquc
2974 3663 3235 3718 llelurum
3295 3665 3570 3718 revocavit
3628 3678 3723 3732 per
3757 3670 3965 3731 typum,
4005 3670 4059 3714 et

2475 3755 2695 3811 Petrum
2723 3756 3003 3825 Cnaphea,
3060 3756 3149 3824 qui
3193 3754 3500 3808 absconsus
3528 3767 3643 3806 erat
3683 3754 3735 3807 in
3780 3762 4059 3805 monaste-

2476 3846 2559 3899 rio
2598 3846 3085 3900 Acmuelensium.
3117 3844 3183 3899 Et
3210 3854 3481 3915 quotquot
3511 3847 3598 3897 alii
3635 3844 3841 3897 inimici
3876 3845 4057 3896 saneti

2476 3936 2948 3993 Chalcedonensis
3001 3949 3158 3992 erant
3206 3939 3451 4002 concilii,
3486 3938 3812 3992 tiducialiter
3864 3945 4057 3989 contra

2478 4032 2762 4085 veritatem
2789 4030 3045 4101 agebant.
3086 4032 3322 4087 Halurus
3353 4042 3534 4085 autem
3587 4030 3929 4099 congregatis
3969 4029 4055 4080 in-

2476 4123 2681 4193 quietis
2702 4123 3015 4192 quibusque
3036 4124 3443 4187 Alexandrinis,
3464 4122 3554 4191 qui
3580 4120 4056 4186 Constantitmpoli

2478 4214 2987 4286 peregrinabantur,
3030 4214 3097 4268 de
3154 4214 3354 4282 palatio
3410 4229 3532 4268 cum
3568 4214 3757 4266 litania
3815 4212 3960 4265 venit
4006 4211 4058 4262 in

2478 4306 2791 4370 ecclesiam,
2836 4313 3025 4359 vectus
3067 4305 3261 4368 asino;
3298 4304 3391 4373 qui
3430 4303 3756 4371 perveniens
3794 4301 3845 4353 iu
3879 4300 4057 4353 loCttnt

2477 4396 2569 4466 qui
2603 4396 2807 4451 dicitur
2832 4397 3171 4466 Octagonus,
3208 4409 3582 4465 expavescens
3624 4393 3812 4461 pedem
3852 4391 4060 4443 contri-

2479 4488 2578 4552 vit,
2632 4498 2683 4542 et
2735 4503 2858 4541 cum
2910 4486 3237 4540 confusione
3283 4500 3542 4556 reversus
3594 4492 3696 4538 est.
3758 4482 4059 4533 Basiliscus

806 4590 959 4659 Quod
987 4604 1049 4643 ex
1073 4596 1201 4640 tunc
1220 4586 1489 4655 hodieque
1512 4584 1655 4653 apud
1677 4582 2105 4651 TheOpaSchitas
2139 4581 2247 4633 dici
2276 4582 2375 4634 ob-
2402 4580 2455 4638 D
2485 4582 2629 4635 hunc
2657 4579 3043 4635 Alexandriam
3096 4594 3221 4631 cum
3261 4578 3401 4648 typis
3440 4584 3631 4630 contra
3660 4576 3924 4645 synodum
3958 4574 4060 4623 mi-

803 4682 985 4733 tinuit.
1040 4678 1335 4749 Martyrius
1388 4687 1566 4730 autem
1606 4673 1673 4728 ad
1716 4673 1951 4727 Leonem
1988 4673 2371 4741 imperatorem

802 4773 970 4836 venit,
999 4780 1054 4825 et
1089 4777 1378 4838 susceptus
1401 4776 1483 4822 est
1533 4782 1655 4821 cum
1693 4766 1899 4819 honore
1956 4766 2151 4825 umlto,
2193 4758 2375 4816 s'tudio

801 4863 1068 4918 Cennadii
1092 4861 1331 4933 episcopi
1353 4860 1923 4928 Constantinopoleos.
1944 4856 2176 4911 ltediens
2195 4865 2375 4909 autem

801 4957 1173 5019 Antiochiam,
1204 4964 1259 5011 et
1276 4956 1563 5011 inveniens
1587 4954 1820 5025 populos
1845 4952 2176 5008 dissidentes
2204 4950 2379 5005 Zeno-

804 5066 1037 5122 nemque
1070 5050 1156 5107 his
1183 5051 1686 5114 iaventem,coram
1730 5046 1963 5100 ecclesia
2024 5043 2379 5099 abrenuntia-

804 5146 880 5197 ιιι
902 5142 1268 5214 episcopatui,
1300 5143 1528 5196 dicens:
1562 5138 1716 5194 Claro
1747 5156 1850 5192 non
1872 5138 2081 5191 subdito
2109 5146 2158 5190 et
2188 5135 2380 5205 populo

804 5214 1086 5291 dissidenti
1122 5249 1173 5291 et
1221 5236 1456 5291 ecclesia
1485 5234 1747 5305 squalenti
1797 5233 2131 5295 abrenuntio,
2164 5248 2381 5285 servans

808 5331 1043 5386 nti/timet
1072 5330 1363 5385 sacerdotii
1419 5330 1753 5398 dignitatem.
1783 5328 1904 5395 Quo
1944 5326 2255 5380 discedente
2279 5322 2383 5378 Pe-

807 5431 929 5478 trus
960 5421 1252 5491 Cnapheus
1282 5421 1336 5474 iu
1390 5424 1648 5474 thronum
1680 5418 2109 5473 Alexandrinum
2166 5417 2381 5483 iusiliit,

810 5524 863 5572 et
892 5530 1015 5569 mox
1049 5514 1316 5569 Joannem
1358 5527 1577 5581 quoque
1604 5512 1877 5581 promovit
1907 5512 2242 5578 Apatneuum
2273 5510 2383 5577 epi-

812 5623 1058 5677 scopum,
1096 5608 1188 5675 qui
1225 5612 1346 5658 erat
1403 5621 1467 5658 ex
1521 5603 1889 5675 depositione.
1927 5601 2024 5656 His
2070 5616 2200 5655 vero
2237 5616 2387 5655 com-

814 5702 981 5770 pertis
1038 5699 1357 5754 Gennadius
1419 5706 1612 5752 cuncta
1672 5696 1986 5764 imperatori
2040 5696 2283 5764 exponit,
2334 5703 2388 5748 ct

808 5795 964 5856 jubet
1026 5789 1243 5842 Petrum
1304 5789 1559 5859 Cnaphea
1612 5788 1877 5841 txsiliari.
1948 5784 2103 5850 Quod
2156 5782 2386 5836 audiens

814 5887 1005 5939 l‘Ctrus
1045 5884 1298 5937 exsilium
1349 5884 1474 5949 iuga
1510 5893 1703 5933 evasit.
1746 5878 2023 5932 Εἱοῖιιιυιιρ
2077 5894 2203 5929 vero
2236 5890 2373 5927 Com-

2483 4676 2576 4738 sit,
2605 4682 2656 4728 et
2684 4672 2904 4727 Petrum
2928 4672 3185 4741 Cnaphea
3216 4668 3806 4731 Antiochiam,‘contra
3860 4663 4063 4715 verita-

2485 4774 2591 4818 tem
2630 4744 2947 4819 coniortans
2982 4771 3294 4830 utrmnqne.
3344 4759 3668 4814 Timotheus
3697 4767 3873 4811 autem
3904 4755 4059 4808 Sala-

2487 4858 2772 4929 phacialus
2799 4856 3087 4927 episc0pus
3130 4853 3559 4913 Alexandrinus,
3600 4850 3945 4916 comperiens
3973 4848 4000 4901 Ἰ
4023 4848 4063 4899 i-

2487 4948 2767 5001 motheum
2800 4944 3063 4999 Helorum
3087 4945 3611 5009 advenire,recessit
3643 4942 3705 4993 ad
3731 4948 4066 4994 monasterza

2485 5040 2715 5109 Canopi.
2750 5037 2937 5093 Multis
2965 5049 3146 5093 autem
3182 5037 3397 5091 atllictis
3444 5033 3677 5089 Helurus
3711 5031 4065 5085 Timotheum

2489 5134 2681 5186 laedere
2718 5146 2827 5185 non
2868 5130 3059 5193 valuit,
3086 5144 3150 5184 eo
3171 5128 3316 5198 quod
3339 5126 3659 5195 diligeretur
3689 5122 3755 5175 ab
3785 5117 4063 5173 omnilms.

2488 5224 2736 5294 Cumque
2776 5221 3155 5293 ingrederetur
3197 5219 3434 5274 Helorus
3466 5214 3878 5276 Alexandriam,
3919 5210 4066 5263 voci-

2492 5320 2811 5372 ferabantur
2865 5315 3097 5369 studiosi
3156 5313 3309 5381 ejus,
3374 5309 3508 5365 illud
3563 5317 3722 5375 turpe
3768 5305 4063 5359 dicentes:

2492 5410 2697 5466 Cibasti
2732 5408 2976 5462 inimicos
3010 5417 3150 5471 tuos,
3183 5421 3344 5473 papa.
3383 5403 3479 5457 Ast
3533 5401 3839 5455 sceleratus
3875 5404 4066 5448 contra

2492 5502 2765 5557 clamabat
2801 5519 2814 5554 :
2852 5500 3033 5552 Etiam
3082 5514 3196 5551 cere
3260 5496 3449 5549 cibari.
3490 5493 3593 5546 Hic
3652 5490 3849 5559 impius
3904 5488 4067 5538 etiam

2492 5594 2937 5650 Chalcedonense
2965 5590 3259 5645 concilium
3290 5584 3802 5644 anathematizabat.
3822 5580 4069 5634 Julianus

2497 5700 2679 5744 autem
2714 5690 3089 5743 Antiochenus
3120 5685 3410 5754 cpiscopus
3448 5694 3559 5750 pra:
3594 5675 3813 5730 tristitia
3876 5685 4067 5726 eorum

2497 5797 2615 5849 quae
2656 5781 2856 5833 Iiebant
2893 5780 3185 5833 dei'unctus
3220 5790 3321 5827 ρει.
3363 5772 3551 5825 Petrus
3575 5782 3754 5822 autem
3780 5767 4071 5833 Cnapheus

2499 5876 2560 5925 ad
2596 5874 2773 5929 sedent
2813 5888 3134 5943 p-ineuiens
3174 5887 3224 5923 in
3258 5870 3610 5939 anathemata
3649 5872 3699 5917 ct
3734 5860 4068 5913 turbatum-:9
