4440 6446
421 379 553 444 1237

1193 378 1566 440 HISTORIA
1601 378 2179 440 ECCLESIASTICA
2220 380 2321 439 EX
2353 377 2833 441 THEOPHANE.

3534 378 3673 444 1238

415 496 616 566 erupit.
665 492 801 549 [line
834 492 1013 549 caedes
1063 494 1349 550 hominum
1382 504 1436 553 et
1494 496 1704 568 rapinae
1761 504 1992 568 propter
2023 496 2411 567 Adogmatum
2471 503 2871 568 propugnator,
2932 496 3024 565 qui
3099 494 3276 550 fuerat
3326 494 3675 554 Alexandria:

418 588 849 641 additamentum
886 586 1097 657 trisagii
1146 586 1305 642 factae
1353 595 1503 643 sunt.
1535 588 1806 644 Praeterea
1841 589 1999 645 Basi-

418 680 587 734 liscus
615 688 741 750 typo
768 677 1010 748 generali
1056 677 1509 735 Chalcedonense
1560 681 1761 751 abjecit
1813 683 1997 738 conci-

419 773 569 837 lium,
592 772 792 841 jubens
821 772 1024 827 Acacio
1081 772 1696 844 Constantinopolitano
1728 775 1780 829 id
1815 775 1994 845 ipsum

418 865 599 919 facere
633 864 766 918 :sed
808 871 942 920 tota.
971 866 1164 921 civitas
1202 881 1327 920 cum
1368 867 1695 922 mulieribus
1721 875 1775 922 et
1808 867 1997 921 liberis

420 959 471 1012 in
547 957 836 1012 ecclesiam
898 966 1089 1013 contra
1140 957 1470 1014 Basiliscum
1518 960 1857 1015 conveniens
1888 959 1994 1015 hoc

418 1053 534 1105 ﬁeri
573 1054 763 1105 vetuit.
791 1053 960 1106 Porro
995 1053 1143 1107 clero
1188 1060 1240 1106 et
1270 1053 1556 1110 monachis
1600 1054 1995 1109 Constantino-

418 1143 679 1210 politanis
714 1158 811 1212 pro
840 1142 1279 1200 Chalcedonensi
1334 1144 1546 1215 synodo
1600 1147 1993 1217 propugnanti-

417 1236 542 1299 bus,
566 1238 763 1291 timens
795 1235 1028 1291 Aeacius
1066 1236 1475 1293 multitudinem
1511 1254 1635 1293 cum
1660 1240 1740 1295 eis
1766 1255 1996 1295 concor-

415 1329 547 1383 dare
577 1327 904 1395 simulabat;
947 1328 1091 1383 unde
1118 1344 1305 1384 coram
1340 1330 1573 1386 amboue
1614 1340 1802 1385 contra
1838 1331 1992 1388 Basi-

416 1422 609 1475 liscum
639 1430 692 1476 et
728 1420 1004 1477 Zenonem
1064 1423 1427 1477 acclamabat.
1459 1422 1763 1479 Basiliscus
1809 1434 1991 1479 autem

416 1514 714 1583 compertis
749 1514 856 1579 his,
888 1522 1137 1571 metuens
1170 1514 1443 1570 fervorem
1488 1516 1685 1585 plebis,
1714 1532 1743 1571 e
1773 1517 1993 1571 civitate

416 1604 568 1665 exiit,
610 1604 809 1671 jubens
837 1606 1052 1660 senatui
1113 1606 1389 1660 neminem
1437 1606 1585 1676 loqui
1613 1621 1737 1663 cum
1770 1608 1990 1661 Acacio.

418 1695 682 1748 Futurum
719 1697 862 1750 enim
898 1706 1016 1750 erat
1053 1705 1111 1750 ιιι
1153 1700 1389 1768 p0pulus
1434 1699 1750 1755 incenderet
1776 1701 1990 1755 urbem.

417 1787 603 1841 Daniel
636 1796 816 1843 autem
846 1790 1117 1845 mirabilis
1142 1791 1353 1860 stylites
1374 1794 1677 1862 assumptis
1708 1794 1992 1849 monachis

413 1881 1114 1949 ctpnpulitemulatoribus
1165 1883 1333 1937 exivit
1393 1870 1586 1940 contra
1640 1886 1990 1949 Basiliscum,

414 1982 467 2024 et
506 1971 551 2025 ei
603 1987 726 2026 cum
787 1972 956 2027 multa
998 1972 1196 2027 ﬁducia
1234 1974 1555 2045 disputavit.
1610 1975 1817 2044 Interea
1846 1976 1994 2032 Zeno

417 2076 538 2114 t-um
569 2060 818 2117 Arcadne
878 2062 954 2116 ad»
995 2064 1197 2133 regiam
1224 2065 1547 2135 perveniens
1579 2067 1766 2121 urbem
1803 2083 1994 2122 susce-

416 2164 540 2223 ptus
567 2166 649 2208 est
671 2170 700 2207 a
719 2157 921 2224 populo
939 2170 1001 2209 ac
1028 2163 1244 2211 senatu.
1274 2155 1579 2214 Basiliscus
1603 2136 1734 2213 vero
1768 2160 1993 2215 veniens

415 2246 482 2299 ad
516 2246 827 2310 ecclesiam,
863 2248 1128 2317 imperiali
1161 2249 1407 2319 deposita
1467 2249 1522 2304 in
1566 2250 1749 2305 divina
1806 2266 1995 2306 mensa

415 2355 641 2405 corona,
698 2339 763 2393 ad
829 2339 1215 2411 baptisterium
1277 2341 1531 2411 confugit
1582 2358 1706 2397 cum
1754 2343 1995 2399 Zenobia

420 2432 573 2486 maia:
636 2432 915 2503 opinionis
969 2448 1139 2488 uxore
1187 2450 1309 2488 sua.
1371 2434 1539 2490 Porro
1578 2434 1727 2490 Zeno
1773 2435 1993 2491 Petrum

415 2524 671 2593 tinaphea
735 2525 932 2579 avertit
980 2540 1044 2580 eo
1095 2526 1265 2597 quod
1298 2525 1566 2583 Basilisco
1626 2530 1991 2584 concurrerit.

416 2612 643 2668 Decreto
678 2624 859 2668 autem
902 2614 1200 2670 Orientalis
1254 2616 1448 2688 synodi
1491 2617 1777 2688 depositus
1804 2626 1906 2683 est,
1942 2626 1996 2673 et

414 2720 534 2757 (tum
566 2721 629 2759 eo
649 2704 912 2772 Joannes,
971 2708 1061 2777 qtti
1090 2716 1215 2777 post
1244 2710 1464 2763 tertium
1511 2724 1752 2765 mensem
1787 2711 1995 2780 ejeCtus

415 2807 519 2858 est,
570 2808 622 2851 et
681 2808 805 2867 post
866 2814 990 2854 eum
1030 2799 1344 2871 Stephanus
1404 2801 1487 2854 vir
1536 2803 1864 2857 venerabilis
1912 2813 1996 2858 est

416 2886 715 2941 Antiochia:
740 2899 1037 2956 provectus
1059 2890 1377 2958 episcopus.
1423 2886 1619 2945 Petrus
1645 2900 1824 2944 autem
1852 2891 1992 2961 apud

416 2977 727 3048 Pityussatn
785 2980 839 3034 in
905 2981 1159 3035 exsilium
1225 2971 1516 3043 ducturus,
1543 2982 1637 3037 sed
1696 2984 1994 3040 educentes

417 3070 719 3139 decipiens,
782 3072 1034 3142 confugit
1090 3074 1156 3129 ad
1218 3084 1471 3130 sanctum
1497 3074 1848 3131 Theodorum
1886 3076 1994 3131 Eu-

2101 589 2384 659 preshyter
2414 598 2467 643 et
2506 604 2827 645 meonomus
2857 588 3124 644 ecclesite.
3151 588 3325 643 Porro
3365 587 3546 645 Ilillus
3577 606 3675 660 pa-

2102 678 2297 732 tricius
2320 692 2444 731 cum
2477 676 2708 733 Leontio
2750 686 2803 733 et
2845 676 3081 748 reliquis
3104 678 3253 732 venit
3282 678 3348 732 ad
3388 678 3674 734 castellum

2099 771 2340 843 Papyrii,
2371 780 2424 828 et
2441 773 2639 828 educta
2660 772 2856 827 Verina
2882 772 3127 844 Augusta
3146 773 3201 826 in
3219 771 3451 829 Tarsum
3468 774 3675 828 Ciliciae

2099 864 2229 919 fecit
2249 880 2375 918 eum
2396 865 2649 919 coronari
2678 872 2830 918 extra
2863 862 3146 921 civitatem
3170 865 3311 935 apud
3342 866 3399 919 S.
3428 864 3673 921 Petrum.

2172 957 2390 1015 Decimo
2428 967 2687 1028 praeterea
2714 958 2953 1015 Zenonis
2985 975 3130 1015 anno
3162 959 3310 1015 Petri
3338 960 3508 1031 Moggi
3545 976 3677 1029 spu-

2099 1051 2272 1105 dastre
2298 1066 2393 1120 per
2447 1052 2736 1122 pecuniam
2786 1060 2841 1106 et
2893 1051 3242 1108 scduetiones
3279 1063 3677 1122 persuaserunt

2100 1142 2305 1197 Zenoni
2344 1142 2543 1211 ejicere
2558 1142 2825 1199 Joannem
2853 1143 3297 1199 Tabeunesioten
3344 1143 3675 1199 Alexandri-

2100 1250 2230 1288 nutn
2261 1234 2576 1305 episcopum
2610 1247 2868 1307 tanquam
2895 1243 3093 1306 praeter
3122 1246 3305 1290 votum
3329 1235 3450 1305 ejus
3480 1251 3678 1291 conse-

2098 1335 2332 1392 cratmn,
2367 1336 2421 1383 et
2438 1326 2657 1382 Petrum
2696 1327 2947 1398 Moggum
3001 1327 3201 1383 iterum
3254 1327 3518 1383 reducere
3551 1328 3678 1383 Ale—

2101 1419 2403 1474 xandriam.
2432 1418 2586 1473 Tunc
2615 1428 2668 1475 et
2691 1421 2964 1475 enoticum
3000 1419 3128 1474 fecit
3164 1420 3331 1485 Zeno,
3369 1430 3426 1475 ttt
3452 1421 3673 1491 quidam

2101 1509 2273 1576 aiunt,
2305 1512 2372 1565 ab
2401 1512 2604 1566 Acacio
2636 1512 3249 1582 Constantinopolitano
3299 1512 3589 1578 dictatum,
3624 1522 3677 1566 et

2100 1603 2301 1673 ubique
2334 1605 2655 1661 transmisit.
2698 1603 2861 1659 Petro
2885 1612 3065 1660 autem
3090 1605 3279 1675 illoggo
3303 1614 3427 1661 ante
3462 1621 3678 1677 regres—

2099 1710 2218 1749 sum
2254 1697 2373 1767 ejus
2408 1697 2460 1751 in
2516 1698 2903 1753 Alexandriam
2952 1699 3121 1767 jussit
3155 1698 3302 1752 Zeno
3370 1700 3677 1753 communi-

2098 1802 2222 1843 care
2247 1789 2530 1859 Simplicio
2553 1791 2804 1844 Romano
2829 1798 2992 1859 atque
3020 1790 3244 1857 Acacio,
3282 1790 3399 1859 qui,
3423 1788 3679 1846 videlicet

2098 1880 2353 1944 Aeacius,
2386 1881 2611 1950 scripsit
2658 1880 3049 1935 Alexandrinis
3107 1880 3392 1951 suscipere
3428 1880 3677 1952 Moggum

2099 1978 2152 2023 ct
2185 1968 2449 2026 Joannem
2522 1971 2780 2041 abjicere.
2838 1970 3078 2027 Joannes
3115 1987 3244 2026 vero
3285 1971 3471 2026 audita
3521 1972 3671 2027 Petri

2100 2066 2413 2132 praesentia,
2435 2066 2559 2119 licet
2602 2066 2783 2121 clerus
2807 2081 2931 2120 cum
2966 2066 3167 2136 populo
3188 2067 3337 2122 exire
3362 2068 3510 2121 illum
3551 2084 3679 2138 pro-

2100 2156 2332 2221 hiberet,
2357 2174 2479 2227 qum
2496 2159 2872 2229 prmsumenda
2894 2169 3094 2215 eranta
3113 2159 3273 2215 Petro
3297 2161 3678 2225 considerans,

2101 2250 2379 2318 sapienter
2403 2260 2453 2305 et
2491 2251 2609 2304 sine
2651 2250 2965 2305 turbatione
3001 2250 3254 2305 recessit.

2173 2341 2354 2395 Mundi
2389 2356 2530 2395 anno
2564 2340 2723 2406 5972,
2752 2340 3366 2397 divinzcincarnationis
3394 2356 3536 2395 anno
3552 2340 3678 2403 479.,

2099 2432 2472 2488 Theudoricus
2510 2432 2778 2499 Valamer,
2816 2432 2975 2502 cujus
3000 2434 3204 2488 multus
3234 2434 3378 2488 inter
3406 2432 3681 2488 Barbaros

2098 2534 2151 2580 et
2181 2526 2455 2581 Romanos
2508 2534 2593 2581 est
2650 2541 2829 2581 sermo
2890 2535 3079 2597 utpote
3139 2526 3299 2581 fortis
3337 2534 3391 2580 et
3443 2527 3679 2597 providi,

2099 2620 2191 2672 sed
2246 2633 2344 2672 nec
2403 2618 2679 2672 rationum
2748 2619 3071 2689 inexpertis,
3134 2633 3301 2689 penes
3356 2618 3677 2688 Byzantium

2098 2711 2298 2780 quippe
2333 2709 2494 2765 obses
2534 2711 2811 2779 quondam
2846 2708 3351 2778 traditus,optimis
3386 2710 3678 2780 magistro-

2099 2817 2219 2855 rum
2253 2801 2503 2865 adhtesit,
2533 2816 2658 2856 cum
2694 2811 2849 2871 pater
2878 2802 3031 2856 solus
3069 2799 3320 2858 Valamer
3342 2812 3465 2873 post
3494 2803 3676 2859 Attilae

2099 2896 2237 2951 ﬁlios
2267 2894 2374 2949 dux
2398 2904 2565 2961 esset,
2595 2895 2697 2950 sub
2725 2894 2926 2950 Leonis
2953 2895 3205 2964 imperio,
3232 2896 3555 2951 Gothorum.
3586 2896 3678 2951 ln-

2098 2999 2245 3045 terea
2260 2988 2567 3044 Orientales
2588 2988 2829 3058 episcOpi
2854 2988 3128 3059 scripsere
3160 2988 3362 3044 Acacio
3396 2989 3675 3058 vitupera-

2099 3083 2276 3138 tiones
2299 3097 2363 3137 co
2386 3080 2535 3152 quod
2559 3081 2825 3152 receperit
2844 3079 3095 3152 Moggum
3122 3082 3175 3135 in
3207 3082 3675 3148 communionem;

417 3163 804 3219 chaitensium.
834 3164 1157 3221 Timotheus
1191 3174 1373 3222 autem
1427 3166 1666 3224 Helurus
1717 3172 1858 3225 inter
1879 3170 1993 3224 haec
2022 3195 2061 3250 ρ
2098 3175 2189 3246 qui
2226 3175 2627 3245 parvipendens
2677 3189 2772 3228 eos
2825 3188 3016 3229 omnes
3049 3173 3393 3241 impudenter
3431 3189 3681 3231 commu-

418 3256 671 3321 moritur,
713 3272 811 3327 pro
843 3273 952 3327 quo
982 3258 1179 3314 Petrus
1222 3258 1449 3330 Moggus
1481 3260 1876 3326 introducitur,
1908 3262 1993 3316 vir

419 3347 689 3416 malignus
721 3358 773 3402 et
830 3350 1083 3404 veritatis
1116 3349 1398 3415 inimicus,
1427 3353 1519 3421 qui
1544 3352 1656 3421 jam
1709 3353 1993 3421 depositus

419 3438 615 3491 fuerat.
645 3436 1013 3492 Consecratur
1035 3447 1215 3493 autem
1253 3440 1320 3494 ab
1344 3457 1453 3494 uno
1484 3441 1768 3512 episcopo,
1791 3454 1844 3498 et
1873 3444 1993 3513 ipso

417 3528 698 3598 deposito;
748 3529 801 3583 in
838 3546 999 3599 quem
1034 3531 1312 3586 irruentes
1339 3546 1436 3601 per
1476 3532 1650 3587 zelum
1681 3533 1773 3588 Dei
1806 3552 1994 3591 mona-

417 3621 502 3673 chi
532 3621 749 3691 triginta
785 3622 915 3677 solis
941 3622 1134 3677 diebus
1166 3622 1565 3679 latrocinaliter
1588 3640 1711 3677 eum
1743 3628 1995 3682 obtinen-

419 3721 527 3764 teut
565 3714 939 3782 episcopatum
1006 3714 1297 3783 repellunt,
1323 3721 1377 3769 et
1408 3713 1758 3770 Timotheum
1793 3718 1990 3773 iterum

421 3802 857 3872 Salophacialum
904 3804 1029 3874 jure
1069 3805 1266 3860 throno
1330 3806 1650 3861 restituunt.
1683 3806 1993 3879 Stephanus

420 3900 625 3950 interea
656 3898 934 3952 electione
964 3898 1240 3952 communi
1277 3907 1570 3967 provectus
1599 3900 1664 3954 ad
1699 3903 1997 3960 Antioche-

419 4003 546 4040 ιίυιιι
612 3989 985 4057 episcopatum
1046 4006 1075 4042 a
1132 3988 1279 4044 Petri
1344 3989 1587 4059 Cnaphei
1662 3996 1994 4063 sequacibus

418 4082 574 4147 quasi
628 4081 985 4138 Nestor-ianus
1034 4084 1362 4138 criminatus
1405 4092 1487 4137 est
1521 4085 1661 4154 apud
1696 4087 1992 4145 Zenonem.

420 4172 524 4228 Sed
563 4175 704 4229 hunc
731 4175 1026 4231 Orientalis
1051 4177 1295 4251 synodus
1330 4176 1471 4245 apud
1502 4175 1826 4235 Laodiceam
1863 4197 1995 4237 eon-

420 4268 912 4337 veniensjussione
968 4269 1312 4338 imperatoris
1344 4281 1530 4341 utpote
1561 4273 1847 4327 innoxium
1878 4274 1990 4329 sedi

421 4360 678 4413 restituit.
1260 4384 1263 4387 λ
1909 4428 1917 4433 ,

489 4450 735 4523 Septimo
786 4467 916 4507 vero
979 4453 1328 4533 imperatoris
1387 4455 1627 4512 Zenonis
1675 4472 1840 4518 anno.
1870 4458 1992 4515 Ste-

2097 3269 2281 3322 nicare
2311 3266 2502 3337 Moggo
2551 3275 2742 3322 coacte
2795 3265 2940 3322 fecit.
2989 3268 3058 3321 At
3085 3282 3214 3322 vero
3267 3268 3359 3337 qui
3413 3276 3573 3323 erant
3612 3283 3688 3323 ex.

2096 3360 2244 3429 regia
2281 3359 2438 3420 urbe,
2487 3373 2697 3414 necnon
2739 3366 2792 3413 et
2822 3358 2891 3414 de
2955 3357 3199 3423 Oriente,
3235 3358 3515 3429 deprecati
3541 3368 3672 3415 sunt

2096 3450 2331 3505 Felicem
2365 3450 2671 3503 Romanum
2722 3449 3063 3519 episcopum,
3123 3448 3498 3519 signiﬁcantes
3536 3452 3675 3505 Aca-

2097 3543 2241 3597 cium
2274 3556 2397 3597 essc
2430 3543 2699 3595 malorum
2729 3550 3032 3596 auctorem.
3065 3541 3213 3595 Inter
3258 3558 3407 3616 quos~
3429 3552 3480 3597 ct
3506 3540 3675 3597 Joan-

2096 3650 2193 3690 nes
2233 3634 2633 3689 Alexandrinus
2666 3634 2858 3688 eadem
2890 3634 3080 3689 dicens
3108 3632 3339 3689 Romam
3391 3635 3674 3706 profectus

2095 3735 2198 3781 est.
2234 3725 2385 3780 Felix
2417 3734 2597 3780 autem
2629 3725 2840 3797 synodo
2871 3726 2926 3780 in
2964 3727 3164 3796 templo
3193 3726 3391 3781 summi
3443 3728 3677 3797 apostoli

2095 3815 2239 3871 Petri
2277 3818 2416 3870 facta
2446 3816 2582 3871 duos
2628 3819 2920 3886 episcopos
2956 3825 3010 3871 ct
3038 3816 3295 3873 Ecclesim
3325 3816 3670 3873 defensorem

2096 3906 2625 3976 Constantinopolim
2658 3907 2827 3972 misit,
2865 3907 3115 3963 scribens
3152 3907 3357 3962 Zenoni
3392 3916 3445 3962 et
3476 3910 3676 3962 Acacio

2097 4007 2154 4052 ut
2183 3998 2401 4053 Petrum
2429 4000 2683 4068 Moggum
2718 4007 2979 4068 tanquam
3016 4000 3332 4054 haereticum
3357 4000 3580 4069 ejiceret
3609 4002 3677 4055 ah

2095 4091 2443 4147 Alexandria.
2475 4090 2733 4161 Sequenti
2778 4106 2907 4146 vero
2960 4108 3105 4147 anno
3154 4093 3239 4147 his
3267 4094 3362 4162 qui
3422 4108 3451 4147 a
3507 4092 3676 4149 lloma

2097 4185 2249 4240 missi
2289 4185 2504 4240 fuerant
2530 4185 2671 4254 apud
2709 4186 2956 4257 Abydum
2992 4184 3235 4245 zeitonis
3266 4196 3322 4241 et
3368 4188 3553 4242 Acacii
3582 4204 3673 4243 vo-

2096 4275 2303 4331 luntate
2350 4278 2598 4341 retentis,
2663 4277 2972 4347 litterisque
3022 4278 3223 4335 ablatis
3280 4279 3671 4335 in-carcerem

2096 4369 2300 4434 missis,
2343 4370 2712 4425 comminatus
2771 4380 2855 4425 est
2904 4370 3052 4424 Zeno
3081 4370 3206 4425 illos
3255 4371 3530 4434 occidere,
3568 4371 3673 4427 nisi

2094 4460 2294 4513 Acacio
2315 4470 2368 4515 et
2400 4460 2559 4515 Petro
2582 4460 2773 4531 Moggo
2793 4461 3314 4517 communicassent.
3337 4460 3508 4523 Porro
3528 4463 3693 4519 Zeno-

422 4544 599 4611 phano
630 4545 890 4614 episcopo
922 4545 1265 4602 Antiocheno
1291 4548 1616 4611 dormiente,
1652 4547 1989 4619 Stephanum
2024 4540 2072 4600 Ι)
2097 4551 2328 4605 consilio
2358 4552 2541 4605 Acacii
2586 4549 2827 4607 Orientis
2854 4553 3144 4622 episcopos
3165 4548 3392 4623 cogebat
3423 4554 3675 4611 subscri-

422 4650 518 4703 pro
547 4650 631 4709 eo
648 4636 878 4691 alterum
938 4652 1351 4707 consecravere,
1404 4656 1563 4709 quem
1592 4635 1820 4695 'inimici
1868 4641 1993 4698 ﬁdei

420 4739 565 4789 voto,
614 4743 721 4796 quo
753 4744 879 4799 erga
935 4730 1192 4801 Cnaphea
1246 4730 1568 4802 ﬂagrabant;
1627 4734 1680 4787 in
1721 4734 1994 4790 nataturio

422 4815 595 4867 sancti
632 4817 886 4887 martyris
920 4817 1124 4873 Barlazc
1180 4820 1407 4874 calamis
1434 4822 1613 4876 acutis
1647 4824 1991 4879 trucidantes

422 4906 473 4958 in
526 4904 784 4962 Or0ntem
845 4909 1068 4963 ﬁuvium
1123 4912 1422 4981 projecere,
1478 4913 1663 4969 furore
1717 4923 1993 4973 armantes

422 5002 735 5055 amentiam.
760 5003 907 5057 Zeno
927 5014 1106 5059 autem
1136 5016 1358 5075 propter
1392 5008 1481 5061 illa
1505 5025 1626 5079 qua
1657 5024 1990 5081 praesumpta

421 5103 548 5148 sunt
590 5096 641 5149 in
669 5095 1026 5164 Stephanum,
1078 5099 1245 5167 jussit
1299 5101 1496 5155 Acacio
1530 5101 1996 5174 Constantinopo-

422 5187 534 5242 leos
569 5186 885 5257 episc0punt
920 5190 1223 5247 Antiochia:
1244 5195 1606 5260 conStituere,
1637 5196 1728 5264 qui
1766 5197 1990 5251 ordina-

422 5276 497 5329 vit
529 5276 942 5333 Calandiouem.
990 5279 1463 5339 Consecravcrunt
1501 5294 1682 5340 autem
1719 5295 1772 5342 et
1804 5289 1996 5343 Antio-

422 5369 582 5425 cheni
644 5386 739 5440 per
792 5373 1155 5443 ignorantiam
1219 5376 1523 5442 Joannem,
1571 5380 1664 5449 qui
1707 5379 1995 5435 dicebatur-

422 5463 737 5518 Codonatus
765 5483 778 5527 ;
813 5481 975 5535 quem
1003 5467 1266 5524 Calandio
1299 5472 1350 5526 in
1382 5470 1609 5542 Tyrum,
1645 5488 1763 5543 qute
1788 5474 1994 5544 primus

424 5555 657 5611 thronus
684 5567 767 5611 est
796 5558 1151 5616 Antiochentc
1177 5561 1500 5629 dimceseos,
1549 5565 1875 5618 translatum
1909 5567 1994 5618 in-

426 5649 782 5725 throni‘zavit.
822 5650 1022 5708 Eodem
1052 5669 1195 5710 anno
1221 5664 1274 5710 et
1296 5656 1639 5711 Alexandriae
1675 5656 1993 5713 Timotheus

429 5745 842 5815 Salophacialus
888 5747 1179 5805 defunctus
1249 5759 1351 5814 est,
1409 5758 1462 5803 et
1505 5758 1859 5807 consecratus
1914 5762 1993 5806 est

427 5834 659 5895 Jeanncs
714 5838 1164 5907 Tabeuucsietes,
1214 5840 1295 5898 vir
1347 5850 1569 5900 sanctus
1625 5852 1676 5899 et
1721 5852 1991 5900 rectorum

2098 4641 2223 4697 bere
2283 4644 2500 4698 enotico
2557 4653 2613 4698 et
2674 4645 3085 4714 communicare
3115 4643 3280 4700 Petro
3324 4646 3534 4717 Moggo.
3569 4646 3675 4704 Be-
3738 4665 3744 4673 '

2097 4722 2531 4805 sponsalesvcro
2558 4735 2598 4791 F
2604 4736 2761 4793 elicis
2791 4735 3022 4792 Romani
3065 4739 3400 4794 conveniens
3428 4749 3483 4795 et
3511 4756 3676 4811 pecu-

2098 4830 2206 4883 niis
2264 4828 2567 4898 deeipiens,
2629 4830 2831 4885 Acacio
2872 4831 3281 4886 communicare
3326 4840 3519 4887 contra
3554 4848 3676 4903 quae

2098 4921 2201 4975 sibi
2234 4920 2453 4976 fuerant
2478 4922 2743 4991 imperata
2772 4924 3067 4992 persuasit,
3089 4937 3404 4993 quanquam
3436 4935 3674 4980 econtra

2098 5023 2180 5069 ter
2223 5023 2666 5068 contestarentur
2735 5013 3079 5078 orthodoxi,
3146 5014 3382 5083 primum
3451 5015 3672 5086 quidem

2099 5106 2260 5160 hamo
2312 5104 2857 5174 circumponentibus
2901 5104 3110 5168 funem,
3157 5112 3212 5158 et
3269 5120 3438 5159 unum
3482 5122 3671 5162 eorum

2098 5198 2315 5270 publice
2375 5198 2798 5263 instruentibus,
2827 5196 3131 5252 secundum
3170 5204 3353 5251 autem
3393 5199 3443 5251 in
3474 5198 3670 5253 librum

2099 5291 2467 5351 immiserunt,
2499 5300 2553 5346 et
2580 5292 2801 5347 tertium
2828 5291 2882 5344 in
2916 5290 3213 5359 cophinum
3260 5289 3469 5343 olerum
3500 5290 3675 5361 impo-

2098 5392 2349 5439 suerunt.
2379 5382 2525 5438 Felix
2556 5392 2734 5438 autem
2777 5383 3077 5452 compertis
3125 5396 3244 5450 qua:
3273 5381 3343 5435 ab
3374 5383 3673 5452 apocrisia-

2100 5477 2196 5532 riis
2214 5476 2331 5532 suis
2363 5484 2519 5546 gesta
2547 5484 2695 5541 sunt,
2730 5474 2988 5544 deposuit
3019 5490 3137 5539 eos,
3174 5475 3426 5530 scribens
3476 5477 3673 5531 Acacio

2097 5568 2519 5637 depositionem.
2587 5568 2760 5622 Porro
2818 5568 2865 5621 is
2912 5568 3003 5636 qui
3041 5567 3181 5621 hanc
3220 5566 3673 5633 dcferebat,cﬁ‘u~
3752 5608 3757 5613 .

2097 5661 2251 5731 giens
2288 5675 2382 5717 eos
2413 5661 2505 5729 qui
2566 5670 2722 5713 erant
2775 5658 2827 5713 in
2857 5657 3067 5728 Abydo,
3114 5658 3359 5728 pervenit
3386 5656 3453 5712 ad
3480 5673 3672 5712 mona-

2100 5752 2326 5807 sterium
2377 5750 2483 5805 Dii.
2548 5750 2796 5805 Monachi
2863 5765 2990 5804 vero
3025 5749 3104 5803 Ilii
3173 5749 3457 5805 Dominico
3500 5750 3588 5805 die
3618 5747 3673 5803 in

2101 5844 2343 5898 sat-tario
2375 5857 2669 5914 perrexere
2721 5841 3011 5912 epistolam
3068 5841 3289 5897 Acacio.
3346 5842 3442 5897 Ast
3487 5840 3539 5896 hi
3580 5841 3673 5914 qui
