4440 6446
761 412 900 480 1239

1849 415 2239 477 ANASTASI]
2292 415 2925 487 BIBLIOTHECARII

3897 420 4033 486 1240

752 542 909 589 erant
938 548 1003 587 ex
1039 538 1188 601 parte
1225 531 1407 587 Acacii
1445 543 1786 603 peremerunt
1824 534 2085 603 quosdam
2115 550 2180 589 ex
2226 550 2336 590 mo-
2361 534 2411 594 A
2441 546 2496 593 tu

2271 550 2336 590 ιο·
2361 534 2411 594 Α
2441 540 2633 597 turbas
2663 544 2997 599 excitantem
3028 545 3247 600 intuens
3272 544 3442 601 sedile
3471 544 3665 614 ipsius,
3714 545 3859 613 quod
3902 555 4024 597 erat

754 626 971 687 nachls,
1004 626 1095 694 qui
1136 625 1423 691 epistolam
1477 626 1764 692 dederant,
1828 626 2097 696 quosdam
2145 635 2329 681 autem

754 720 975 788 punitos
1008 718 1214 772 carceri
1244 717 1758 773 tradidere.Verum
1790 720 2023 774 Aeacius
2053 719 2331 773 inscnsatc

752 827 810 863 se
834 811 1025 863 habuit
1052 811 1200 863 circa
1262 811 1686 879 dt-positiont-m.
1730 828 2039 883 nomenque
2071 812 2269 867 Felicis
2300 828 2329 866 a

750 900 1023 969 tliptychis
1060 900 1308 954 abstulit.
1327 899 1591 956 Praeterea
1613 901 1875 956 Calandio
1897 904 2189 971 episcopus
2220 904 2333 956 An-

756 993 1045 1048 tiochenus
1105 995 1401 1064 asportavit
1467 1010 1669 1064 corpus
1726 997 1994 1050 liustathii
2050 996 2231 1065 magni
2301 1012 2329 1049 a

751 1080 1037 1153 Philippis,
1064 1084 1154 1137 ubi
1180 1092 1233 1137 et
1259 1084 1455 1139 exsilio
1498 1096 1743 1141 retentus
1774 1087 2090 1148 dormierat,
2124 1095 2178 1141 et
2208 1102 2330 1141 cum

755 1178 963 1229 honore
988 1177 1159 1231 multo
1191 1176 1317 1232 huic
1345 1178 1557 1233 decimo
1582 1180 1836 1232 milliario
1867 1187 1977 1234 tota
2008 1179 2202 1235 civitas
2236 1180 2334 1235 ob-

754 1272 891 1321 viatn
920 1269 1085 1323 venit.
1115 1268 1178 1323 lli
1213 1286 1340 1325 vero
1368 1272 1459 1340 qui
1488 1288 1545 1326 se
1574 1273 1640 1325 ah
1674 1270 1914 1326 Ecclesia
1947 1282 2332 1341 separaverant

755 1372 974 1431 propter
1030 1363 1283 1417 eumdem
1334 1376 1604 1427 sanctum,
1636 1380 1828 1419 rursus
1864 1366 1998 1420 uniti
2045 1374 2173 1419 sunt
2207 1374 2331 1435 post

752 1467 974 1512 rentum
992 1475 1183 1535 -annos
1209 1461 1714 1530 tlormitionisejus.
1740 1461 1955 1515 Mortuo
1981 1477 2110 1516 sane
2130 1463 2331 1517 Acacio

754 1568 879 1605 cum
915 1550 1202 1606 Plnavitas
1253 1568 1347 1621 per
1394 1563 1505 1607 tres
1549 1570 1763 1608 menses
1810 1555 2186 1624 episcopatum
2246 1564 2327 1609 te-

754 1646 983 1710 nuisset,
1022 1644 1243 1715 scripsit
1265 1646 1429 1700 Felici
1461 1648 1601 1716 qund
1629 1648 1675 1701 ei
1700 1648 1915 1716 quidem
1953 1650 2329 1703 communica-

752 1748 857 1801 ret,
901 1737 1059 1806 [ξυιτο
1085 1754 1212 1793 vero
1280 1738 1472 1809 Moggo
1522 1756 1627 1795 non
1688 1742 2140 1796 communicaret.
2182 1742 2327 1796 Edi-

754 1846 912 1883 verso
946 1841 1124 1884 autem
1159 1831 1351 1902 Moggo
1388 1833 1610 1901 scripsit
1666 1835 1810 1901 quod
1850 1835 1895 1888 ei
1924 1836 2144 1905 quidem
2176 1851 2329 1891 com-

754 1924 1080 1985 municaret,
1124 1922 1359 1978 Felicem
1429 1934 1609 1980 autem
1674 1925 1975 1981 Romanum
2037 1938 2330 1984 averteret.

760 2016 955 2070 Verum
1000 2018 1427 2087 exemplaribus.
1459 2035 1578 2087 qn:e
1637 2021 1704 2074 ad
1758 2020 2008 2091 Moggum
2062 2021 2331 2077 destinata

766 2108 983 2162 fuerant
1013 2109 1083 2162 ab
1110 2110 1453 2172 orthodoxis,
1477 2110 1648 2175 Felix,
1675 2122 1968 2183 antequam
1995 2114 2333 2184 apocrisiarii

754 2201 1029 2256 Phravitte
1053 2220 1176 2257 cum
1209 2205 1489 2275 synodicis
1521 2208 1917 2275 pervenissent,
1946 2209 2203 2277 acceptis.
2238 2210 2338 2265 hos

703 2354 708 2360 _
752 2313 877 2349 cum
915 2298 1263 2352 inhonestate
1292 2300 1526 2353 remisit.
1560 2300 1825 2355 Defuncto
1856 2310 2035 2357 autem
2078 2302 2337 2356 Phravita

757 2390 1087 2461 Euphemins
1109 2392 1391 2462 presbyter
1408 2402 1462 2461 et
1483 2395 2219 2466 ptochotrophosNeapoleos
2235 2398 2342 2465 cpi-

756 2492 1041 2556 scopatum
1089 2485 1657 2555 Constantinopoleos
1682 2489 1876 2553 tenuit,
1898 2490 2189 2545 confestim
2217 2508 2342 2561 pro-

757 2578 893 2643 priis
929 2578 1184 2631 manibus
1218 2594 1415 2631 nomen
1445 2576 1618 2648 Moggi
1654 2578 1851 2635 delevit
1876 2595 1904 2633 a
1931 2581 2339 2652 diptychis,sic-

756 2674 933 2742 quein
964 2673 1043 2727 eis
1062 2673 1255 2727 sedens
1281 2672 1331 2723 in
1366 2671 1566 2725 throno
1596 2687 1791 2727 nomen
1817 2671 2012 2729 Felicis
2040 2672 2347 2745 inscripsit.

826 2767 1009 2822 Mundi
1041 2783 1186 2821 anno
1245 2766 1404 2830 398:2,
1465 2766 1661 2820 divina:
1743 2768 2141 2823 incarnationis
2203 2784 2346 2823 anno

755 2862 885 2927 482,
914 2861 1116 2930 Petrus
1156 2860 1385 2929 Moggus
1415 2868 1670 2915 mortuus
1698 2870 1784 2915 est
1835 2861 2200 2923 Alexandriae,
2249 2877 2348 2932 pro

753 2976 863 3029 quo
891 2959 1224 3015 Athanasius
1277 2965 1643 3012 consecratus
1683 2965 1768 3012 est
1799 2967 2167 3028 cognomento
2216 2958 2350 3012 Cili-

756 3064 858 3108 ινδ.
887 3052 985 3107 Ast
1014 3052 1309 3121 imperator
1333 3050 1479 3105 Zeno
1507 3051 1694 3119 requie
1755 3052 1964 3119 patitus
2002 3066 2029 3104 a
2073 3050 2351 3113 Barbaris,

756 3145 826 3199 ab
874 3143 1214 3198 Antiochena
1250 3142 1640 3197 Calandionem
1678 3142 1828 3211 pellit
1880 3143 2140 3205 ecclesia,
2176 3159 2343 3198 exsu-

2438 635 2492 688 in
2546 636 2783 691 ecclesia
2833 638 3123 701 subvertit,
3181 638 3551 693 comminatus
3595 637 3645 690 ei
3706 638 3850 706 quod
3914 637 4024 691 nisi

2437 738 2678 781 cessaset
2733 744 2762 779 a
2805 729 3027 794 talibus,
3060 728 3314 783 tonderet
3377 740 3541 798 caput
3594 727 3714 797 ejus
3743 739 3797 781 et
3850 727 4025 782 turbis

2438 818 2677 872 traderet
2707 819 3126 888 publicandum.
3189 804 3432 886 Questus
3463 828 3643 875 autem
3678 821 3817 889 apud
3857 823 4028 874 Zeno-

2436 925 2559 964 nem
2612 923 2803 967 contra
2860 914 3008 968 illum
3064 914 3305 968 obtinuit
3367 922 3722 984 potestatem.
3765 912 4028 981 Sequenti

2438 1018 2569 1057 vero
2596 1019 2764 1066 anno,
2800 1021 2913 1075 quo
2956 1006 3223 1075 agebatur
3262 1007 3515 1062 decimus
3563 1007 3830 1076 Septimus
3858 1006 4032 1075 impe-

2437 1094 2502 1147 rii
2573 1093 2812 1152 Zenonis
2878 1111 3077 1162 annus,
3145 1095 3295 1152 Felix
3370 1097 3651 1168 synodicis
3737 1096 4019 1165 Euphemii

2440 1190 2679 1258 receptis
2725 1191 2775 1245 ei
2827 1190 3049 1260 quidem
3078 1198 3341 1259 tanquam
3387 1190 3698 1244 orthodoxe
3741 1192 4029 1260 appositus

2436 1287 2541 1343 est,
2576 1281 2898 1351 episcopum
2944 1292 3128 1337 autem
3162 1283 3314 1335 illum
3359 1299 3467 1336 non
3516 1283 3741 1351 recepit.
3776 1299 3841 1335 eo
3883 1282 4031 1350 qmitl

2438 1385 2637 1424 nomen
2684 1373 2869 1426 Acarii
2901 1382 2953 1426 et
2984 1373 3328 1427 successoris
3355 1370 3627 1425 Phravita:
3658 1371 3725 1423 de
3752 1371 4032 1441 diptychis

2438 1479 2546 1516 non
2577 1466 2850 1518 emiserit.
2890 1464 3092 1519 Eodem
3124 1482 3270 1519 anno
3303 1468 3468 1520 Petro
3517 1464 3776 1534 Cnapheo
3814 1458 4034 1519 mortuo

2436 1566 2718 1625 promotus
2746 1567 2830 1611 est
2852 1556 3171 1627 episcopus'
3200 1559 3320 1614 loco
3347 1559 3468 1626 ejus
3504 1557 3776 1611 Palladius
3806 1556 4034 1627 presbv-

2436 1660 2517 1701 ter
2554 1648 2919 1705 Seleuciensis
2976 1651 3224 1706 ecclesia:
3282 1663 3486 1706 sancta!
3535 1651 3723 1719 prima:
3776 1651 4036 1718 martyris

2436 1742 2671 1807 Theclre,
2702 1760 2824 1799 eum
2869 1761 2979 1815 quo
3012 1746 3223 1813 ejectus
3257 1754 3339 1799 est
3388 1753 3440 1799 et
3484 1742 3719 1798 Joannes
3756 1740 4034 1795 Constan-

2438 1836 2535 1888 tini
2566 1846 2728 1907 atque
2760 1838 3088 1893 Anastasius
3151 1838 3517 1897 silentiarius,
3549 1838 3639 1905 qui
3695 1837 3834 1889 male
3882 1843 4035 1903 post-

2440 1929 2545 1983 hac
2578 1931 2886 2000 imperavit.
2950 1931 3087 1982 Nam
3123 1929 3345 1983 Zenone
3401 1939 3641 1986 mortuo,
3675 1927 4037 1994 Longinoque

2443 2024 2611 2080 fratre
2648 2025 2820 2095 ipsius
2846 2024 3138 2092 imperium
3162 2022 3453 2077 affectante
3488 2021 3727 2090 repulso,
3764 2019 4030 2074 Areadna‘.

2443 2132 2775 2188 senatusque
2801 2120 3053 2175 consulto
3081 2134 3144 2173 ac
3174 2118 3344 2172 totius
3387 2117 3665 2170 exercitus
3704 2114 4033 2168 Anastasius

2452 2212 2793 2267 silcntiarius
2824 2212 3213 2282 pronuntiatus
3271 2220 3354 2265 est
3409 2210 3749 2279 imperatOr;
3780 2212 3871 2276 qui
3904 2220 4030 2259 cum

2446 2306 2737 2375 imperium
2802 2304 3159 2374 suscepisset,
3220 2300 3621 2373 professionem
3700 2299 3752 2351 in
3807 2292 4035 2366 scriptis

2448 2405 2730 2475 expetitus
2764 2412 2847 2458 est
2878 2403 2946 2457 ab
2979 2401 3283 2471 Euphemio
3309 2400 3489 2453 facere
3520 2413 3626 2451 non
3651 2393 4031 2450 cetnmmcndi

2448 2498 2746 2567 quidquam
2805 2498 2872 2550 ab
2950 2494 3192 2550 Ecclesia
3226 2494 3307 2547 vel
3362 2492 3427 2545 de
3482 2492 3607 2550 fide,
3642 2492 3919 2560 indignum
3976 2502 4037 2539 se

2449 2590 2781 2644 Christianis
2834 2597 2889 2643 et
2951 2589 3183 2656 imperio
3260 2601 3483 2639 vocans.
3544 2582 3663 2636 Vim
3742 2592 3920 2635 autem
3983 2581 4033 2633 ei

2452 2680 3054 2749 facienteimperatricc
3085 2678 3335 2732 Areadne
3387 2688 3549 2744 atque
3591 2685 3805 2729 senatu.
3843 2687 4037 2727 susce-

2455 2778 2533 2844 pit
2566 2775 2801 2845 propria‘.
2827 2788 3023 2827 manus
3057 2772 3177 2839 ejus
3227 2766 3519 2840 scriptum,
3576 2768 3720 2836 quod
3771 2766 4035 2834 reciperet

2455 2870 2509 2924 in
2545 2868 2917 2922 definitionem
2954 2864 3074 2918 fidei
3106 2866 3356 2931 dogmata
3404 2861 3869 2916 (thalccdeacnsis
3899 2873 4035 2911 cer.-

2457 2961 2596 3023 cilii,
2629 2969 2684 3014 et
2718 2960 2790 3013 ita
2824 2967 3125 3013 coronatus
3157 2956 3462 3010 Areadnem
3497 2954 3643 3007 ducit
3672 2952 3734 3004 rd
3791 2951 4035 3019 ntqitias.

2460 3055 2701 3108 nondum
2732 3060 2855 3106 ante
2887 3050 3039 3104 uxori
3078 3050 3338 3102 sociatus.
3378 3047 3546 3100 Porro
3583 3060 3724 3098 anno
3754 3059 3857 3113 quo
3888 3041 4041 3094 Z--nn

2463 3155 2716 3196 mortuus
2767 3149 2849 3194 est
2901 3151 2954 3193 ct
3011 3139 3335 3191 Anasfasius
3402 3138 3665 3204 imperare
3721 3134 3904 3200 comit.
3972 3130 4041 3181 ab

760 3233 863 3284 lem
906 3230 1115 3285 faciens
1151 3231 1291 3300 apud
1320 3228 1861 3299 Oasin,Pctrumque
1894 3230 2151 3300 Cnaphca
2205 3247 2339 3285 con-
2371 3224 2416 3285 C
2452 3233 2622 3285 Adam
2675 3229 2978 3284 secundum
3052 3227 3332 3279 Romanos
3413 3225 3631 3293 quidem
3688 3223 3811 3275 anni
3881 3229 4034 3272 erant

759 3324 958 3378 stituit.
991 3323 1274 3379 Nestorem
1304 3334 1483 3379 autem
1526 3324 1874 3387 Tarsensem,
1903 3324 2105 3395 Cyrum
2149 3322 2337 3377 lliere-

764 3421 1105 3489 politanttm,
1198 3416 1462 3473 Joannem
1542 3418 1954 3489 Cyrestcnsem,
2035 3418 2341 3471 Romanum

760 3511 1290 3575 Chalcedonensem,
1340 3510 1638 3565 Eusebium
1694 3510 2340 3576 Samosatenum,Julia-

763 3622 893 3659 num
940 3603 1420 3673 Mopsuestinum,
1498 3602 1722 3658 Paulum
1774 3603 2341 3670 Constantinensem,

761 3694 986 3750 Manum
1028 3694 1477 3751 Hermeniensem
1518 3703 1569 3749 et
1612 3694 2346 3766 Αιιάτεειῐηίτιιεοόοεὶορο-

763 3786 1017 3853 Iitanum,
1068 3786 1171 3841 sub
1204 3788 1431 3841 obtentu
1484 3786 1704 3855 quidem
1758 3786 1960 3841 favoris
1987 3787 2143 3855 quasi
2196 3788 2345 3842 circa

767 3890 1035 3948 tyrannos
1063 3878 1315 3945 exhibiti,
1352 3877 1448 3933 sed
1481 3879 1711 3933 veritate
1744 3886 1967 3948 propter
2017 3893 2125 3934 non
2160 3893 2349 3949 recep-

763 3983 881 4025 tum
904 3972 1177 4026 enoticum
1200 3971 1339 4042 abigi
1360 3972 1617 4041 praecepit
1640 3970 1915 4029 ecclesiis.
1938 3969 2134 4026 Petrus
2165 3978 2347 4024 autem

768 4060 1060 4130 Cnapheus
1129 4058 1477 4113 Antiochiam
1503 4059 1789 4128 ingressus
1834 4058 2004 4112 multa
2038 4060 2178 4112 mala
2215 4073 2350 4127 ope—

770 4163 921 4208 ratus
943 4161 1049 4225 est,
1080 4150 1569 4207 anathematismos
1602 4150 1855 4205 videlicet
1885 4150 2080 4221 synodi
2117 4150 2347 4205 Chalce-

774 4245 1061 4309 donensis,
1123 4244 1689 4315 irreprehensihilium
1730 4244 2066 4312 dejectiones
2126 4243 2349 4313 episco-

774 4354 995 4409 porum,
1017 4336 1439 4405 subrogationes
1470 4342 1522 4389 ct
1556 4333 1865 4388 creationes
1896 4316 2141 4395 illicitas,
2169 4339 2227 4385 et
2261 4332 2347 4387 his

772 4430 996 4492 similia,
1061 4437 1187 4482 ante
1275 4427 1458 4482 omnia
1525 4426 1753 4494 trisagio
1819 4426 2021 4495 hymno
2098 4424 2346 4479 addens:

772 4522 982 4577 Christe
1016 4537 1129 4586 rex,
1164 4521 1255 4590 qui
1292 4520 1581 4587 cruciﬁxus
1616 4534 1708 4584 pro
1741 4517 1911 4572 nobis.
1952 4518 2146 4571 Petrus
2166 4525 2346 4570 autem

2456 3323 2616 3385 5999,
2672 3320 2972 3374 secundum
3033 3319 3343 3387 diligentem
3404 3331 3535 3369 vero
3595 3313 4038 3384 supputationem

2455 3416 2951 3472 Alexandrinorum
2989 3413 3147 3466 5985.

2529 3505 2713 3560 Mundi
2742 3519 2886 3556 anno
2905 3501 3065 3563 598i,
3094 3500 3291 3553 divinae
3316 3495 3715 3552 incarnationis
3737 3508 3878 3547 anno
3910 3493 4038 3555 434,

2456 3597 2787 3653 Anastasius
2850 3595 3150 3663 imperator
3222 3590 3442 3646 Petrum
3514 3590 3769 3658 Cnaphea
3848 3587 4041 3639 Antio.

2456 3688 2636 3742 chiam
2678 3685 2857 3740 redire
2886 3683 2952 3737 ad
2992 3683 3271 3753 propriam
3324 3680 3509 3733 sedem
3546 3679 3720 3745 jubet.
3765 3675 3866 3731 Sed
3913 3676 3961 3727 lii
3988 3684 4043 3727 et

2460 3782 2609 3836 hunc
2635 3781 2704 3835 ab
2736 3778 2935 3834 exsilio
2956 3785 3291 3839 revocasset,
3310 3774 3653 3828 Antiochiam
3674 3780 3854 3826 tamen
3888 3771 4042 3824 abire

2458 3888 2568 3927 non
2600 3887 2799 3941 passus
2839 3879 2946 3935 est,
2987 3868 3291 3923 Palladium
3331 3866 3535 3920 faciens
3570 3864 3875 3918 Antiochia:
3906 3877 4042 3915 con-

2456 3966 2686 4021 secrari.
2746 3962 3079 4034 Euphetnius
3118 3968 3300 4015 autem
3374 3956 4042 4026 Constantinopolitanus.

2460 4062 2810 4133 congregatis
2841 4058 3143 4129 peregrinis
3178 4054 3452 4126 episc0pis
3482 4063 3731 4109 sanctum
3783 4052 4044 4122 prtedic-i-

2459 4158 2539 4212 vit
2574 4153 3021 4212 Chalcedonense
3049 4150 3368 4205 concilium.
3418 4147 3589 4200 Porro
3650 4145 3889 4200 Joannes
3940 4142 4045 4196 Ta-

2460 4247 2808 4303 bcnnesiotes
2848 4258 2973 4298 cum
3007 4250 3153 4297 esset
3185 4240 3387 4298 Romae.
3417 4237 3645 4291 audiens
3673 4235 3820 4304 quod
3891 4238 4043 4285 Ana.

2462 4340 2664 4395 stasius
2711 4338 3024 4407 imperaret,
3048 4334 3195 4388 venit
3245 4332 3589 4402 Byzantium.
3634 4330 4041 4384 vicissitudines

2456 4438 2635 4492 bonas
2666 4450 2895 4507 sperans
2929 4434 2996 4488 ab
3032 4447 3120 4495 eo,
3167 4431 3441 4496 quoniam
3474 4427 3856 4482 Alexandrina:
3897 4426 4039 4479 fece-

2462 4539 2549 4585 rat
2576 4531 2724 4584 illum
2743 4542 3108 4588 meanomum,
3140 4540 3298 4594 quem
3332 4535 3380 4576 et
3420 4524 3623 4575 nudum
3654 4537 3715 4575 ex
3755 4520 4042 4579 naufragii

775 4619 974 4670 iterum
1044 4615 1270 4668 Veniens
1319 4612 1662 4679 amputavit:
1726 4610 1933 4663 Christe
1993 4626 2104 4663 rex.
2177 4609 2351 4663 Porro
2388 4588 2528 4679 Ds“

2290 4623 2351 4663 το
2388 4588 2434 4643 D
2468 4630 2786 4691 susceptum
2824 4627 3134 4675 snt5tentare
3173 4618 3405 4677 curavit,
3452 4617 3521 4667 ita
3572 4625 3627 4667 nt
3679 4614 3879 4666 faceret
3919 4632 4040 4665 eum

778 4706 1085 4762 Xenochias
1113 4722 1313 4763 servus
1342 4704 1556 4758 Satanae
1586 4702 1924 4758 Dontinicam
1955 4710 2010 4757 et
2031 4710 2349 4767 sanctorum

774 4798 993 4852 dicebat
1052 4812 1159 4851 non
1223 4797 1589 4866 recipiendam
1655 4796 1970 4866 imaginem.
2023 4794 2159 4850 Cum
2203 4796 2351 4849 enim

776 4892 1177 4946 esset'natione
1242 4888 1406 4945 Persa
1454 4898 1507 4944 et
1557 4888 1772 4943 fortuna
1804 4903 2020 4952 servus,
2070 4888 2370 4941 dominum‘

778 5001 939 5037 suum
996 4983 1097 5037 sub
1145 4983 1481 5037 Calandione
1542 4982 1755 5051 fugiens
1801 4981 1979 5045 villas,
2030 4969 2154 5051 ane
2206 4981 2353 5036 circa

782 5075 1125 5130 Antiochiam
1158 5084 1355 5137 attnt,a
1400 5074 1501 5128 fide
1533 5073 1867 5136 retrahebat,
1903 5088 2024 5127 cum
2066 5087 2173 5125 non
2210 5080 2357 5127 esset

785 5169 1113 5238 baptizatus,
1151 5183 1211 5222 se
1244 5168 1507 5222 clericum
1541 5182 1663 5221 esse
1694 5167 1905 5220 dicens.
1968 5164 2122 5218 llune
2155 5166 2356 5221 Calan-

783 5267 875 5319 dio
908 5264 1128 5334 quidem
1159 5262 1386 5331 pepulit,
1423 5260 1615 5317 Petrus
1643 5277 1773 5315 vero
1815 5261 2111 5331 (Inapheus
2145 5262 2359 5329 episco-

787 5374 913 5425 pum
981 5356 1335 5424 llierapoleos
1406 5355 1669 5408 ordinans
1751 5347 2087 5406 Philoxenon
2153 5360 2360 5405 mutato

785 5450 1004 5503 nomine
1035 5448 1386 5516 nuncupavit.
1451 5445 1585 5499 Cum
1620 5452 1799 5497 autem
1856 5443 2200 5511 postmodum
2234 5459 2356 5496 eum

787 5545 1119 5613 baptizatum
1162 5557 1268 5595 non
1325 5556 1448 5594 esse
1496 5538 1813 5592 didicisset:
1855 5536 2091 5606 Sujﬂcit,
2156 5538 2357 5606 inqttit,

782 5640 829 5689 ei
861 5654 955 5701 pro
988 5634 1248 5700 baptismo
1280 5632 1629 5687 consecratio.
1668 5630 2003 5699 Euphemins
2030 5642 2208 5682 autem
2236 5644 2358 5682 cum

784 5738 934 5785 esset
984 5726 1345 5788 orthodoxus,
1412 5721 1762 5777 Anastasium
1820 5721 2206 5786 silcntiarium,
2266 5721 2357 5788 qui

788 5833 909 5893 post
950 5824 1064 5874 hate
1110 5823 1314 5876 abusus
1351 5819 1577 5888 imperio
1618 5825 1718 5877 est,
1745 5815 1811 5867 ab
1844 5813 2082 5868 Ecclesia
2153 5829 2196 5881 pr
2223 5814 2353 5879 pulit

791 5932 845 5972 ut
880 5918 1192 5973 ha:rcticum
1234 5926 1281 5972 et
1314 5915 1569 5969 liutvrhis
1602 5922 2046 5975 tonscntancum,
2110 5924 2265 5972 quem
2304 5916 2349 5963 et

2465 4716 2532 4772 (le
2591 4714 2903 4770 calamitate
2974 4710 3107 4764 nihil
3168 4711 3394 4764 omnino
3440 4709 3666 4761 sentire.
3718 4706 4044 4759 Anastasius

2463 4810 2641 4857 autem
2704 4800 2935 4854 audiens
2978 4797 3123 4867 quod
3150 4798 3393 4857 veniret,
3429 4796 3532 4849 fide
3566 4808 3715 4863 rupta
3765 4796 4047 4862 multaque

2464 4892 2853 4964 ingratitudine
2879 4906 3009 4945 usus
3030 4890 3085 4945 in
3103 4890 3353 4944 exsilium
3375 4886 4045 4959 praecipitdestinandum,

2467 4987 2783 5040 nullatenus
2832 4983 2901 5037 ab
2933 4984 3053 5052 ipso
3085 4990 3425 5050 susceptum.
3464 4981 3634 5034 Porro
3669 4979 3908 5033 Joannes
3944 4980 4046 5031 huc

2466 5090 2817 5146 praenoscens
2852 5073 3079 5128 Romam
3114 5072 3373 5141 fugiendo
3412 5074 3657 5127 salvatus
3692 5084 3793 5126 est.
3830 5071 4041 5125 Interea

2469 5172 2610 5225 facta
2656 5170 3023 5223 Barbarorum
3077 5168 3506 5237 prtedonumqne
3550 5180 3613 5219 ac
3654 5166 4040 5219 intestinorum

2471 5263 2734 5318 bellorum
2762 5260 3092 5322 turbatione,
3139 5258 3226 5313 his
3272 5258 3423 5313 Cono
3472 5258 3762 5327 episcopus
3806 5258 4045 5323 Apamie

2468 5356 2729 5409 derelicto
2789 5354 2986 5407 throno
3013 5352 3066 5406 in
3100 5359 3371 5404 armatum
3408 5358 3461 5403 et
3503 5360 3787 5419 prretorem
3829 5361 4046 5402 taxatus

2474 5448 2701 5502 resistit.
2734 5446 3038 5514 Imperator
3064 5452 3247 5497 atttem
3292 5440 3549 5511 fatigatus
3572 5457 3635 5495 eo
3668 5441 3807 5510 quod
3840 5442 4044 5495 bellum

2470 5543 2860 5613 protelaretur,
2894 5539 3121 5593 ﬁdenter
3171 5537 3399 5591 credidit
3433 5535 3735 5605 Eupheniio
3790 5536 4050 5602 (‘j-l~Ct-pu

2466 5634 2614 5704 quod
2649 5642 2875 5702 cuperet
2906 5645 3117 5699 pacem,
3142 5638 3194 5681 et
3226 5628 3406 5695 colligi
3438 5629 3754 5697 peregrinos
3801 5630 4055 5695 γῖτιερῖιιίι

2467 5724 2769 5794 episcopos
2813 5721 2969 5789 quasi
3025 5735 3122 5787 pro
3179 5718 3429 5771 llisauris
3498 5729 3798 5785 rogatores.
3846 5717 4060 5788 [λιμὴν-

2486 5818 2627 5869 mins
2668 5821 2845 5866 autem
2906 5828 3170 5864 .‘w‘tl-tlttll
3204 5811 3549 5877 imperatoris
3598 5809 3787 5864 Joanni
3827 5812 4064 5876 miti-xii.

2486 5906 2767 5965 t‘cvclavil.
2806 5921 2994 5966 seu»
3030 5906 3071 5953 "V-
3100 5905 3271 5960 ξιξιω
3303 5903 3634 5960 Athe-nedum
3691 5917 3934 5965 ['tfl‘i-ill‘ﬁ
3979 5917 4060 5971 ts-
