4440 6446
392 400 529 468 ῙΞΞῙ

1176 404 1541 467 HISTORIA
1581 402 2152 467 ECCLESIASTICA
2196 403 2293 467 EX
2334 403 2810 470 THEOPHANE.

3514 405 3652 469 1242

392 514 664 581 rannidis,
702 515 796 585 qui
849 530 1080 571 currens
1127 516 1232 571 h‘oc
1291 518 1607 588 imperatori
1655 516 1961 583 nuntiavit;
1994 516 2041 574 A
2071 527 2246 583 erant,
2280 526 2503 588 propter
2532 518 2790 572 enoticon
2853 514 3113 582 Zenonis,
3147 514 3431 587 inopinata
3480 520 3646 571 multa

390 622 512 676 qua?
570 622 657 661 res
706 607 759 661 in
814 608 1325 664 irreeonciliabilcm
1364 620 1555 665 contra
1605 609 1963 680 Euphemium

392 698 735 753 inimicitiam
819 700 1205 770 imperatorem
1267 703 1618 758 Anastasium
1685 703 1965 757 excitavit.

390 783 549 865 _Unde
628 795 682 841 et
755 783 1114 843 Hisaurorum
1178 788 1480 859 Euphemio
1550 792 1967 861 eongressiones

392 878 671 947 ascripsit.
704 878 1007 949 Euphemio
1040 895 1170 936 vero
1201 882 1418 950 quidam
1475 882 1796 938 insidiantes
1841 898 1966 953 pcr-

393 977 689 1025 suaserunt
715 971 932 1025 cuidam
965 981 1092 1029 ante
1120 975 1441 1044 martyrium
1500 974 1739 1045 gladium
1773 982 1965 1029 contra

391 1068 555 1129 caput
586 1059 708 1129 ejus
739 1062 1007 1117 incutere.
1042 1060 1147 1118 Sed
1198 1063 1402 1119 Paulus
1433 1065 1656 1134 quidam
1708 1064 1965 1120 defenso-

390 1164 513 1205 rum
546 1151 807 1207 Ecclesiae
834 1154 1048 1224 plagam
1073 1154 1292 1226 quidem
1324 1156 1378 1210 in
1412 1158 1592 1228 capite
1621 1173 1723 1213 suo
1755 1159 1969 1228 recepit

392 1250 447 1296 et
505 1242 849 1311 periclitatus
909 1252 1016 1310 est,
1087 1248 1466 1305 insidiatorem
1524 1266 1654 1305 vero
1714 1252 1967 1320 peremit.

397 1335 591 1388 lterum
623 1349 752 1405 ergo
773 1337 827 1390 in
851 1336 1091 1393 Collecta
1125 1339 1364 1394 insidiati
1394 1339 1755 1410 Euphemium
1781 1346 1968 1399 consi-

398 1426 509 1479 liati
542 1438 670 1482 sunt
710 1429 1045 1494 interimere,
1081 1434 1175 1500 qui
1242 1434 1455 1502 privato
1506 1435 1695 1490 habitu
1746 1436 1969 1493 indutus

396 1519 517 1592 fuga
543 1519 771 1574 salutem
808 1532 1083 1579 mercatus
1114 1534 1215 1580 est.
1260 1524 1431 1581 Porro
1452 1527 1779 1585 Anastasius
1804 1532 1971 1599 impe-

396 1620 542 1663 rator
582 1612 651 1665 ab
713 1611 1017 1682 Euphemio
1076 1616 1474 1685 professionem
1529 1634 1705 1685 suam,
1765 1622 1831 1677 de
1864 1637 1968 1691 qua

394 1703 711 1771 praedictum
767 1714 873 1771 est,
924 1708 1188 1763 violenter
1241 1712 1492 1766 extorsit.
1550 1712 1970 1784 Cuique,victi‘s

396 1792 666 1863 llisauris,
696 1799 921 1853 mandat
945 1814 1039 1868 per
1067 1800 1364 1856 Eusebium
1389 1805 1706 1875 magistrum
1733 1808 1921 1862 dicens
1948 1824 1961 1859 :

2072 611 2421 675 monstravit,
2496 611 2829 681 Chrysaorio
2882 612 3144 666 ecclesiae‘
3198 613 3433 665 diacono
3501 611 3648 664 illam

2069 709 2321 768 cogente.
2362 702 2427 755 Et
2456 702 2560 754 alia
2600 703 2847 771 quaedam
2878 702 3080 771 Sophia
3130 712 3342 766 vocata,
3390 702 3654 771 insignis-

2068 806 2174 859 que
2228 792 2368 847 inter
2426 793 2900 856 sanctimoniales,
2965 795 3135 848 multa
3181 810 3343 863 passa
3396 811 3648 867 magnam

2070 883 2393 953 patientiam
2431 884 2847 938 demonstravit.
2898 885 3068 939 Porro
3107 885 3483 943 Theodericus
3522 887 3652 941 Afer

2070 975 2358 1029 diaconum
2422 977 2627 1030 habens
2661 977 3022 1032 orthodoxum
3052 979 3343 1033 admodum
3375 995 3403 1032 a
3432 996 3490 1036 se
3518 982 3651 1035 dile-

2071 1076 2241 1131 ctum,
2276 1068 2367 1136 qui
2396 1083 2518 1121 eum
2554 1069 2607 1123 in
2637 1070 3011 1125 Arianismum
3079 1072 3275 1126 fuisset
3324 1088 3650 1136 conversus,

2070 1158 2419 1213 Theoderico
2474 1159 2688 1223 favens,
2731 1162 3011 1216 interemit
3046 1179 3167 1217 eum
3196 1165 3374 1234 gladio
3420 1167 3650 1221 dicens:

2072 1250 2132 1306 Si
2152 1251 2259 1307 Deo
2282 1253 2438 1322 [idem
2468 1270 2568 1306 non
2597 1256 2836 1317 servasti,
2864 1273 2955 1309 nec
2979 1257 3107 1310 mihi
3135 1259 3387 1313 servabis.
3410 1258 3654 1315 Palladio

2073 1362 2205 1402 vero
2264 1347 2527 1416 episcopo
2602 1348 2948 1405 Antiocheno
3016 1351 3300 1416 defuncto,
3355 1355 3653 1423 imperator

2075 1440 2239 1509 elegit
2305 1438 2628 1494 Flavianum
2678 1443 3059 1513 presbyterum
3127 1454 3181 1498 et
3233 1447 3651 1514 apocrisiarium

2069 1528 2317 1582 ecclesiae
2391 1528 2767 1594 Antiocheuae,
2832 1546 2990 1599 quem
3076 1534 3231 1586 aiunt
3302 1534 3653 1602 dogmatibus

2068 1620 2532 1676 Chalcedonensis
2620 1622 2842 1676 concilii
2924 1623 3300 1678 adversatum.
3378 1625 3649 1680 Praeterea

2069 1713 2349 1783 Olympius
2406 1713 2625 1782 quidam
2667 1715 2925 1779 Arianus,
2972 1715 3103 1770 dum
3140 1718 3191 1770 in
3237 1716 3648 1772 llelianensium

2069 1805 2263 1859 balneo
2294 1805 2570 1860 lavaretur
2594 1806 2894 1862 crudeliter
2916 1809 3322 1877 blasphemans,
3342 1798 3653 1864 miserrime

394 1886 676 1943 Orationes
705 1899 830 1954 tute,
860 1907 889 1945 ο
923 1910 1126 1963 magne,
1153 1896 1350 1949 antica:
1379 1905 1496 1951 tuos
1527 1899 1750 1968 fuligine
1776 1910 1961 1953 conta-
1994 1871 2036 1925 Β
2068 1897 2119 1951 in
2152 1913 2216 1953 eo
2246 1906 2494 1952 mortuus
2524 1899 2795 1967 est,quod
2833 1901 2886 1953 in
2912 1902 3147 1972 imagine
3202 1910 3286 1957 est
3349 1903 3651 1969 depictum.

392 1980 744 2034 minaverunt.
806 1981 1089 2054 Episc0pis
1155 2000 1286 2056 ergo
1337 1992 1639 2059 peregrinis
1719 1993 1963 2049 collectis

393 2072 689 2140 imperator
716 2082 917 2129 COutra
940 2075 1302 2147 Euphemium
1333 2083 1622 2151 queritur;
1658 2086 1749 2154 qui
1780 2086 1962 2141 faven-

392 2170 473 2216 tes
514 2163 828 2234 imperatori
869 2167 1261 2238 depositionem
1300 2173 1620 2242 patriarcha:
1648 2188 1700 2231 et
1745 2193 1965 2243 excom-

394 2257 817 2313 municalionem
848 2262 1185 2324 sanciebaut.
1223 2263 1478 2320 Provehit
1518 2276 1698 2323 autem
1734 2271 1967 2339 impera-

394 2354 479 2398 tor
508 2345 883 2403 Macedonium
912 2353 1223 2424 episcopum
1255 2356 1832 2429 Constantinopoleos,
1872 2364 1964 2432 qui

394 2446 522 2493 tunc
579 2442 947 2513 sceuophylax
1001 2457 1116 2501 erat
1171 2448 1345 2519 ipsius
1396 2451 1659 2506 ecclesim.
1725 2452 1967 2523 Populus

394 2541 573 2587 tamen
604 2545 825 2605 propter
862 2537 1214 2609 Euphemium
1240 2542 1560 2609 dissidebat,
1597 2547 1726 2601 etin
1758 2546 1967 2618 Hippo-

392 2619 644 2676 dromion
685 2636 913 2681 currens
950 2629 1173 2685 litanias
1230 2633 1445 2703 agebat,
1481 2650 1793 2707 quanquam
1833 2639 1966 2693 nihil

396 2710 660 2778 prolicere
680 2715 933 2776 valuerit.
988 2719 1315 2788 imperatore
1357 2723 1501 2777 male
1540 2727 1759 2782 vincere
1819 2739 1967 2783 sata-

394 2810 572 2867 geute.
654 2803 823 2860 Porro
893 2806 1243 2865 Macedonius
1324 2815 1576 2883 nequiter
1662 2818 1967 2876 obaudiens

397 2893 744 2949 Anastasium
782 2897 1109 2969 subscripsit
1162 2903 1398 2958 euutico.
1456 2903 1755 2975 Imperator
1784 2919 1964 2964 autem

395 2983 754 3055 Euphemium
803 2991 857 3044 in
895 2990 1209 3046 Euchaitam
1242 2998 1485 3051 exsulem
1520 2999 1685 3067 misit;
1714 3002 1804 3070 qui
1848 3017 1970 3057 ver-

399 3079 526 3132 bum
553 3081 663 3151 (18)
694 3084 846 3151 petiit
868 3098 965 3152 per
983 3082 1359 3141 Macedonium
1379 3090 1651 3159 accipere,
1682 3101 1741 3145 nt
1768 3095 1969 3150 illaesus

2069 1990 2444 2061 Eutychianus
2481 2005 2613 2045 vero
2663 1992 2923 2061 quidam,
2980 1994 3195 2064 primus
3238 1996 3609 2049 diaetariorum
3638 2014 3652 2036 ν

2062 2084 2387 2138 muneribus
2413 2099 2609 2138 suasus
2636 2092 2873 2138 erectam
2899 2085 3193 2155 imaginem
3221 2088 3452 2156 Olympii
3481 2087 3652 2154 depo-

2069 2174 2179 2228 suit
2202 2191 2215 2237 ;
2240 2175 2331 2243 qui
2356 2176 2425 2229 ab
2460 2175 2555 2228 illo
2573 2176 2657 2228 die
2683 2176 3045 2246 direcorporc
3074 2178 3380 2233 labefactus
3414 2180 3650 2233 interiit.

2140 2266 2326 2321 Mundi
2384 2282 2529 2321 anno
2586 2268 2749 2333 5902,
2805 2271 3004 2324 divinae
3060 2272 3471 2346 incarnationis_
3510 2289 3654 2327 anno

2068 2358 2194 2424 49-3,
2224 2359 2417 2416 Festus
2442 2371 2665 2416 senator
2729 2364 2880 2417 urbis
2913 2363 3116 2425 Romae,
3142 2368 3344 2420 missus
3389 2366 3456 2419 ad
3511 2367 3655 2419 Ana-

2070 2452 2294 2506 stasium
2331 2466 2549 2523 propter
2579 2456 2843 2523 quasdam
2879 2456 3067 2510 civiles
3102 2457 3387 2521 utilitates,
3447 2473 3653 2512 memo-

2069 2545 2182 2600 rias
2206 2545 2534 2601 Sanctorum
2557 2548 2940 2617 Apostolorum
2961 2549 3256 2607 festivitate
3283 2553 3473 2621 majori
3500 2553 3654 2621 petiit

2070 2639 2358 2705 celebrari,
2384 2642 2526 2709 quod
2561 2650 2615 2697 et
2649 2651 2862 2697 tenetur
2893 2659 3067 2711 usque
3090 2644 3143 2698 in
3171 2660 3433 2713 praesens.
3467 2646 3647 2702 Mace-

2069 2730 2266 2786 donius
2300 2742 2481 2787 autem
2511 2733 2575 2788 ad
2595 2736 2945 2790 Anastasium
2976 2735 3283 2789 Romanum
3326 2738 3645 2807 episcopum

2070 2822 2391 2893 synodicum
2421 2839 2516 2893 per
2538 2824 2757 2880 Festum
2786 2828 2999 2880 mittere
3014 2827 3204 2881 volens
3243 2829 3549 2894 prohibitus
3569 2839 3655 2887 est

2071 2915 2139 2969 ab
2164 2915 2508 2986 imperatore.
2532 2916 2703 2970 Porro
2719 2914 2916 2969 Festus
2936 2916 3212 2971 rediturus
3234 2917 3458 2971 Romam
3482 2919 3642 2987 polli-

2070 3005 2213 3060 citus
2233 3016 2315 3061 cst
2338 3008 2648 3076 imperatori
2678 3008 2967 3062 Anastasio
3001 3008 3333 3077 persuadere
3352 3010 3643 3063 Anastasio

2077 3112 2229 3167 papa:
2262 3099 2500 3154 Zenonis
2521 3099 2774 3153 enoticon
2824 3101 3102 3169 recipere;
3133 3115 3294 3170 quem
3323 3102 3502 3153 vivum
3539 3116 3646 3154 non

396 3181 663 3235 maneret,
705 3187 827 3227 cum
872 3175 1185 3231 duceretur.
1217 3177 1416 3235 Jussus
1476 3192 1657 3237 autem
1715 3183 1967 3241 Macedo-
1995 3203 2042 3265 ο
2070 3189 2353 3257 reperiens
2383 3191 2645 3257 corrupit
2683 3205 2779 3259 per
2824 3190 3085 3259 pecunias
3140 3191 3365 3256 multos,
3396 3199 3450 3245 et
3488 3192 3651 3262 elegit

395 3263 522 3316 nius
543 3262 675 3318 dare
717 3265 964 3329 verbum,
1010 3273 1065 3321 et
1100 3267 1447 3339 ingressurus
1505 3274 1558 3327 in
1588 3274 1965 3343 baptisterium

394 3353 459 3404 ad
490 3353 870 3423 Euphemium,
918 3359 1366 3428 superhumerale
1399 3377 1429 3416 a
1464 3378 1525 3420 se
1582 3366 1968 3425 archidiacono

394 3442 648 3511 praecepit
696 3444 936 3509 auferre,
993 3458 1047 3503 et
1118 3447 1194 3502 ita
1255 3465 1428 3519 purus
1485 3452 1551 3506 ad
1607 3455 1965 3525 Euphemium

394 3534 673 3603 ingressus
706 3535 1092 3609 feneratusque
1152 3536 1415 3610 pecunias
1443 3544 1591 3600 dedit
1637 3545 1964 3617 Euphemio,

395 3624 468 3678 ita
506 3634 563 3679 ut
586 3627 901 3684 laudaretur
962 3645 992 3684 a
1034 3632 1242 3689 multis.
1300 3635 1610 3707 Religiosus
1657 3640 1801 3695 enim
1849 3653 1967 3698 erat

392 3727 448 3773 et
486 3733 664 3787 sacer,
696 3722 899 3792 quippe
932 3723 1022 3793 qui
1062 3739 1092 3778 a
1143 3723 1427 3784 Gennadio
1459 3728 1636 3786 fuerat
1670 3735 1964 3801 enutritus,

394 3808 556 3879 cujus
576 3820 631 3866 et
688 3811 990 3873 fratruellis
1035 3825 1177 3873 erat.
1219 3818 1421 3876 Eodem
1470 3837 1617 3878 anno
1669 3824 1967 3883 Athanasio

393 3907 657 3978 episcopo
720 3910 1096 3969 Alexandrino
1149 3915 1412 3972 defuncto
1475 3931 1829 3978 consecratus
1883 3933 1969 3980 est

395 4015 494 4069 pro
522 4016 587 4056 eo
617 4000 856 4063 Joannes
884 4009 1188 4065 monachus
1214 4013 1500 4084 presbyter
1525 4024 1578 4071 et
1624 4031 1965 4085 meonomus,

394 4104 762 4163 cognomento
790 4096 1041 4155 Hemula.
1074 4102 1344 4160 Praeterea
1362 4105 1712 4164 Macedonius
1739 4111 1967 4167 consilio

394 4183 739 4253 imperatoris
803 4190 959 4247 unire
994 4195 1320 4250 monasteria
1357 4197 1520 4267 regia:
1557 4200 1709 4256 urbis
1750 4202 1965 4272 satagit,

391 4289 513 4344 qua?
541 4278 714 4333 scissa
750 4279 965 4363 fuerant
1000 4292 1221 4355 propter
1264 4288 1517 4345 enoticon
1566 4290 1825 4349 Zenonis.
1860 4292 1964 4350 Sed

391 4370 713 4430 nontvalens
733 4373 1022 4427 consilium
1057 4374 1689 4450 deditimperatori,quo
1724 4385 1966 4454 peregri-

396 4473 491 4513 nos
541 4462 827 4531 episcopos
879 4467 1168 4521 convenire
1215 4479 1265 4523 et
1312 4486 1432 4539 qua:
1459 4470 1801 4528 Chalcedone
1834 4476 1969 4531 bene

2072 3290 2269 3350 praeter
2292 3283 2747 3337 consuetudinem
2768 3270 3136 3337 Romanorum
3157 3285 3474 3353 episcopum
3502 3283 3644 3337 Lau-

2070 3373 2306 3427 rentium
2337 3374 2649 3443 quemdam,
2685 3376 2775 3444 qui
2812 3376 3092 3431 ordinatus
3120 3384 3204 3431 est
3231 3376 3302 3430 ab
3334 3392 3439 3430 una
3469 3385 3647 3445 parte.

2070 3466 2501 3520 Orthodoxiores
2527 3477 2707 3519 autem
2741 3474 3205 3522 cousecraverunt
3236 3466 3649 3537 Symmachum,

2071 3571 2239 3610 unum
2267 3570 2330 3609 ex
2362 3554 2707 3610 diaconibus.
2752 3553 2891 3608 Hinc
2936 3569 3067 3625 ergo
3096 3556 3437 3610 turbationes
3464 3558 3649 3611 multa:

2077 3663 2142 3703 ac
2181 3648 2464 3702 hominum
2505 3656 2715 3716 strages
2763 3657 2816 3701 et
2860 3647 3065 3717 rapinae
3122 3658 3351 3719 patrata:
3380 3656 3511 3703 sunt
3552 3664 3652 3718 per

2077 3754 2255 3796 annos
2277 3747 2412 3805 tres,
2437 3754 2730 3807 usquequo
2767 3740 3025 3795 videlicet
3071 3739 3447 3796 Theodericus
3488 3742 3650 3812 prin-

2067 3846 2201 3901 ceps
2225 3839 2355 3885 tunc
2384 3831 2613 3887 Romam
2645 3842 2855 3895 tenens,
2883 3846 3196 3903 quanquam
3220 3833 3458 3888 Arianus
3478 3843 3649 3902 esset,

2071 3923 2286 3995 synodo
2316 3924 2588 3979 celebrata
2625 3924 2781 3980 iocali
2816 3924 3207 3994 Symmachum
3265 3927 3482 3996 quidem
3528 3926 3647 3997 epi-

2070 4029 2295 4085 scopum
2332 4014 2515 4071 Romte
2549 4016 2807 4081 ﬁrmavit,
2833 4014 3184 4073 Laurentium
3216 4033 3347 4072 vero
3396 4018 3448 4072 in
3473 4017 3649 4075 Nuce-

2070 4106 2191 4160 rina
2224 4106 2442 4161 civitate
2474 4103 2658 4162 locare
2685 4109 2943 4178 praecepit
2966 4110 3308 4178 episc0pum,
3337 4110 3428 4178 qui
3462 4117 3644 4164 tamen

2070 4198 2220 4253 nullo
2255 4206 2413 4267 pacto
2461 4199 2894 4267 quiescens,sed
2954 4200 3259 4255 seditiones
3291 4216 3645 4256 commovens

2070 4306 2098 4345 a
2127 4289 2454 4361 Symmacho
2495 4290 2784 4359 deponitur
2809 4298 2861 4344 et
2910 4291 2962 4345 in
2994 4295 3247 4347 exsilium
3286 4294 3539 4354 mittitur,
3592 4302 3648 4347 et

2072 4379 2146 4432 ita
2206 4379 2771 4433 simultascessavit.
2836 4378 3036 4435 Eodem
3097 4396 3243 4436 anno
3318 4383 3646 4436 Anastasius

2074 4470 2305 4523 removit
2324 4470 2442 4524 auri
2467 4470 2789 4539 argentique
2812 4471 3027 4525 metalla
3061 4483 3114 4553 et
3136 4476 3475 4539 venationes,
3499 4475 3649 4541 prio--

393 4548 755 4619 dogmatizata
783 4554 996 4609 fueram
1032 4558 1084 4610 in
1110 4559 1329 4629 scriptis
1357 4561 1682 4618 conﬁrmare
1732 4564 1956 4622 faceret,
1992 4553 2034 4608 D
2064 4562 2386 4631 cipatusqne
2428 4577 2551 4616 cum
2583 4565 2801 4617 venales
2844 4573 3032 4619 essent
3076 4548 3244 4635 gratis
3270 4567 3644 4634 promovebat.

394 4641 547 4706 Quod
580 4654 634 4698 et
663 4643 865 4699 factum
917 4658 999 4703 est
1053 4665 1150 4719 per
1180 4650 1511 4722 descriptam
1570 4656 1864 4713 actionem.
1895 4660 1960 4713 Et

396 4735 715 4790 hortabatur
764 4742 1094 4795 monasteria
1145 4742 1212 4797 ad
1279 4744 1569 4811 unitatem,
1620 4752 1959 4820 maximeque

397 4825 475 4880 Dii
543 4829 938 4883 monasterium
994 4841 1051 4885 et
1114 4831 1333 4888 Basiani
1387 4843 1443 4889 et
1496 4836 1956 4895 Accemetcnsium

394 4926 558 4986 atque
594 4918 1131 4992 Matronae,qutéque
1164 4927 1338 4994 magis
1376 4926 1770 4984 scindebantur
1803 4934 1871 4987 ab
1895 4948 1960 4988 eo

393 5013 485 5081 qui
524 5014 820 5082 recipiebat
850 5014 1085 5070 Zenonis
1113 5018 1460 5085 enoticon,et
1482 5022 1674 5076 exsilia
1708 5024 1964 5080 alacriter

392 5101 761 5157 sustinebant.
785 5104 919 5157 Cum
939 5120 1066 5175 ergo
1085 5106 1401 5163 insisterent
1426 5149 1441 5173 ,
1459 5112 1824 5167 consideravit
1843 5115 1959 5169 Ma-

391 5192 655 5249 cedonius
687 5195 859 5263 magis
890 5197 942 5250 in
978 5199 1199 5267 propria
1235 5201 1511 5258 voluntate
1549 5203 1825 5262 dimittere
1863 5225 1959 5265 eos

392 5300 555 5352 quam
580 5288 1016 5355 persecutionem
1065 5292 1278 5360 erigere
1302 5302 1495 5349 contra
1524 5296 1670 5351 illos.
1712 5298 1957 5354 Matrona

393 5390 521 5429 vero
555 5385 737 5432 sancta
796 5380 971 5433 adhuc
1033 5382 1244 5445 vivens,
1293 5393 1345 5438 ct
1379 5400 1486 5439 non
1538 5392 1956 5448 communicans

394 5484 499 5521 una
555 5485 674 5525 cum
742 5472 1014 5542 religiosis
1070 5478 1442 5534 monacbabus
1501 5496 1623 5550 qum
1684 5498 1807 5537 cum
1867 5486 1954 5538 illa

2143 4656 2404 4746 Sequenti
2432 4691 2561 4739 vero
2588 4691 2731 4730 anno
2759 4692 2882 4731 eum
2920 4678 3245 4732 Romanum’
3264 4681 3643 4746 pontificatum

2071 4767 2456 4838 Symmachus,
2520 4767 2806 4836 imperium
2841 4778 3022 4823 autem
3058 4771 3380 4827 Anastasius
3410 4782 3641 4841 regeret,

2070 4864 2473 4918 Saracenorum
2536 4864 2793 4935 incursus
2846 4865 2900 4918 in
2954 4865 3263 4921 thnicem
3317 4876 3371 4921 ct
3427 4867 3642 4938 Syriam

2064 4969 2259 5010 rursus
2298 4954 2525 5009 effectus
2577 4963 2684 5017 est,
2714 4964 2836 5023 post
2879 4968 3107 5011 mortem
3151 4959 3311 5027 Agari
3367 4957 3641 5014 Vadicha-

2061 5046 2183 5100 riuo
2224 5044 2391 5100 fratre
2415 5046 2587 5115 ipsius
2646 5045 2820 5100 instar
2860 5046 3122 5112 turbinis,
3157 5055 3212 5101 et
3264 5047 3444 5102 adhuc
3488 5049 3637 5103 velo-

2062 5139 2204 5200 cius,
2235 5137 2578 5192 discurrente
2611 5152 2707 5207 per
2744 5139 2883 5193 loca.
2912 5137 3025 5192 Hoc
3057 5138 3221 5192 etiam
3256 5154 3419 5205 anno,
3468 5141 3519 5194 id
3560 5150 3644 5194 est

2064 5230 2374 5302 Symmachi
2400 5245 2551 5299 papze
2588 5231 2766 5298 primo
2794 5239 2847 5284 et
2882 5231 3091 5299 imperii
3144 5234 3416 5286 Anastasii
3464 5234 3641 5288 unde-

2059 5323 2225 5388 cimo,
2259 5321 2517 5390 Volgares
2570 5335 2666 5389 per
2714 5320 2986 5389 Illyricum
3035 5331 3084 5374 et
3110 5320 3376 5379 Thracem
3422 5324 3637 5377 discur-

2061 5424 2209 5477 runt,
2236 5414 2553 5483 priusquam
2585 5421 3030 5482 agnoscerentur.
3063 5414 3218 5481 Apud
3240 5412 3632 5471 Neocmsariam

2065 5506 2263 5562 deinde
2290 5520 2413 5560 cum
2460 5504 2703 5560 futurum
2732 5516 2874 5560 esset
2906 5515 2966 5558 ut
3030 5508 3185 5560 fieret
3214 5514 3377 5561 terra:
3428 5517 3633 5571 motus,

1898 5618 2122 5676 ΝΟΤᾹΞ.

461 5703 571 5770 (l8)
616 5702 859 5764 Verbum.
886 5708 1252 5761 securitatem.
1278 5707 1621 5763 Justinianus
1655 5710 1787 5765 Nov.
1812 5713 1865 5773 7,
1897 5729 1947 5767 c.

395 5776 467 5827 ὃς
512 5775 669 5826 Ἀλλὰ
737 5778 867 5841 μηδὲ
919 5777 1138 5839 ττιύτως
1190 5780 1315 5840 τοὺς
1364 5781 1724 5848 καλουμένγις
1764 5784 1947 5849 λὸγτιυς

398 5845 695 5916 προχεῖρως
719 5847 912 5900 διδόναι
939 5849 1203 5903 ςπεύδῑιν.
1234 5850 1394 5905 Vetus
1422 5845 1690 5921 interpres
1730 5874 1738 5907 ;
1781 5882 1795 5904 ι
1835 5845 1941 5910 Sed

2059 5726 2240 5779 neque
2264 5710 2377 5765 haec
2407 5725 2525 5778 qua:
2545 5710 2800 5764 dicuntur
2833 5710 2994 5765 verba
3042 5718 3291 5780 prompte
3312 5714 3461 5767 .dare
3488 5713 3639 5768 festi-

2059 5800 2174 5836 nes.
2214 5801 2230 5832 ι
2266 5780 2407 5836 Idem
2436 5782 2757 5835 Anastasius
2795 5781 2865 5833 De
2894 5782 3009 5833 vilis
3031 5780 3141 5852 PR.
3180 5784 3231 5834 iu
3263 5784 3525 5852 Gregorio
3551 5785 3591 5838 ll
3622 5806 3631 5839 ;

2066 5875 2081 5906 ς
2123 5852 2353 5908 Verbum
2379 5852 2743 5907 itnmuuilatis
2766 5853 3009 5922 expetiit.
3050 5870 3065 5900 ι
3101 5851 3268 5907 Fasti.
