4440 6446
808 361 944 427 1243

1897 382 2297 447 ANASTASII
2336 387 2963 455 BIBLIOTHECARII

3945 408 4091 476 12-ἱᾷ

802 479 959 534 miles
995 480 1097 535 iter
1124 479 1330 540 faciens
1358 485 1497 541 duos
1525 490 1726 545 milites
1760 506 1928 563 super
1959 511 2081 551 eam
2133 498 2289 564 vidit,
2326 506 2380 556 et
2410 501 2455 558 A
2483 502 2814 563 Anastasius
2874 508 3179 567 honorifice
3215 516 3459 585 suscepit
3495 524 3554 573 ut
3599 520 3851 579 veritatis
3886 525 4085 581 inimi-

799 570 965 623 alium
1002 572 1230 626 militem
1265 584 1383 644 post
1420 586 1628 647 tergum
1661 581 1983 641 clamantem
2023 587 2381 646 :Conservate

799 662 1014 717 domum
1055 667 1107 718 in
1131 682 1237 735 qua
1280 671 1581 739 sepulcrum
1616 674 1857 746 Gregorii
1885 690 1981 734 cst.
2032 682 2166 738 Cum
2198 694 2380 740 autem

801 767 960 811 teme
987 771 1167 815 metus
1197 760 1375 819 factus
1423 764 1644 832 fuisset,
1698 774 1932 840 plurima
1964 790 2094 845 pars
2138 777 2379 835 civitatis

801 851 1031 915 corruit,
1057 863 1282 923 excepta
1307 854 1469 911 domo
1492 858 1737 929 Gregorii
1767 864 2162 937 thaumaturgi.

871 942 1057 999 Mundi
1112 963 1258 1003 anno
1315 951 1474 1014 5999,
1525 954 1743 1010 divin-.e‘
1779 959 2178 1017 incarnationis
2235 979 2382 1020 anno

799 1037 924 1102 £99,
955 1039 1280 1098 Anastasius
1315 1045 1498 1114 quiete
1538 1050 1742 1117 potitus
1791 1068 1821 1105 a
1852 1054 2074 1122 praeliis,
2124 1057 2382 1114 Macedo-

801 1132 951 1184 nium
988 1137 1351 1201 patriarcham
1381 1151 1633 1195 avertere
1656 1135 2064 1202 aborthodoxa
2103 1150 2207 1205 fide
2233 1160 2382 1207 sata-

800 1222 980 1290 gebat.
1019 1225 1172 1279 Multi
1215 1239 1395 1283 autem
1457 1233 1844 1302 episcoporum
1898 1238 2193 1296 Anastasio
2247 1259 2373 1314 gra-

801 1315 929 1368 tiam
962 1327 1286 1386 prmstantes
1308 1323 1742 1383 Chalcedonensi
1773 1330 2379 1406 resistebantconcilio,

798 1423 1032 1473 quorum
1090 1413 1300 1479 primus
1349 1426 1466 1469 erat
1500 1416 1757 1475 Eleusius
1797 1422 2155 1483 Sasimensis.
2186 1427 2384 1495 Quem-

799 1500 924 1553 dam
958 1512 1138 1557 autem
1191 1503 1547 1563 Manichaeum
1610 1512 1806 1582 Syrmn
1861 1518 2025 1572 simul
2070 1530 2125 1575 et
2160 1522 2381 1579 Persam

802 1593 1125 1652 Anastasius
1179 1598 1408 1653 adduxit
1447 1616 1477 1654 a
1506 1603 1709 1673 Cyzico
1742 1605 1795 1659 in
1827 1608 2015 1663 habitu
2051 1615 2380 1683 presbyteri,

814 1689 905 1756 qui
929 1689 1106 1755 aliena
1135 1692 1205 1745 ab
1224 1692 1479 1749 Ecclesiae
1510 1700 1716 1753 sanctis
1754 1701 2086 1772 imaginibus
2136 1709 2382 1765 scribere

805 1782 1155 1865 praesumpsit
1186 1794 1237 1838 et
1261 1784 1506 1842 fabulosa
1539 1790 1589 1842 in
1630 1792 1834 1859 palatio
1877 1795 2380 1870 llelenianensium,

801 1883 930 1928 voto
973 1859 1321 1943 imperatoris
1388 1880 1704 1938 Maltichazis
1745 1890 2203 1958 cougratulantis.
2233 1859 2389 1951 Unde

801 1972 854 2015 t—t
881 1964 1078 2019 seditio
1103 1968 1287 2037 populi
1327 1968 1470 2025 facta
1529 1981 1611 2028 est
1669 1992 1886 2047 magna.
1920 1981 2072 2036 Tune
2112 1995 2164 2038 et
2198 1990 2391 2056 praefe-

803 2058 1306 2116 cumrAnastasius
1337 2063 1389 2116 in
1429 2065 1676 2123 Collectis
1709 2078 1760 2124 ct
1804 2072 2012 2129 litaniis
2062 2080 2391 2148 excogitavit

802 2152 1066 2221 subsequi
1102 2171 1114 2206 :
1154 2154 1538 2211 timebatenim
1584 2161 2019 2218 orthodoxorum
2067 2169 2387 2241 seditiones,

799 2251 854 2295 et
902 2243 1107 2299 factum
1166 2257 1248 2302 est
1302 2249 1356 2303 in
1407 2254 1886 2310 consuetudinem.
1944 2259 2207 2317 Xenaiant
2261 2282 2390 2322 vero

802 2334 975 2390 Manis
1027 2348 1456 2397 consentaneum
1509 2343 1660 2398 duxit
1723 2347 2050 2407 Anastasius
2121 2356 2398 2413 Constan-.

803 2428 1087 2498 tinopolim
1187 2440 1447 2504 tanquam
1544 2448 1874 2495 sectatorem
1954 2459 2153 2514 suum,
2226 2467 2387 2519 quem

798 2520 1149 2580 Macedonius
1215 2543 1389 2596 neque
1460 2533 1843 2588 communione
1926 2553 2109 2609 neque
2222 2545 2389 2602 verbo

795 2618 1020 2689 dignum
1086 2621 1256 2687 clero,
1304 2625 1589 2681 monachis
1665 2636 1719 2681 ct
1780 2631 1985 2701 populo
2058 2639 2387 2696 conturbato

792 2710 1085 2776 judicavit.
1148 2712 1299 2769 Unde
1326 2723 1380 2769 et
1429 2732 1553 2770 eum
1604 2720 1938 2778 Anastasius
2009 2726 2245 2782 latenter
2316 2731 2388 2786 ab

800 2802 933 2857 urbe
965 2804 1175 2858 eduxit.
1214 2805 1564 2865 Macedonius
1604 2827 1733 2867 vero
1757 2813 2045 2870 Acholium
2071 2820 2384 2889 quemdam,

798 2895 891 2963 qui
926 2907 1203 2952 exemerat
1256 2900 1519 2957 adversus
1570 2919 1630 2958 se
1665 2907 1988 2961 machazram
2030 2921 2109 2965 cx’
2142 2914 2386 2969 submis-

799 2988 953 3042 sinue
1015 2988 1368 3047 inimicorum
1414 3011 1667 3061 suorum,
1720 3013 1818 3067 per
1875 3000 2124 3071 singulos
2168 3019 2384 3062 menses

797 3095 1045 3137 annonas
1090 3086 1346 3153 praecepit
1397 3089 1671 3158 accipere,
1727 3106 1898 3160 super
1951 3097 2384 3152 mansuetudine

2485 612 2581 652 cos
2602 643 2615 664 ,
2650 608 2706 654 et
2735 616 2830 655 eos
2859 606 2954 672 qui
3010 606 3477 663 conturbaverant
3546 609 3850 682 Orientem,
3904 628 3957 673 et
3989 620 4085 675 hic

2483 688 2671 745 eadem
2707 704 3020 762 oper-antes.
3046 694 3287 754 Joannes
3329 716 3459 757 vero
3490 704 3897 764 Alexandrinus
3962 714 4085 782 epi-

2485 789 2832 854 scopusﬁluo
2890 790 3059 844 millia
3113 792 3375 848 librartnn
3421 798 3540 851 auri
3597 799 3728 855 dare
3784 808 4086 873 spopondit

2458 924 2465 929 .
2487 876 2825 944 imperatori,
2850 880 2891 934 si
2914 881 3149 949 perfecte
3174 883 3398 954 ejiceret
3425 889 3868 950 (Ihalcedonense
3894 899 4084 952 conci-

2487 968 2647 1022 lium:
2678 960 2975 1040 imperator
2993 985 3174 1031 autem
3198 978 3577 1038 Macedonium
3603 986 3833 1056 cogebat
3854 991 4079 1058 apocri-

2487 1060 2670 1116 siariis
2697 1067 3107 1123 communicare
3136 1068 3389 1140 Joannis,
3421 1073 3797 1149 Joannemque
3826 1082 4077 1150 recipere

2486 1155 2797 1223 synodum‘,
2841 1174 3020 1228 neque
3064 1164 3417 1234 recipientem
3450 1184 3628 1241 neque
3665 1173 4074 1243 projicientem.

2487 1240 2839 1301 Macedonius
2912 1258 3093 1304 autem
3143 1253 3371 1321 restitit,
3430 1256 3623 1315 dicens
3665 1240 3786 1316 non
3846 1263 3953 1319 illis
4016 1282 4079 1321 se

2491 1338 3075 1407 communicaturum,
3127 1346 3232 1400 nisi
3291 1348 3661 1405 confiteantur
3728 1364 3955 1410 matrem
4008 1367 4068 1412 et

2487 1432 2812 1501 magistram
2862 1437 3133 1506 synodum
3192 1440 3717 1500 Chalcedonensem.
3790 1447 4062 1504 Caeterum

2485 1521 3081 1599 Deuteriusepiscopus
3134 1530 3464 1588 Arianorum
3496 1535 3741 1607 Byzantii
3785 1540 4073 1609 haptizans

2486 1619 2777 1687 quemdam
2807 1623 2985 1676 virum
3030 1627 3252 1681 nomine
3281 1628 3604 1696 Barbarum,
3644 1643 3842 1701 praeter
3883 1632 4071 1687 Dotni-

2487 1711 2665 1765 ninam
2723 1716 3069 1772 traditionem
3126 1734 3295 1775 ausus
3351 1734 3432 1777 est
3485 1723 3711 1779 dicere:
3750 1726 4074 1791 Baptizatur

2421 1845 2463 1899 Β
2490 1802 2761 1859 Barbarus
2810 1809 2863 1861 iu
2890 1811 3097 1864 nomine
3125 1810 3307 1867 Patris
3349 1828 3439 1881 per
3501 1815 3697 1869 Filium
3754 1819 3807 1871 in
3860 1818 4067 1886 Spiritu

2492 1906 2798 1961 sancto;'et
2822 1901 3009 1955 statim
3044 1903 3327 1960 lavacrum
3359 1907 3697 1962 exsiccatum
3730 1920 3833 1965 est.
3869 1910 4077 1965 Barba—

2490 2003 2588 2044 rus
2644 2007 2773 2045 vero
2820 1994 3016 2049 timore
3070 1998 3399 2066 perterritus
3476 1999 3634 2070 fugit,
3692 2012 3744 2056 et
3812 2004 4074 2058 omnibus

2490 2090 2679 2136 notum
2713 2083 2838 2139 fecit
2892 2086 3247 2144 miraculum.
3276 2091 3446 2146 Porro
3476 2092 3776 2162 imperator
3812 2086 4101 2151 Macedo:

2491 2173 2639 2227 nium
2691 2168 3264 2249 Constantinopoleos.
3307 2182 3626 2253 episcopum
3682 2186 3906 2255 cogebat
3942 2203 4074 2241 ana-

2492 2266 2848 2323 thetuatizare
2913 2268 3361 2329 Cltalcedonense
3421 2278 3734 2339 concilium,
3808 2280 4076 2348 quemad-

2491 2358 2714 2429 modum
2746 2367 2801 2413 ct
2830 2358 3039 2416 Heliam
3076 2362 3655 2437 llierosolymitanum.
3685 2369 3783 2423 Ast
3816 2369 4073 2425 Macedo~

2471 2449 2616 2504 ~nius
2670 2452 2875 2521 absque
2933 2456 3229 2511 universali
3301 2459 3550 2528 synodo.
3605 2477 3725 2531 quae
3780 2464 4069 2532 przesulem

2491 2541 2800 2598 Romanum
2866 2546 3094 2603 haberet
3136 2549 3477 2619 episcopum,
3556 2553 3895 2624 impossibile
3954 2556 4075 2613 fore

2490 2636 2593 2691 hoe
2618 2654 2677 2692 se
2711 2638 2893 2694 facere
2919 2641 3217 2697 fatebatur.
3270 2641 3426 2699 Unde
3460 2645 3718 2703 inimicus
3764 2651 3811 2703 ei
3844 2650 4073 2705 etTectus

2490 2728 2788 2798 imperator
2809 2732 3191 2802 confugientes
3213 2734 3278 2788 ad
3304 2738 3567 2792 ecclesias
3594 2738 3856 2794 violenter
3885 2752 4073 2795 extra-

2480 2822 2617 2885 here
2648 2822 2836 2891 jussit,
2868 2832 2922 2878 ct
2965 2826 3214 2883 ecclesiis
3255 2828 3637 2884 haereticorum
3688 2832 4072 2889 intemeritatis

2487 2911 2836 2970 definitiones
2879 2918 3201 2974 concessit:
3259 2929 3531 2990 quotquot
3578 2934 3757 2977 autem
3808 2925 4071 2981 clericiet

2488 3004 2611 3060 laici
2646 3005 2887 3077 Byzantii
2911 3018 3068 3063 erant
3096 3051 3109 3075 ,
3150 3012 3293 3079 apud
3347 3011 3611 3068 Severum
3641 3024 3693 3069 et
3740 3014 4071 3074 Manichreos

2487 3094 2804 3152 Orientales
2831 3098 3119 3154 haereticos
3140 3102 3426 3167 vacabant,
3450 3114 3643 3157 contra
3678 3104 4062 3161 Macedoniam

796 3174 1158 3231 collaudatus.
1197 3175 1310 3231 Hoc
1335 3192 1515 3233 autem
1546 3190 1600 3235 et
1625 3182 1679 3235 in
1703 3184 1894 3252 egenis
1916 3186 2204 3258 sacrilegis
2235 3189 2372 3259 egit.
2405 3210 2447 3266 ο
2485 3196 2817 3259 satagentes.
2866 3190 3040 3246 Porro
3079 3191 3272 3248 deiferi
3334 3197 3589 3250 monachi
3625 3237 3638 3257 ,
3686 3198 3777 3267 qui
3819 3200 3867 3252 in
3903 3198 4069 3253 Palae-

869 3264 1056 3319 Mundi
1108 3282 1252 3323 anno
1312 3269 1489 3337 6001,
1545 3273 1744 3328 divina:
1793 3274 2191 3334 incarnationis
2234 3296 2380 3336 anno

800 3357 929 3424 501,
976 3360 1301 3417 Anastasius
1357 3360 1657 3433 imperator
1718 3364 2040 3422 Flavianum
2088 3372 2382 3427 Antioche-

803 3466 932 3503 num
968 3452 1145 3523 coegit
1169 3454 1387 3510 enotico
1417 3456 1654 3512 Zenonis
1692 3458 2079 3529 subscribere;
2111 3464 2203 3534 qui
2238 3464 2379 3519 facta

802 3546 1014 3615 synodo
1110 3538 1529 3618 episcoporum’
1592 3552 2013 3623 subde-gentium
2126 3574 2379 3613 versuum

804 3641 1100 3694 multorum
1134 3643 1415 3711 epistolam
1441 3647 1685 3715 scripsit,
1730 3644 2029 3714 Nicaenam,
2065 3648 2383 3706 Constanti-

796 3730 1171 3798 nopolitanam
1238 3741 1292 3786 et
1368 3734 1698 3802 Ephesinatn
1754 3738 2023 3793 confitens
2102 3742 2378 3811 synodos,

802 3821 1303 3878 Chalcedonensem
1360 3833 1540 3881 autem
1584 3827 1775 3881 tacuit.
1811 3828 2145 3898 Reprobavit
2196 3834 2379 3889 autem

809 3912 1130 3978 Diodorum,
1193 3908 1441 3971 subdens
1498 3919 1736 3988 capitula
1789 3930 2062 3989 quatuor,
2119 3940 2215 3994 per
2262 3941 2381 3993 qua:

803 4023 927 4062 tum
959 3997 1397 4064 Chaicedonensi
1428 4021 1654 4080 apparet
1688 4028 1797 4069 non
1824 4027 2136 4070 consonare
2192 4018 2379 4072 conci-

804 4100 897 4163 lio,
932 4101 1167 4161 maxime
1190 4116 1386 4155 .vocem
1410 4102 1643 4156 duarum
1676 4096 1999 4160 naturarum
2026 4108 2377 4177 impugnans.

752 4181 762 4194 “
804 4192 973 4245 Aiunt
1004 4201 1263 4261 prazterea
1302 4194 1524 4264 quidam
1558 4196 1673 4250 lure
1696 4198 1879 4252 Acacii
1922 4199 2382 4270 Constantinopo-

805 4281 919 4335 leos
976 4296 1118 4335 esse.
1174 4281 1343 4337 Porro
1400 4282 1695 4340 Flavianus
1769 4296 2039 4343 secretam
2090 4291 2378 4362 epistolam

804 4371 1030 4441 scripsit
1056 4372 1368 4436 Anastasio,
1392 4374 1749 4462 idteptionem
1768 4379 1889 4447 ejus
1918 4389 2181 4437 sectatus.
2214 4383 2381 4438 Simi-

802 4464 927 4518 liter
968 4461 1204 4518 Xenaias
1234 4466 1455 4535 impius,
1494 4461 1589 4537 qui
1626 4477 1679 4522 et
1711 4483 2147 4542 praesumptuose
2182 4464 2380 4544 gerens

803 4555 1012 4609 addidit
1060 4556 1148 4611 his
1205 4558 1459 4625 capitulis
1507 4562 1794 4615 anathema
1847 4574 2037 4618 contra
2093 4547 2455 4624 divinissi-D

803 4662 950 4701 mum
978 4646 1216 4702 Leonem
1277 4648 1581 4705 llomanum
1613 4662 1669 4707 et
1699 4657 1967 4725 synodum
2012 4673 2076 4713 ac
2108 4659 2214 4715 illis
2245 4676 2376 4715 con-

801 4739 1127 4795 sentientes.
1162 4742 1230 4796 At
1260 4758 1389 4798 vero
1419 4743 1832 4802 Constantinus
1859 4748 2156 4819 episcopus
2189 4751 2377 4807 Seleu-

800 4838 899 4887 ciae
957 4834 1463 4891 Chalcedonensem
1521 4838 1789 4907 synodum
1853 4843 2374 4899 anathematizabat.

800 4924 974 4980 Porro
1013 4926 1306 4985 Flavianus
1340 4938 1399 4983 ttt
1460 4930 1731 5001 derogans
1768 4934 1991 5003 scripsit
2033 4935 2373 5006 imperatori,

801 5018 1054 5075 indicans
1117 5021 1253 5076 haec.
1308 5020 1613 5093 imperator
1664 5034 1846 5080 autem
1904 5027 2224 5098 indignatus
2294 5040 2379 5085 est

802 5111 1071 5168 adversus
1100 5128 1247 5178 eum,
1304 5114 1721 5171 Constantinum
1782 5118 1963 5188 potius
2012 5129 2067 5174 et
2115 5107 2376 5175 Xeuaiatn

802 5200 1133 5269 suscipiens.
1169 5195 1332 5257 licita:
1380 5220 1510 5259 vero
1558 5206 1821 5277 episcopo
1877 5207 2377 5279 Hierosolymitano

804 5294 1025 5362 scripsit
1060 5295 1384 5350 Anastasius
1404 5297 1605 5367 jubens
1652 5310 1844 5353 contra
1876 5301 2375 5359 Chalcedonensem

804 5385 1098 5442 decernere
1121 5388 1429 5458 synodum;
1456 5390 1547 5459 qui
1577 5392 1864 5462 rescripsit
1897 5394 2212 5464 imperatori
2245 5412 2377 5450 ana-

804 5476 1169 5532 thetnatizans
1196 5476 1532 5545 Nestorium,
1564 5479 1847 5553 Eutychen
1869 5493 2034 5554 atque
2056 5485 2376 5552 Diodorum,

804 5574 857 5619 et
927 5567 1219 5622 concilium
1296 5567 1742 5627 Chalcedonense
1806 5576 2098 5643 recipiens.
2169 5576 2374 5634 Interea

807 5658 1058 5711 monachi
1115 5659 1339 5729 quidam
1391 5662 1630 5718 ha:rctici
1684 5668 1929 5728 ducenti,
1977 5669 2260 5725 venientes
2312 5671 2378 5725 ab

803 5750 1024 5804 (Dricnte
1067 5750 1385 5821 Byzantium
1419 5772 1526 5810 una
1563 5772 1686 5811 cum
1718 5758 1921 5817 Severo
1955 5762 2120 5831 impio
2143 5803 2156 5825 ,
2186 5771 2375 5817 contra

809 5842 1180 5900 llaccdonium
1247 5858 1404 5918 atque
1468 5853 1756 5908 concilium
1804 5854 2203 5912 'dcccrtahant.
2268 5856 2413 5932 lic-3.

2484 3280 2627 3335 stina
2659 3290 2837 3347 erant,
2864 3282 3049 3336 divina
3082 3284 3210 3338 moti
3248 3286 3596 3343 aemulatione
3628 3304 3826 3344 venere
3860 3289 4069 3360 Byran—

2485 3372 2616 3424 tium
2648 3381 2841 3425 contra
2894 3373 3160 3429 Severum
3206 3386 3259 3430 et
3322 3379 3624 3435 monachos
3677 3382 3769 3450 qui
3822 3396 3943 3435 cum
3998 3397 4064 3437 eo

2482 3473 2659 3516 crant.
2713 3463 3021 3519 Dorotheus
3066 3475 3247 3522 autem
3296 3470 3604 3524 monachus
3662 3472 4069 3528 Alexandrinus

2483 3537 2783 3608 multorum
2850 3572 3110 3611 versuum
3160 3558 3363 3614 librum
3399 3561 3569 3615 edidit
3616 3563 4067 3631 praChalccdn-

2484 3646 2638 3699 nensi
2695 3648 2953 3711 concilio,
3011 3663 3175 3717 quem
3218 3650 3367 3705 dedit
3395 3651 3603 3722 Magnae
3657 3656 3815 3707 uxori
3880 3654 4072 3711 fratris

2482 3739 2784 3804 Anastasii,
2814 3753 2939 3792 cum
2968 3748 3118 3795 esset
3150 3739 3519 3795 orthodoxus.
3566 3742 3682 3812 Ipsa
3721 3759 3851 3796 vero
3914 3745 4064 3796 Ana-

2454 3829 2656 3884 ‘stasio
2680 3829 2875 3883 librum
2919 3830 3140 3895 obtulit,
3163 3847 3389 3901 sperans
3435 3848 3531 3903 per
3558 3835 3725 3889 ‘hunc
3778 3852 3898 3889 eum
3948 3836 4067 3919 fore

2484 3920 2845 3987 mutandum;
2886 3936 3047 3990 quem
3111 3936 3234 3975 cum
3280 3923 3503 3992 legisset
3531 3933 3581 3978 et
3643 3936 3837 3995 praeter
3877 3937 4067 3979 votum

2483 4025 2644 4066 suum
2669 4026 2791 4066 esse
2822 4012 3138 4081 reperisset,
3180 4012 3512 4069 Dorotheum
3543 4016 3681 4085 apud
3711 4014 3875 4070 Oasiu
3913 4018 4068 4069 exsi-

2483 4104 2556 4160 lio
2586 4105 2827 4159 destinat
2865 4114 2919 4160 et
2949 4105 3153 4160 librum
3184 4121 3283 4176 pro
3337 4108 3509 4163 nihilo
3559 4108 3727 4168 ducit.
3780 4124 3843 4162 eo
3913 4110 4061 4178 quod

2482 4197 2892 4266 superscriptus
2939 4206 3086 4252 esset
3129 4196 3441 4268 Tragoedia,
3508 4199 3558 4252 id
3598 4212 3680 4253 e-t
3708 4241 3720 4262 ,
3777 4200 4061 4269 prophetia

2483 4288 2741 4343 instantis
2772 4288 3207 4349 constitutionis.
3266 4291 3730 4359 quemadmodum
3786 4307 3812 4358 a
3862 4307 4065 4361 magno

2482 4378 2682 4434 Basilio
2704 4379 2859 4433 aiunt
2895 4378 3067 4434 fuisse
3099 4380 3306 4435 dictum
3336 4390 3527 4434 contra
3553 4379 3849 4434 lulianum.
3882 4378 4060 4435 Mace-

2482 4460 2685 4527 donius
2715 4481 2899 4527 autem
2954 4471 3272 4527 Flavianum
3327 4474 3736 4527 Antiochenum
3787 4482 3837 4527 et
3871 4474 4063 4527 omnes

2481 4564 2572 4633 qui
2633 4572 3027 4632 prrcsumerent
3083 4563 3269 4619 dicere
3295 4563 3426 4633 quid
3492 4564 3755 4618 adversus
3787 4564 4057 4633 synodum

2480 4656 2987 4719 anathematizavit,
3027 4666 3080 4710 et
3113 4640 3503 4724 apocrisiarius
3558 4655 3801 4710 Flaviani
3834 4656 4058 4710 venien-

2480 4755 2562 4801 tes
2584 4747 2650 4800 ad
2679 4764 2737 4803 se
2770 4758 2993 4817 propter
3022 4748 3289 4816 quasdam
3325 4749 3680 4802 necessitates
3730 4749 4058 4802 anathema-

2481 4840 2666 4894 tizavit
2720 4850 2773 4895 et
2834 4842 3113 4895 insecutus
3150 4848 3253 4893 est.
3314 4838 3586 4895 Vicesimo
3649 4856 3781 4894 sane
3845 4841 4058 4907 imperii

2479 4934 2753 4988 Anastasii
2776 4948 2920 4987 anno
2951 4934 3192 5004 synodus
3226 4932 3366 5002 apud
3413 4933 3667 4986 Sidonem
3695 4944 4053 5001 przeparatur.

2479 5025 2796 5080 Soterichus
2827 5027 2973 5081 enim
3020 5026 3311 5096 episcopus
3338 5024 3597 5080 Caesarea:
3646 5024 4001 5094 Cappadociae
4025 5039 4056 5077 a

2481 5118 2797 5173 Macedonio
2852 5119 3262 5174 consecrandus
3295 5134 3352 5173 se
3413 5118 3465 5172 in
3502 5118 3719 5187 scriptis
3770 5116 4055 5188 professus

2480 5218 2563 5265 est
2594 5209 2847 5280 dogmata
2875 5210 3340 5265 Chalcedonensis
3386 5210 3577 5280 synodi
3628 5219 3814 5279 utpote
3862 5208 4056 5263 delini-

2479 5304 2681 5358 tionem
2715 5303 2835 5358 fidei
2865 5314 3228 5372 recepturum.
3256 5302 3383 5357 Post
3421 5304 3533 5357 haec
3563 5313 3741 5357 tamen
3780 5303 3912 5355 adeo
3969 5303 4054 5355 fa-

2480 5399 2602 5445 ctus
2627 5398 2709 5444 est
2743 5392 2915 5445 hostis
2948 5400 3006 5444 ut
3038 5392 3174 5444 mori
3209 5392 3346 5444 velle
3382 5402 3696 5445 cerneretur
3738 5392 3788 5444 in
3829 5392 4053 5445 Urieute

2479 5498 2603 5537 cum
2659 5483 2862 5536 Xenaia
2916 5484 3155 5548 loculus,
3210 5492 3263 5537 et
3310 5483 3468 5537 ambo
3527 5499 3623 5551 pro
3654 5485 3859 5553 synolo
3908 5486 4051 5553 apud

2484 5577 2739 5632 Sidouem
2768 5576 3045 5630 efﬁcienda
3076 5576 3457 5645 imperatorem
3478 5576 3771 5642 .petiissent
3801 5576 3849 5628 in
3876 5578 4053 5629 omni-

2484 5667 3049 5739 modatnejectionem
3086 5666 3259 5721 sancti
3293 5665 3756 5721 Chalcedonensis
3793 5668 4005 5721 concilii
4036 5687 4049 5730 ;

2482 5746 2617 5835 qua!
2637 5770 2838 5817 statuta
2869 5763 3134 5815 maturius
3165 5760 3430 5815 dissoluta
3479 5768 3579 5819 est.
3621 5760 3943 5829 imperatore
3980 5766 4047 5815 ad

2483 5856 2581 5911 hcc
2647 5855 2961 5925 Eutropium
3005 5854 3282 5907 tribunum
3341 5842 3605 5931 miti-ius".
3650 5852 3736 5918 qui
3787 5864 3829 5907 (ι
3870 5857 4047 5905 «li-se-
