4440 6446
375 423 511 485 1245

1157 424 1521 485 HISTORIA
1553 428 2127 493 ECCLESIASTICA
2167 435 2269 494 EX
2307 436 2787 497 ΤΗΕΟΡΗΑΝΕ.

3508 436 3645 499 1246

371 543 481 596 luta
508 558 568 595 ea
618 542 729 611 egit
785 551 841 594 ut
904 540 1202 596 Flavianus
1255 543 1635 600 Antiochenus
1684 556 1737 600 et
1775 545 1955 604 llelias
1984 570 2030 628 Α
2060 549 2509 606 declamatorium
2540 566 2873 614 sermonem,
2900 552 3043 621 quod
3073 550 3374 620 susciperet
3399 561 3647 606 sanctam

372 632 915 702 Hierosolymitanus
954 648 1060 687 una
1092 648 1219 687 cum
1254 636 1529 704 episcopis
1570 638 1689 691 suis
1724 640 1955 708 impera-

370 728 495 789 tori,
524 741 647 794 quze
678 727 818 794 apud
854 725 1137 779 Sidoniam
1174 735 1327 796 gesta
1355 727 1595 793 fuerant,
1628 732 1955 787 scriberent.

370 819 663 875 Flavianus
699 835 830 874 vero
862 830 973 874 tres
1010 821 1393 875 tantunuuodo
1427 826 1666 892 synodos
1701 834 1751 879 ct
1784 824 1961 880 Zeno-

372 913 455 966 nis
491 913 743 965 exoticon
775 927 834 966 se
884 912 1163 981 suscipere
1198 914 1442 982 scripsit,
1493 914 1960 973 Chalcedonensis

371 1004 701 1058 intentionem
733 1018 843 1057 non
874 1002 1099 1057 faciens.
1135 1004 1315 1058 llelias
1374 1021 1593 1075 quoque
1642 1006 1959 1080 Hierosoly-

372 1097 611 1150 mitanus
631 1095 791 1150 etiam
824 1094 1326 1151 Chalcedoneusem
1359 1112 1418 1152 se
1449 1099 1672 1168 scripsit
1702 1100 1957 1168 abjicere.

373 1190 698 1245 Soterichus
734 1199 915 1244 autem
972 1190 1329 1245 Caesariensis
1354 1203 1407 1243 et
1464 1189 1698 1246 Xeuaias
1768 1202 1960 1247 contra

371 1282 685 1338 Flavianum
711 1293 765 1338 et
792 1283 1001 1337 Heliam
1023 1293 1418 1354 suggesserunt
1444 1284 1779 1353 imperatori,
1811 1285 1957 1355 quod

376 1392 472 1446 pro
490 1393 555 1433 eo
570 1378 714 1447 quod
737 1384 962 1432 nossent
979 1390 1237 1446 expresse
1251 1384 1439 1431 contra
1455 1377 1722 1445 synodum
1741 1376 1959 1432 Chalce-

370 1471 667 1525 donensem
693 1469 1020 1523 sententiam
1044 1466 1588 1533 ferre,convenerunt
1604 1468 1671 1522 ad
1697 1468 1955 1524 invicem.

371 1562 699 1617 Anastasius
729 1570 912 1616 autem
944 1562 1119 1617 iratus
1163 1561 1411 1615 incitavit
1453 1562 1753 1617 monachos
1784 1577 1955 1631 quos-

372 1654 496 1707 dam
524 1652 692 1709 falsos
723 1654 1015 1708 convenire
1044 1651 1189 1723 apud
1218 1653 1563 1707 Antiochiam
1607 1661 1660 1708 et
1697 1654 1960 1709 adversus

374 1746 695 1799 Flavianum
738 1747 1047 1815 insurgere,
1081 1753 1330 1816 petentes
1362 1761 1486 1800 eum
1513 1746 1958 1803 Chalcedonense

373 1838 842 1893 anathematizare
870 1839 1167 1893 concilium
1200 1848 1253 1894 et
1289 1838 1585 1894 Diodorum
1620 1846 1674 1893 et
1698 1838 1957 1895 Theodo-

2064 642 2570 698 Chalcedonensem
2634 645 2925 715 synodum,
2974 658 3176 713 eosque
3224 646 3315 713 qui
3368 644 3505 697 hanc
3536 660 3645 697 non

2064 737 2431 807 susciperent,
2471 737 2757 791 haereticos
2780 736 3038 800 haberet;
3087 745 3141 789 et
3171 737 3648 789 eonmtinistrave-

2064 839 2194 883 runt
2269 831 2340 883 ei.
2396 827 2704 897 imperator
2747 838 2927 882 autem
2998 828 3314 883 uulneribus
3376 829 3652 897 persuasit

2065 922 2457 976 consentaneis
2499 922 2697 991 ipsius,
2728 921 2945 976 clericis
2990 922 3199 997 scilicet
3244 928 3295 973 et
3345 920 3646 980 monachis.

2064 1014 2231 1067 alium
2266 1016 2583 1083 episcopum
2620 1013 2888 1083 eligendi;
2929 1013 3075 1081 quod
3133 1021 3187 1065 et
3241 1009 3545 1065 Areadnem
3597 1022 3651 1065 ct

2064 1121 2293 1176 magnos
2327 1121 2392 1159 ex
2443 1105 2798 1160 senatoribus
2848 1104 3253 1158 contristabat:
3317 1102 3650 1170 diligebatur

2063 1201 2207 1254 enim
2241 1197 2592 1253 Macedonius
2632 1205 2855 1266 propter
2914 1200 3036 1248 vita:
3068 1195 3392 1249 munditiam
3450 1202 3505 1247 et
3555 1195 3653 1247 do-

2063 1300 2303 1356 gmatum
2338 1286 2740 1351 rectitudinem,
2766 1286 2891 1338 licet
2919 1285 3181 1352 deceptus
3216 1284 3405 1337 fuerit.
3439 1284 3652 1337 lustru-

2073 1380 2154 1433 xit
2177 1392 2357 1433 autem
2390 1379 2691 1447 imperator
2721 1379 2856 1433 duos
2887 1378 3153 1446 quosdam
3218 1392 3449 1447 nequam
3483 1393 3649 1432 accu-

2064 1484 2187 1524 sare
2264 1468 2641 1523 Macedoniqu
2715 1469 2872 1537 quasi
2968 1483 3263 1537 puerorum
3349 1477 3649 1522 amatorem

2065 1561 2269 1629 pariter
2308 1568 2361 1615 et
2398 1560 2718 1614 limreticutn
2753 1600 2768 1625 ,
2799 1568 2851 1613 et
2885 1559 3001 1613 haec
3030 1560 3310 1631 porrigere
3344 1561 3397 1613 in
3426 1562 3646 1630 scriptis

2062 1652 2317 1723 praefecto
2352 1664 2406 1708 et
2448 1653 2731 1722 magistro.
2771 1649 3035 1705 Similiter
3079 1664 3258 1705 autem
3294 1663 3484 1706 contra
3523 1668 3651 1722 prc-

2065 1746 2320 1816 sbyteros
2346 1744 2676 1799 etdiaconos
2697 1743 3054 1798 orthodosos.
3082 1740 3255 1799 Jussit
3282 1754 3463 1798 autem
3490 1745 3645 1798 Cele-

2070 1855 2182 1893 rem
2239 1839 2563 1907 magistrum
2622 1837 2894 1904 deponere
2947 1836 3211 1891 violenter
3256 1853 3379 1891 eum
3422 1837 3492 1890 ab
3535 1837 3653 1905 epi-

374 1946 491 1983 rum
516 1937 569 1985 et
604 1930 749 1985 Ibam
771 1938 825 1986 et
850 1929 1286 1997 Theodoretum;
1320 1931 1466 2001 quod
1489 1939 1542 1986 ct
1570 1930 1699 1988 fecit
1738 1935 1968 2003 pusilla-
2000 1928 2048 1987 B
2076 1935 2288 2006 scopio,
2318 1937 2589 1989 clamante
2609 1932 2925 1988 Macedonio
2948 1948 3004 1987 se
3039 1940 3286 2001 prompte
3324 1931 3655 2003 respondere

374 2026 554 2077 nimus
586 2022 765 2078 factus
803 2021 1122 2087 Flavianus,
1164 2033 1219 2077 et
1282 2031 1474 2078 contra
1532 2024 1835 2080 Ecclesiam
1868 2040 1964 2081 eos

379 2117 867 2171 anathematizavit
930 2131 1038 2171 una
1087 2132 1211 2171 cum
1275 2118 1506 2187 synodo.
1562 2115 1766 2172 Eodem
1820 2133 1965 2172 anno

373 2220 565 2263 contra
594 2209 967 2264 Macedoniam
1002 2210 1307 2279 imperator
1341 2210 1568 2279 agebat;
1613 2222 1668 2265 et
1699 2212 1966 2267 schisma-

373 2305 464 2358 tici
496 2319 619 2358 etnn
644 2304 938 2359 conductis
963 2305 1173 2370 turbis,
1231 2305 1285 2357 in
1321 2305 1664 2373 Arrhangelo
1695 2306 1876 2373 palatii
1911 2317 1962 2361 et

378 2397 428 2447 in
461 2396 648 2466 Magna
693 2398 927 2450 ecclesia
954 2398 1257 2466 psallentes
1286 2398 1339 2450 in
1381 2396 1660 2450 Dominica
1685 2397 1772 2451 die
1802 2398 1966 2452 trisa-

372 2491 496 2555 gion
535 2530 549 2548 ,
591 2488 865 2543 addebant
919 2492 970 2543 in
1022 2504 1122 2543 eo:
1186 2490 1291 2555 Qui
1324 2490 1617 2558 crucifixus
1670 2506 1723 2543 es
1755 2496 1964 2557 propter

381 2598 496 2644 nos,
529 2582 603 2635 ita
637 2592 691 2635 ιιι
718 2582 1008 2639 orthodoxi
1043 2599 1105 2636 ex
1141 2582 1472 2637 necessitate
1498 2597 1621 2635 cum
1662 2581 1839 2650 plagis
1866 2596 1960 2635 eos

376 2674 814 2742 insequerentur.
900 2673 1203 2742 Imperator
1278 2689 1407 2727 vero
1494 2673 1782 2726 manifeste
1865 2688 1961 2741 per

374 2766 753 2820 schismaticos
811 2767 1113 2820 monachos
1170 2776 1222 2819 et
1274 2766 1508 2819 clericos
1571 2762 1625 2817 et
1684 2763 1961 2819 Iulianum

378 2859 552 2911 tiaris:
584 2866 735 2923 tunc,
777 2858 973 2912 deinde
1025 2873 1156 2912 vero
1200 2856 1569 2911 Halicarnassi
1620 2857 1961 2926 episcopum,

381 2959 433 3003 et
489 2948 750 3003 Severum
791 2950 1136 3019 episcopum,
1183 2948 1363 3003 adhuc
1391 2949 1742 3013 monaclmm,
1787 2949 1964 3018 impu-

374 3040 573 3108 gnabat
624 3037 1000 3095 Macedoniam
1031 3082 1045 3105 ,
1111 3039 1364 3109 turpibus
1401 3055 1525 3094 eum
1575 3040 1793 3109 publice
1827 3038 1963 3094 sub-

373 3132 598 3186 mittens
634 3132 873 3199 injuriis.
921 3131 1302 3187 Multitudines
1335 3138 1519 3185 autem
1562 3146 1687 3185 cum
1724 3131 1965 3186 iutilieri-

375 3224 476 3277 hos
511 3235 564 3277 et
593 3225 779 3279 liberis
825 3224 1224 3294 ahbatibusque
1278 3223 1715 3279 orthodoxorum
1765 3238 1956 3277 mona-

373 3315 602 3369 chorum
634 3324 978 3386 congregata:
1000 3315 1314 3369 clamabant
1346 3333 1358 3368 :
1400 3314 1625 3383 Tempus
1678 3315 1952 3383 martyrii,

376 3406 667 3462 Christiani
700 3424 720 3462 :
786 3425 847 3461 ne
916 3409 1346 3477 derelinquamus
1420 3404 1640 3460 Patrem
1689 3416 1954 3470 nostrum,

382 3500 602 3569 injuriis
658 3500 929 3555 lacessere
966 3501 1356 3567 imperatorem
1393 3505 1706 3566 satagentes
1742 3509 1802 3552 ut
1839 3498 1958 3552 Ma-

381 3593 649 3646 uiehazum
683 3602 738 3647 et
768 3593 1052 3661 indignum
1088 3592 1356 3661 imperio;
1383 3592 1747 3659 quipnetuens
1765 3592 1961 3646 clausit

377 3688 516 3739 ostia
548 3686 755 3755 palatii,
816 3696 871 3738 et
904 3701 1071 3741 naves
1119 3687 1449 3755 praeparavit
1477 3685 1543 3737 ad
1602 3683 1948 3755 fugiendum.

381 3777 750 3831 Macedoniam
781 3787 982 3838 autem,
1030 3778 1097 3831 de
1136 3792 1245 3846 quo
1272 3776 1683 3846 juravcratnon
1734 3792 1793 3831 se
1822 3776 1960 3830 ultra

380 3870 652 3931 visurum,
693 3878 824 3923 tunc
867 3868 1095 3938 rogabat
1140 3866 1343 3933 videre,
1398 3867 1785 3921 multitudines
1847 3881 1962 3920 me-

380 3972 556 4014 tuens.
578 3958 690 4014 Hoc
720 3960 924 4015 interea
960 3960 1208 4013 veniente
1230 3957 1295 4010 ad
1323 3973 1471 4022 eum,
1507 3958 1741 4026 populus
1791 3957 1962 4027 begu-

382 4052 555 4107 meuis
602 4063 657 4107 et
692 4052 973 4107 monachis
1032 4051 1442 4121 protestabatur
1466 4051 1695 4106 dicens:
1748 4050 1961 4104 Patrem

381 4155 614 4197 nostrum
679 4145 928 4197 habemus
984 4161 1017 4197 a
1083 4142 1247 4196 vobis.
1291 4143 1505 4196 Schola:
1564 4158 1694 4197 vero
1746 4142 1958 4197 laudent

378 4235 632 4290 ducebant
689 4236 760 4300 ei,
804 4251 929 4288 eum
960 4234 1242 4288 transiret.
1295 4233 1588 4303 Ingressus
1644 4244 1829 4287 autem
1893 4234 1959 4287 ad

379 4329 725 4381 Anastasium
766 4328 947 4398 arguit
987 4342 1109 4381 eum
1156 4336 1213 4380 ut
1272 4326 1480 4381 hostem
1536 4326 1821 4390 Ecclesiae;
1869 4325 1961 4394 qui

380 4419 670 4472 simulatus
700 4427 783 4472 est
816 4420 864 4471 ei
897 4418 964 4471 ad
1026 4419 1216 4471 horam
1247 4418 1411 4471 uniri.
1439 4415 1641 4470 Verum
1696 4416 1949 4486 sequenti

381 4525 524 4564 anno
573 4510 1111 4579 decepitimperator
1162 4507 1541 4561 Macedoniam
1601 4524 1695 4577 per
1715 4508 1959 4563 Celerem

2074 2044 2184 2085 non
2212 2031 2389 2084 solum
2422 2030 2475 2083 in
2508 2029 2786 2099 praetorio,
2816 2030 2914 2084 sed
2946 2030 3109 2084 etiam
3136 2033 3188 2083 in
3236 2029 3475 2085 theatro.
3503 2027 3650 2082 Multi

2068 2138 2197 2179 vero
2222 2124 2545 2177 elerieomm
2580 2123 2633 2177 in
2661 2138 2911 2178 carceres
2940 2122 3095 2176 missi
3124 2131 3252 2176 sunt
3289 2140 3301 2174 :
3338 2124 3428 2191 qui
3456 2130 3636 2175 autem

2069 2216 2254 2282 fugere
2302 2223 2615 2286 potuerunt,
2648 2217 2788 2286 apud
2814 2215 3040 2270 Romam
3076 2224 3129 2270 ct
3162 2214 3477 2271 Phrenicem
3526 2223 3655 2267 sunt

2078 2308 2335 2378 dispersi.

2142 2400 2317 2455 Porro
2369 2400 2571 2470 impius
2624 2401 2919 2470 imperator
2974 2400 3344 2455 authenticam
3403 2400 3654 2453 chartam

2068 2492 2535 2547 Chalcedonensis
2584 2492 2800 2545 concilii
2846 2502 3125 2561 gestorum
3182 2506 3278 2561 per
3322 2491 3644 2558 magistrum

2066 2585 2316 2653 accipere
2358 2600 2385 2637 a
2419 2584 2736 2639 Macedonio
2765 2592 2819 2639 et
2855 2585 3166 2653 dirumpere
3193 2584 3499 2653 satagebat.
3534 2582 3649 2635 Ma-

2065 2678 2329 2732 cedonius
2373 2692 2502 2730 vero
2546 2678 2773 2747 signans
2837 2693 2960 2731 eam
3002 2692 3170 2745 super
3215 2676 3389 2728 altare
3436 2675 3653 2744 posuit:

2066 2785 2229 2840 quam
2265 2769 2600 2838 Caiopodius
2655 2769 2943 2823 eunuchus
3001 2780 3054 2823 et
3087 2782 3411 2822 (ecouomus
3453 2764 3657 2834 Magna:

2065 2860 2315 2915 ecclesiae
2377 2860 2525 2914 furto
2576 2860 2811 2914 ablatam
2867 2861 3179 2929 imperatori
3230 2859 3444 2912 detulit.
3499 2856 3655 2911 Tunc

2067 2950 2443 3005 Macedonimn
2504 2960 2665 3006 nocte
2725 2949 2968 3004 edocens
3027 2949 3323 3016 imperator
3380 2949 3654 3001 violenter

2064 3042 2471 3097 Chalcedonem
2506 3044 2679 3106 misit,
2704 3052 2757 3096 et
2786 3043 2909 3096 imle
2937 3042 3079 3111 apud
3112 3040 3429 3093 Euehaitcm
3453 3040 3657 3096 exsilio

2074 3136 2309 3206 relegari
2346 3135 2630 3205 prmeepit.
2654 3135 2789 3187 nihil
2812 3149 2999 3187 eorum
3026 3148 3148 3202 quae
3176 3130 3243 3185 de
3272 3147 3331 3186 se
3359 3130 3658 3200 objiciebat

2068 3242 2315 3297 quaerere
2346 3242 2539 3289 ausus,
2575 3237 2825 3280 metuens
2853 3223 3255 3278 multitudines.
3280 3220 3506 3277 Postera
3529 3238 3657 3275 vero

2063 3320 2150 3375 die
2216 3320 2467 3389 provehit
2534 3318 2853 3387 episcopum
2919 3316 3269 3370 Timotheum
3324 3314 3653 3383 quemdam,

2067 3413 2447 3483 presbyterum
2492 3420 2544 3465 et
2590 3426 2846 3465 vasorum
2900 3407 3182 3462 custodem
3240 3407 3507 3467 ecclesiae,
3557 3421 3657 3459 co-

2064 3511 2363 3574 gnomento
2394 3501 2748 3573 Lytrobulem
2779 3511 2833 3555 et
2854 3500 3109 3555 Gelonem
3142 3506 3367 3569 propter
3387 3497 3655 3567 quosdam

2066 3606 2223 3651 actus
2249 3596 2640 3651 convenientes
2658 3594 2974 3650 nominibus
2998 3609 3013 3657 ;
3043 3593 3135 3662 qui
3168 3593 3449 3662 ingressus
3477 3590 3655 3645 eccle-

2065 3690 2194 3753 sias,
2228 3689 2461 3755 primum
2497 3688 2763 3757 imagines
2807 3685 3111 3740 Macedonii
3144 3684 3475 3753 deponebat,
3508 3694 3561 3736 ct
3587 3682 3660 3736 ita

2066 3779 2304 3833 faciebat
2339 3778 2539 3833 missas
2574 3777 2710 3847 (20).
2748 3776 3015 3831 Joannem
3059 3790 3187 3830 vero
3226 3772 3658 3827 Alexandrinum

2071 3872 2128 3924 in
2182 3868 2460 3939 diplychis
2519 3866 2826 3931 ordinavit,
2876 3866 3035 3936 eique
3093 3866 3353 3936 synodica
3414 3862 3656 3932 scripsit.

2069 3961 2371 4032 Imperator
2402 3969 2582 4015 autem
2613 3960 2954 4029 perpendens
2988 3959 3134 4027 quod
3165 3959 3281 4011 sine
3311 3956 3660 4024 depositione

2067 4053 2442 4109 Macedoniam
2478 4062 2532 4107 et
2577 4054 2698 4107 sine
2745 4051 2956 4119 judicio
3009 4053 3061 4104 in
3102 4051 3355 4105 exsilium
3411 4047 3660 4115 miserit,

2067 4147 2237 4201 misso
2271 4147 2537 4212 magistro
2580 4144 2779 4199 sistere
2828 4144 2958 4196 fecit
2987 4158 3109 4197 eum
3148 4144 3289 4194 ultra
3321 4138 3658 4208 Claudiopo-

2066 4223 2159 4295 lim
2205 4239 2562 4303 Honoriadis;
2605 4239 2794 4307 sicque
2840 4238 2987 4289 illum
3024 4236 3301 4289 absentem
3341 4233 3651 4302 deponunt,

2066 4348 2189 4386 eum
2216 4332 2358 4386 idem
2380 4331 2483 4400 ipsi
2512 4328 2716 4383 fuerint
2738 4338 3112 4388 accusatores,
3136 4334 3305 4380 testes
3324 4332 3380 4379 et
3406 4324 3645 4392 iudices,

2066 4424 2365 4494 praesertim
2397 4438 2522 4477 cum
2553 4422 2663 4490 jam
2696 4431 2838 4476 esset
2868 4430 2995 4473 ante
3028 4418 3294 4486 judicium
3329 4418 3558 4486 pulsus,
3591 4422 3647 4469 et

2068 4532 2164 4586 per
2189 4515 2479 4585 episcopos
2502 4512 2722 4566 mittunt
2750 4512 3172 4580 depositionem,
3194 4518 3248 4563 et
3276 4510 3655 4578 presbyterum

382 4602 734 4669 magistrum,
789 4600 1271 4655 commonitorium
1305 4599 1417 4669 (l9)
1454 4599 1658 4653 faciens
1715 4600 1780 4651 ad
1810 4616 1957 4664 eunt,
1989 4616 2038 4673 ι)
2064 4609 2416 4678 Cyziccnum.
2468 4606 2577 4660 llos
2607 4620 2731 4658 cum
2764 4604 2993 4657 vidisset
3040 4601 3390 4654 Macedonius
3415 4640 3430 4661 ,
3475 4601 3655 4667 prius-
3705 4666 3712 4675 .

383 4692 436 4745 in
472 4707 581 4762 quo
609 4708 667 4748 se
692 4695 922 4763 primam
976 4693 1196 4762 quidem
1221 4700 1274 4747 et
1328 4694 1625 4747 secundam
1658 4695 1956 4749 conliteba-

383 4792 471 4835 tur
496 4785 775 4851 suscipere
797 4783 1087 4854 synodum,
1121 4784 1447 4853 Ephesinam
1496 4799 1628 4838 vero
1657 4794 1710 4838 ct
1732 4785 1959 4840 Chalce-

382 4875 677 4929 donensem
719 4876 968 4941 dimisit,
1000 4876 1145 4945 quod
1182 4877 1373 4945 ingens
1404 4874 1719 4930 Macedonio
1755 4876 1957 4945 vitupe-

387 4964 520 5017 riam
580 4966 785 5019 attulit.
842 4964 945 5020 Per
978 4966 1079 5019 hoc
1113 4966 1259 5020 enim
1306 4974 1361 5020 et
1411 4966 1664 5020 enoticon
1719 4964 1957 5021 Zenonis

384 5058 607 5126 recepit,
690 5058 777 5112 cui
817 5059 983 5112 etiam
1054 5058 1470 5113 consecrandus
1526 5058 1954 5129 subscripserat.

384 5146 647 5203 Praeterea
680 5146 1030 5202 Macedonius
1060 5149 1251 5203 abiens
1296 5149 1350 5201 in
1377 5149 1647 5204 Adalmati
1683 5159 1961 5205 monaste-

384 5241 525 5292 rium
556 5239 610 5293 in
642 5255 707 5294 eo
762 5240 980 5294 clericis
1024 5251 1078 5294 et
1130 5241 1413 5295 mooachis
1451 5241 1805 5306 zelatoribus,
1866 5240 1959 5310 qui

384 5330 455 5383 ob
494 5331 546 5383 id
583 5331 937 5385 scandalizati
996 5332 1233 5396 fuerant,
1262 5333 1529 5386 rationem
1589 5332 1822 5386 reddidit
1864 5348 1960 5401 per

2064 4716 2229 4771 quam
2254 4716 2377 4754 enm
2409 4700 2519 4755 illis
2547 4701 2889 4767 loqueretur,
2924 4697 3294 4765 interrogabat
3325 4697 3368 4748 si
3408 4696 3655 4762 suscipe-

2063 4800 2186 4847 rent
2216 4790 2486 4862 synodam
2512 4790 3011 4844 Chalcedoneusem
3038 4807 3051 4854 ;
3086 4790 3283 4857 quibus
3310 4788 3651 4842 dicentibus:

2068 4902 2087 4935 ‹
2124 4884 2255 4949 Quis
2290 4884 2427 4937 enim
2468 4882 2573 4935 es?
2612 4902 2630 4933 ι
2672 4881 2826 4935 Tunc
2859 4883 2976 4950 ipse
3004 4882 3077 4933 ait
3111 4901 3123 4935 :
3165 4902 3182 4931 ι
3220 4880 3279 4934 Si
3366 4880 3661 4934 Sabbutian

2062 4977 2138 5030 vel
2172 4974 2549 5029 .‘Iacedouiani
2579 4974 2843 5043 deferrent
2877 4975 3004 5025 mihi
3028 4974 3432 5040 depositionem,
3460 4987 3640 5023 conve-

2064 5077 2214 5119 nerat
2248 5081 2326 5117 me
2360 5064 2647 5128 suscipere.
2690 5063 2753 5115 Et
2791 5063 2863 5115 ila
2903 5061 3105 5122 reversi
3153 5070 3282 5115 sunt
3316 5060 3654 5124 inefficaces,

2066 5143 2317 5219 idemque
2376 5152 2625 5217 pervenit
2668 5149 2736 5203 ad
2822 5149 3167 5203 Euchaitem.
3222 5148 3374 5201 Tunc
3429 5156 3482 5201 et
3531 5148 3657 5201 Fla-

2067 5243 2284 5295 vianum
2321 5241 2615 5295 festinabat
2647 5236 2948 5311 imperator
2977 5257 3005 5293 a
3032 5240 3162 5294 sede.
3184 5239 3524 5293 Antiochcna
3551 5237 3654 5308 eji-

2069 5347 2214 5397 cere,
2248 5342 2301 5386 ct
2331 5349 2426 5401 pro
2464 5334 2554 5387 illo
2587 5332 2847 5387 Severum
2878 5332 3227 5386 manifestum
3256 5330 3502 5385 veritatis
3540 5329 3647 5383 itii-

1875 5445 2109 5501 ΝΟΤᾹΞ.

454 5534 564 5607 (19)
580 5534 1073 5593 Commonitorium.
1088 5538 1410 5593 Theodorus
1424 5537 1674 5592 Balsama
1706 5539 1768 5592 ad
1790 5554 1955 5608 syno-

382 5606 1017 5679 dumCarthaginensem
1049 5630 1059 5663 :
1088 5610 1501 5679 κομμονιτάριον
1522 5610 1639 5677 ἦττιι
1664 5610 1723 5660 τὸ
1752 5606 1953 5677 ἕγῇνραο

384 5695 484 5746 φςν
510 5678 829 5746 ὑπόμνημα.
865 5678 993 5731 Vide
1030 5682 1094 5733 ad
1131 5678 1339 5744 glossas
1364 5680 1745 5732 Basilicarum.
1783 5679 1946 5732 Fanu.

457 5748 566 5818 (21))
600 5726 851 5800 Faciebat
887 5750 1097 5811 missas,
1132 5736 1501 5818 έλειτούργει.
1534 5748 1677 5802 ldcnt
1713 5752 1777 5803 de
1820 5750 1947 5801 l'itis

389 5816 504 5869 PP.
547 5820 611 5877 in,
638 5818 1038 5873 Constantino:
1081 5841 1094 5869 ι
1139 5822 1331 5875 Missas
1364 5816 1683 5886 imperatori
1734 5821 1879 5873 fecit.
1931 5841 1943 5865 ι

390 5890 475 5942 Sic
511 5888 870 5961 loquebantur
902 5892 1144 5955 antiqui,
1180 5904 1231 5945 ut
1264 5898 1315 5945 ξι.
1355 5890 1663 5946 Bonifacius
1699 5893 1938 5957 arclurp.

2063 5538 2307 5605 Mogunt,
2326 5554 2411 5610 ep.
2434 5540 2520 5594 95.
2545 5538 2687 5593 Hist.
2708 5537 2941 5602 Tripart.
2968 5538 3232 5610 interpres
3251 5536 3285 5589 Ι.
3313 5552 3424 5610 ινει
3463 5536 3651 5610 Missas

2063 5610 2243 5663 facere
2292 5606 2655 5665 ill-Ct‘CiCSia.
2698 5630 2715 5662 ι
2750 5611 2814 5663 Ει
2856 5610 2890 5661 Ι.
2932 5624 2979 5659 \‘l
3014 5623 3027 5658 :
3059 5626 3075 5657 ι
3130 5606 3323 5661 Missas
3385 5608 3649 5661 facientes

2062 5696 2341 5737 seorsum,
2376 5700 2392 5731 ›
2418 5691 2491 5733 'et
2528 5681 2560 5733 Ι.
2593 5696 2661 5734 vn
2700 5697 2713 5732 :
2786 5698 2804 5729 ι
2840 5679 3096 5731 Seorsum
3154 5679 3347 5745 agebat
3377 5681 3591 5731 missas.
3623 5695 3643 5727 ι

2064 5753 2151 5803 Sic
2190 5753 2351 5804 etiam
2389 5752 2626 5818 loquitur
2654 5755 2687 5803 l.
2729 5766 2823 5813 xu,
2857 5766 2904 5801 c.
2946 5748 2979 5800 ἓ
3002 5764 3014 5809 ;
3041 5756 3093 5800 et
3120 5745 3473 5809 Flodoardns,
3502 5747 3646 5801 Hist.

2066 5819 2211 5871 lieni.
2260 5822 2292 5873 l.
2342 5839 2398 5875 ιι,
2438 5844 2482 5873 ι.
2535 5821 2611 5873 15.
2668 5823 2808 5873 ldcm
2856 5830 3035 5889 tzuuen
3077 5820 3347 5889 interpres
3387 5840 3401 5868 ι
3447 5820 3644 5877 minsas

2057 5892 2330 5948 ceiclnarc
2376 5912 2389 5942 ι
2429 5896 2580 5947 dixit.
2620 5893 2649 5945 Ι,
2700 5909 2749 5953 λ,
2790 5907 2832 5940 c.
2868 5890 2953 5941 ‘23.
2990 5886 3059 5938 In.
