4440 6446
777 423 911 488 1247

1874 430 2274 496 ANAS’I’ASII
2305 433 2938 500 BIBLIOTHECARII

3909 440 4050 508 1248

773 537 979 593 inicum
1015 537 1297 596 inducere.
1328 541 1720 614 Apposuerunt
1749 551 1934 604 autem
1957 548 2360 607 calumniantes
2389 551 2433 608 Α
2462 547 2644 605 aﬂ'eeit
2675 550 3046 618 Timotheum,
3089 559 3143 608 et
3181 551 3501 624 imperatori
3528 553 3671 625 quod
3707 554 3920 610 dixerat
3963 557 4046 610 in-

771 631 917 700 quod
946 648 1043 687 ore
1077 640 1287 688 tantum
1317 643 1372 691 et
1397 654 1505 693 non
1538 639 1702 695 corde
1735 642 2003 712 synodum
2035 645 2355 701 anathema-

771 725 1106 779 tizaveruut.
1152 725 1226 780 De
1253 736 1451 783 etelero
1481 735 1546 798 ζει
1573 732 1866 788 consilium
1901 746 2232 805 acceperunt
2260 735 2352 807 ju-

771 815 955 881 tlires,
1003 817 1094 886 qui
1137 819 1292 873 missi
1335 819 1554 875 fuerant
1589 822 1658 876 ab
1698 824 2064 893 imperatore,
2115 827 2351 897 pellendi

769 923 896 960 eum
928 917 984 963 et
1014 920 1238 981 propter
1269 912 1638 969 turbationem
1681 916 1957 971 modicum
2001 919 2349 987 removendi;

773 1014 885 1068 quo
922 1002 988 1055 ad
1027 1003 1288 1060 Platanos
1324 1021 1546 1076 egresso
1571 1008 1862 1065 confestim
1910 1011 2136 1082 impium
2181 1011 2352 1068 Seve-

771 1106 894 1145 rum
937 1095 1262 1160 constituit,
1309 1099 1402 1167 qui
1445 1109 1570 1155 ante
1602 1102 1908 1158 monachus
1941 1104 2120 1159 fuerat
2152 1107 2207 1160 in
2237 1122 2353 1160 mo-

771 1188 1016 1243 nasterio
1041 1189 1547 1257 s'ehismaticorum,
1571 1194 1727 1264 juxta
1751 1195 1986 1269 Majuma
2019 1197 2196 1255 Gazae.
2229 1200 2347 1256 Fla-

768 1279 993 1335 vianum
1037 1290 1220 1337 autem
1265 1287 1408 1354 apud
1453 1285 1644 1342 Petras
1678 1290 1876 1344 exsilio
1919 1291 2201 1364 relegavit.
2245 1294 2352 1350 Sed

769 1379 824 1426 et
865 1373 1006 1429 alios
1049 1377 1349 1431 nonnullos
1381 1378 1673 1450 episcopos
1705 1378 1901 1438 ferreis
1928 1383 2162 1440 vinculis
2204 1401 2353 1440 com-

771 1466 983 1534 peditos
1016 1483 1122 1522 una
1154 1484 1279 1523 cum
1319 1472 1659 1542 presbyteris
1691 1483 1746 1529 et
1776 1475 2120 1533 diaeonibus.
2168 1478 2354 1535 Helias

749 1570 901 1611 'vero
935 1557 1467 1631 llicrosolymitanus
1499 1564 1628 1619 dum
1667 1574 1954 1636 cogeretur
2004 1569 2072 1624 ab
2122 1570 2355 1640 impera-

769 1658 888 1704 tore
941 1661 1036 1705 aut
1084 1651 1287 1707 Severo
1335 1658 1747 1713 communicare
1786 1668 1881 1714 aut
1919 1661 1987 1715 ab
2031 1663 2350 1733 episcopatu

770 1744 981 1812 repelli,
1015 1748 1302 1802 monachis
1334 1751 1779 1808 confortantibus
1810 1754 1986 1818 illum,
2013 1737 2098 1810 ‘ab
2135 1760 2353 1827 episco-

771 1846 898 1902 patu
931 1838 1122 1909 projiei
1153 1841 1329 1912 magis
1361 1843 1546 1913 elegit,
1579 1853 1635 1902 et
1669 1859 2026 1904 consecratus
2055 1859 2139 1906 est
2167 1865 2264 1920 pro
2286 1868 2353 1907 eo

767 1928 1007 1984 Joannes
1036 1945 1100 1984 ex
1145 1935 1661 2005 staurophylaeibus
1692 1940 1938 2009 quidam,
1971 1943 2066 2011 qui
2105 1959 2348 2015 spopon-

768 2020 849 2074 dit
888 2020 1067 2078 faeere
1110 2041 1456 2098 quaecunque
1488 2031 1726 2089 vellent:
1762 2050 1952 2090 verum
1985 2048 2346 2096 consecratus

769 2107 1023 2166 neutrum
1076 2115 1225 2169 fecit.
1285 2117 1588 2188 Imperator
1642 2130 1823 2177 autem
1877 2128 2200 2182 Anastasius
2244 2147 2350 2184 una

768 2216 893 2254 eum
944 2199 1235 2258 Timotheo
1285 2206 1519 2261 scelesto
1567 2207 2181 2284 Constantinopolitano
2233 2219 2350 2288 epi-

769 2308 937 2363 seopo
967 2294 1139 2348 multa
1173 2296 1315 2350 mala
1345 2301 1634 2354 monachis
1668 2303 1888 2359 clericis
1921 2322 1981 2361 ae
2029 2309 2211 2377 laicis,
2257 2313 2350 2382 qui

768 2401 868 2453 pro
902 2385 1225 2443 Macedonio
1252 2404 1462 2461 proque
1493 2394 1703 2462 synodo
1733 2396 2064 2453 defensanda
2101 2418 2352 2471 perseve-

771 2479 985 2544 rabanl,
1009 2480 1274 2545 ostendit,
1307 2482 1380 2536 ita
1414 2493 1469 2537 ut
1496 2486 1638 2554 apud
1671 2486 1854 2542 Oasim
1887 2489 2182 2549 Thebaidis
2209 2497 2348 2550 mul-

770 2581 854 2625 tos
895 2571 1094 2626 exsilio
1137 2573 1426 2644 relegaret.
1475 2577 1577 2642 Qui
1618 2578 1943 2637 Timotheus
1996 2586 2258 2655 synodica
2301 2596 2353 2642 et

769 2667 1072 2722 Macedonii
1099 2662 1496 2739 depositionem
1534 2673 1878 2742 singularum
1908 2678 2188 2749 episcopis
2218 2681 2354 2736 civi-

769 2772 941 2815 tatum
979 2763 1043 2817 ad
1078 2764 1536 2820 subscribendum
1580 2769 1911 2834 transmisit,
1953 2787 2187 2840 quorum
2236 2775 2350 2840 alii,

771 2855 1023 2910 fortiores
1051 2855 1284 2921 scilicet,
1316 2857 1381 2910 ad
1417 2865 1712 2928 utrumque
1739 2856 2084 2928 restiterunt,
2112 2866 2202 2919 alii
2228 2882 2354 2922 vero

771 2945 1022 3015 utrisque
1075 2932 1367 3017 scripturis
1422 2949 1618 3004 timore
1672 2952 2022 3022 imperatoris
2078 2957 2352 3023 perterriti

769 3037 1237 3107 subscripserunt.
1279 3041 1454 3095 Porro
1484 3041 1649 3097 medii
1685 3042 2017 3114 depositioni
2052 3046 2352 3103 Macedonii

769 3145 880 3183 non
907 3129 1346 3196 subseribentes,
1379 3131 1655 3190 Timothei
1693 3136 1974 3206 synodieis
2010 3140 2355 3208 subscripse-

2459 641 2682 696 dicavit.
2731 645 2830 700 Ast
2873 645 3172 715 imperator
3214 646 3578 717 ignominiose
3621 662 3685 702 ac
3713 648 3830 703 dire
3861 647 4043 704 Timo-

2458 735 2643 791 theum
2687 735 2742 790 in
2780 736 2971 792 faciem
3014 740 3352 795 conveniens
3391 747 3681 810 negantem
3728 740 3959 801 invenit,
3995 747 4050 793 et

2456 845 2487 886 e
2533 841 2725 886 contra
2765 847 2862 886 eos
2899 833 3454 888 anathematizantem
3496 834 3587 902 qui
3631 832 4048 887 Chalcedonen-

2456 938 2572 978 sem
2607 923 2880 994 synodum
2930 927 3288 995 recepissent.
3329 923 3503 979 Porro
3539 923 3777 980 Joannes
3815 926 4048 980 Alexan-

2455 1014 2650 1069 drinus
2673 1014 2911 1069 inhibuit
2931 1014 3221 1086 [Egyptios
3254 1016 3554 1072 ascendere
3583 1014 4046 1086 l-lierosMymam,

2455 1115 2517 1162 ut
2567 1121 2676 1161 non
2718 1110 3195 1163 communicarent
3249 1109 3304 1163 in
3355 1111 3692 1166 exaltatione
3745 1111 4047 1166 Chalcedo-

2456 1199 2616 1254 nensi
2657 1199 2913 1254 concilio.
2951 1198 3240 1257 Terribilia
3277 1218 3408 1258 vero
3443 1196 3696 1274 quaedam
3728 1205 3796 1258 ab
3827 1203 3912 1258 his
3943 1205 4038 1274 qui

2455 1308 2484 1346 a
2542 1293 2816 1349 daemonio
2865 1296 3194 1350 tenebantur
3249 1296 3392 1352 facta
3451 1306 3583 1353 sunt
3646 1297 4046 1370 Hierosolymis

2456 1390 2612 1437 tunc.
2645 1384 2973 1440 Anastasius
3001 1387 3148 1442 enim
3175 1387 3404 1457 cupiens
3431 1388 3545 1443 fieri
3583 1387 3691 1443 dux
3721 1388 4043 1455 Palaestinae,

2455 1475 2733 1546 pollicitus
2768 1487 2850 1533 est
2885 1479 3240 1548 imperatori,
3281 1471 3384 1536 nisi
3425 1481 3783 1550 persuaderet
3821 1480 4043 1547 Joanni,

2457 1578 2582 1638 post
2615 1571 2825 1624 Heliam
2872 1571 3372 1642 llicrosolymitano
3410 1574 3696 1644 episcopo,
3736 1577 4045 1630 communi-

2456 1674 2584 1714 care
2625 1659 2850 1723 Severo,
2893 1661 3026 1714 dare
3075 1671 3351 1718 trecentas
3397 1664 3566 1719 libras
3617 1667 3759 1720 auri.
3808 1667 4044 1733 Accepto

2456 1768 2587 1808 vero
2627 1753 2939 1822 principatu
2978 1755 3127 1808 venit
3165 1753 3624 1826 Hierosolymam,
3663 1757 4043 1827 Joannemun

2458 1843 2562 1898 sibi
2595 1858 2702 1897 non
2744 1842 3089 1897 obedientem
3124 1845 3273 1899 misit
3320 1846 3371 1898 in
3414 1861 3710 1901 carcerem.
3750 1846 4043 1903 Zacharias

2429 1951 2588 2005 vero
2646 1935 2867 2005 quidem
2928 1936 3184 2005 princeps
3246 1935 3567 2013 Palaestinm,
3616 1936 3726 1991 Deo
3789 1939 4043 1992 amabilis

2453 2029 2560 2089 vir.
2603 2029 2879 2098 suggessit
2911 2028 3190 2097 episeopo,
3239 2028 3356 2082 zelo
3403 2028 3590 2082 divino
3633 2029 3854 2092 ductus,
3911 2029 4037 2082 duri

2456 2121 2873 2192 rcpromittendi
2908 2138 2966 2177 se
3001 2138 3121 2192 quae
3155 2122 3227 2175 illi
3267 2123 3548 2191 placerent
3581 2135 3853 2184 acturum,
3886 2123 4045 2175 dmu-

2455 2215 2620 2270 modo
2659 2216 3045 2270 restitueretur
3078 2216 3133 2269 in
3171 2215 3374 2269 throno
3416 2231 3554 2279 suo;
3599 2231 3808 2285 quose
3857 2215 4042 2269 absol-

2455 2317 2617 2362 vcnte
2647 2323 2709 2362 ac
2751 2309 3108 2371 restituente,
3147 2308 3396 2361 collectis
3429 2308 3715 2363 monachis
3747 2310 3799 2360 in
3837 2309 4042 2376 templo

2458 2399 2516 2454 S.
2555 2400 2813 2470 Stephani
2862 2401 3108 2454 ascendit
3156 2415 3321 2469 super
3363 2401 3673 2463 ambouem,
3723 2409 3774 2473 et
3815 2390 4042 2452 anathe-

2450 2486 2735 2546 inatizavit
2767 2491 3074 2547 Nestorium
3109 2502 3160 2546 et
3192 2491 3472 2560 Entyi-heu
3505 2502 3556 2545 et
3586 2491 3844 2546 Severum
3876 2502 4042 2560 atque

2459 2586 2754 2648 Soterium,
2785 2586 3151 2654 pronuntians
3186 2596 3404 2639 sanctas
3440 2595 3494 2639 et
3525 2585 3862 2637 universales
3902 2600 4038 2652 qua-

2457 2685 2582 2730 tuor
2619 2677 2877 2746 synodos.
2911 2675 3115 2728 Aderat
3145 2684 3326 2729 autem
3358 2684 3410 2729 ct
3442 2673 3711 2744 Hypatius
3745 2675 3887 2728 filius
3925 2675 4039 2728 fra-

2458 2769 2558 2823 tris
2597 2767 2960 2836 imperatoris,
2994 2783 3100 2820 non
3125 2768 3540 2821 comnmnicans
3563 2767 3789 2820 omnino
3814 2767 4042 2822 Severo.

2459 2859 2600 2923 llic,
2631 2875 2755 2912 cum
2796 2866 2925 2910 tunc
2967 2857 3398 2910 communicaret
3428 2854 3645 2919 Joanni,
3700 2845 3817 2909 auri
3878 2857 4046 2909 libras

2459 2961 2679 3007 centum
2714 2951 2865 3005 dedit
2907 2950 2964 3003 S.
2995 2949 3330 3013 Theodosio,
3361 2951 3452 3017 qui
3481 2960 3597 3003 erat
3625 2949 3894 3002 exat'chus
3929 2963 4044 3000 me-

2459 3045 2852 3108 nasteriorutn,
2903 3044 2968 3096 ad
3003 3041 3443 3096 distribuendum
3483 3041 3584 3096 has
3621 3040 3904 3094 monachis
3943 3042 4040 3109 qui

2458 3149 2621 3192 rectae
2675 3136 2795 3191 ﬁilci
2853 3145 3010 3190 erant
3061 3143 3114 3189 et
3152 3133 3619 3188 Chalcedonensis
3662 3133 3876 3188 concilii
3925 3134 4044 3186 zelo

771 3227 1109 3295 runt;quod
1156 3226 1208 3280 id
1237 3226 1413 3296 ipsum
1442 3235 1581 3294 erat,
1622 3230 1750 3284 licet
1780 3230 1863 3286 eis
1894 3232 2100 3288 distare
2128 3236 2346 3292 videre-
2382 3258 2425 3316 ο
2463 3227 2762 3283 fervebant.
2815 3223 3110 3294 Imperator
3157 3233 3338 3278 autem
3387 3223 3654 3292 quosdam
3720 3239 3784 3278 ex
3837 3223 4044 3292 princi-

769 3315 1134 3389 tur.l_V'olens
1178 3331 1311 3372 sane
1341 3316 1665 3374 Timotheus
1696 3320 1884 3376 Severi
1929 3337 2128 3378 nomen
2173 3327 2226 3380 in
2276 3327 2360 3382 di-

772 3409 986 3480 ptychis
1012 3409 1277 3465 ordinare
1297 3421 1350 3464 et
1367 3410 1610 3466 Flaviani
1638 3413 1858 3483 ejicere,
1883 3416 2199 3484 prohibitus
2226 3431 2310 3476 est
2331 3437 2360 3475 a

771 3503 1014 3572 populo:
1059 3503 1249 3560 Severi
1291 3517 1532 3575 namque
1567 3507 2012 3564 communionem
2036 3524 2231 3568 omnes
2267 3529 2362 3568 or-

769 3596 997 3653 thodoxi
1024 3592 1336 3666 fugiebant,
1357 3607 1413 3653 et
1435 3600 1674 3656 maxime
1696 3600 1949 3656 monachi
1971 3619 1987 3668 ;
2010 3604 2211 3672 quibus
2235 3619 2361 3660 cum

771 3687 1126 3743 multitudine
1157 3689 1494 3744 rusticorum
1530 3691 1740 3760 punitis
1772 3693 1971 3747 multos
2002 3694 2239 3761 occidit,
2278 3694 2361 3749 al-

773 3781 910 3836 taria
961 3781 1292 3838 subvertens
1330 3791 1384 3838 et
1432 3798 1592 3838 sacra
1640 3783 2079 3841 orthodoxorum
2119 3803 2251 3843 vasa
2299 3797 2359 3842 ut

777 3873 1086 3945 sacrilegus
1125 3872 1394 3930 conflans.
1426 3873 1646 3930 Juliana
1672 3891 1826 3942 vero,
1864 3878 2241 3934 illustrissima
2287 3878 2359 3933 fe-

771 3965 942 4031 mina,
971 3979 1092 4035 qum
1117 3966 1381 4034 templum
1430 3965 1521 4021 Dei
1555 3966 1856 4024 Genitricis
1884 3969 2025 4038 apud
2055 3968 2360 4024 Honoratas

772 4066 1181 4119 construxerat,
1213 4057 1373 4112 valde
1400 4073 1498 4127 pro
1537 4058 1974 4114 Cltateedonensi
2000 4063 2210 4130 synodo
2243 4068 2356 4116 sat-

773 4148 989 4227 agebat,
1038 4148 1109 4201 ita
1137 4158 1219 4224 'ut
1251 4149 1300 4202 ei
1353 4164 1452 4204 nec
1499 4150 1800 4219 imperator
1842 4152 2087 4221 quidem,
2157 4154 2357 4209 multas

774 4241 1035 4294 adversus
1061 4255 1181 4294 eam
1204 4243 1472 4297 versutias
1496 4243 1874 4310 adinveniens,
1897 4245 2188 4300 Timotheo
2210 4258 2362 4301 eom-

775 4333 1056 4414 municare
1086 4332 1421 4402 persuadere
1456 4334 1872 4414 valuerituSed
1895 4352 1993 4392 nec
2027 4337 2146 4408 ipse
2173 4337 2361 4392 Timo-

773 4413 934 4477 theus
954 4422 1272 4492 frequenter
1301 4426 1369 4480 ad
1405 4442 1524 4481 eam
1554 4413 1786 4498 pergens
1814 4429 1916 4484 hoc
1941 4430 1991 4484 ei
2028 4431 2206 4502 potuit
2239 4445 2361 4500 per-

773 4519 1026 4572 suadere.
1059 4516 1379 4589 Pompeium
1403 4535 1624 4589 quoque
1665 4522 2056 4577 consobrinum
2099 4523 2270 4588 illius,
2305 4529 2360 4576 et

2461 3321 2623 3392 pibtts
2662 3318 2921 3389 praecepit
2975 3319 3028 3370 in
3073 3318 3277 3387 templo
3328 3315 3387 3370 S.
3433 3316 3704 3371 Theodori
3761 3315 4044 3382 Sphoracii

2460 3425 2627 3480 super
2667 3409 2955 3464 ambonem
2990 3406 3201 3476 trisagii
3252 3405 3684 3461 additamentum
3728 3406 4041 3469 admittere,

2463 3504 2538 3560 ita
2574 3510 2633 3554 ut
2671 3499 3052 3553 multitudines
3094 3498 3388 3566 indignatae
3426 3512 3522 3567 per
3555 3497 3699 3551 diem
3733 3497 3935 3551 litaniae
3983 3497 4046 3549 il-

2463 3595 2574 3651 linc
2606 3595 3022 3665 egrederentur,
3057 3589 3281 3661 quando
3304 3599 3356 3646 et
3390 3588 3740 3646 Timotheum
3773 3605 3870 3660 per
3897 3605 4047 3645 eom-

2463 3687 2817 3742 mouitorium
2872 3686 3141 3756 scriptum
3185 3683 3442 3738 omnibus
3486 3681 3750 3737 Ecelesiis
3790 3683 4048 3751 praecepit

2463 3782 2750 3850 trisagium
2782 3779 2839 3832 in
2880 3777 3087 3830 litaniis
3129 3790 3254 3850 eum
3307 3774 3684 3829 additamenta
3721 3774 4045 3840 dicendum,

2461 3848 2790 3941 quod—multi
2815 3877 3118 3922 metuentes
3151 3848 3418 3920 fecerunt.
3448 3866 3700 3920 Monachi
3726 3880 3854 3920 vero
3880 3865 4043 3920 alium

2462 3959 2732 4027 psalmum
2777 3956 3064 4026 psallendo
3092 3963 3382 4008 venerunt.
3437 3952 3546 4010 llos
3588 3965 3769 4008 autem
3817 3957 4045 4024 populus

2463 4051 2654 4106 videns
2688 4050 2985 4105 clamavit:
3024 4067 3042 4100 ι
3091 4049 3232 4103 Bene
3266 4060 3511 4103 venerunt
3553 4049 3854 4111 orthodoxi,
3903 4067 3922 4100 ι
3974 4050 4045 4103 si-

2464 4146 2770 4214 multasque
2804 4145 2974 4197 multa
3006 4143 3153 4197 facta
3193 4150 3276 4198 est
3313 4153 3368 4197 et
3407 4142 3718 4196 incendium
3755 4143 4044 4196 domorum

2465 4237 2758 4289 multarum
2797 4249 2861 4288 ac
2901 4234 3196 4288 homicidia
3233 4234 3373 4287 dena
3417 4220 3606 4293 millia,
3659 4233 3813 4286 turba
3845 4235 4048 4288 vocife-

2463 4339 2617 4384 rante
2652 4329 2916 4383 adversus
2944 4329 3298 4382 Auastasium
3343 4337 3396 4382 et
3427 4326 3762 4382 Vitalianum
3811 4327 4047 4396 impera-

2466 4432 2636 4476 torem
2669 4408 2904 4492 petente,
2951 4421 3024 4473 ita
3058 4431 3125 4475 ut
3164 4421 3374 4491 fugeret
3407 4421 3734 4476 Anastasius
3776 4430 3828 4476 et
3869 4422 4048 4475 latita-

2465 4525 2567 4581 ret,
2597 4515 2666 4568 ab
2704 4517 2930 4585 ipsaque
2959 4514 3209 4569 Areadne
3239 4515 3576 4568 laceraretur
3614 4515 3832 4584 injuriis
3860 4524 4049 4582 utpote

777 4610 940 4681 hujus
980 4626 1396 4684 ttxorem,_qua:
1431 4613 1633 4668 mulier
1670 4624 1788 4667 erat
1831 4622 2025 4669 ornata
2072 4623 2124 4671 ct
2161 4615 2440 4676 carice-,1)
2468 4609 2760 4664 multorum
2789 4623 2957 4664 causa
2986 4608 3254 4662 malorum
3285 4607 3615 4662 Christianis
3643 4607 3886 4663 effectus.
3923 4611 4048 4662 Ala-

775 4705 970 4760 dendis
987 4705 1269 4761 beneﬁciis
1291 4721 1518 4772 vacans,
1547 4708 1736 4762 multis
1764 4710 2064 4776 imperator
2089 4712 2358 4780 angustiis

777 4800 1098 4854 humiliabat
1122 4810 1182 4855 ut
1203 4799 1469 4858 zelatores
1497 4803 1688 4872 synodi
1711 4809 1765 4858 et
1794 4818 1892 4858 eos
1917 4803 2011 4872 qui
2042 4803 2360 4860 Macedonio

777 4892 1152 4962 largiebantur
1189 4894 1244 4948 in
1292 4895 1488 4950 exsilio
1528 4909 1652 4966 quae
1697 4896 2015 4951 necessaria
2063 4907 2240 4952 erant.
2292 4897 2357 4950 lli

777 5002 911 5041 vero
963 4988 1057 5057 qui
1103 4987 1488 5044 Alexandriam
1539 4990 1696 5044 missi
1741 4991 1957 5045 fuerant
1997 5004 2027 5042 a
2071 4989 2361 5047 Timotheo

776 5078 844 5131 ad
879 5076 1146 5131 Joannem
1184 5077 1503 5144 Niezeotem,
1537 5095 1700 5149 super
1732 5079 2023 5134 ambonem
2059 5078 2362 5135 Chalcedo-

778 5185 950 5224 nense
971 5170 1502 5227 anathematizavere
1535 5173 1852 5227 concilium.
1885 5171 2150 5226 Defuncto
2177 5181 2358 5226 autem

782 5263 1093 5333 hegumeno
1126 5264 1450 5319 monasterii
1488 5263 1572 5320 Dii
1606 5266 1756 5320 venit
1793 5264 2118 5320 Timotheus
2137 5265 2362 5320 ordina-

778 5366 934 5410 turus
961 5355 1360 5425 hegumenum:
1393 5357 1440 5411 is
1463 5369 1643 5411 autem
1665 5357 1757 5428 qui
1787 5358 2192 5426 promove‘ndus
2220 5365 2358 5422 erat,
2398 5399 2402 5404 μ

780 5445 917 5500 dixit
944 5462 1003 5501 se
1035 5463 1143 5502 non
1172 5455 1560 5519 suscepturum
1592 5447 2026 5504 benedictionem
2056 5465 2084 5502 a
2120 5451 2238 5504 viro
2268 5448 2360 5516 qui

778 5541 1279 5598 Chalcedonensem
1331 5543 1598 5612 synodum
1643 5551 1961 5613 sperneret.
1999 5543 2076 5597 Ad
2124 5543 2236 5596 hare
2268 5541 2362 5596 Ti-

781 5637 1035 5691 motheus
1099 5637 1229 5693 ait:
1283 5637 1582 5691 Anathema
1639 5639 1782 5692 omni
1817 5637 2018 5692 homini
2068 5637 2362 5691 Chalcedo-

786 5743 944 5781 ueuse
967 5743 1072 5781 non
1106 5729 1415 5797 suacipienti
1460 5730 1762 5785 concilium.
1825 5731 1892 5784 Et
1930 5741 2044 5785 tum
2068 5771 2069 5775 η
2096 5729 2188 5783 ille
2238 5743 2362 5798 pro.

787 5822 908 5875 vehi
942 5821 1010 5874 ab
1041 5821 1160 5890 ipso
1189 5823 1466 5878 convenit.
1515 5825 1781 5879 Prmterca
1809 5821 2053 5878 Joannes
2089 5821 2354 5875 archidia-

793 5929 965 5970 conus
993 5912 1288 5978 Timothci,
1340 5932 1460 5971 cum
1498 5926 1636 5974 esset
1678 5915 2044 5978 Manli-irit;
2100 5913 2362 5970 comitiis

2466 4701 2733 4755 ntundaro
2764 4709 2940 4756 autem
2985 4701 3234 4770 principe
3271 4697 3671 4755 Saracenorum
3718 4702 3896 4769 gentis
3947 4700 4046 4754 ha-

2465 4794 2689 4863 ptizato,
2733 4793 2969 4849 Severus
3004 4794 3144 4848 duos
3179 4794 3471 4864 episcopos
3511 4795 3724 4848 macula
3767 4810 3880 4848 siue
3925 4809 4047 4864 pra-

2463 4886 2651 4941 vitatis
2684 4887 2918 4942 infectos
2959 4886 3160 4940 direxit
3201 4886 3249 4940 ei
3295 4885 3775 4940 communicandi:
3816 4884 3904 4938 Dei
3952 4899 4050 4937 au-

2466 4988 2573 5036 tem
2607 4980 2950 5050 providentia
2993 4979 3082 5033 ille
3118 4979 3186 5034 ab
3221 4979 3545 5034 orthodoxis
3584 4978 3891 5048 baptizatus
3935 4977 4048 5030 fue-

2465 5081 2587 5139 rat,
2635 5073 2729 5142 qui
2789 5073 3127 5141 recipiebant
3183 5067 3503 5127 concilium.
3560 5073 3805 5141 Cumque
3857 5070 4045 5124 Severi

2465 5165 2707 5235 episcopi
2764 5166 3086 5221 subvertere
3116 5166 3422 5235 principem
3457 5180 3486 5217 a
3515 5179 3648 5218 vero
3678 5164 3926 5232 dogmate
3973 5162 4048 5216 fe-

2467 5259 2756 5321 stinarent,
2794 5259 3122 5313 mirabiliter
3154 5273 3251 5313 eos
3285 5258 3466 5328 arguit
3509 5257 3914 5309 Alamundarus
3947 5256 4046 5308 huc

2463 5351 2767 5420 juscemodi
2803 5350 2988 5405 fabula
3045 5351 3134 5404 Ait
3172 5351 3318 5405 enim
3349 5350 3413 5403 ad
3458 5350 3580 5402 illos
3613 5367 3623 5401 :
3662 5367 3679 5399 ι
3730 5347 3984 5406 Litteras.
4028 5366 4044 5397 ι

2467 5429 2665 5514 inquit,
2725 5463 2744 5496 ε
2809 5445 2982 5512 accepi
3032 5444 3206 5506 hodie,
3261 5444 3385 5510 quia
3427 5440 3655 5494 Michael
3704 5441 4050 5507 archangeius

2467 5546 2706 5591 mortuus
2735 5547 2830 5591 est.
2871 5556 2890 5589 ι
2921 5537 3034 5590 Illis
3063 5551 3196 5592 vero
3218 5534 3529 5590 dicentibus
3579 5532 3682 5586 hoc
3714 5530 4051 5600 impossibile

2470 5641 2621 5694 fore,
2672 5629 2748 5681 ait
2804 5627 3102 5698 princeps:
3141 5624 3208 5678 Et
3268 5623 3528 5695 quomodo
3575 5621 3716 5676 Deus
3766 5622 4052 5674 secundum

2466 5738 2555 5777 vos
2592 5722 2760 5775 nudus
2786 5721 3075 5788 cruci/imus
3105 5728 3205 5783 est,
3239 5718 3343 5771 nisi
3383 5721 3695 5770 naturarum
3744 5723 3875 5767 esset
3925 5712 4052 5764 dua-

2471 5833 2585 5869 rum
2609 5814 2876 5878 Christus,
2906 5811 3328 5883 quandoquidem
3384 5827 3473 5865 κίε
3517 5812 3734 5879 angi-{us
3787 5805 4052 5858 moritur?

2473 5910 2644 5991 litlita
2669 5925 2792 5966 cum
2828 5907 3150 5965 confusione
3181 5904 3364 5962 Serui
3403 5914 3746 5960 [σε-,ιδδςιιηιι
3784 5897 4044 5972 ([ἰἶὲἰσῖιῙῖξ-
