4440 6446
368 454 504 519 1269

1184 447 1550 510 HISTORIA
1584 441 2161 505 ECCLESIASTICA
2194 439 2295 499 EX
2328 440 2810 502 THEOPIIANE.

3483 446 3619 512 19.50

365 573 535 626 Per-ro
579 567 827 623 Cabades
880 563 1149 636 quosdam
1199 564 1546 619 Christianos
1573 601 1591 628 ,
1644 561 1737 630 qui
1790 565 1947 612 erant
1979 560 2019 614 Α
2051 553 2380 610 'l'heodorus
2416 565 2597 611 autem
2639 556 2858 626 quidam
2888 572 2950 611 ex
2983 557 3067 611 his
3098 559 3191 628 qui
3219 574 3344 613 cum
3383 576 3448 615 eo
3465 572 3624 616 erant

366 658 419 711 in
461 656 716 721 Perside,
754 655 958 726 p0plite
984 654 1302 716 enervavit,
1337 653 1433 724 qui
1470 661 1652 706 tamen
1695 658 1938 707 postmo-

364 753 493 805 dum
521 748 963 804 ambulaverunt.

436 838 711 893 Vicesimo
741 839 902 893 tertio
935 837 1148 907 imperii
1172 835 1447 891 Anastasii
1477 849 1623 889 anno
1648 829 1941 888 flormisda

369 946 507 1000 papa
531 930 813 985 Romanus
839 930 1179 1000 pontificium
1213 930 1371 998 gerit.
1402 926 1711 981 Vitalianus
1735 932 1939 989 autem,

370 1040 530 1092 quem
569 1023 801 1092 populus
866 1023 1254 1092 imperatorem
1315 1020 1677 1090 expetiverat,
1721 1024 1945 1086 accepta

372 1124 482 1166 tota
516 1113 773 1175 Thracia,
808 1111 1033 1183 Scythia
1066 1120 1122 1168 et
1179 1111 1373 1182 Mysia,
1411 1108 1677 1177 Volgares
1737 1105 1946 1160 habens

372 1223 557 1263 secum
582 1217 636 1261 et
654 1206 1061 1261 multitudinem
1088 1203 1435 1268 Hunnorum,
1454 1203 1600 1273 cepit
1619 1200 1947 1253 Anchialum

372 1311 425 1355 et
463 1298 868 1369 Odyssopolim.
909 1296 1337 1367 Comprehendit
1362 1307 1543 1349 autem
1581 1300 1638 1347 et
1681 1290 1946 1361 Cyrillum

376 1393 699 1462 magis-trum
743 1390 978 1444 militum
1032 1390 1305 1452 Thraciae,
1353 1395 1408 1441 et
1459 1385 1709 1455 pervenit
1740 1383 1949 1453 praedas

378 1483 617 1554 gerendo
665 1496 839 1550 usque
886 1480 1235 1551 Byzantium,
1260 1494 1495 1549 parcens
1549 1492 1680 1531 vero
1741 1474 1950 1529 civitati

378 1574 519 1643 apud
568 1574 923 1628 Sosthenium
959 1582 1141 1627 castra
1200 1580 1437 1627 metatus
1479 1581 1582 1624 est.
1622 1569 1952 1622 Anastasius

381 1674 562 1719 autem
601 1666 987 1736 desperatione
1035 1673 1426 1719 consternatus
1458 1663 1625 1716 mittit
1657 1677 1723 1715 ex
1758 1668 1951 1715 senatu

380 1738 672 1826 quosdam,
729 1771 931 1829 rogans
959 1771 1084 1810 eum
1116 1754 1319 1824 pacisci
1349 1763 1403 1809 et
1431 1753 1621 1823 jnrare
1683 1767 1791 1805 una
1826 1764 1951 1803 cum

382 1858 600 1911 senatu,
632 1847 781 1917 quod
834 1848 901 1900 ab
940 1845 1137 1901 exsilio
1169 1845 1459 1915 episcopos
1493 1849 1775 1898 revocaret
1808 1840 1952 1909 apud

384 1910 691 1995 Heracliam
752 1938 1000 1993 Thracae.
1062 1910 1233 1992 Porro
1283 1910 1589 1991 Vitalianus
1639 1935 1851 1989 addidit
1895 1943 1955 1988 ut
1987 1910 2029 1965 Β

382 2039 433 2084 et
459 2030 732 2099 principes
776 2028 1210 2097 uniuscujusque
1243 2026 1446 2081 schola:
1470 2026 1721 2095 jurarent
1768 2024 1952 2089 istud;

384 2123 477 2177 sed
510 2131 563 2177 et
585 2122 941 2176 Macedoni'hs
965 2131 1017 2175 et
1044 2120 1361 2185 Flavianus,
1415 2121 1505 2191 qui
1532 2120 1784 2188 nequiter
1816 2118 1955 2188 pulsi

387 2215 626 2281 fuerant,
659 2230 791 2272 suos
824 2216 1133 2284 reciperent
1162 2214 1414 2279 thronos,
1472 2212 1728 2266 similiter
1775 2220 1829 2265 et
1870 2226 1956 2265 re-

388 2308 519 2377 liqui
577 2321 766 2361 onmes
787 2305 1051 2376 episc0pi,
1080 2312 1134 2360 et
1178 2307 1254 2360 ita
1291 2305 1664 2361 celebraretur
1688 2301 1954 2373 synodus,

388 2399 634 2453 Romano
679 2405 735 2454 et
767 2397 983 2452 cunctis
1033 2396 1309 2467 episcopis
1361 2396 1850 2458 convenientibus,
1903 2404 1957 2448 et

386 2489 673 2544 communi
710 2488 916 2558 judicio
951 2489 1318 2560 probarentur
1373 2502 1497 2559 qua
1548 2485 1815 2541 adversus
1864 2500 1957 2539 or-

389 2580 656 2637 tbodoxos
681 2590 811 2637 sunt
853 2588 1207 2652 praesumpta.
1260 2583 1451 2651 Itaque
1475 2595 1599 2635 cum
1626 2580 1741 2634 haec
1783 2578 1959 2648 impe-

390 2686 559 2743 rator,
596 2684 821 2730 senatus
843 2684 897 2729 et
934 2676 1130 2745 reliqui
1157 2675 1439 2745 principes
1469 2674 1765 2745 pepulique
1789 2672 1957 2731 iuras-

390 2782 512 2827 sent
548 2780 601 2826 et
634 2771 1049 2825 confirmassent
1101 2769 1176 2823 ita
1222 2769 1460 2824 ﬂendum
1516 2768 1651 2837 (21),
1709 2769 1849 2822 facta
1880 2777 1964 2821 est

392 2879 520 2934 pax,
542 2874 594 2917 et
621 2863 687 2917 ad
719 2861 940 2933 propria
974 2860 1153 2915 rediit.
1196 2862 1491 2916 Hormisda
1522 2876 1654 2915 vero
1682 2858 1964 2914 Romanus

391 2955 709 3025 episcopus,
748 2954 1018 3008 molestiis
1066 2955 1327 3023 fatigatus
1364 2968 1393 3006 a
1429 2952 1777 3006 Theodorico
1813 2950 1965 3005 Vita-

396 3048 540 3101 liano
570 3046 809 3108 favente,
843 3044 1156 3099 Ennodium
1207 3045 1525 3114 episcopum
1553 3044 1702 3098 misit
1734 3052 1788 3097 et
1812 3042 1966 3095 \‘ita-

397 3142 599 3193 liauum
639 3139 1086 3193 archidiaconum
1136 3137 1203 3192 ad
1263 3137 1532 3207 synodum
1585 3136 1965 3192 celebrandam

2045 649 2319 703 viditeum
2350 651 2401 702 in
2422 651 2637 705 somnis
2663 650 3089 705 sibidicentem:
3120 651 3400 720 Excipe,“
3438 655 3619 708 abiens

2044 743 2151 811 lege
2164 745 2471 805 Anastasio,
2487 754 2533 797 et
2550 744 2665 795 dic:
2687 747 2795 812 Ego
2813 743 3021 808 quidem
3041 747 3170 798 vado
3189 748 3255 797 ad
3269 755 3443 813 patres
3458 762 3622 811 meas,

2045 849 2268 901 quarunt
2292 836 2452 899 fidem
2473 836 2700 898 seruari,
2721 852 2824 887 non
2874 834 3085 888 cessabo
3110 846 3280 887 autem
3332 838 3621 890 increscens

2051 922 2294 984 Domino,
2313 941 2576 994 usqueqmo
2601 928 2775 978 renias
2798 936 2846 979 et
2871 928 2922 979 in
2941 926 3207 995 judicium
3240 929 3621 996 ingrediantur.

2046 1014 2247 1069 Eodem
2269 1030 2411 1069 anno
2428 1017 2771 1072 Alexandria:
2790 1021 2943 1073 mu‘lti
2964 1020 3064 1073 viri
3081 1027 3134 1075 et
3156 1021 3413 1076 mulieres
3428 1033 3479 1075 et
3503 1038 3626 1089 pue-

2049 1107 2097 1160 ri
2121 1112 2382 1162 atrociter
2400 1124 2428 1161 a
2452 1110 2792 1165 daunonibus
2808 1112 3019 1167 obsessi
3058 1122 3281 1182 repente
3330 1115 3623 1167 latrahant.

2051 1199 2105 1252 In
2128 1202 2336 1255 somnis
2365 1213 2545 1255 autem
2574 1203 2796 1272 quidam
2834 1204 2969 1257 vidit
3002 1205 3293 1274 quemdam
3354 1207 3623 1262 dicentem

2050 1296 2175 1365 quia
2238 1306 2459 1365 propter
2519 1297 3010 1351 anathematismos
3070 1298 3265 1368 synodi
3343 1301 3629 1367 patiuntur

2052 1389 2179 1443 ista.
2206 1388 2374 1443 Porro
2406 1389 2654 1443 monachi
2686 1395 2850 1444 eremi
2881 1392 2997 1443 zelo
3018 1390 3204 1443 divino
3222 1392 3373 1453 moti,
3393 1400 3632 1461 quatuor

2052 1484 2483 1535 contestationes
2532 1490 2948 1549 componentes,
2978 1482 3114 1536 duas
3143 1482 3362 1551 quidem
3421 1498 3484 1535 ex
3542 1483 3631 1537 his

2054 1573 2255 1627 misero
2279 1572 2619 1641 imperatori,
2641 1587 2804 1626 unam
2838 1586 2966 1627 vero
2986 1573 3330 1643 principibus
3382 1572 3629 1642 regionis

2054 1672 2106 1717 et
2135 1679 2301 1719 unam
2324 1666 2587 1733 episcopo
2648 1664 3146 1735 llierosolymitano
3194 1664 3412 1729 Joanni,
3442 1674 3628 1734 prote-

2056 1764 2263 1809 stantes
2293 1769 2470 1824 neque
2489 1764 2733 1809 sanctam
2753 1770 2811 1810 se
2834 1756 3337 1810 Chalcedonensem
3358 1754 3629 1825 synodum

2055 1848 2512 1917 praevaricaturos
2545 1863 2723 1916 neque
2751 1848 2918 1917 impio
2954 1848 3154 1903 Severo
3194 1848 3632 1902 communicatu-

2061 1950 2171 1997 ros,
2195 1938 2326 2005 quin
2358 1944 2411 1989 et
2444 1951 2504 1991 se
2530 1945 2835 2006 promptam
2893 1937 3093 1992 habere
3128 1946 3379 2002 mortem,
3442 1939 3628 1993 incen-

2058 2028 2251 2082 dentes
2275 2038 2327 2081 et
2349 2036 2539 2083 sancta
2563 2030 2703 2082 loca.
2720 2028 2863 2085 Sane
2881 2029 3356 2085 Thessalonicensi
3377 2031 3634 2100 episcopo

2060 2120 2499 2175 communicante
2559 2123 2630 2175 ob
2667 2132 2869 2175 metum
2936 2124 3283 2193 imperatoris
3349 2124 3637 2181 Timetheo

2058 2210 2671 2281 ConstantinOpolitauo
2696 2214 2973 2283 episcopo,
3011 2216 3371 2287 quadraginta
3390 2218 3636 2288 episcopi

2062 2302 2261 2373 Illyrici
2285 2303 2572 2360 etGrcecize
2593 2307 2980 2362 convenientes
3007 2309 3059 2362 in
3085 2326 3249 2363 unum
3286 2325 3384 2380 per
3423 2310 3637 2381 profes-

2062 2396 2271 2451 sionem
2287 2398 2340 2451 in
2363 2398 2586 2468 scriptis
2606 2398 2829 2463 factam,
2850 2409 2905 2454 ut
2927 2416 2956 2455 a
2974 2404 3192 2471 proprio
3214 2404 3638 2473 metropolitano

2061 2487 2365 2544 discessere
2399 2490 2467 2544 ab
2480 2499 2645 2557 eo;et
2660 2491 2889 2547 [tertiam
2926 2494 3202 2550 mittentes
3228 2494 3474 2551 Romano
3493 2511 3642 2550 com-

2064 2579 2344 2635 municare
2360 2581 2413 2635 in
2429 2582 2655 2652 scriptis
2671 2583 2901 2639 professi
2933 2597 3080 2639 sunt.
3102 2584 3431 2656 Episc0pum
3457 2597 3639 2643 autem

2063 2672 2608 2729 Thessalonicensem
2626 2673 2948 2731 Theodorus
2964 2677 3258 2733 historicus
3273 2680 3640 2749 patriarchatn

2067 2765 2313 2819 nominat
2350 2765 2819 2829 irrationabiliter,
2855 2768 3105 2823 nesciens
3134 2784 3237 2838 qua
3268 2786 3366 2840 pro
3394 2786 3584 2825 causa.

2140 2856 2415 2912 Vicesimo
2432 2859 2645 2927 imperii
2668 2858 2941 2915 Anastasii
2962 2875 3127 2924 anno,
3154 2861 3364 2918 Joanne
3400 2862 3639 2919 Niczeote

2068 2949 2440 3003 Alexandrino
2467 2950 2714 3005 antistite
2764 2950 3023 3006 hmretico
3067 2962 3308 3019 mortuo,
3346 2952 3645 3011 Dioscorus

2066 3041 2273 3110 jnnior,
2302 3040 2577 3095 Timothei
2632 3040 2820 3096 lleluri
2850 3044 3240 3109 consobrinus,
3273 3048 3533 3115 pra-latus
3561 3058 3648 3105 est

2071 3134 2364 3203 episcopus
2409 3133 2780 3188 Alexandriae.
2835 3133 2971 3189 Cum
3021 3145 3204 3192 autem
3242 3138 3486 3194 venisset
3542 3138 3650 3212 By-

394 3231 536 3300 apud
574 3229 903 3284 lleracliam.
964 3229 1174 3284 Venere
1207 3238 1388 3283 autem
1424 3241 1477 3283 et
1529 3229 1774 3298 episcopi
1799 3244 1864 3282 ex
1887 3229 1967 3281 di—
2000 3254 2042 3311 ε
2076 3229 2339 3294 zantium,
2373 3244 2472 3299 pro
2522 3230 2912 3287 Alexandrinis
2943 3234 3084 3302 apud
3134 3234 3519 3304 imperatorem
3566 3237 3648 3291 in—

397 3323 571 3376 versis
610 3323 746 3377 locis
795 3323 906 3377 fere
934 3322 1179 3386 ducenti,
1211 3322 1305 3390 qui
1354 3321 1499 3375 illusi
1527 3322 1596 3374 ab
1628 3322 1821 3391 iniquo
1869 3320 1971 3374 im-

398 3426 648 3486 peratore
703 3433 763 3472 ac
816 3416 1108 3472 Timotheo
1176 3418 1437 3486 episcopo
1503 3417 1970 3486 Constantinopo-

400 3514 569 3567 litano
624 3527 905 3567 recessere
946 3511 1276 3567 inefﬁcaces.
1352 3510 1557 3581 Impius
1601 3510 1820 3579 quidem
1868 3510 1972 3561 im-

401 3612 621 3672 perator
714 3612 871 3671 pacta
957 3602 1371 3671 transgrediens
1476 3602 1615 3655 clam
1698 3599 1973 3653 intimavit

402 3694 650 3748 Romano
682 3708 835 3762 papae
863 3706 931 3746 ne
962 3692 1210 3746 veniret:
1261 3690 1485 3745 miserat
1520 3689 1666 3743 cnim
1701 3686 1976 3741 Vitaliano

403 3802 613 3841 sacram
662 3800 773 3855 quo
826 3784 1224 3837 transmitteret
1280 3798 1399 3837 eam
1450 3782 1701 3846 Ronmm,
1756 3790 1814 3834 ut
1839 3793 1975 3849 papa

404 3879 845 3949 proficisceretur
877 3876 943 3929 ad
972 3875 1357 3929 celebrandam
1392 3873 1855 3943 apudlleracliam
1882 3886 1974 3942 sy-

405 3971 632 4026 nodum.
689 3968 883 4023 Omnis
930 3976 1112 4022 autem
1162 3968 1398 4038 populus
1425 3978 1593 4036 atque
1644 3976 1874 4021 senatus
1922 3967 1977 4019 in

404 4063 693 4132 praesentia
726 4061 1086 4115 maledicebat
1126 4060 1418 4115 Anastasio
1444 4069 1705 4129 tanquam
1732 4057 1975 4128 perjuro.

407 4155 584 4210 Porro
624 4152 931 4206 Vitalianus
956 4149 1273 4221 indignatus
1316 4150 1577 4204 adversus
1624 4148 1977 4202 Anastasium

408 4242 478 4294 ob
515 4240 813 4310 perjurinm
845 4239 1014 4291 multa
1062 4240 1203 4291 mala
1237 4238 1574 4293 exercitibus
1614 4236 1896 4292 Anastasii
1928 4244 1981 4292 et

408 4334 630 4402 reliquae
656 4331 731 4385 rei
763 4331 991 4399 publicae
1009 4330 1423 4393 demonstravit,
1443 4330 1723 4393 occidens,
1740 4330 1981 4399 rapiens,

410 4426 575 4477 armis
615 4438 842 4483 exuens,
882 4432 934 4476 ct
959 4421 1596 4490 postremoadinjuriam
1621 4420 1739 4491 ejus
1782 4438 1983 4475 unum-

409 4530 682 4585 quemque
719 4515 945 4567 militem
974 4530 1081 4567 uno
1106 4530 1249 4567 aereo
1291 4528 1514 4567 nummo
1540 4512 1807 4568 vendens.

2076 3330 2422 3375 tercessurus
2477 3332 2705 3391 propter
2744 3322 3091 3378 occasionem
3118 3326 3209 3379 lilii
3242 3326 3495 3397 Calliopii
3528 3333 3647 3381 An-

2073 3413 2327 3480 gustalis,
2365 3413 2432 3466 ab
2464 3414 2791 3467 orthodoxis
2815 3414 3032 3483 publice
3060 3418 3329 3472 conviciis
3356 3419 3651 3487 appeteba-

2074 3510 2185 3565 tur,
2219 3516 2345 3556 cum
2383 3501 2726 3573 procederet,
2790 3504 3240 3562 existimantibus
3277 3524 3400 3563 eum
3454 3520 3650 3564 contra

2075 3603 2225 3650 recta
2253 3594 2509 3666 dogmata
2563 3596 2879 3651 advenisse.
2929 3598 3068 3667 Ergo
3120 3615 3243 3654 cum
3294 3602 3366 3653 ob
3418 3602 3652 3655 homici-

2077 3687 2225 3741 dium
2283 3687 2729 3751 intercessisset,
2792 3704 2915 3742 cum
2979 3689 3331 3745 festinatione
3371 3692 3649 3747 ἁίευρεδὶῑ.

2077 3777 2253 3832 Causa
2282 3792 2411 3832 vero
2438 3777 2603 3831 caedis
2642 3778 2743 3831 ista
2778 3779 2898 3834 fuit.
2945 3779 3081 3833 Cum
3141 3779 3435 3837 Dioscorus
3458 3798 3653 3838 manus

2079 3871 2481 3937 impositionem
2540 3872 2866 3941 accepisset,
2926 3887 3207 3928 recessere
3263 3875 3647 3929 multitudines

2080 3964 2440 4027 rusticormn,
2496 3964 2745 4018 dicentes
2806 3963 2937 4034 quia
2993 3964 3098 4018 nisi
3154 3967 3454 4020 secundum
3510 3968 3657 4036 quod

2081 4063 2395 4108 sanctorum
2452 4056 2743 4109 continent
2794 4057 3171 4125 apostolorum
3231 4071 3473 4112 canones
3538 4060 3655 4123 flat,

2083 4162 2192 4201 non
2254 4146 2553 4216 recipietnr
2592 4148 2921 4217 episcOpus:
2978 4150 3234 4218 princeps
3265 4149 3407 4203 enim
3446 4150 3661 4204 inthro-

2084 4239 2361 4294 nizaverat
2398 4255 2545 4295 cum.
2608 4238 2904 4295 Dioscorus
2932 4251 3112 4296 autem
3149 4242 3293 4297 venit
3324 4243 3390 4296 ad
3429 4241 3487 4295 S.
3521 4243 3661 4297 Mar-

2084 4344 2233 4395 cum,
2274 4339 2330 4383 et
2356 4332 2637 4385 venientes
2666 4331 2850 4385 clerici
2880 4331 3179 4386 induerunt
3229 4348 3353 4387 eum
3388 4334 3659 4398 secundo,

2085 4433 2141 4478 et
2172 4424 2366 4477 iterum
2415 4434 2901 4479 consecraverunt.
2976 4424 3044 4478 Et
3080 4424 3153 4478 ita
3196 4426 3423 4480 veniens
3472 4426 3539 4481 ad
3598 4427 3657 4480 S.

2086 4517 2351 4573 Joannem
2404 4518 2637 4590 perfecit
2672 4518 2983 4572 collectam.
3055 4516 3192 4570 Cum
3267 4525 3446 4571 antem
3512 4526 3661 4571 esset

480 4608 660 4661 Mundi
681 4594 828 4659 anno
863 4606 1021 4669 6008,
1053 4605 1254 4660 divium
1277 4606 1674 4660 incarnationis
1692 4620 1837 4661 anno
1854 4605 1978 4671 508,
2009 4591 2060 4652 Ῐ)
2088 4612 2199 4667 illic
2229 4612 2581 4667 Theodosius
2614 4612 2764 4668 ﬁlius
2793 4610 3047 4679 Calliopii
3081 4610 3399 4678 Augustalis
3445 4618 3499 4665 et
3525 4611 3663 4664 Aca-

413 4701 617 4765 llunni,
652 4700 743 4770 qui
802 4698 1061 4755 dicuntur
1092 4698 1287 4762 Saber,
1345 4705 1697 4752 transeuntes
1747 4697 1978 4766 Caspias

413 4805 621 4863 portas,
643 4795 955 4848 Armeniam
974 4800 1026 4846 et
1040 4791 1462 4861 Cappadociam,
1481 4790 1749 4844 Galatiam
1772 4800 1826 4845 et
1844 4789 1987 4844 Pon—

414 4900 527 4941 tum
578 4886 891 4955 depopulati
965 4891 1116 4943 sunt,
1166 4881 1239 4935 ita
1275 4891 1333 4935 ut
1388 4880 1713 4935 Euchaitam
1765 4897 1984 4951 quoque

414 4977 794 5051 pervaderent.
824 4974 981 5030 Unde
1014 4982 1068 5029 et
1106 4972 1320 5042 fugiens
1380 4972 1756 5038 Macedonius,
1789 4989 1983 5043 prope-

415 5075 634 5130 modum
666 5072 1095 5143 periclitaturus,
1135 5070 1378 5123 salvatus
1411 5075 1496 5123 est
1527 5068 1672 5138 apud
1711 5069 1981 5141 Gangras.

412 5167 532 5233 Quo
588 5174 870 5234 comperto
907 5162 1235 5217 Anastasius
1285 5176 1468 5215 amare
1499 5161 1613 5215 illic
1645 5176 1772 5215 eum
1801 5175 1985 5217 custo-

414 5259 517 5315 diri
561 5255 834 5325 praecepit,
863 5253 1106 5314 mittens,
1134 5261 1192 5305 ut
1219 5252 1391 5314 aiunt,
1416 5251 1509 5320 qui
1535 5266 1658 5304 eum
1691 5253 1987 5310 occideret.

418 5353 714 5407 Defunctus
769 5356 949 5401 autem
1002 5344 1147 5414 apud
1218 5344 1465 5412 Gangras
1523 5344 1737 5413 positus
1795 5355 1880 5400 est
1936 5348 1990 5402 in

416 5442 619 5511 templo
660 5437 834 5493 sancti
862 5435 1116 5506 Martyris
1132 5430 1379 5489 Callinici
1399 5433 1552 5502 juxta
1570 5433 1831 5503 reliquias
1849 5436 1990 5505 ejus,

418 5536 619 5589 multas
651 5531 914 5585 sanitates
940 5526 1212 5590 elliciens;
1259 5526 1353 5594 qui
1384 5539 1508 5578 cum
1542 5527 1810 5579 exanimis
1838 5526 1994 5595 jace-

421 5640 518 5691 τρι,
579 5639 743 5679 manu
796 5621 969 5676 fertur
1016 5636 1075 5674 se
1128 5617 1411 5690 signaculo
1463 5618 1650 5672 crucis
1718 5618 1990 5686 signasse.

2087 4704 2205 4758 cius
2236 4704 2503 4771 magister
2548 4704 2807 4765 militum,
2837 4702 3013 4755 turb-.e
3042 4701 3274 4755 turbatae
3320 4715 3537 4769 cmpere
3573 4702 3662 4755 in-

2081 4796 2246 4865 juriis
2279 4795 2491 4849 allicere
2516 4795 2922 4864 Augustalium,
2948 4806 3012 4847 eo
3033 4794 3178 4862 quod
3210 4793 3458 4847 laudaret
3492 4792 3663 4863 impe-

2088 4898 2325 4944 ratorem
2376 4890 2750 4942 Anastasium.
2826 4888 2960 4941 Cum
2993 4902 3122 4939 vero
3156 4885 3400 4956 jurgium
3454 4899 3659 4943 motum

2094 4982 2310 5047 fuisset,
2342 4980 2648 5035 insilientes
2675 4979 2896 5048 quidam
2928 4992 2959 5031 a
2984 4979 3117 5033 sede
3143 4979 3315 5031 tilium
3347 4978 3662 5047 Augustalis

2093 5074 2483 5143 deposuerunt,
2524 5081 2577 5128 et
2613 5074 3011 5127 interemerunt
3044 5085 3193 5125 eum.
3250 5070 3315 5123 At
3345 5085 3475 5124 vero
3522 5070 3665 5123 Aea-

2094 5169 2213 5223 cius
2262 5167 2519 5235 magister
2579 5167 2837 5231 militum,
2893 5173 3167 5237 quotquot
3219 5179 3420 5233 capere
3464 5164 3661 5232 potuit,

2094 5255 2389 5311 interfecit.
2451 5256 2579 5309 Haec
2636 5254 2866 5308 audiens
2902 5255 3202 5323 imperator
3231 5252 3405 5307 iratus
3437 5260 3520 5307 est
3569 5251 3665 5306 ad-

2092 5362 2283 5403 versus
2318 5362 2436 5401 eos.
2498 5346 2666 5401 Porro
2698 5346 2999 5400 Dioscorus
3034 5343 3399 5397 interveniens
3449 5342 3665 5412 mitiga-

2092 5441 2171 5495 vit
2198 5454 2346 5493 eum.
2412 5438 2557 5492 lnter
2592 5436 2754 5492 Indos
2803 5450 2933 5490 vero
2968 5444 3022 5490 et
3047 5434 3246 5490 Persas
3297 5442 3541 5488 castrum
3580 5443 3665 5488 est

2094 5530 2318 5585 nomine
2347 5529 2658 5590 andaber,
2686 5527 2778 5582 ubi
2835 5526 3038 5581 multas
3065 5525 3327 5595 pecunias
3367 5533 3422 5578 et
3455 5524 3665 5593 lapides

2094 5621 2365 5692 pretiosos
2431 5636 2552 5676 esse
2599 5619 2843 5675 Cabades
2885 5633 2977 5674 rex
3038 5617 3331 5674 Persarum
3387 5616 3662 5683 ediscens,

1911 5736 2146 5792 NOTAE.

494 5842 607 5909 (ε’-1)
660 5837 939 5892 Fiendum.
992 5832 1359 5909 Flodoar_dn§_
1396 5829 1539 5909 Hist.
1594 5829 1741 5909 flent.
1786 5832 1983 5909 5‘15:
2030 5852 2048 5887 ι
2093 5834 2467 5908 Fiendumque
2495 5848 2552 5891 se
2590 5831 2964 5890 Christianum
3003 5830 3262 5887 vovisset.
3307 5849 3322 5880 ι
3371 5827 3501 5885 \‘ide
3531 5825 3670 5885 Vos-

422 5902 563 5970 uti...
594 5902 680 5966 De
713 5912 851 5964 vitiis
897 5906 1173 5967 sermonis,
1210 5904 1264 5969 4,
1298 5904 1387 5969 50,
1420 5904 1564 5957 circa
1601 5904 1783 5957 linem.
1817 5902 1979 5959 Fasti.
