4440 6446
795 438 928 504 12.51

1883 431 2285 494 ANASTASH
2343 431 2980 496 BlBLlOTHECARll

3929 430 4071 498 1252

789 556 1065 627 qumt'ebat
1089 555 1190 610 hoc
1221 551 1702 624 comprehcnlere.
1735 549 2017 607 Daemones
2046 559 2226 608 autem
2263 550 2382 606 loco
2413 555 2456 610 Α
2487 559 2847 608 consecratus
2881 561 2964 608 est
3025 550 3351 615 Antiochiae,
3387 558 3440 608 et
3469 549 3697 606 donavit
3763 550 4064 621 imperator

797 650 1100 706 insidentes
1147 645 1510 717 prohibebant
1557 644 1704 698 illum
1748 642 1991 714 aggredi.
2045 641 2208 700 Omni
2249 656 2380 714 ergo

797 751 944 798 mota
995 737 1396 808 excogitatioue
1446 750 1730 807 magorum
1783 749 2029 800 suorum,
2076 734 2383 806 deindeque

787 833 1098 888 Judaeorum
1147 829 1378 885 consilio
1420 827 1739 888 frustratus,
1793 825 2026 882 credidit
2061 840 2158 896 per
2189 828 2385 881 oratio-

791 939 911 978 nem
958 922 1416 986 Cliristianorum,
1441 919 1637 990 quaziit
1658 919 1722 973 ad
1756 917 1948 984 Deum,
1979 918 2107 972 huic
2134 918 2380 973 domina-

795 1023 838 1074 ri
864 1037 877 1082 ;
901 1031 954 1076 et
976 1021 1291 1090 episc0pum
1319 1017 1608 1088 quemdam
1634 1015 2093 1078 Christianorum,
2112 1015 2204 1085 qui
2239 1015 2381 1085 apud

789 1112 988 1168 Persas
1006 1123 1182 1176 erant,
1209 1125 1373 1180 super
1389 1111 1490 1164 hoc
1537 1108 1865 1179 deprecatus
1883 1116 1989 1164 est.
2011 1107 2114 1173 Qui
2140 1107 2369 1162 collecta

794 1204 1070 1259 celebrata
1090 1201 1811 1272 divinorummysteriorum
1828 1199 2307 1269 participatusest,
2328 1205 2382 1253 et

792 1294 1058 1350 accedens
1095 1295 1161 1348 ad
1231 1294 1408 1348 locum
1436 1292 1731 1356 daemones,
1769 1291 1862 1360 qui
1903 1290 1980 1344 illi
2011 1291 2244 1355 inerant,
2291 1303 2378 1358 pe-

795 1387 949 1452 pulit,
975 1395 1029 1440 et
1057 1384 1378 1440 sinelabore
1400 1393 1638 1438 castrum
1657 1381 1862 1436 Cabadi
1905 1379 2147 1434 tradidit.
2171 1379 2374 1449 Stupe-

797 1477 978 1531 t'actus
1017 1484 1198 1529 autem
1232 1490 1395 1544 super
1425 1475 1530 1528 hoc
1582 1473 1742 1541 signo
1774 1470 2022 1526 Cabades
2069 1471 2243 1539 prima
2285 1486 2380 1523 ca-

793 1568 986 1622 thedra
1023 1568 1342 1636 episcopum
1396 1564 1707 1628 honoravit,
1737 1578 1860 1616 cum
1910 1577 2086 1632 usque
2122 1563 2186 1614 ad
2241 1562 2374 1614 illud

797 1668 1016 1730 tempus
1052 1657 1334 1712 Manichaei
1364 1665 1528 1726 atque
1555 1654 1724 1710 Judaei
1764 1655 2154 1724 praesiderent;
2212 1669 2374 1724 porro

793 1753 1106 1808 volentibus
1140 1751 1402 1821 baptizari
1439 1751 1712 1806 licentiam
1743 1749 1993 1820 praebuit.

873 1843 1147 1898 Vicesimo
1196 1844 1432 1912 septimo
1511 1842 1726 1912 imperii
1789 1840 2072 1895 Anastasii
2108 1856 2254 1895 anno
2292 1842 2377 1895 vi-

795 1926 875 1990 dit
957 1935 1100 1990 idem
1181 1935 1487 2006 imperator
1557 1936 1610 1988 in
1697 1934 1815 1988 visu
1885 1935 2062 1987 virum
2145 1933 2373 1987 terrihi-

809 2029 939 2091 lem,
991 2034 1298 2099 portantem
1351 2027 1639 2093 codicem;
1676 2025 1767 2096 qui
1824 2026 1969 2081 hunc
2009 2027 2286 2096 aperiens,
2321 2034 2376 2080 et

799 2119 1087 2172 inveniens
1123 2133 1320 2171 nomen
1378 2118 1751 2187 imperatoris,
1783 2116 1917 2170 dicit
1948 2118 2034 2172 ei:
2085 2118 2217 2170 Ecce
2247 2132 2373 2185 pro.

795 2223 908 2278 pter
943 2211 1143 2265 malam
1185 2212 1346 2279 ﬁdem
1377 2221 1522 2264 tuam
1546 2209 1696 2263 deleo
1729 2210 2153 2280 quatttordecim,
2187 2217 2242 2263 et
2275 2209 2372 2263 dc-

801 2305 928 2358 levit
959 2320 1075 2360 eos.
1106 2303 1536 2375 Expergefactus
1579 2311 1787 2369 autem,
1815 2312 1871 2357 et
1923 2302 2193 2357 advocato
2225 2302 2375 2356 Ada-

799 2401 1006 2450 mantio
1040 2397 1357 2467 praeposito,
1395 2397 1537 2449 dixit
1573 2396 1622 2449 ei
1665 2396 1954 2449 visionem.
2011 2395 2076 2448 Et
2109 2411 2222 2465 ego,
2262 2397 2376 2459 ait,

795 2491 906 2554 ridi
930 2490 1040 2543 lucc
1072 2493 1174 2543 ista
1207 2497 1375 2551 nocte,
1406 2489 1529 2557 quia
1575 2488 1848 2542 assistenti
1880 2487 2008 2540 mihi
2047 2488 2262 2554 imperio
2291 2498 2379 2540 tuo

797 2597 986 2648 porrus
1012 2597 1232 2650 magnus
1258 2582 1537 2644 veniens,et
1563 2580 1936 2646 comprehensa
1962 2589 2219 2647 prwtexta
2243 2596 2380 2645 mea,

799 2674 1019 2742 projerit
1069 2689 1148 2726 me
1179 2674 1232 2725 in
1267 2682 1464 2726 terram
1494 2681 1540 2724 et
1578 2672 1869 2724 interemit.
1898 2670 2217 2725 Convocato
2247 2683 2381 2738 ergo

804 2763 1040 2818 Proculo
1065 2764 1377 2832 coniectore
1419 2765 1528 2833 (2:!)
1560 2762 1734 2816 edixit
1760 2762 1809 2816 ei
1836 2778 1960 2831 qua:
1989 2761 2209 2816 fuerant
2241 2763 2381 2828 visa;

803 2859 896 2926 qui
939 2857 1084 2926 quod
1113 2856 1274 2908 ambo
1307 2856 1482 2908 forent
1512 2863 1636 2924 post
1661 2854 1940 2924 paululum
1965 2854 2215 2907 morituri
2244 2869 2386 2923 prte-

803 2951 963 3003 tlixit.
1002 2950 1289 3002 Timotheo
1345 2964 1477 3001 vero
1528 2949 2086 3017 Constantinopoleos
2125 2949 2386 3016 episc0po

803 3051 1042 3106 mortuo,
1078 3040 1347 3096 Joannem
1387 3041 1762 3111 Cappadocem
1792 3044 2116 3111 episcopum
2147 3049 2202 3095 et
2250 3056 2381 3112 syn-

805 3136 1005 3188 ccilum
1068 3134 1629 3203 Constantinopoleos
1676 3135 1997 3202 episcopum
2031 3143 2379 3188 creaverunt.

2486 643 2697 700 civitati
2729 643 3082 699 Autiocltentl:
3111 643 3258 700 mille
3290 643 3459 699 libras
3491 642 3634 698 auri.
3672 639 3777 698 Sed
3829 649 3880 696 et
3911 650 4070 695 caete-

2486 734 2562 788 ris
2593 734 2823 791 urbibus
2851 733 3286 791 benevolentiam
3316 733 3598 804 praestitit,
3630 731 3884 788 inhibens
3926 746 4067 802 quo-

2484 841 2590 896 que
2627 835 2682 882 et
2711 825 2959 895 publicas
2987 825 3456 897 perturbationes.
3497 823 3762 881 Xenaiam
3795 837 3947 885 vero,
3969 823 4064 894 qui

2483 925 2536 972 et
2597 918 2928 974 Philoxenus
2979 918 3283 984 dicebatur,
3332 917 3651 989 episcopum
3690 915 4067 988 Hierapoleos,

2483 1025 2607 1065 cum
2661 1019 2810 1068 esset
2861 1012 3211 1078 Manichacus,
3244 1020 3299 1068 et
3363 1012 3586 1068 Petrum
3635 1013 3877 1083 Apamia:
3935 1027 4065 1068 cum

2482 1102 2741 1157 Omnibus
2774 1102 2949 1173 ipsius
2981 1102 3209 1157 macula
3240 1103 3608 1173 participibus
3636 1103 3834 1158 exsilio
3858 1103 4069 1172 relega-

2482 1192 2579 1246 vit.
2613 1190 2910 1248 Revocavit
2943 1202 3126 1250 autem
3162 1208 3356 1250 omnes
3403 1200 3678 1264 quotquot
3705 1194 3907 1264 injuste
3942 1191 4062 1248 lue-

2483 1293 2608 1336 rant
2667 1283 2735 1337 ab
2766 1284 3060 1340 Anastasio
3086 1286 3307 1340 exsules
3359 1285 3670 1340 constituti.
3709 1285 3817 1340 Sed
3849 1295 3902 1340 et
3959 1286 4070 1354 Ap-

2483 1378 2700 1444 pionem
2762 1378 3080 1446 patricium,
3135 1393 3298 1448 quem
3363 1378 3420 1433 in
3461 1378 3680 1433 Nicrena
3741 1379 3958 1434 civitate
4014 1381 4070 1434 in

2482 1469 2864 1539 presbyterum
2927 1479 3365 1535 consecraverat,
3412 1486 3686 1541 quemque
3748 1472 4067 1542 imperator.

2483 1569 2543 1612 ut
2573 1576 2761 1615 revera
2785 1561 3130 1631 prudentem,
3155 1562 3474 1631 prml‘ectum
3502 1563 3627 1619 fecit
3653 1565 4058 1634 praetoriorum.

2485 1652 2745 1720 Sequenti
2779 1661 2962 1709 autem
3002 1671 3148 1710 anno
3177 1654 3389 1710 Joanne
3417 1656 3773 1725 Cappadocia:
3796 1655 4072 1710 Constan-

2487 1747 2854 1815 tinopolitano
2893 1749 3154 1819 episcopo
3206 1750 3488 1814 defuncto,
3549 1749 3890 1820 Epiphanius
3943 1766 4071 1822 pre-

2485 1839 2670 1909 sbyter
2696 1839 2869 1908 ipsius
2891 1842 3140 1895 ecclesiae
3168 1850 3331 1909 atque
3357 1843 3629 1911 syncellus
3656 1851 3935 1910 promotus
3961 1851 4070 1908 est;

2483 1931 2741 1986 similiter
2781 1943 2836 1986 et
2868 1931 3156 1988 llormisda
3196 1934 3445 1989 Romano
3475 1936 3781 1990 dormiente
3820 1935 4063 1989 Joannes

2478 2025 2859 2095 episcOpatum
2903 2028 3164 2096 suscepit.

2550 2117 2737 2172 Tertio
2796 2117 2995 2173 Justini
3039 2119 3306 2190 principis
3341 2137 3509 2183 anno,
3546 2122 3691 2176 bello
3727 2132 3876 2176 moto
3910 2123 4054 2176 inter

2481 2207 2760 2263 ltomanos
2787 2219 2838 2264 et
2867 2211 3084 2275 Persas,
3119 2213 3268 2265 misit
3300 2211 3440 2266 idem
3469 2211 3720 2267 Justinus
3767 2214 3971 2282 legatos
4005 2223 4064 2266 et

2481 2319 2708 2358 munera
2738 2303 2804 2356 ad
2840 2303 3093 2357 Zelicben
3145 2319 3327 2373 regem
3385 2304 3710 2359 Hunnorum
3738 2349 3750 2370 ,
3787 2317 3838 2360 et
3873 2321 4066 2375 repro-

2481 2391 2632 2444 misit
2662 2405 2786 2444 cum
2815 2391 3146 2460 juramcntis
3180 2409 3238 2448 se
3278 2397 3594 2464 imperatori
3629 2404 3820 2450 contra
3857 2396 4057 2452 Persas

2481 2482 2746 2536 auxilium
2786 2493 3197 2553 praestaturum.
3232 2486 3480 2542 Mittente
3535 2497 3714 2544 autem
3748 2500 3799 2543 et
3850 2491 4070 2546 Cahade

2481 2576 2799 2644 repromisit
2825 2584 2878 2630 et
2909 2577 3036 2645 ipsi.
3068 2576 3180 2632 Hoc
3208 2593 3340 2635 sane
3372 2578 3628 2634 Justinus
3667 2582 3918 2637 ediscens
3965 2584 4068 2636 tri-

2484 2673 2663 2723 status
2691 2674 2778 2722 est
2806 2667 2986 2722 valde.
3019 2667 3194 2724 Porro
3247 2671 3451 2726 direxit
3483 2673 3546 2724 ad
3583 2671 3780 2726 Persas
3814 2672 4066 2727 Zelicbes

2483 2759 2679 2829 viginti
2715 2762 2888 2815 millia
2924 2764 2990 2816 ad
3015 2764 3436 2834 expugnandum
3477 2763 3770 2819 Romanos.
3808 2765 3874 2818 At
3935 2782 4067 2821 vero

2482 2853 2737 2910 Justinus
2760 2857 3059 2912 destinavit
3092 2858 3298 2912 Cabadi
3335 2860 3448 2928 regi
3483 2859 3771 2914 Persarum
3825 2861 4058 2930 legatio-

2485 2962 2608 3002 nem
2637 2963 2736 3017 pro
2769 2964 2924 3017 pace,
2947 2957 2996 3003 cl
3031 2952 3190 3019 quasi
3225 2966 3389 3019 super
3415 2953 3522 3005 alio
3553 2954 3785 3020 quodam
3815 2955 4066 3009 scribens

2484 3043 2648 3093 etiam
2702 3039 2769 3095 de
2829 3040 3048 3095 Zelicbe
3109 3042 3459 3112 signiﬁcavit,
3495 3047 3622 3113 quia
3677 3045 4054 3113 opitulat'onis

2482 3130 2794 3199 iuramenta
2842 3150 2962 3188 cum
3019 3133 3285 3188 Romanis
3316 3135 3497 3197 habet,
3539 3139 3666 3206 quia
3726 3147 3778 3193 et
3839 3154 4062 3193 munera

809 3226 911 3277 ilic
942 3235 1300 3280 consecratus
1340 3225 1504 3279 tertio
1534 3225 1621 3278 die
1654 3225 1874 3278 Pascha:
1903 3225 2259 3293 apostolicam
2296 3226 2380 3280 in-
2412 3253 2454 3312 ρ
2489 3223 2700 3292 accepit
2728 3225 2919 3289 multa,
2949 3233 3001 3277 et
3031 3225 3146 3278 vult
3177 3225 3420 3293 proditor
3481 3227 3769 3282 Persarum
3827 3228 3958 3287 ﬁeri.
4013 3239 4068 3284 et

808 3319 979 3371 dutus
1011 3327 1096 3372 est
1123 3320 1342 3372 stolam.
1379 3319 1625 3388 Populus
1665 3327 1848 3373 autem
1877 3319 2198 3374 instantiam
2239 3322 2383 3375 mul-

809 3421 919 3463 tam
957 3411 1152 3480 agebat
1194 3423 1249 3464 ut
1277 3409 1519 3466 Joannes
1550 3411 2040 3466 anathematizaret
2096 3412 2381 3467 Severum.

805 3500 978 3555 Porro
999 3501 1188 3555 eodem
1213 3509 1620 3556 annomortuus
1642 3502 1941 3572 estimpius
1960 3504 2308 3569 Anastasius,
2332 3512 2387 3558 et

804 3592 1089 3660 imperavit
1115 3592 1237 3661 pius
1259 3589 1504 3647 Justinus
1531 3607 1628 3661 pro
1651 3607 1737 3659 eo,
1757 3594 1840 3646 vir
1868 3593 2051 3647 senior
2066 3603 2121 3648 et
2157 3593 2384 3647 multum

804 3683 1183 3751 peritus,quia
1234 3697 1260 3735 a
1307 3684 1572 3739 militibus
1595 3683 1859 3754 incipiens
1912 3699 2087 3755 usque
2121 3686 2189 3739 ad
2225 3676 2387 3741 sentt-

805 3781 918 3828 tum
943 3775 1197 3845 proiecit,
1220 3775 1469 3846 illyricos
1501 3792 1721 3847 genere.
1758 3776 1993 3844 Quidam
2025 3784 2208 3833 autem
2230 3778 2386 3832 aiunt

802 3867 946 3934 quod
963 3868 1148 3920 divino
1169 3866 1393 3922 fulmine
1412 3882 1710 3937 percussus
1761 3870 2085 3925 Anastasius
2103 3871 2384 3940 periisset.

873 3956 1062 4013 Mundi
1115 3974 1259 4013 anno
1313 3958 1476 4025 60H,
1530 3960 1729 4015 divina:
1787 3961 2184 4016 incarnationis
2239 3977 2384 4018 anno

803 4047 928 4111 5H,
975 4063 1120 4104 anno
1175 4049 1388 4119 hnperii
1419 4047 1621 4104 Justini
1673 4050 1870 4120 primo,
1919 4050 2227 4107 Vitalianus
2262 4060 2385 4121 post

811 4149 1042 4193 mortem
1077 4139 1353 4194 Anastasii
1388 4139 1565 4194 cidem
1597 4142 1911 4209 imperatori
1950 4142 2104 4195 valde
2142 4141 2377 4196 familia-

805 4231 881 4282 ris
908 4227 1134 4284 effectus
1171 4237 1276 4293 est,
1313 4231 1384 4282 ita
1419 4236 1504 4297 {ut
1557 4232 1749 4284 c0nsul
1817 4233 2202 4300 appellaretur,
2243 4227 2381 4286 fidu-

808 4319 1060 4385 ciamque
1127 4327 1334 4371 tantam
1377 4320 1520 4388 apud
1581 4320 1967 4389 imperatorem
2037 4323 2263 4376 haberet
2322 4333 2382 4376 ut

803 4410 970 4463 etiam
1005 4410 1268 4465 Severum
1299 4414 1622 4482 praeciperet
1651 4414 1776 4483 ejici
1805 4425 1860 4470 et
1891 4415 2128 4468 interimi
2160 4440 2170 4471 :
2215 4417 2379 4470 nimis

803 4504 948 4555 enim
979 4512 1098 4557 erat
1131 4505 1475 4560 orthodoxns
1539 4505 1863 4561 Vitalianus.
1899 4509 2020 4572 Quo
2059 4509 2247 4562 audito
2280 4509 2378 4561 Se-

2491 3317 2622 3383 quia
2661 3325 2876 3384 oportet
2937 3330 3059 3380 nos,
3094 3331 3217 3370 cum
3251 3319 3424 3372 simus
3467 3317 3688 3378 i‘ratres.
3751 3320 3818 3374 ad
3876 3322 4069 3375 amici-

2490 3406 2620 3460 tiam
2677 3406 2866 3460 venire
2919 3414 3112 3461 etnon
3175 3422 3204 3459 a
3239 3409 3647 3462 canibus-istis
3707 3410 3880 3462 illudi.
3913 3409 4066 3464 Tunc

2451 3495 2741 3551 *Cabades
2795 3512 3089 3552 accersens
3148 3509 3361 3552 secreto
3414 3497 3692 3562 Zelicben,
3749 3501 4064 3555 sciscitatus

2494 3601 2578 3645 est
2612 3592 2660 3647 si
2690 3592 2997 3660 accepisset
3025 3607 3052 3643 a
3097 3589 3360 3645 Romanis
3388 3607 3639 3649 munera.
3682 3594 3933 3646 hortatus
3966 3595 4062 3647 ad-

2488 3699 2686 3740 versus
2718 3685 2949 3748 Persas;
2982 3684 3072 3754 qui
3105 3683 3243 3737 dixit
3273 3703 3284 3737 :
3336 3682 3534 3736 Etiam.
3580 3685 3642 3738 Et
3677 3686 3850 3742 iratus
3882 3687 4061 3743 Caba-

2489 3776 2587 3833 des
2627 3778 2831 3832 occidit
2869 3791 3016 3840 eum,
3047 3786 3100 3832 et
3129 3792 3224 3847 per
3261 3787 3475 3832 noctem
3517 3779 3683 3832 missa
3717 3778 4068 3836 multitudine

2490 3867 2780 3924 Persarum
2847 3869 3126 3924 interiecit
3186 3869 3452 3938 populum
3519 3869 3638 3937 ejus
3676 3911 3689 3933 ,
3754 3873 4065 3940 suspicatus

2487 3959 2634 4030 quod
2660 3961 2786 4015 dolo
2813 3962 3094 4016 venissent
3134 3963 3198 4015 ad
3235 3961 3383 4015 illum
3414 3977 3428 4024 ;
3460 3969 3725 4031 quotquot
3757 3972 3932 4016 autem
3965 3977 4064 4032 po-

2487 4061 2715 4109 tuerunt
2775 4052 2981 4121 fugere,
3046 4053 3326 4108 redierunt
3381 4051 3448 4106 ad
3504 4055 3746 4122 propria.
3799 4052 4065 4109 l’raterea

2487 4145 2826 4213 Euphrasius
2855 4145 3236 4198 Antiochenus
3263 4144 3765 4199 Chalcedonensem
3793 4146 4062 4214 synodum
4090 4168 4100 4172 —

2455 4236 2722 4288 'exclusit
2744 4249 2772 4286 a
2795 4234 3093 4303 diptychis,
3131 4236 3224 4288 sed
3257 4242 3310 4288 et
3345 4248 3541 4288 nomen
3576 4233 3880 4289 llormisdze
3908 4251 4060 4304 papa-

2483 4324 2740 4378 Romani.
2780 4325 2908 4379 Post
2964 4325 3078 4379 inec
3115 4340 3244 4380 vero
3301 4326 3503 4379 timens
3552 4335 3794 4395 quatuor
3829 4329 4060 4381 concilia

2485 4418 2854 4470 conﬁrmavit.

2553 4510 2759 4576 Quinto
2791 4525 2936 4562 anno
2970 4510 3180 4574 imperii
3235 4509 3439 4563 Justini
3472 4508 3679 4562 Zathns
3743 4525 3833 4563 rex
3887 4509 4058 4562 Lazo-

804 4609 966 4648 verus
1027 4595 1186 4664 fugit,
1242 4606 1294 4650 ct
1348 4597 1599 4653 Julianus
1656 4599 2023 4654 Halicarnassi
2057 4601 2370 4670 cpiscopus.
2416 4621 2458 4675 ι)
2491 4621 2633 4664 rum,
2674 4603 2937 4658 recedens
2973 4619 3001 4655 a
3026 4618 3193 4673 regno
3221 4601 3513 4657 Persarum
3546 4612 3808 4672 regnante
3843 4601 4062 4655 Cabade

803 4685 1102 4757 Egyptum
1135 4689 1423 4754 abeuntes,
1459 4689 1600 4743 hanc
1630 4691 2131 4754 conturbat/erunt,
2171 4708 2380 4746 sermo-

804 4795 925 4832 nem
959 4781 1026 4834 de
1047 4781 1392 4849 corruptibili
1421 4790 1475 4835 et
1505 4782 1914 4851 incorruptibili
1945 4793 2377 4848 commoventes,

803 4871 931 4924 dum
969 4872 1312 4926 Alexandria:
1346 4872 1639 4928 Dioscorus
1672 4883 1820 4929 esset
1881 4875 2195 4945 episcopus.
2249 4875 2379 4945 Epi-

804 4964 955 5032 scopi
987 4975 1166 5016 autetn
1193 4972 1246 5018 et
1282 4964 1467 5020 clerici
1521 4965 1747 5020 Romam
1803 4967 2103 5032 venientes,
2142 4967 2380 5020 auctori-

805 5064 912 5108 tate
955 5055 1023 5108 ab
1053 5055 1346 5110 Hormisda
1379 5057 1626 5111 Romano
1681 5059 1942 5128 episcopo
2008 5061 2192 5115 studio
2228 5060 2380 5116 Vita-

805 5146 930 5197 liani
963 5156 1242 5215 percepta,
1269 5163 1392 5201 cum
1427 5149 1607 5202 adhuc
1637 5151 1838 5204 viveret
1869 5149 2128 5220 :Joannes
2161 5153 2378 5222 Cappa-

803 5243 909 5293 dox
937 5243 1228 5311 cpiscopus
1259 5243 1930 5316 Constantinopolitanus,
1951 5256 2198 5301 sant-tam
2223 5248 2381 5302 Chal-

802 5333 1165 5388 cedonenscm
1207 5336 1475 5405 synodum
1514 5339 1567 5390 in
1635 5339 1912 5408 diptychis
1963 5339 2378 5402 ordinaverunt,

807 5441 912 5480 una
943 5441 1066 5480 cum

806 5520 1040 5576 Severus
1091 5521 1295 5590 impius
1343 5522 1464 5593 fuga
1504 5524 1686 5593 lapsus
1710 5534 1854 5579 esset
1884 5523 2130 5588 eilectus,
2179 5525 2379 5580 Paulus

1124 5428 1246 5482 aliis
1300 5432 1474 5484 sacris
1519 5431 1698 5484 tribus
1751 5431 2021 5485 conciliis.
2059 5429 2193 5484 Cum
2251 5447 2394 5496 vero,

2487 4707 2541 4752 ct
2582 4697 2812 4750 Zathum
2855 4705 3095 4760 amante,
3133 4696 3226 4764 qui
3269 4697 3435 4749 etiam
3468 4697 3618 4748 illum
3659 4697 3708 4749 in
3745 4711 3924 4764 regem
3959 4692 4060 4747 Li-

2489 4807 2676 4844 zorum
2711 4797 3060 4858 provexerat,
3093 4790 3239 4841 venit
3273 4787 3596 4857 Byzantium
3647 4787 3710 4839 ad
3757 4787 4057 4853 Jttslinum,

2487 4894 2540 4939 ct
2573 4884 2782 4953 rogavit
2813 4899 2937 4936 eum
2974 4890 3032 4934 ut
3061 4881 3210 4934 ﬁeret
3236 4881 3580 4935 Christianus
3627 4891 3678 4933 et
3717 4881 3783 4933 ab
3817 4882 3934 4948 ipso
3963 4895 4056 4939 ap-

2489 4978 2782 5046 pellaretur
2818 4977 3113 5044 imperator
3143 4972 3432 5026 LaZoruin.
3477 4976 3543 5025 At
3602 4973 3900 5041 imperator
3934 4987 4052 5024 cum

2489 5069 2689 5137 gaudio
2719 5068 2812 5120 illo
2853 5076 3135 5134 StISCepto,
3191 5067 3520 5118 illuminavit
3569 5065 3681 5132 ('25)
3729 5079 3850 5118 eum
3889 5074 3940 5117 et
3995 5067 4056 5114 ti-

2490 5162 2618 5212 lium
2651 5159 2961 5227 appellavit.
2992 5157 3291 5210 Provectns
3329 5167 3507 5209 autem
3542 5158 3838 5224 imperator
3889 5154 4057 5208 Lare--

2486 5267 2606 5304 rum
2635 5265 2663 5302 a
2695 5248 2909 5304 Justino
2945 5249 3177 5318 portavit
3209 5263 3465 5299 C(tt'Oltztllt
3496 5255 3546 5300 et
3577 5245 3916 5314 chlamydem
3955 5249 4003 5298 in
4033 5275 4054 5284 -

2485 5345 2814 5412 peratoriam
2875 5345 3076 5395 albam.
3145 5340 3264 5406 Quo
3321 5349 3601 5408 comperto
3662 5337 3904 5391 Cabach
3963 5353 4054 5388 rex

2488 5435 2778 5488 Persarum
2838 5433 3166 5501 signiﬁcavit
3202 5433 3517 5500 imperatori
3579 5429 3824 5486 Justino.
3868 5431 4054 5481 dict-ns

2486 5528 2612 5596 quia
2669 5527 2805 5578 {lum
2835 5526 3071 5577 amicitia
3105 5535 3149 5576 et
3187 5539 3282 5592 pav
3317 5523 3381 5575 sit
3416 5523 3554 5574 inter
3585 5537 3700 5582 tros,
3729 5537 3846 5589 qum
3879 5523 4058 5571 inim;-

2333 5669 2570 5724 -NOT.l"..

874 5758 982 5838 (22)
1009 5758 1337 5838 Ccujectore.
1369 5760 1574 5838 Clossm
1603 5782 1623 5838 :_
1651 5764 2335 5838 ὀνειροκρίῖῃςτροιήῡςιοι·
2359 5805 2371 5822 .

805 5833 1211 5904 sonittisolntnr,
1245 5833 1582 5904 somniorum
1615 5833 1904 5904 interpres.
1936 5835 1997 5886 Ὺ.
2029 5837 2202 5888 l’laut.
2241 5837 2375 5890 (Ϊιιν-
2404 5870 2413 5877 -

801 5901 902 5953 ιἰιι,
941 5910 1043 5953 art.
1086 5901 1148 5966 ll,
1191 5918 1268 5956 sc.
1312 5913 1404 5956 tet
1435 5919 1487 5955 n.
1542 5903 1704 5960 han.

2564 5766 2676 5832 ('23)
2728 5763 3078 5823 Illuminorit,
3137 5760 3422 5827 ἐξιῖιτιεεν.
3450 5755 3708 5832 α’ξ-ιτὶζειν
3748 5773 3796 5808 in
3837 5756 4058 5832 script}

2440 5846 2446 5848 ’
2489 5826 2707 5888 Patrum
2739 5836 3003 5901 accipitur
3039 5847 3134 5916 pro
3168 5826 3463 5899 lmpltlitlt‘.
3498 5831 3555 5881 \.
3587 5835 3808 5896 brc'gi-r.
3841 5826 4054 5886 5:11.52;

2489 5908 2543 5958 τὸ
2583 5911 2729 5972 ἀπίτω
2761 5906 3060 5972 βάπτιεςω.
3100 5903 3175 5955 lo.
