4440 6446
379 450 505 509 12ςὲ

1184 446 1544 504 ΗΙΓπΤΟΗῘᾹ
1581 441 2158 502 HECLESl.-\S'l'lt..\
2207 443 2300 496 iu‘.
2352 438 2829 496 'l'liliUi’liAXli.

3497 439 3629 502 125i

372 590 382 610 ι
405 579 559 613 ul'tlltl
596 576 720 616 sunt
755 562 892 631 agis,
925 568 976 612 et
1015 577 1106 614 eos
1149 561 1240 628 qui
1281 561 1380 614 sub
1436 566 1703 626 potestate
1744 556 1938 609 Persa-
1971 557 2013 611 Α
2048 562 2194 604 Ιιὶηῑιί
2227 561 2275 604 ΡΙ
2309 562 2363 604 Pl
2398 564 2650 604 "IOI‘UNIS
2681 560 2785 614 (δεῖν
2819 563 2870 606 t“
2905 553 3084 608 Οηιιιίέ
3134 553 3329 610 ίίίιηὶιεε
3363 568 3414 611 Cl
3452 563 3632 615 CCCIC-

372 669 491 708 rum
531 669 557 706 a
617 655 818 708 saeCnIo
847 665 1000 707 erant
1059 652 1430 721 assumpsisu.
1464 650 1568 715 Qui
1609 650 1818 702 t't‘tuis‘it
1849 651 1895 700 ei
1931 669 1940 698 :

378 747 491 799 Nos
515 763 824 816 quamquam
854 746 1208 814 subjectorum
1244 745 1465 812 imperio
1522 753 1609 795 tuo
1651 759 1811 811 neque
1867 759 1952 792 as-

376 841 716 903 sttmpsimus,
742 853 902 906 neque
923 833 1407 890 sttbvertinttts.Sed
1433 833 1718 887 ascendens
1749 832 1951 884 Zat/ms

378 931 443 982 ait
472 929 768 997 imperialiu
793 940 975 984 nostra
1002 926 1278 996 procidcns
1330 929 1642 995 deprecatus
1676 937 1752 980 est
1801 936 1857 978 ut
1888 925 1950 976 ab

381 1024 589 1075 scelesto
619 1031 667 1073 et
701 1037 907 1091 pagano
933 1020 1179 1090 dogmate
1203 1018 1780 1086 impiisque'sacri/iriis
1804 1027 1850 1068 ct
1874 1033 1954 1069 er-

377 1132 494 1168 rore
525 1114 819 1169 dwmonum
851 1112 1190 1175 liberaretur,
1209 1122 1257 1164 et
1282 1111 1550 1165 accederet
1601 1113 1668 1163 art
1710 1111 1971 1164 condito-~

377 1224 484 1259 rem
527 1208 760 1260 omnium
789 1203 980 1269 Deum,
1009 1212 1057 1256 et
1089 1202 1236 1270 [teret
1264 1201 1622 1256 Christianus.
1664 1199 1818 1254 llunc
1859 1218 1956 1256 nos

379 1300 702 1360 baptizatttcs
738 1298 1056 1352 absolvimus
1112 1295 1178 1348 ad
1225 1296 1497 1363 propriam
1544 1293 1822 1364 regionem.
1874 1292 1950 1346 Es

381 1401 512 1445 tunc
572 1407 702 1459 ergo
762 1390 901 1444 facta
953 1398 1035 1444 est
1066 1387 1354 1442 inimicitia
1409 1388 1552 1440 inter
1585 1385 1861 1441 Romanos
1900 1395 1954 1440 et
2003 1457 2011 1460 ν

370 1482 591 1549 Persas.
635 1481 836 1534 Eodem
875 1496 1091 1550 quoque
1121 1494 1266 1533 anno
1295 1487 1450 1549 gesta
1485 1487 1614 1533 sunt
1645 1495 1766 1549 quae
1805 1479 1951 1534 cii-ta

333 1633 345 1638 _
381 1573 438 1625 S.
473 1573 713 1626 At‘ethan
755 1581 1144 1640 provenerunt.

449 1663 617 1717 Sexto
654 1663 866 1732 imperii
919 1661 1122 1717 Justiui
1179 1675 1324 1716 anno
1360 1659 1799 1726 Thetiderichus,
1843 1660 1952 1716 Ro-

381 1771 520 1809 mam
551 1765 742 1809 tenens
771 1765 820 1811 et
876 1771 938 1810 ea
975 1770 1098 1824 qum
1151 1755 1267 1808 Arii
1299 1763 1426 1810 sunt
1463 1754 1682 1823 sapiens
1707 1796 1722 1820 ,
1774 1756 1955 1823 coegit
1995 1796 2003 1804 .

378 1845 637 1901 Joannem
675 1862 864 1917 papam
899 1847 1083 1900 venire
1110 1846 1430 1917 Byzantium
1463 1845 1528 1897 ad
1567 1846 1950 1915 imperatorem

378 1938 652 1993 lus-tinum
684 1951 738 1992 et
771 1939 1115 1993 intercedere
1149 1952 1247 2008 pro
1275 1937 1518 2001 Arianis,
1559 1945 1619 1989 ιιι
1653 1951 1760 1990 ιιοη
1801 1950 1949 1991 com-

381 2011 600 2102 pelleret
635 2034 758 2086 illos
813 2033 894 2112 ab.
937 2033 1128 2086 hmrcsi
1186 2045 1282 2086 sua
1347 2031 1651 2085 discedere.
1707 2027 1838 2084 Nam
1896 2038 1950 2084 et

380 2124 796 2180 Theuderichus
852 2126 954 2178 hoc
1012 2124 1063 2176 in
1129 2124 1487 2188 orthodoxos,
1541 2123 1634 2192 qui
1688 2123 1741 2176 in
1799 2120 1950 2176 Italia

380 2223 559 2278 erant,
598 2218 776 2270 facere
816 2216 1148 2269 minabatur.
1193 2213 1433 2269 Joannes
1467 2231 1595 2270 vero
1629 2215 1949 2286 Byzantium

381 2309 624 2368 veniens.
656 2318 708 2360 et
736 2307 1000 2362 invitatus
1030 2309 1098 2360 ab
1131 2304 1436 2376 Epiphanio
1468 2307 1808 2375 patriarcha,
1841 2320 1950 2361 nou

378 2398 674 2460 consentit,
704 2411 991 2466 usquequo
1039 2396 1342 2464 Epiphanio
1391 2396 1710 2463 praesideret
1767 2405 1952 2464 utpote

381 2504 515 2557 papa
577 2489 880 2542 Romanus.
919 2489 1018 2554 Qui
1076 2489 1334 2542 omnibus
1386 2487 1610 2556 quidem
1677 2488 1950 2557 episcopis

379 2583 822 2648 communicavit,
879 2581 1168 2635 Timotheo
1230 2594 1360 2635 vero
1413 2580 1788 2635 Alexandrino
1841 2595 1948 2634 non

379 2675 825 2728 communicavit.
878 2673 1124 2726 tiabadcs
1179 2685 1358 2726 autem
1397 2671 1683 2726 Persarum
1743 2687 1858 2732 rex.
1891 2672 1951 2726 fi-

383 2764 488 2819 lius
525 2764 732 2826 Perusi,
773 2764 941 2816 multa
977 2745 1146 2817 millia
1183 2762 1604 2816 Manichaeorum
1657 2778 1780 2816 cum
1833 2764 1949 2833 epi-

381 2868 546 2922 scopo
577 2869 764 2908 eorum
801 2853 1063 2907 lndazaro
1122 2867 1230 2906 una
1260 2853 1349 2906 die
1407 2855 1652 2922 peremit,
1686 2869 1791 2906 una
1824 2868 1948 2908 cum

380 2945 728 3000 senatoribus
759 2943 965 3006 Persis,
990 2944 1084 3012 qui
1112 2959 1307 2998 sensus
1337 2959 1528 2999 eorum
1555 2953 1732 2999 erant.
1753 2945 1950 2999 Filium

378 3037 523 3097 enim
557 3038 699 3106 ejus,
733 3037 955 3092 nomine
983 3035 1376 3102 Pthasuarsan,
1405 3037 1688 3093 Manichtei
1719 3054 1746 3092 a
1783 3055 1952 3108 puero

380 3125 713 3181 instruentes
748 3137 801 3181 et
825 3129 908 3181 sui
939 3144 1136 3184 sensus
1169 3129 1466 3184 cliicientes
1497 3131 1952 3198 repromittebant

2056 644 2136 696 sia
2169 645 2386 705 cecidit,
2441 655 2497 696 et
2557 645 2908 713 pulchritudo
2972 647 3212 700 civitatis
3267 652 3634 706 exterminata

2056 749 2174 792 est:
2215 753 2320 792 non
2356 737 2502 791 enim
2540 736 2678 792 facta
2714 749 2795 794 est
2834 741 2959 794 talis
2988 739 3252 795 divinitus
3283 743 3416 797 ultio
3449 744 3503 798 in
3527 745 3631 798 alia

2055 829 2278 882 civitate
2339 844 2433 897 per
2489 843 2680 884 onmcs
2722 831 3127 909 generationes.
3189 834 3287 886 Ast
3348 837 3634 905 piissimus

2057 924 2354 991 imperator
2380 922 2632 977 Justinus
2691 923 2778 977 his
2833 924 3068 992 cognitis
3115 925 3409 994 plurimum
3451 930 3634 984 animo

2055 1015 2248 1079 doluit,
2287 1017 2358 1067 ita
2395 1023 2451 1068 ut
2483 1016 2665 1068 ahlato
2691 1015 2995 1070 diademate
3029 1031 3057 1069 a
3091 1019 3269 1087 capite
3293 1035 3394 1074 suo
3427 1029 3480 1075 et
3509 1039 3635 1091 pur-

2055 1121 2190 1176 pura
2224 1107 2428 1178 lugeret
2461 1109 2514 1161 in
2555 1121 2716 1161 sacco
2747 1109 2944 1164 sedens
2972 1126 3068 1179 per
3095 1111 3212 1166 dies
3245 1113 3470 1177 multos,
3500 1115 3636 1170 adeo

2057 1209 2114 1252 ut
2148 1199 2200 1252 in
2237 1200 2324 1254 die
2357 1199 2498 1253 festo
2529 1200 2834 1268 procedens
2865 1201 2931 1255 ad
2962 1203 3254 1257 ecclesiam
3290 1219 3399 1260 non
3431 1221 3633 1276 passus

2055 1291 2126 1346 sit
2158 1301 2377 1362 portare
2409 1306 2669 1346 coronam
2701 1295 2786 1348 vel
2821 1293 3189 1365 chlamydem.
3228 1294 3398 1351 Porro
3447 1315 3634 1356 mense

2053 1383 2258 1453 Aprilis
2298 1382 2540 1451 ejusdem
2574 1386 2780 1454 quintae
2813 1384 3133 1442 indictionis
3170 1397 3411 1454 aegrotus
3458 1390 3632 1459 impc-

2053 1482 2208 1529 rator
2237 1474 2488 1530 Justinus
2517 1477 2749 1532 eifectus
2777 1479 3047 1546 provexit,
3078 1477 3208 1533 dum
3250 1479 3431 1534 adhuc
3483 1483 3633 1536 vive-

2054 1575 2157 1630 ret,
2217 1567 2269 1620 in
2329 1569 2717 1637 imperatorem
2779 1567 3154 1625 Justinianum
3215 1582 3468 1641 nepotem
3521 1575 3633 1643 (‘24)

2055 1675 2230 1724 suum,
2269 1660 2363 1730 qui
2400 1667 2454 1714 et
2505 1659 2865 1730 eoimperavit
2922 1663 2970 1715 ei
3030 1663 3316 1718 mensibus
3361 1666 3414 1718 4.
3450 1665 3634 1720 Mense

2056 1761 2232 1805 autem
2265 1751 2512 1820 Angusto
2560 1749 2808 1820 ejusdem
2850 1751 3058 1820 quintae
3109 1753 3428 1809 indietionis
3455 1755 3636 1810 'JuSti-

2055 1858 2160 1897 nus
2192 1843 2347 1897 obiit.
2377 1842 2576 1898 Eodem
2615 1854 2797 1898 autem
2846 1859 2990 1898 anno
3027 1845 3306 1912 singulare
3344 1848 3632 1918 imperium

2051 1936 2397 1991 Justiniauus
2431 1936 2692 1992 obtinuit.
2730 1938 2844 1991 Rex
2878 1949 3056 1992 autem
3091 1938 3444 2005 llelurorum,
3478 1940 3631 1996 Grae-

2054 2038 2137 2084 tes
2172 2029 2414 2092 nomine,
2446 2028 2514 2082 ad
2551 2027 2828 2083 Romanos
2858 2030 3144 2095 conﬂuxit,
3195 2042 3249 2084 et
3290 2035 3440 2085 venit
3483 2033 3630 2087 Con-

2055 2120 2467 2189 stantinopolim
2507 2135 2633 2174 cum
2666 2121 2865 2190 populo
2898 2136 3022 2184 suo,
3053 2131 3106 2176 et
3158 2123 3311 2191 petiit
3340 2123 3634 2191 imperato-

2057 2226 2168 2265 rem
2231 2227 2340 2280 quo
2403 2211 2556 2264 ﬁeret
2585 2210 2982 2274 Christianus;
3035 2213 3126 2281 qui
3186 2213 3524 2282 baptizatum
3581 2213 3632 2266 in

2055 2299 2426 2370 Thoophaniis
2475 2300 2720 2368 suscepit
2760 2316 2882 2354 eum
2933 2317 2995 2355 ev
3060 2302 3410 2371 baptismate,
3447 2317 3636 2372 repro-

2053 2395 2360 2447 mittentem
2416 2392 2668 2445 auxiliari
2699 2393 2748 2446 ei
2783 2393 2838 2446 in
2895 2393 3315 2462 quibuscunque
3346 2395 3630 2449 voluisset.

2054 2486 2257 2540 Eodem
2297 2499 2440 2539 anno
2468 2485 2701 2538 adhaesit
2751 2483 3019 2540 Romanis
3053 2487 3252 2542 mulier
3287 2488 3534 2556 qutedam
3567 2504 3631 2542 es

2054 2577 2288 2639 llunnis,
2315 2577 2407 2646 qui
2435 2577 2696 2631 dicuntur
2729 2577 2922 2639 Saber,
2956 2578 3210 2641 barbara,
3240 2581 3462 2635 nomine
3501 2578 3634 2634 Boa-

2054 2686 2166 2733 zer,
2186 2670 2595 2734 vidua,habeus
2621 2686 2806 2724 secum
2837 2670 3160 2725 Hunnorum
3190 2672 3358 2725 millia
3388 2679 3629 2726 centum.

2053 2763 2192 2816 Tum
2232 2772 2284 2814 et
2319 2778 2411 2816 rex
2443 2761 2766 2818 Hunnorum
2799 2765 2890 2834 qui
2931 2775 3061 2820 Sunt
3088 2764 3243 2834 juxta
3272 2765 3632 2834 Bosphorum.

2056 2852 2274 2905 nomine
2309 2850 2514 2918 Gorda,
2549 2855 2782 2910 accessit
2814 2855 2880 2908 ad
2931 2856 3340 2925 imperatorem,
3371 2865 3424 2910 ct
3457 2855 3634 2930 factm

2056 2939 2400 2995 Christianus
2425 2953 2716 3013 susceptus
2746 2954 2828 2998 est
2861 2945 2929 2998 ab
2958 2946 3326 3015 imperatore:
3360 2956 3415 3000 et
3446 2947 3635 3000 multis

2055 3031 2101 3084 ei
2135 3032 2397 3100 prasstitis
2423 3033 2585 3090 donis
2620 3036 2768 3090 misit
2795 3052 2918 3090 eum
2951 3039 3003 3091 in
3039 3040 3314 3107 regionem
3348 3041 3521 3108 ipsius
3566 3043 3631 3092 ad

2055 3122 2330 3178 Reinanas
2359 3140 2445 3180 res
2473 3129 2860 3184 custodiendas
2880 3139 2932 3184 et
2962 3130 3301 3202 Bosphorum
3336 3133 3632 3199 civitatein,

378 3217 449 3280 ei,
476 3216 723 3272 dicentes
756 3219 884 3287 quia
913 3219 1076 3273 Pater
1106 3229 1233 3275 tuus
1263 3221 1468 3284 senuit,
1496 3218 1550 3274 et
1583 3222 1628 3274 si
1657 3223 1949 3292 contigerit
1978 3233 2021 3289 ε
2056 3231 2178 3284 qua?
2220 3232 2316 3285 pro
2349 3233 2414 3272 c0
2443 3220 2588 3286 quod
2625 3219 2888 3275 Romanis
2929 3224 3097 3279 boves
3135 3241 3231 3295 per
3259 3228 3507 3297 singulos
3535 3246 3634 3284 an-

377 3321 501 3360 eum
530 3309 687 3374 mori,
717 3312 994 3379 principes
1026 3326 1310 3381 magorum
1344 3327 1510 3366 untun
1543 3312 1775 3366 fratrum
1829 3325 1953 3368 tuo-

380 3414 498 3451 rum
534 3401 741 3452 facient
792 3401 1201 3471 imperatorem,
1253 3417 1320 3456 eo
1358 3402 1503 3471 quod
1544 3412 1724 3458 teneat
1759 3405 1949 3476 dogma

379 3491 643 3558 ipsorum.
687 3491 795 3547 Nos
835 3502 1016 3546 autem
1047 3508 1342 3560 possumus
1389 3509 1485 3563 per
1517 3497 1796 3552 orationes
1857 3515 1954 3552 no-

377 3591 521 3635 stras
551 3582 782 3636 suadere
817 3583 957 3652 patri
994 3591 1088 3637 tuo
1119 3586 1507 3640 abrenuntiare
1538 3588 1788 3657 imperio,
1822 3599 1875 3644 et
1901 3603 1952 3647 te

377 3689 721 3742 promovere,
752 3683 810 3727 ut
844 3675 1044 3743 ubique
1071 3675 1361 3732 continues
1389 3678 1584 3749 dogma
1627 3680 1951 3738 Manichaeo-

377 3782 519 3820 rum.
551 3766 654 3832 Qui
698 3768 1012 3835 repromisit
1070 3769 1172 3822 hoc
1230 3769 1429 3836 facere,
1496 3777 1542 3826 si
1600 3772 1950 3842 imperasset.

375 3857 509 3909 Cum
541 3869 722 3910 autem
757 3859 872 3911 haec
902 3858 1152 3913 Cabatles
1191 3864 1563 3930 cegnovisset,
1595 3865 1765 3932 jussit
1815 3881 1949 3921 eou-

381 3960 600 4002 ventum
633 3951 748 4003 tieri
776 3952 934 4020 quasi
970 3951 1218 4008 facturus
1246 3955 1415 4008 lilium
1461 3973 1618 4009 suum
1652 3957 1951 4015 Pthasuar-

375 4057 468 4096 san
505 4044 911 4112 imperatorem,
946 4056 1000 4099 et
1034 4061 1223 4100 omnes
1245 4047 1448 4115 jubens
1483 4049 1810 4106 Manichaeos
1841 4070 1946 4108 una

377 4150 497 4187 cum
529 4137 788 4206 episcopo
811 4154 997 4192 eorum
1031 4147 1083 4192 et
1111 4139 1431 4196 mulieribus
1454 4152 1507 4196 et
1539 4143 1724 4198 liberis
1753 4146 1949 4201 adesse

375 4231 688 4290 eonveutui,
723 4231 977 4284 similiter
1003 4241 1057 4285 et
1091 4233 1393 4302 principem
1426 4249 1708 4304 magorum
1748 4236 1946 4290 Glona-

375 4335 469 4395 zen
505 4332 557 4373 et
591 4337 795 4389 magos,
828 4336 882 4376 et
907 4322 1348 4378 Christianorum
1383 4327 1700 4398 episcopum
1738 4328 1940 4385 Boaza-

376 4427 503 4474 nen,
530 4413 784 4466 dilectum
817 4430 846 4466 a
877 4415 1097 4469 Cahade
1133 4424 1319 4486 utpote
1348 4419 1618 4474 medicum
1652 4424 1942 4492 optimum.

373 4501 438 4554 Et
461 4504 774 4558 convocatis
803 4504 1116 4560 Manicharis
1150 4507 1247 4560 ait:
1271 4507 1484 4563 Gaudeo
1514 4527 1670 4578 super
1695 4515 1945 4584 dogmate

2060 3324 2159 3362 uos
2221 3319 2318 3378 pro
2387 3312 2634 3378 pecuniis
2685 3313 2976 3378 inferebat,
3011 3315 3328 3387 Bosphorus
3362 3322 3632 3392 appellata

2053 3411 2158 3456 est.
2193 3402 2416 3456 Locavit
2455 3413 2638 3459 autem
2689 3414 2742 3459 et
2803 3425 3094 3462 numerum
3151 3413 3383 3467 militum
3433 3415 3634 3469 Roma-

2055 3510 2251 3548 norum
2287 3505 2340 3550 et
2394 3497 2737 3551 tribunorum
2781 3501 3059 3556 custodire
3095 3504 3370 3560 civitatem
3407 3518 3633 3578 propter

2057 3589 2306 3652 llunuos,
2343 3595 2396 3642 et
2431 3592 2648 3660 exigere
2684 3593 2888 3647 tributa
2918 3595 3102 3648 boum.
3131 3598 3503 3669 Promulgavit
3535 3617 3632 3654 au-

2054 3685 2160 3732 tem
2200 3680 2432 3733 formam
2473 3682 2771 3751 imperator
2807 3684 2874 3739 de
2905 3689 3183 3758 episcopis
3221 3697 3274 3743 et
3326 3695 3632 3748 (ncononais

2053 3780 2106 3824 et
2131 3765 2603 3844 'orphanotmphis
2644 3786 2698 3830 et
2755 3781 3112 3845 xenodochis,
3173 3798 3238 3838 ne
3285 3784 3631 3841 hmrcditates

2053 3864 2399 3932 possiderent
2433 3867 2534 3921 nisi
2571 3884 2693 3938 qua:
2721 3870 3043 3941 priusquam
3082 3875 3512 3941 proveherentur
3535 3879 3634 3932 ha-

2052 3955 2236 4010 buisse
2305 3959 2690 4026 probarentur,
2757 3963 2824 4039 de
2872 3966 3072 4032 quibus
3127 3974 3182 4021 et
3237 3975 3627 4024 testamentum

2050 4048 2300 4103 emittere
2359 4051 2690 4118 potuissent.
2723 4055 2804 4108 Ab
2859 4057 2989 4110 hora
3022 4074 3146 4113 vero
3180 4075 3285 4128 qua
3341 4077 3628 4131 promove-

2053 4149 2263 4206 rentur,
2295 4144 2570 4199 nemiuem
2608 4147 2807 4202 habere
2840 4149 3116 4205 licentiam
3149 4154 3499 4223 disponendi,
3531 4159 3628 4212 sed

2050 4239 2232 4292 omnia
2263 4239 2435 4308 ipsius
2487 4243 2850 4297 venerabilem
2909 4247 3130 4300 domum
3195 4248 3528 4305 haereditari.
3563 4251 3628 4305 Et

2047 4333 2300 4400 exposuit
2332 4333 2626 4401 imperator
2655 4335 2800 4404 leges
2828 4338 3037 4391 validas
3063 4347 3252 4393 contra
3282 4341 3623 4407 libidinosas,

2047 4431 2101 4474 et
2137 4425 2289 4477 multi
2324 4426 2495 4494 puniti
2527 4437 2676 4490 sunt,
2705 4442 2761 4483 et
2791 4428 2966 4484 factus
2999 4444 3082 4486 est
3121 4434 3286 4486 timor
3316 4437 3526 4490 multus
3571 4447 3625 4492 et

2049 4515 2284 4568 cautela.
2315 4515 2618 4571 Itenovavit
2650 4521 2815 4572 etiam
2859 4506 3168 4576 contrarias
3204 4523 3371 4592 leges,
3416 4525 3624 4580 faciens

370 4607 556 4654 castra,
590 4605 639 4646 et
690 4597 803 4647 rolo
833 4595 982 4660 dare,
1031 4597 1155 4650 dum
1189 4602 1320 4664 vivo,
1353 4601 1524 4669 [ilium
1570 4620 1739 4658 meum
1774 4606 1940 4662 Ptlm-
1974 4579 2017 4634 θ
2047 4605 2383 4676 singulare!!!
2445 4609 2693 4664 COdiCCm
2721 4650 2735 4673 ν
2795 4618 2880 4666 (αι’
2912 4628 3116 4668 *00³118
3181 4630 3304 4668 eum
3364 4613 3620 4671 NOVCHGS

369 4701 597 4736 suarsan
651 4697 698 4738 et
749 4700 1153 4742 consentaneum
1221 4684 1469 4748 vestrum.
1525 4695 1628 4750 Sed
1679 4713 1944 4770 segregate

369 4779 707 4842 rosmetipsos
763 4777 832 4830 ad
865 4782 1220 4849 recipiendum
1257 4799 1398 4838 eum.
1439 4784 1542 4851 Qui
1587 4789 1710 4843 freti
1744 4791 1938 4847 fiducia

367 4870 691 4938 semetipsos
741 4884 1190 4942 segregaverunt.
1222 4875 1470 4933 Cabades
1507 4890 1690 4936 autem
1744 4887 1937 4953 praet-i-

369 4962 520 5025 piens
555 4963 831 5017 exercitus
856 4978 986 5018 suos
1019 4965 1252 5036 ingredi.
1299 4983 1489 5025 omnes
1527 4973 1771 5029 concidit
1821 4979 1934 5048 gla-

364 5051 466 5104 i'iis
496 5066 616 5103 cum
658 5055 917 5124 episcopo
946 5059 1294 5122 eorum,'sub
1332 5071 1632 5134 conspeClU
1667 5069 1934 5140 ιπίιιείνίε

368 5157 646 5212 magonun
680 5156 731 5200 et
761 5147 1201 5204 Christianorum
1235 5154 1520 5212 antistitis.

436 5233 614 5288 )lundi
682 5253 826 5291 anno
857 5235 1018 5300 6019.
1072 5244 1270 5300 divinae
1331 5247 1730 5308 incarnationis
1788 5271 1931 5310 anno

363 5324 485 5389 iil9,
518 5340 639 5380 cum
674 5337 835 5383 terrae
864 5342 1042 5388 motus
1067 5335 1211 5401 apud
1252 5339 1600 5394 Antiochiam
1639 5344 1816 5399 adhuc
1847 5356 1930 5401 tc-

364 5427 604 5482 uerclur,
636 5417 975 5488 Euphrasius
1004 5425 1296 5495 episcopus
1330 5429 1561 5485 obrutus
1585 5443 1667 5488 est
1699 5449 1727 5486 a
1767 5445 1926 5492 terrm

2045 4701 2490 4764 constitutiones,
2536 4704 2589 4755 in
2616 4704 2816 4773 quibus
2872 4721 2978 4758 non
3013 4708 3282 4775 permittit
3318 4709 3620 4781 principem

2043 4790 2096 4842 in
2124 4789 2278 4854 locis,
2325 4793 2530 4861 quibus
2587 4806 2808 4863 prmest,
2846 4813 3033 4852 emere
3066 4803 3471 4868 possessionem
3527 4815 3622 4860 aut

2040 4881 2311 4937 aedificare
2343 4883 2564 4938 domum
2619 4896 2715 4941 aut
2768 4888 3094 4945 haereditare
3155 4892 3268 4961 (25')
3303 4903 3618 4952 estraneam

2043 4989 2350 5043 personam,
2373 4977 2476 5031 nisi
2502 4979 2626 5048 quis
2653 4979 2755 5033 sibi
2787 4993 3050 5050 cognatus
3081 4987 3332 5038 exsistat.

2114 5065 2314 5120 Eodem
2375 5083 2520 5122 anno
2588 5085 2747 5138 passa
2803 5083 2885 5126 est
2933 5089 2962 5126 a
3002 5074 3185 5128 divina
3241 5076 3618 5146 indignatione

2045 5174 2234 5212 rursus
2267 5160 2575 5224 Antiochia,
2615 5164 2910 5230 post.duos
2955 5180 3131 5220 annos
3173 5168 3368 5236 prioris
3403 5172 3618 5237 passio-

2043 5253 2146 5314 uis,
2176 5264 2228 5305 et
2261 5253 2438 5308 factus
2470 5263 2553 5308 est
2583 5262 2744 5309 terrae
2778 5266 2960 5311 motus
2989 5274 3216 5329 magnus
3240 5267 3294 5314 et
3318 5267 3615 5330 tempestas

2039 5345 2384 5415 gravissima.
2442 5348 2505 5400 Et
2561 5347 2805 5402 iitaniam
2852 5351 3123 5406 faciebant
3179 5355 3271 5422 qui
3331 5369 3612 5410 remanse-

2037 5449 2153 5497 rant
2191 5455 2404 5504 omnes,
2441 5440 2780 5504 discalceati,
2809 5443 3128 5507 clamantes,
3172 5444 3353 5515 Hyrie,
3389 5446 3608 5512 elcison,

1892 5534 2125 5591 ΝΟΤΑΞ.

429 5611 849 5688 (iii'Nepotem,
886 5613 1243 5688 aus-.fatév._-ut
1298 5624 1428 5670 tunc
1469 5616 1856 5688 Loquebautur,
1889 5627 1924 5680 i.

357 5701 419 5760 e._
463 5684 672 5760 soroﬁris
708 5698 820 5760 sua:
872 5682 1073 5760 tilipnr.
1131 5683 1428 5760 Gregorius
1466 5682 1674 5745 Tit-ron.
1707 5682 1853 5747 Ηὲδιζ
1890 5713 1927 5760 ι,

360 5756 465 5828 18:
515 5773 533 5805 ι
572 5753 904 5808 Octavianus
949 5753 1076 5830 J_u|ii
1127 5757 1358 5830 (laeseris
1388 5773 1575 5830 nepos,
1609 5777 1768 5830 quem
1819 5753 1930 5818 Au:

357 5826 568 5893 gustum
615 5833 835 5900 _voeant.
893 5845 910 5876 ι
954 5826 1224 5900 Etttt,_‘lS
1266 5845 1292 5900 :A
1336 5847 1352 5877 ε
1399 5826 1803 5900 Pii-rvipeinlens
1864 5837 1931 5889 de

361 5897 734 5950 interiectione.
760 5906 1037 5966 nepotum.
1071 5917 1087 5950 ι
1126 5896 1391 5970 Loquitur
1422 5902 1484 5956 de
1508 5896 1809 5971 Chlotario,
1837 5910 1929 5974 qui

2039 5627 2176 5679 tilios
2211 5624 2398 5680 fratris
2432 5627 2726 5682 occiderat.
2759 5625 2892 5683 Vide
2924 5627 3177 5684 Vossium
3219 5629 3295 5684 De
3321 5631 3462 5684 vitiis
3500 5647 3609 5684 ser-

2040 5698 2231 5759 monis,
2268 5713 2303 5758 t,
2334 5697 2425 5749 Ξῖ.
2461 5696 2622 5752 an.

2115 5767 2227 5841 ιεὶῦ)
2273 5767 2637 5841 _lia-reditare.
2673 5768 2842 5824 Vetus
2903 5771 3172 5840 interpres
3230 5773 3474 5841 epistolae
3537 5773 3603 5824 ad

2042 5839 2382 5915 Philadelph.
2419 5856 2540 5915 qua:
2575 5843 2631 5915 δέ
2693 5841 2898 5915 lgnatio
2929 5839 3226 5896 aset'il'itur
3256 5839 3275 5896 ί
3303 5863 3319 5890 ι
3359 5842 3602 5915 ltegntuu

2045 5912 2135 5966 Dei
2170 5925 2276 5964 nou
2315 5912 2674 5966 iamreditabit.
2720 5933 2734 5961 ι
2781 5912 2855 5965 lo.
