4440 6446
829 382 968 449 1:255

1917 397 2317 459 ANASTASII
2374 400 2996 468 BIBLlOTI—IECARII

3951 427 4082 492 19.56

827 506 881 548 et
909 498 1266 568 projieientes
1300 515 1358 554 sc
1389 516 1594 570 pronos
1621 517 1788 574 super
1817 507 1992 563 nives.
2017 511 2284 580 Apparuit
2309 525 2399 565 au-
2426 521 2473 577 Λ
2502 516 2568 569 ad
2599 517 2914 573 Caucanam
2950 521 3266 590 properavit
3330 521 3534 590 villam,
3585 523 3690 577 9.00
3719 538 3749 576 a
3807 523 4079 596 Syracusa

831 600 935 641 tem
975 591 1027 644 in
1066 592 1179 646 risu
1222 593 1574 651 cuidamDei
1605 597 1802 651 cultori
1827 599 2070 676 Ihomini,
2101 611 2164 676 ut
2194 602 2403 657 diceret

828 681 1084 734 otnnibus
1118 683 1354 738 residuis
1383 688 1530 758 quod
1572 674 2046 758 superscribct'ent
2087 692 2138 744 in
2153 674 2406 776 .snperl'i-

831 774 1136 829 minaribus
1161 777 1305 840 suis,
1336 778 1576 834 Christus
1616 783 1908 847 nobiscum,
1935 795 2089 840 state.
2121 785 2238 850 Quo
2260 774 2435 841 facto'

829 867 981 918 stetit
1012 866 1090 919 ira
1118 866 1234 924 Dei.
1265 869 1332 923 Et
1365 886 1559 926 rursus
1586 873 1883 942 imperator
1911 856 2239 948 et‘Augusta
2272 882 2405 935 mul-

827 965 909 1009 tas
945 960 1209 1025 pecunias
1229 960 1573 1015 donaverunt
1603 963 1654 1015 in
1690 969 2160 1033 recuperationem
2194 981 2245 1024 et
2272 973 2405 1026 aedi-

828 1047 1140 1102 licationem
1199 1051 1656 1106 Antiochensium
1698 1054 1958 1120 civitatis,
2012 1072 2175 1126 quam
2226 1069 2280 1113 et
2319 1075 2404 1115 co-

825 1140 1167 1206 gnominavit
1196 1140 1541 1210 Theopolim.
1574 1142 1745 1199 Porro
1792 1161 1868 1198 λιι
1919 1145 2036 1201 Kal.
2067 1149 2402 1217 Apriliarum

827 1228 858 1280 7
884 1230 1199 1284 indictionis
1275 1231 1440 1285 irruit
1494 1233 1903 1291 Malunndarus
1933 1237 2150 1304 let-ius,
2182 1243 2404 1309 regulus

828 1319 1251 1385 Saracenorum,
1279 1334 1333 1375 et
1372 1323 1715 1393 deprmdatus
1759 1335 1842 1379 est
1898 1329 2128 1394 primam
2188 1331 2401 1402 Syriam

828 1427 1002 1478 usque
1036 1412 1103 1465 ad
1141 1416 1406 1469 terminos
1461 1417 1762 1470 Aulim-hia:
1794 1417 1847 1470 in
1886 1419 2063 1472 locum
2101 1423 2193 1491 qui
2251 1424 2404 1479 diee-

825 1504 987 1556 batur
1019 1490 1324 1576 Liiargum,
1354 1515 1410 1559 et
1445 1507 1644 1560 occidit
1685 1511 1913 1574 multos,
1943 1521 1998 1565 ct
2038 1490 2278 1568 incendit
2307 1530 2401 1568 cx-

825 1595 1029 1648 teriora
1060 1596 1440 1651 Chalcedonis.
1474 1595 1547 1650 Et
1573 1599 1862 1655 audientes
1891 1603 2161 1671 primores
2207 1603 2404 1659 Roma-

825 1700 1044 1750 norum,
1075 1687 1323 1741 exierunt
1348 1688 1615 1744 adversus
1644 1706 1791 1745 eum.
1832 1692 1950 1758 Quo
1981 1705 2262 1762 comperto
2301 1698 2400 1750 Sa-

824 1779 1006 1831 raceni
1052 1793 1156 1833 una
1212 1795 1339 1834 cum
1380 1781 1585 1847 Persis,
1631 1792 1848 1851 sumpta
1887 1785 2072 1854 praeda
2104 1802 2231 1839 cum
2302 1803 2395 1842 ca-

826 1871 1011 1936 ptivis,
1057 1869 1336 1941 fugerunt.
1369 1872 1635 1929 Prmterea
1704 1873 1988 1930 Samaritae
2022 1885 2078 1931 et
2131 1877 2303 1934 Judaei
2341 1881 2396 1934 in
2431 1876 2472 1932 B
2503 1907 2558 1950 ει
2607 1869 2756 1953 ειίίί
2798 1899 2852 1954 in
2917 1869 3195 1971 quodd'am
3249 1869 3660 1983 prada—6,918

826 1959 1112 1983 n..|-....-.-:-_..
1169 1962 1544 1983 :-_-_-_.-n-_-_-_
1590 1965 1864 1983 _-,_M-J_,,-
1919 1965 1938 1983 1
1983 1966 2040 1983 l',
2077 1982 2082 1983 ,
2175 1982 2178 1983 ,

821 1959 1116 2032 Palaestina
1168 1962 1550 2031 imperatorem
1582 1965 1872 2034 quemdam
1911 1965 2188 2020 lulianum
2242 1983 2399 2024 coro-

822 2061 1042 2117 nantes,
1068 2059 1122 2106 et
1160 2066 1314 2106 arma
1348 2063 1540 2108 contra
1589 2054 1935 2112 Christianos
1979 2065 2277 2124 moventes,
2309 2074 2398 2113 ra-

823 2140 983 2210 pinas
1008 2152 1062 2198 et
1092 2143 1390 2199 homicidia
1418 2153 1470 2200 et
1501 2146 1752 2200 incendia
1788 2149 1997 2218 operati
2047 2157 2217 2216 sunt;
2257 2166 2398 2220 quos

821 2234 966 2290 Deus
1018 2237 1243 2290 tradidit
1283 2239 1336 2291 in
1384 2253 1582 2293 manus
1634 2238 1953 2307 Justiniani,
2011 2249 2065 2296 et
2123 2243 2401 2300 interemit

819 2325 1038 2392 omnes;
1071 2333 1126 2380 et
1149 2325 1441 2382 decollavit
1486 2326 1762 2384 Julianum
1815 2342 2135 2402 tyrannum.
2182 2334 2401 2392 Interea

820 2418 988 2470 tertio
1017 2418 1229 2488 imperii
1265 2419 1350 2475 sui
1376 2435 1523 2474 anno
1545 2419 1892 2478 Justinianus
1929 2424 2225 2494 imperator
2267 2443 2395 2497 pro-

821 2511 1183 2580 mulgavitne
1227 2514 1526 2569 militarent
1580 2517 1776 2586 pagani
1823 2533 1926 2572 nec
1977 2519 2241 2588 hatretici,
2290 2523 2397 2579 nisi

821 2603 925 2656 soli
979 2604 1273 2659 orthodoxi
1325 2605 1648 2675 Christiani,
1689 2609 1827 2663 dans
1883 2610 1992 2666 illis
2039 2621 2094 2666 et
2150 2613 2399 2669 inducias

823 2710 1000 2764 usque
1037 2697 1104 2750 ad
1136 2712 1353 2752 menses
1386 2706 1496 2754 tres
1536 2699 1600 2752 ad
1643 2704 2076 2758 conversionem.

897 2788 1142 2856 Septimo
1173 2790 1392 2859 imperii
1413 2790 1715 2845 Justiniani
1743 2807 1889 2848 anno
1920 2794 2066 2850 facta
2102 2807 2233 2852 sunt
2255 2797 2399 2852 Van-

822 2880 1000 2934 daliea
1037 2881 1204 2946 bella,
1254 2892 1310 2938 et
1350 2885 1555 2954 recepit
1591 2884 1895 2941 Belisarins
1930 2889 2200 2943 Africam.
2230 2891 2397 2944 Deni-

819 2987 928 3040 que
955 2972 1185 3028 Vandali
1222 2975 1326 3030 sub
1360 2976 1593 3031 Arcadio
1623 2986 1676 3032 et
1705 2978 1945 3034 Honorio
1976 2979 2042 3034 ad
2071 2981 2392 3051 Hispaniam

819 3068 1106 3122 venientes
1165 3084 1288 3123 cum
1325 3067 1642 3140 Godigisclo
1680 3087 1811 3144 rege
1867 3089 1992 3138 suo,
2037 3084 2092 3129 et
2122 3091 2188 3130 cx
2227 3091 2289 3130 ea
2339 3077 2394 3131 in

821 3159 1046 3229 Libyam
1075 3170 1444 3226 transeuntes,
1503 3164 1644 3219 hanc
1674 3165 2236 3234 comprehenderunt.
2289 3166 2393 3221 ϐο·
2423 3201 2468 3260 c
2500 3159 2698 3242 εεειιιξε
2725 3159 2902 3244 verba.
2922 3209 3055 3257 mea,

819 3251 1052 3318 digisclo
1086 3267 1217 3306 vero
1247 3262 1467 3308 mortuo
1496 3253 1821 3310 Gizerichus
1876 3257 1998 3327 ejus
2030 3259 2398 3328 principatum

819 3348 1084 3417 suscepit.
1115 3347 1212 3400 Cui
1245 3347 1514 3401 successit
1545 3345 1892 3403 Honorichus
1911 3349 2059 3403 ﬁlius
2091 3351 2214 3420 ejus
2235 3389 2250 3413 .
2308 3367 2398 3406 re-

824 3453 992 3512 gnum
1035 3439 1266 3510 adeptus
1296 3456 1311 3504 ;
1345 3437 1439 3507 qui
1481 3439 1652 3503 multa
1678 3439 1819 3492 mala
1850 3440 2186 3495 Christianis
2217 3443 2310 3510 qui
2343 3443 2398 3497 in

819 3533 990 3604 Libya
1021 3542 1178 3586 erant
1206 3533 1471 3597 ostendit,
1497 3541 1553 3586 et
1582 3533 1893 3588 arianizare
1922 3535 2124 3604 coegit,
2150 3545 2204 3589 et
2251 3537 2396 3589 mul-

822 3635 905 3680 tos
941 3625 1163 3687 occidit,
1208 3635 1262 3678 et
1292 3625 1531 3692 linguam
1561 3639 1590 3677 a
1619 3633 1835 3695 gutture
1877 3627 2244 3695 quorumdam
2270 3627 2398 3682 abs-

823 3715 995 3781 cidit,
1031 3717 1125 3785 qui
1186 3717 1353 3770 etiam
1395 3715 1488 3770 Dei
1532 3717 1710 3787 gratia
1780 3727 1966 3787 postea
2006 3718 2394 3788 loquebantur.

823 3807 1130 3877 Episcopus
1168 3819 1350 3862 autem
1383 3807 1606 3878 quidam
1635 3801 1934 3881 Orientalis
1955 3812 2128 3880 partis
2157 3813 2397 3883 impera-

742 3915 744 3917 ·
823 3910 992 3954 torem
1025 3895 1398 3954 Justinianum
1447 3901 1736 3964 deterruit,
1766 3902 1960 3957 dicens
2016 3918 2082 3957 ex
2132 3903 2242 3958 Deo
2291 3905 2419 3961 sibi-

819 3993 1092 4047 visionem
1140 3993 1364 4055 factam,
1422 3992 1703 4061 jubentem
1739 3994 1842 4047 sibi
1898 3994 1968 4048 ad
2003 3995 2393 4065 imperatorem

822 4084 1105 4149 accedere,
1141 4093 1197 4137 et
1260 4086 1542 4152 postulare
1597 4093 1656 4137 ut
1711 4085 2060 4140 Christianos
2109 4089 2203 4156 qni
2241 4099 2397 4144 erant

822 4180 876 4230 in
912 4177 1080 4248 Libya
1111 4177 1367 4230 liberaret
1415 4178 1444 4230 a
1477 4181 1748 4246 tyrannis:
1818 4177 2030 4244 Quibus
2091 4180 2392 4250 imperator

822 4269 1026 4323 auditis
1069 4270 1308 4323 retinere
1332 4281 1570 4325 mentem
1602 4270 1746 4323 ultra
1779 4260 2120 4341 nonpotuit,
2156 4275 2249 4328 sed
2281 4285 2392 4329 tam

821 4363 1124 4415 exercitum
1178 4370 1232 4416 et
1266 4376 1435 4418 naves
1470 4364 1643 4418 armis
1691 4364 2060 4420 circumdedit
2095 4375 2150 4422 et
2179 4357 2395 4422 victua-

822 4455 893 4507 lia
926 4453 1040 4524 (9.6)
1074 4457 1405 4524 praeparavit
1441 4495 1455 4518 ,
1501 4455 1943 4526 Belisarinmque
1999 4457 2054 4511 in
2105 4459 2396 4528 procinctu

2506 609 2702 665 stadiis
2748 611 3108 668 diﬂ'erentem.
3167 615 3471 684 Procopius
3542 633 3673 689 ergo
3746 617 4079 689 Syracusam

2508 703 2791 774 ingressus
2826 722 2985 763 escas
3011 710 3138 762 emit
3165 712 3309 778 apud
3343 710 3820 777 Amalasuntham,
3852 729 4078 769 uxorem

2507 795 2894 863 'l‘heuderichi,
2929 808 3159 856 matrem
3197 810 3382 856 autem
3430 803 3735 860 Atalarichi
3767 806 3916 876 regis
3968 807 4074 862 ita-

2508 889 2615 952 lize,
2671 890 2972 945 amicitiam
3008 907 3134 963 erga
3158 892 3532 950 Justinianum
3580 897 3897 954 habentem.
3926 899 4075 955 Con-

2507 989 2733 1036 secutus
2751 997 2971 1052 qnoque
3003 994 3087 1040 est
3110 987 3391 1056 inOpinate
3424 989 3601 1043 virum
3634 992 3729 1060 qui
3762 993 3868 1048 sibi
3897 991 4076 1048 iuerat

2506 1073 2720 1129 arnicus
2773 1090 2813 1135 a_
2834 1092 3047 1146 puero,
3101 1081 3310 1150 quique
3368 1085 3808 1152 experimentum
3862 1089 4078 1144 habens

2504 1160 2688 1233 Libyae
2711 1167 2954 1222 locorum
2983 1180 3040 1225 et
3073 1173 3262 1237 maris,
3294 1184 3401 1231 tres
3459 1162 3680 1233 tantum.
3721 1180 3839 1236 dies
3898 1193 4081 1238 trans-
4155 1171 4158 1174 ’

2506 1255 2686 1309 ierant
2715 1275 2780 1313 ex
2810 1276 2920 1340 quo
2973 1262 3308 1334 Carthagine
3334 1277 3577 1324 venerat.
3625 1271 3691 1325 Et
3723 1279 4079 1331 asseverabat

2506 1356 3107 1432 omnemsccuritatem
3142 1357 3342 1414 habere
3382 1361 3528 1425 illos,
3561 1375 3615 1420 et
3647 1364 3790 1420 haud
3835 1379 4082 1426 metuere

2505 1457 2839 1512 quemquam
2886 1446 3105 1514 illorum
3145 1449 3292 1517 quod
3332 1450 3600 1509 adversus
3655 1471 3712 1510 se
3767 1467 4081 1512 moveretur

2503 1535 2801 1597 exercitus,
2837 1536 2909 1588 ita
2947 1547 3058 1591 uta
3086 1550 3322 1610 quatuor
3352 1545 3736 1601 mansionibus
3765 1549 3875 1618 (27)
3906 1551 4078 1606 maris

2503 1622 2742 1681 Gelimer
2797 1639 3124 1685 moraretur.
3169 1633 3325 1690 Hunc
3373 1651 3506 1708 ergo
3551 1650 3902 1712 assumptum
3939 1641 4080 1697 Pro-

2504 1715 2696 1784 copius
2730 1718 2797 1770 ad
2849 1719 3108 1776 Caucana
3135 1727 3464 1794 perveniens
3503 1729 3774 1786 Belisario
3828 1749 4075 1803 priesen-

2507 1806 2662 1858 tavit.
2715 1805 2928 1872 Quibus
2977 1814 3276 1882 compertis
3329 1817 3628 1875 Belisarius
3685 1828 4076 1893 transmeavit,

3667 1928 3959 1984 geremque
4007 1932 4078 1974 ac

2499 1990 2702 2044 vallum
2733 1991 3063 2061 profundum
3087 1995 3353 2055 facientes
3381 2007 3754 2061 castrametati
3785 2018 3931 2063 sunt.
3967 2009 4076 2066 Ubi

2498 2093 2554 2140 et
2588 2100 2712 2139 cum
2770 2089 2926 2144 locus
2991 2093 3289 2163 inaquosus
3312 2107 3493 2164 esset,
3524 2100 3667 2155 vallo
3700 2101 3900 2160 eﬂ‘osso
3925 2111 4078 2160 terra

2500 2178 2725 2246 protulit
2756 2194 2957 2250 aquam
2989 2185 3054 2237 ad
3077 2200 3294 2243 omnem
3322 2189 3638 2258 utilitatem,
3679 2204 3788 2248 tam
3819 2197 4076 2262 animan-

2503 2268 2650 2325 tibus
2678 2286 2844 2340 quam
2874 2277 3231 2334 exercitibus.
3269 2278 3532 2350 Sequenti
3585 2299 3714 2340 vero
3766 2287 3854 2343 die
3896 2303 4076 2359 pepu-
4133 2305 4140 2310 '

2501 2362 2590 2418 lus
2617 2365 2683 2419 ad
2715 2366 2954 2436 praedam
3006 2372 3275 2440 prorupit.
3309 2372 3518 2430 Praetor
3551 2385 3734 2432 autem
3765 2379 3851 2434 his
3883 2396 4070 2436 accer-

2500 2454 2625 2509 sitis
2657 2455 2772 2512 haac
2825 2460 2892 2514 ad
2950 2475 3047 2516 eos
3086 2462 3299 2519 locutus
3327 2474 3414 2520 est
3448 2483 3474 2518 :~
3517 2465 3831 2524 i'iolentiam
3861 2475 4073 2540 quidem

2500 2544 2695 2614 inferre
2720 2549 3011 2618 alienisque
3061 2555 3209 2619 pasci
3240 2556 3509 2624 injustitia
3541 2570 3618 2611 est
3649 2561 3702 2614 in
3761 2564 3901 2615 omni
3939 2573 4071 2618 tem-

2496 2652 2643 2706 pore,
2685 2642 3010 2712 maximeque
3039 2644 3266 2699 nobisin
3295 2648 3544 2714 periculis
3595 2653 3918 2708 constitutis.
3949 2654 4070 2725 Ego

2497 2729 2635 2782 enim
2679 2731 2730 2783 in
2761 2731 2856 2794 hoc
2884 2734 3013 2801 ﬁsus
3037 2735 3092 2788 in
3134 2736 3272 2789 hanc
3320 2754 3409 2792 vos
3437 2749 3634 2793 terram
3683 2749 3965 2808 transi-eri,
4015 2757 4071 2800 ut

2491 2819 2701 2886 justitia
2758 2832 2808 2876 et
2855 2839 3005 2891 opere
3041 2827 3172 2880 bono
3205 2838 3314 2881 tam
3375 2829 3546 2883 Deum
3604 2833 3870 2898 placemus
3911 2852 4068 2904 quam

2495 2910 2654 2978 Afros
2698 2914 2766 2965 ad
2800 2925 2997 2969 nosmet
3029 2919 3294 2974 attrahere
3321 2937 3683 2988 procuremus.
3722 2924 3847 2978 11αέ
3897 2938 4072 2979 autem

2498 2999 3102 3074 uestra"intemperantia
3141 3013 3194 3064 in
3219 3014 3545 3066 contrariam
3601 3015 3744 3068 robis
3784 3020 4070 3082 proveniet,

2495 3105 2547 3147 et
2601 3108 2716 3164 aget
2751 3107 2807 3149 ut
2847 3098 2963 3167 Afri
3008 3100 3263 3157 Vandalis
3318 3107 3666 3161 auxiliantur.
3728 3111 3831 3162 Sed
3864 3111 4075 3177 acquir-

3085 3205 3310 3250 ementes
3335 3214 3482 3251 escas
3518 3212 3808 3271 asportate,
3841 3213 3889 3256 et
3913 3219 4072 3272 neque

2503 3278 2688 3338 iniusti
2718 3296 2831 3334 esse
2865 3285 3149 3336 videamini
3196 3303 3357 3355 neque
3394 3290 3687 3343 amicitiam
3737 3293 3986 3359 Afrorum
4021 3295 4072 3346 in

2501 3365 2840 3422 inimicitiam
2864 3370 3216 3438 :convertatis,
3279 3377 3370 3428 sed
3424 3377 3592 3437 Deum
3631 3383 3804 3446 potius
3859 3386 4076 3449 placare

2501 3460 2723 3515 studete.
2742 3460 2955 3516 Cessate
2972 3465 3174 3519 insilire
3194 3469 3248 3519 in
3285 3469 3541 3531 alienum,
3578 3482 3627 3524 et
3659 3473 3864 3525 lucrum
3914 3491 4073 3527 excu-

2504 3551 2595 3606 tite
2646 3554 2892 3618 periculis
2949 3557 3180 3623 plenum.
3236 3557 3456 3616 Mittens
3527 3572 3711 3618 autem
3775 3565 4073 3621 Belisarius

2500 3645 2736 3698 electum
2771 3648 3073 3701 exercitum
3121 3649 3310 3704 urbem
3346 3652 3465 3706 sine
3494 3654 3682 3710 labore
3711 3660 4072 3726 comprehen-

2502 3735 2617 3804 dit;
2649 3748 2812 3791 noctu
2848 3740 2992 3793 enim
3015 3741 3080 3795 ad
3115 3757 3233 3796 eam
3269 3743 3686 3809 accedentes,et
3717 3728 3818 3800 una
3840 3765 3958 3802 cum
3994 3753 4072 3804 in-

2499 3829 2854 3884 troeuntibus
2921 3832 3184 3899 plaustris
3259 3836 3594 3889 rusticorum
3677 3839 4070 3907 ingredientes.

2501 3915 2644 3972 hanc
2673 3919 3071 3987 obtinuerunt;
3106 3934 3170 3988 et
3190 3938 3315 3978 cum
3343 3925 3462 3980 dies
3489 3926 3672 3982 factus
3697 3930 3911 3992 I‘nisset,
3962 3941 4072 3988 tam

2499 4011 2838 4066 sacerdotem
2884 4028 3047 4081 quam
3079 4014 3244 4083 hujus
3284 4007 3492 4086 primos
3514 4029 3821 4088 captantes,
3849 4023 3911 4075 ad
3940 4015 4075 4091 pra:-

2504 4107 2678 4155 torcm
2708 4101 3150 4158 destinaverunt.

2538 4191 2544 4198 '
2571 4189 2873 4247 Belisarius
2904 4193 3090 4262 itaque
3141 4179 3478 4266 Carthagine
3509 4210 3666 4268 capta
3695 4203 4077 4257 commonebat

2503 4273 2725 4346 milites,
2746 4280 2937 4338 dicens
2972 4301 2984 4336 :
3023 4283 3198 4339 Videte
3227 4298 3430 4354 quanta
3475 4275 3730 4358 pro-spera
3783 4293 3923 4360 facta
3956 4287 4075 4346 sunt

2501 4370 2674 4434 nobis,
2719 4375 2966 4440 quoniam
3022 4376 3359 4431 sobrietatem
3384 4396 3506 4450 erga
3540 4383 3699 4449 Afros
3729 4380 4072 4440 Ostendimus.

2509 4460 2693 4514 Videte
2730 4463 3056 4520 honestatem
3087 4471 3144 4518 in
3181 4454 3501 4538 Carthagine
3543 4489 3865 4549 .conserrare
3929 4489 3973 4529 et
4015 4496 4074 4529 ne

821 4563 943 4600 esse
997 4548 1258 4616 praecepit
1308 4538 1389 4599 in"
1413 4545 1642 4618 Libyam
1705 4559 1994 4618 praetorem
2044 4551 2397 4618 mittendum,
2430 4536 2474 4592 Ῐ)
2502 4551 2619 4621 quis
2658 4569 2970 4622 quemquam
3001 4557 3280 4623 opprimat,
3308 4575 3399 4612 nec
3431 4539 3714 4630 quidquam
3749 4566 3911 4632 ipsius
3957 4574 4075 4619 sutu-

820 4653 983 4707 quem
1017 4648 1071 4692 et
1111 4647 1399 4708 praetorem
1467 4639 1768 4708 imperator
1820 4641 2223 4711 principaliter,
2263 4643 2398 4698 etin

820 4731 1079 4785 omnibus
1107 4730 1321 4784 statuit.
1347 4729 1477 4784 Erat
1517 4741 1701 4786 autem
1734 4747 1860 4786 cum
1890 4748 1954 4788 eo
1981 4745 2035 4787 et
2072 4733 2397 4807 Proc0pius,

822 4823 1018 4877 barum
1059 4837 1246 4876 rerum
1271 4823 1616 4892 conscriptor
1649 4841 1662 4887 ;
1702 4825 2114 4894 proﬁciscentes
2144 4835 2327 4882 autem
2369 4843 2400 4884 a

825 4915 976 4983 regia
1010 4913 1148 4968 urbe
1173 4913 1432 4968 adierunt
1461 4913 1736 4983 Abydum.
1786 4915 2083 4971 Belisarius
2117 4933 2250 4973 vero
2303 4935 2400 4974 cu-

822 5011 981 5063 rabat
1026 5019 1302 5076 quatenus
1333 5008 1630 5062 universus
1665 5008 1842 5063 stolus
1897 5009 2060 5062 simul
2113 5009 2397 5081 navigaret

817 5110 874 5154 et
910 5101 963 5152 in
993 5099 1256 5169 przedium
1287 5098 1428 5153 idem
1457 5099 1636 5169 ipsum
1671 5098 2001 5166 diverteret;
2038 5116 2275 5171 cumque
2326 5102 2393 5156 ad

822 5188 1072 5244 Siciliain
1107 5188 1472 5258 pervenisset,
1508 5188 1659 5242 misit
1683 5187 2012 5258 Proc0pium
2054 5185 2398 5260 conscripto-

821 5297 938 5337 rem
982 5281 1347 5352 Syracusam,
1413 5283 1457 5336 si
1498 5283 1641 5336 forte
1672 5283 1944 5337 inveniret
1995 5285 2262 5353 quosdam
2303 5286 2396 5355 qui

822 5391 882 5430 se
925 5376 980 5430 in
1012 5375 1238 5446 Libyam
1272 5376 1564 5432 ducerent.
1611 5376 1733 5446 Ipse
1794 5393 1924 5432 vero
1982 5378 2124 5434 stolo
2174 5387 2400 5450 accepto

2499 4644 2682 4712 ripial.
2723 4645 2858 4698 Cum
2885 4647 3022 4699 enim
3057 4649 3222 4701 multa
3274 4649 3418 4702 mala
3463 4652 3688 4716 fuissent
3719 4671 3746 4707 α
3818 4655 4074 4710 ι’ωιάαίιδ

2498 4735 2743 4790 barbaris
2776 4737 2902 4790 viris
2949 4739 3199 4806 perpessi,
3241 4741 3530 4809 imperator
3581 4756 3756 4798 noster
3790 4747 3857 4798 ad
3919 4750 4076 4800 auxi-

2500 4828 2741 4882 liandum
2771 4830 2846 4883 eis
2875 4846 2969 4883 nos
3026 4831 3168 4883 misit
3195 4840 3245 4884 et
3277 4833 3344 4884 ad
3399 4834 3692 4888 libertatem
3750 4839 4074 4892 doriandam.

2501 4919 2627 4976 [hnc
2660 4937 3017 4978 commoneas
3054 4922 3440 4995 Carthaginem
3478 4927 3743 4991 introivit,
3795 4939 3847 4983 et
3882 4947 4076 4985 ascen-

2508 5011 2642 5067 dens
2676 5013 2933 5082 palatium
2968 5013 3023 5068 in
3072 5003 3364 5071 Gelimeris
3402 5018 3545 5071 solio
3583 5020 3743 5073 sedit.
3778 5021 3857 5073 Ad
3915 5037 4074 5091 quem

2508 5113 2861 5157 accesserunt
2898 5105 3272 5174 negotiatores
3300 5104 3675 5179 Carthaginis,
3709 5119 3762 5164 et
3807 5123 4079 5182 quotquot

2498 5195 2655 5263 juxta
2689 5210 2840 5250 mare
2892 5198 3207 5262 manebant,
3259 5192 3600 5268 queritantes
3653 5218 3709 5258 se
3752 5207 3997 5273 rapinam
4043 5221 4072 5256 a

2506 5277 2782 5344 classibus
2819 5291 3140 5360 pertulisse.
3193 5297 3265 5346 At
3287 5309 3415 5348 vero
3445 5295 3829 5366 Calonymum,
3857 5302 4073 5352 navium

2506 5381 2838 5452 principem,
2889 5381 3205 5451 juramento
3246 5387 3582 5442 constrinxit
3638 5402 3905 5458 quatenus
3958 5409 4077 5443 υιιι-
4130 5380 4133 5381 ⁷

2338 5514 2572 5572 NOTAE.

899 5631 1012 5699 (‘26)
1077 5629 1802 5698 Victualia.Commeatum,
1839 5634 2005 5688 victui
2055 5635 2390 5689 necessaria.

821 5706 1028 5785 Gloss-:13
1070 5703 1353 5785 Dosith‘eii
1395 5723 1412 5756 ι
1442 5705 1720 5785 alimonia,
1754 5707 2034 5785 \‘ietiLali-a.
2071 5704 2388 5785 [Hadoar-

820 5779 944 5838 itus,
974 5773 1116 5828 Hist.
1156 5775 1285 5827 ccci.
1312 5774 1460 5828 Rem.
1490 5815 1504 5838 ,
1528 5791 1586 5841 ιι,
1614 5777 1672 5831 il
1709 5794 1721 5829 :
1760 5794 1778 5829 ι
1806 5775 2144 5832 Suﬂicientia
2172 5775 2390 5832 victua-

823 5849 892 5899 lta
923 5846 1229 5902 constituit.
1261 5863 1281 5897 ι
1316 5843 1476 5901 Fsun.

2575 5637 3405 5723 (27)Mansionibus..Sulpicius
3441 5641 3675 5723 Seuerus
3712 5648 3762 5723 in
3798 5643 4026 5723 .‘ciartino
4058 5667 4068 5700 :
4160 5712 4172 5723 ι

2506 5729 2524 5760 ι
2563 5711 2812 5764 Sedecim
2849 5711 3240 5766 mansionibus
3270 5715 3444 5766 abest.
3477 5733 3490 5763 ι
3533 5713 3692 5766 Plura
3717 5715 3783 5768 de
3835 5718 4078 5770 mansio-

2503 5782 2668 5836 nibus
2697 5784 2820 5837 dico
2857 5784 2921 5837 ad
2951 5783 3031 5838 tit.
3072 5800 3127 5839 ιιι
3161 5784 3318 5839 dicta:
3339 5784 3712 5841 Collccnonis.
3772 5785 3844 5842 Ιιι.
