4440 6446
395 390 524 455 1257

1200 381 1564 443 HISTORIA
1598 382 2160 442 ECCLESIASTICA
2203 385 2297 443 EX
2345 387 2816 448 THEOPHANE.

3434 391 3569 455 1238

393 501 482 550 nia
509 511 629 565 qua:
659 501 811 565 rapta
854 494 1064 548 fuerant
1097 501 1403 561 asportaret
1430 501 1480 546 et
1506 493 1739 560 propriis
1759 493 1933 546 domi-
1968 503 2008 556 Α
2047 497 2270 564 spongia
2304 496 2509 556 reddat,
2540 510 2701 563 porro
2739 496 3022 556 citharam,
3056 505 3112 548 ut
3140 499 3493 552 calamitatem
3518 511 3581 567 et.

391 586 478 640 nis
500 586 787 648 redderet;
820 584 912 653 qui
945 581 1274 637 defraudans
1313 597 1377 635 ex
1426 582 1506 635 eis
1563 592 1617 635 et
1642 582 1928 650 perjuraas

393 690 505 749 non
534 682 655 743 post
693 675 918 727 multum
958 654 1253 726 vindictam
1282 671 1552 725 exsolvit:
1601 686 1725 723 nam
1782 679 1932 726 extra

392 782 607 822 sensum
639 763 866 838 eﬂ'cctus
913 779 1066 819 suam
1126 763 1298 832 ipsius
1356 761 1594 833 linguam
1645 763 1934 828 comedens

390 858 542 912 obiit.
570 857 645 910 lta
679 871 808 912 vero
837 838 1036 925 praetor
1074 856 1193 909 sine
1251 853 1484 906 tumultu
1525 852 1718 906 urbem
1757 854 1936 920 possi-

390 947 574 1008 debat.
610 957 668 1001 ut
697 961 798 1003 nec
827 945 1080 1014 iniuriam
1103 943 1412 1013 quampiam
1441 943 1676 998 inferret
1698 941 1930 1006 homini,

393 1053 493 1092 nec
524 1038 577 1090 in
615 1036 734 1090 foro
765 1014 1048 1106 quospiam
1093 1034 1348 1088 obserare
1380 1033 1602 1088 domum
1652 1034 1938 1102 continge-

394 1135 498 1188 ret,
530 1121 628 1180 sed
649 1133 890 1179 ementes
940 1123 1139 1178 miiitcs
1167 1123 1566 1178 manducabant
1594 1131 1648 1179 et
1680 1125 1941 1178 lmtaban-

393 1227 499 1270 tur.
515 1198 633 1270 Eos
662 1231 790 1271 vero
815 1198 1089 1268 Vandalus
1117 1213 1210 1282 qui
1265 1213 1331 1267 ad
1359 1229 1516 1268 sacra
1550 1197 1934 1284 confugerant,

393 1307 500 1362 ﬁde
547 1307 788 1376 prcstita
807 1305 1090 1372 uincebat.
1138 1304 1410 1358 Hurorum
1459 1313 1641 1357 autem
1696 1304 1937 1356 civitatis

392 1381 726 1470 diligentiam
752 1394 1062 1455 exhibebat,
1093 1407 1217 1447 cum
1246 1404 1405 1447 antea
1431 1394 1754 1462 negligentia
1814 1382 1958 1447 r'ue-'

392 1497 534 1541 rent.
560 1487 727 1541 Porro
742 1485 1062 1540 dicebantet
1083 1495 1236 1538 vetus
1254 1485 1475 1539 verbum
1504 1483 1826 1551 Carthagine
1855 1483 1940 1535 di-

393 1584 563 1638 ctum.
583 1575 832 1630 videlicet
852 1574 985 1629 (iam
996 1590 1076 1627 ma
1096 1572 1450 1644 persequetur
1467 1573 1617 1635 Beta.
1645 1589 1791 1627 nunc
1822 1566 1942 1629 esse

404 1666 699 1736 perfectum
724 1683 738 1718 :
761 1666 912 1736 prius
927 1667 1070 1719 enim
1092 1661 1421 1721 Cezeriehus
1445 1663 1779 1717 Bonifacium
1797 1664 1943 1716 inse-

392 1768 551 1814 cutus
576 1769 677 1823 est,
697 1772 837 1812 nunc
857 1773 985 1811 vero
1003 1755 1292 1811 Belisarius
1315 1755 1654 1810 Gelimerem.
1686 1754 1945 1808 Praeterea

2037 585 2361 637 lamentetur
2388 594 2443 638 et
2464 584 2674 638 delicat.
2719 581 2812 636 liis
2837 585 3034 637 auditis
3065 586 3234 641 Faras
3253 591 3571 650 condolcns.

2034 660 2096 722 et.
2119 668 2386 722 fortunam
2419 671 2706 722 humanam
2737 669 3049 738 deplorans,
3106 675 3405 726 secundum
3454 679 3574 742 ejus

2037 760 2237 826 scripta
2269 758 2518 816 faciebat.
2539 769 2591 811 et
2617 761 2798 812 omnia
2831 762 3080 814 mittebat
3102 777 3437 831 quacunque
3461 767 3569 832 (:28)

2033 846 2269 900 Gelimcr
2293 847 2501 915 egebat.
2536 846 2800 900 Pra'terea
2859 862 2979 900 eum
3026 849 3196 902 hiems
3240 854 3570 911 transiisset.

2035 943 2280 991 metuens
2307 936 2542 992 Gelimcr
2571 938 2908 992 obsidionem
2971 938 3361 1002 Romanorum,
3397 951 3450 995 ct
3475 959 3568 996 co-

2036 1033 2315 1092 gnatorum
2365 1026 2619 1080 misertus
2654 1027 2903 1089 ﬁliorum,
2932 1029 3023 1096 qui
3057 1045 3264 1083 vermes
3291 1032 3341 1082 in
3387 1033 3572 1084 eadem

2039 1115 2254 1168 miseria
2294 1114 2556 1179 fecerant,
2585 1117 2886 1172 dissolutus
2917 1127 3000 1171 est
3039 1128 3238 1182 mente,
3268 1129 3324 1172 et
3354 1122 3418 1172 ad
3462 1107 3576 1173 'Fa.

2039 1218 2134 1257 ran
2183 1205 2466 1272 rescripsit
2526 1206 2666 1274 quod
2726 1206 2849 1261 ﬁdei
2895 1205 3070 1263 verbo
3103 1223 3318 1277 recepto
3353 1211 3577 1278 ipse.et

2039 1293 2132 1360 qui
2194 1309 2375 1347 secum
2450 1303 2640 1358 erant,
2697 1296 2762 1347 ad
2819 1296 3138 1350 Belisarium
3201 1309 3575 1366 properarent.

2041 1382 2159 1447 Quo
2185 1385 2331 1438 hunc
2355 1393 2562 1438 certum
2591 1385 2946 1453 jurejurando
2967 1387 3239 1446 reddente.
3281 1389 3579 1457 assumptis

2041 1475 2294 1526 omnibus
2314 1474 2692 1544 Carthaginem
2724 1479 2890 1530 venit.
2918 1476 3212 1532 Bclisarius
3237 1485 3412 1532 autem
3439 1482 3580 1533 hunc

2045 1573 2319 1631 gratanter
2347 1567 2583 1629 recepit..
2605 1568 2673 1619 At
2700 1583 2827 1622 vero
2853 1567 3091 1622 Gelimer
3120 1569 3345 1625 ridendo
3379 1571 3443 1625 ad
3483 1572 3582 1624 Be—

2046 1653 2287 1704 lisarium
2324 1654 2583 1706 introivit.
2617 1657 2784 1718 Quem
2843 1659 2931 1709 alii
2958 1659 3171 1724 quidem
3215 1661 3587 1726 superfluitate

2048 1744 2320 1809 passionis
2349 1746 2654 1797 excessisse
2674 1761 2789 1811 qua:
2822 1755 2948 1798 sunt
2975 1757 3214 1810 naturai,
3245 1751 3586 1820 delirumque

393 1843 472 1900 iot
512 1847 774 1916 pecunias
815 1845 1104 1899 multitudo
1148 1844 1347 1913 reperit
1384 1853 1518 1913 quot
1560 1845 1614 1899 in
1646 1845 1794 1898 nullo
1831 1843 1950 1896 loco
1982 1844 2022 1898 Β
2051 1844 2145 1884 δυε

1833 1843 1950 1896 loco
1982 1844 2022 1898 Β
2051 1830 2467 1897 suspicabantur
2496 1833 2745 1886 ell‘ectum
2782 1852 2796 1886 :
2834 1837 2992 1888 amici
3037 1851 3166 1889 vero
3211 1838 3372 1904 hujus
3417 1854 3468 1893 et
3499 1840 3586 1894 sa—

393 1949 760 2003 unquamesse
774 1934 1091 2003 contigerat.
1115 1933 1349 2002 Denique
1367 1930 1732 1985 Romanorum
1753 1929 1952 2000 princi-

385 2034 574 2094 patum
589 2024 980 2093 depopulantes
998 2023 1253 2093 pecunias
1272 2021 1756 2092 multasinLibyam
1776 2034 1953 2076 trans-

394 2114 652 2172 tulerunt.
716 2112 779 2167 Et
825 2129 948 2167 cum
979 2109 1095 2182 ipsa
1127 2113 1274 2181 regio
1293 2113 1494 2181 optima
1527 2123 1580 2167 et
1605 2113 1838 2166 fecunda
1863 2129 1950 2168 es-

393 2214 497 2266 set.
517 2206 868 2273 pecuniarum
887 2205 1094 2258 reditus
1121 2205 1202 2258 eis
1225 2202 1398 2257 eﬂ'ecti
1428 2211 1554 2257 sunt
1582 2205 1754 2256 multi.
1772 2203 1952 2257 Nona-

392 2288 540 2363 ginta
587 2295 785 2365 quippe
834 2304 888 2349 et
949 2278 1189 2362 quinque
1241 2295 1400 2346 annis
1453 2291 1679 2346 Vandali
1729 2292 1950 2362 Libyam

392 2394 733 2453 tenuerunt;
769 2394 823 2440 et
868 2398 992 2437 cum
1044 2384 1246 2438 multas
1295 2383 1519 2436 divitias
1579 2385 1949 2453 collegissent,

393 2481 446 2532 iu
481 2478 570 2532 illa
610 2479 701 2532 die
749 2477 803 2530 in
836 2476 1213 2530 humanorum
1270 2487 1467 2529 manus
1521 2488 1713 2529 omnes
1755 2475 1954 2531 divitiae

397 2569 697 2625 redierunt.
724 2567 783 2621 In
829 2567 1006 2622 tribus
1057 2567 1202 2622 enim
1238 2566 1522 2622 mensibus
1553 2581 1675 2620 cum
1722 2583 1953 2636 pugnas-

394 2669 476 2716 set
513 2655 826 2720 Belisarius.
857 2659 907 2713 id
941 2668 1024 2715 est
1044 2675 1071 2712 a
1098 2658 1357 2714 Kalendis
1425 2659 1752 2715 Octobribus
1782 2676 1955 2731 usque

394 2752 459 2805 ad
499 2749 767 2806 Kalendas
791 2750 1156 2810 Deceinbrias.
1181 2759 1349 2804 totam
1403 2749 1624 2821 Libyam
1687 2751 1954 2827 subdidit.

394 2840 541 2895 Misit
566 2829 742 2894 autem
773 2841 1038 2896 Joannem
1063 2842 1373 2894 Armenium
1398 2856 1522 2896 cum
1548 2841 1798 2896 ducentis
1845 2844 1957 2897 ele-

394 2932 499 2987 ctis
541 2931 793 3000 persequi
855 2930 1204 2994 Gelimerem,
1259 2931 1436 2985 donec
1479 2948 1600 2984 eum
1659 2932 1956 2984 \‘ivumattt

395 3030 668 3077 mortuum
694 3019 1176 3092 comprehenderet
1208 3035 1232 3079 ς.
1256 3019 1348 3086 qui
1376 3031 1762 3086 praeoccupans
1809 3017 1956 3071 Geli-

397 3127 596 3167 merem
656 3111 1156 3179 comprehensurus
1192 3117 1331 3171 erat,
1367 3109 1470 3162 nisi
1503 3123 1588 3162 res
1629 3109 1945 3178 contigisset

2050 1934 2230 1988 garem
2277 1921 2546 1976 hominem
2605 1923 2750 1976 hunc
2802 1939 2921 1978 esse
2959 1927 3288 1992 cogitabant,
3349 1936 3402 1982 et
3463 1945 3586 1984 cum

2051 2009 2215 2064 fuerit
2243 2027 2332 2066 rex
2378 2024 2432 2066 et
2460 2015 2591 2083 regii
2649 2016 2885 2082 generis,
2945 2024 2998 2068 et
3051 2018 3302 2072 virtutem
3356 2019 3584 2072 validam

2051 2101 2419 2170 pecuniasque
2450 2115 2673 2171 magnas
2708 2103 2979 2167 habuerit,
3013 2108 3271 2173 quoniam
3298 2108 3350 2160 in
3409 2107 3586 2175 fugam

2052 2206 2243 2246 versus
2263 2202 2347 2246 est
2399 2201 2452 2246 et
2487 2194 2625 2246 mala
2682 2195 2734 2246 in
2776 2193 2954 2262 l’apua
2999 2197 3217 2264 pertulit
3251 2207 3306 2251 et
3358 2214 3500 2252 nunc
3535 2211 3590 2251 ut
3669 2232 3678 2240 ο

2051 2284 2298 2350 captivus
2325 2282 2523 2337 ductus
2545 2292 2648 2344 est.
2693 2286 2819 2337 nihil
2845 2289 3038 2352 praeter
3063 2289 3234 2340 multo
3262 2289 3372 2341 risu
3405 2288 3588 2358 digna.

2051 2385 2170 2437 qua:
2197 2373 2470 2425 hominum
2505 2382 2651 2435 sunt,
2701 2377 3018 2428 arbitratum
3055 2391 3174 2429 eum
3201 2392 3321 2430 esse
3343 2378 3594 2444 perhibe-

2052 2463 2202 2520 bant.
2239 2460 2532 2518 Belisarius
2572 2471 2748 2517 autem
2791 2465 2933 2516 hunc
2961 2480 3083 2518 cum
3119 2467 3454 2537 principibus
3479 2484 3594 2522 om-

2054 2553 2216 2606 nibus
2256 2551 2623 2607 Vandalorum
2651 2569 2756 2607 non
2795 2555 2847 2607 in
2898 2554 3330 2610 dehonoratione
3355 2557 3465 2628 (29)
3504 2574 3593 2619 cu-

2055 2646 2340 2710 stodiebat,
2362 2657 2419 2698 ut
2454 2645 2516 2698 ad
2552 2648 2930 2714 imperatorem
2961 2646 3326 2702 Iustinianum
3382 2650 3586 2719 Byzan-

2056 2738 2187 2789 tium
2214 2735 2455 2789 duceret.
2499 2734 2705 2805 Cyriilo
2734 2751 2865 2789 vero
2902 2738 3087 2790 statim
3120 2736 3418 2795 Belisarius
3468 2753 3590 2791 cum

2056 2826 2232 2893 capite
2281 2822 2533 2878 Zatzonis
2564 2824 2750 2879 fratris
2775 2824 3060 2880 Gclimeris
3092 2828 3146 2882 in
3184 2826 3414 2881 Sardum
3445 2830 3595 2884 insu-

2058 2915 2162 2966 lam
2193 2917 2383 2978 misso,
2415 2930 2532 2982 qua:
2571 2915 2785 2982 Ktrnns
2835 2916 3151 2976 vocabatur,
3185 2918 3414 2982 primum
3455 2920 3596 2968 hanc

2057 3003 2316 3056 Romanis
2347 3004 2581 3069 subegit.
2622 3003 2679 3056 In
2711 3003 3011 3054 Cmsarcam
3039 3015 3244 3066 autem,
3277 3020 3395 3071 qua:
3421 3015 3503 3057 est
3541 3007 3596 3060 in

2057 3092 2401 3155 Mauritania,
2449 3091 2710 3146 Joannem
2779 3093 2944 3144 alium
3003 3093 3320 3155 destinavit,
3354 3110 3473 3162 quae
3526 3096 3595 3152 30

397 3155 1281 3267 i;;,‘.;.';;..;;,"'.;;..'{;;;“,.;{.;.;
1290 3155 1945 3264 '.';".:.;.{i;;..}'3.215.;
1971 3155 2014 3217 C
2046 3183 2254 3237 dierum
2284 3183 2476 3236 itinere
2511 3197 2540 3236 a
2583 3182 2907 3250 Carthagine
2952 3184 3166 3238 distans
3197 3155 3594 3254 penes-Gadira

399 3291 476 3345 ris
506 3298 627 3346 erat
651 3305 782 3344 tum
813 3279 1022 3343 Joanne
1047 3306 1064 3354 ;
1100 3289 1188 3358 qui
1230 3289 1356 3342 vino
1383 3288 1707 3351 inebriatus,
1759 3288 1946 3343 videns

396 3393 548 3434 avem
582 3394 746 3449 super
774 3379 1026 3434 arborem
1063 3377 1408 3442 insidentem.
1463 3387 1621 3433 tenso
1680 3393 1811 3432 arcu
1859 3380 1946 3448 je-

397 3471 473 3526 cit
504 3470 764 3527 adversus
820 3485 998 3534 avem.
1051 3470 1117 3524 Et
1165 3484 1318 3524 avem
1346 3470 1566 3540 quidem
1618 3480 1948 3524 consecutus

398 3578 508 3618 non
550 3572 656 3627 est,
693 3563 962 3618 Joannem
983 3575 1112 3616 vero
1137 3570 1283 3616 retro
1308 3563 1362 3614 in
1402 3563 1614 3617 cervice
1643 3563 1945 3630 percussit;

397 3655 489 3722 qui
515 3654 761 3723 plagatus
797 3663 1045 3708 mortuus
1076 3664 1178 3716 est,
1217 3654 1440 3705 multum
1469 3648 1672 3704 luctum
1707 3659 1815 3702 tam
1852 3650 1950 3701 im-

400 3745 637 3813 peratori
659 3740 967 3820 Iustiniano
1003 3750 1058 3796 et
1086 3742 1545 3806 Belisario,'quam
1567 3739 1780 3790 cunctis
1837 3736 1946 3786 Ro-

400 3835 577 3893 manis
611 3835 679 3882 et
721 3827 1243 3896 Carthaginensibus
1287 3825 1691 3892 derelinquens.
1746 3822 1948 3876 Taliter

397 3897 639 3986 Gelimer
675 3915 938 3984 etlugiens
968 3914 1056 3966 illa
1091 3913 1179 3966 die
1228 3911 1294 3966 ad
1323 3911 1631 3966 Maurusios
1687 3924 1948 3980 prepera-

401 4003 523 4072 iit;
566 4020 726 4074 quem
760 3991 1062 4061 Belisarius
1086 4012 1406 4075 persecutus
1440 4004 1493 4058 in
1525 4003 1708 4073 Papua
1741 4012 1944 4066 monte.

400 4087 469 4152 in“
509 4096 828 4152 novissimis
851 4096 1140 4160 Numidia.
1171 4095 1572 4158 circumclusit,
1603 4097 1746 4150 hunc
1802 4095 1949 4165 obsi-

397 4188 541 4245 dens
563 4202 660 4258 per
679 4188 933 4254 hiemem,
955 4187 1352 4245 deﬁcientibus
1391 4188 1443 4244 ei
1466 4187 1724 4245 omnibus
1756 4201 1948 4242 neces-

402 4277 564 4335 sariis
597 4299 615 4334 :
648 4281 805 4348 panis
837 4281 984 4337 enim
1027 4281 1172 4351 apud
1206 4279 1511 4337 Maurusios
1533 4294 1642 4335 non
1676 4280 1734 4334 frt
1776 4293 1952 4349 neque

402 4372 588 4426 vinum
622 4384 798 4443 neque
827 4373 1040 4434 oleum.
1067 4373 1164 4428 sed
1190 4371 1272 4427 far
1301 4379 1356 4429 ct
1403 4372 1664 4427 hordeum
1698 4373 1954 4426 immatu-

2046 3282 2100 3329 et
2128 3274 2263 3329 solis
2287 3274 2720 3346 occasumjacet.
2743 3274 3031 3342 Aliumque
3068 3273 3330 3329 Joannem
3358 3291 3425 3330 ex
3457 3292 3598 3348 pne-

2046 3367 2258 3421 toribus
2290 3381 2454 3420 unum
2481 3367 2534 3420 in
2561 3365 2758 3420 fretum
2785 3367 2932 3437 quod
2978 3377 3063 3421 est
3093 3360 3152 3419 in'
3177 3365 3414 3425 Gadiris.
3448 3378 3500 3422 et
3544 3373 3597 3426 in

2048 3458 2333 3512 castellum
2363 3458 2509 3528 quod
2554 3456 2780 3526 Septum
2819 3465 3034 3522 vocant,
3078 3458 3297 3511 direxit.
3343 3457 3511 3511 Porro
3545 3459 3597 3513 in

2051 3547 2256 3601 insulas
2302 3562 2421 3614 qua:
2445 3542 2596 3613 juxta
2627 3544 2905 3599 Oceanum
2953 3555 3098 3608 sunt,
3146 3548 3457 3614 Majoricam
3491 3552 3593 3605 sci-

2051 3634 2173 3686 licet
2203 3643 2258 3686 et
2291 3631 2628 3690 Minoricam.
2653 3633 3050 3698 Apollinarium
3083 3635 3391 3700 destinavit,
3424 3640 3597 3693 virum

2048 3722 2270 3772 bonum.
2314 3717 2461 3771 Misit
2486 3728 2665 3772 autem
2697 3728 2750 3772 et
2781 3721 2839 3771 in
2862 3721 3104 3773 Siciliam
3145 3727 3409 3792 quosdam
3442 3729 3602 3781 Afro-

2049 3822 2191 3868 rum.
2208 3815 2262 3860 et
2285 3818 2524 3861 castrum
2543 3806 2910 3863 Vandalorum
2929 3814 3396 3882 comprehendere
3412 3819 3597 3885 jussit.

2048 3895 2206 3951 Gothi
2241 3912 2367 3951 vero
2394 3897 2486 3966 qui
2525 3897 2626 3954 hoc
2659 3885 3065 3967 custodiebant,
3096 3911 3255 3958 matri
3298 3909 3402 3961 Ath
3426 3911 3598 3963 darici

2049 3987 2162 4041 lucc
2187 3997 2314 4041 nota
2369 3987 2634 4044 fecerunt.
2687 3990 2815 4053 Quae
2861 3993 3053 4046 scribit
3077 3996 3143 4049 ad
3172 3995 3488 4052 Belisarium
3536 4017 3603 4055 ne

2049 4079 2188 4135 idem
2204 4091 2441 4134 castrum
2458 4081 2744 4151 tyrannide
2760 4092 2996 4151 caperet,
3014 4098 3156 4152 quon
3166 4101 3297 4155 sque
3311 4089 3604 4160 imperator

2051 4170 2396 4227 lustinianus
2450 4172 2638 4235 sciret,
2672 4180 2729 4225 et
2770 4172 2914 4240 quod
2946 4173 3050 4227 sibi
3079 4185 3227 4229 esset
3266 4179 3442 4232 visum
3490 4182 3602 4235 elli-

2051 4271 2216 4320 ceret.
2255 4265 2310 4319 In
2339 4263 2423 4318 bis
2446 4280 2575 4336 ergo
2593 4262 2946 4320 Vandalicum
2967 4265 3165 4322 bellum
3184 4267 3344 4322 ﬁnem
3364 4273 3601 4339 accepit.

2043 4358 2248 4414 -V'erum
2274 4357 2498 4443 invidia.
2527 4365 2711 4431 utpote
2739 4361 2794 4414 in
2813 4373 3002 4432 magna
3037 4360 3292 4418 felicitate
3315 4363 3628 4433 ﬁerisolety

403 4473 548 4522 rum,
607 4465 668 4513 ut
717 4460 1117 4516 irrationabilia
1149 4459 1430 4525 animalia,
1477 4461 1791 4516 comedunt.
1852 4460 1948 4514 llis
1983 4456 2894 4540 DcontigitetiaminBelisat-ium
2922 4459 3344 4528 :quidam‘enim
3369 4464 3599 4531 deroga-
3655 4444 3658 4448 ’

398 4547 638 4605 Gelimer
676 4549 930 4606 incidens
962 4549 1154 4604 scribit
1196 4549 1261 4604 ad
1306 4549 1506 4613 Fat-an.
1530 4567 1690 4622 quem
1723 4551 1949 4605 dimise-

401 4649 484 4696 rat
539 4640 836 4697 Bclisarius
877 4638 946 4694 ad
990 4638 1413 4695 custodiendum
1447 4657 1595 4704 eum,
1629 4649 1687 4694 ut
1719 4640 1953 4695 mitteret

399 4731 504 4788 sibi
534 4730 804 4788 citharam
829 4739 885 4784 et
923 4744 1114 4799 panem
1165 4745 1332 4784 unum
1362 4740 1419 4786 ct
1446 4724 1753 4802 spongiam.
1784 4727 1951 4783 Faras

400 4832 581 4875 autem
633 4818 913 4894 haesitabat
941 4818 1199 4894 quidnam
1236 4831 1392 4875 esset
1445 4821 1568 4886 hoc,
1630 4822 1802 4873 donec
1858 4819 1949 4886 qui

399 4912 668 4965 detulerat
697 4892 1155 4982 cpistolam'dixit
1192 4910 1320 4980 quia
1363 4926 1552 4978 panem
1583 4911 1800 4980 quidem
1853 4910 1948 4965 dc-

290 5053 301 5065 ,
399 4999 602 5054 siderat
628 4998 823 5055 sidere
848 4999 1100 5065 Gelimcr,
1133 5015 1238 5054 non
1266 5001 1459 5056 videns
1503 5016 1695 5070 panem
1720 5015 1785 5054 ex
1837 5017 1947 5070 quo

400 5093 713 5168 ascenditiu
737 5081 1479 5166 muuteut,spongiamautem
1499 5105 1718 5165 prepter
1758 5095 1948 5151 oculos

400 5201 509 5242 non
534 5185 675 5242 lotos
706 5201 770 5242 ac
825 5179 923 5259 per
952 5192 1056 5243 hcc
1084 5185 1264 5253 lases,
1292 5198 1560 5259 quatenus
1589 5186 1686 5241 bos
1709 5185 1952 5241 sinceras

566 5467 585 5533 )
621 5463 976 5533 Quicunque.
1006 5463 1144 5533 Cato
1193 5477 1281 5531 ap.
1343 5463 1410 5517 Α.
1451 5459 1680 5518 Gellium
1704 5461 1788 5522 l5,
1829 5459 1949 5533 92;

566 5467 585 5533 )
621 5467 976 5532 ριωσκιιῳτει.
1006 5467 1144 5518 Cato
1193 5477 1281 5531 ap.
1343 5467 1410 5517 Α.
1451 5467 1680 5518 Gellium
1704 5467 1788 5522 l3,
1829 5467 1898 5514 2'2
1936 5480 1949 5515 :

403 5557 424 5591 α
447 5467 586 5606 agi
615 5532 784 5606 multa
807 5549 992 5603 egeo.»
1015 5532 1241 5606 Plautus
1283 5533 1586 5606 Mauortem.
1607 5540 1712 5585 act.
1741 5546 1780 5592 ι.
1799 5530 1950 5606 sc_._‘2:

403 5627 426 5658 ε
445 5597 558 5660 ﬁo:
583 5597 897 5674 quidquam
916 5619 1063 5674 ages.
1091 5622 1111 5654 ι
1148 5601 1460 5674 Priscianus
1497 5604 1535 5657 l.
1564 5615 1739 5674 "ut;
1789 5617 1808 5651 ι
1852 5597 1956 5652 Νο-

400 5674 529 5739 stri,
591 5669 922 5743 egeo'illius
954 5669 1040 5730 ἰοί
1086 5683 1142 5727 et
1195 5672 1346 5726 illam
1409 5686 1525 5728 rem
1562 5680 1618 5729 et
1679 5669 1773 5723 illa
1813 5683 1892 5722 re.
1933 5688 1950 5722 ι

400 5743 564 5806 rm.
583 5805 586 5807 Α
1107 5747 1125 5762 ‘
1258 5767 1271 5777 ·

767 5832 1030 5897 Panos.
1062 5836 1177 5898 Gs.
1224 5781 1431 5903 CVIII;

2053 4554 2249 4601 verunt
2277 4548 2327 4602 ei
2383 4562 2551 4618 penes
2598 4540 3013 4616 imperatorem,
3062 4550 3206 4619 quod
3262 4553 3603 4620 tyrannidem

2054 4638 2424 4693 meditaretur.
2453 4637 2550 4691 Ast
2579 4637 2878 4706 imperator
2913 4639 3086 4694 misso
3117 4638 3408 4698 Salomone
3436 4654 3609 4703 tentat

2001 4791 2004 4794 ,
2054 4728 2690 4790 Belisarii-voluntatem,
2719 4737 2900 4783 utrum
2932 4746 3054 4786 cum
3081 4731 3351 4785 Gelimere
3377 4744 3430 4786 ct
3461 4734 3607 4794 Van-

2051 4821 2191 4874 dalis
2241 4820 2860 4892 venirethyzantium,
2917 4838 2985 4877 an
3047 4840 3270 4880 manens
3337 4812 3608 4881 illum-eos

2050 4912 2465 4967 transmitteret.
2493 4912 2790 4968 Belisarius
2842 4924 3021 4968 autem
3046 4914 3361 4985 Byzantium
3416 4915 3600 4984 profe-

2051 5012 2174 5056 ctus
2196 5011 2300 5064 est.
2341 5003 2628 5058 Salomone
2655 5015 2885 5072 prmtorc
2919 5003 3098 5074 Libya:
3136 5005 3409 5060 derelicto.
3437 5003 3605 5060 Cum-

2055 5108 2161 5160 que
2191 5092 2482 5148 Belisarius
2543 5093 2863 5163 Byzantium
2901 5111 3007 5151 una
3070 5111 3193 5149 cum
3251 5093 3520 5151 Gelimere
3552 5106 3608 5151 ct

2057 5182 2317 5237 Vandalis
2377 5185 2731 5254 pervenisset.
2797 5200 2990 5254 magna
3056 5186 3271 5256 praemia
3326 5188 3607 5254 percipere

1893 5343 2124 5402 NOTAE.

2132 5459 2241 5521 (99)
2278 5456 2716 5512 Delmuoratioue.
2779 5457 3113 5512 Flodoardus
3171 5457 3309 5512 Hist.
3355 5470 3430 5513 tt.
3489 5455 3604 5511 θοι

2067 5550 2084 5581 ι
2122 5529 2393 5596 Quidquid
2453 5530 2507 5582 in
2566 5529 2738 5596 ipsius
2786 5529 3129 5595 imperatoris
3179 5526 3609 5596 delinrioratiune

2065 5591 2486 5670 gestum‘fuerst
2519 5591 3080 5670 ._i'Yetu;interprc_s
3112 5595 3356 5670 epistola;
3388 5591 3466 5670 ad.
3486 5591 3610 5646 Phl-

2067 5659 2353 5740 iippenses.
2389 5681 2508 5735 qua:
2538 5663 2597 5738 S.
2628 5666 2837 5740 lgnatio
2867 5659 3159 5721 ascribitnr'
3185 5681 3196 5694 ο
3239 5678 3258 5711 ς
3292 5659 3414 5715 Dies
3443 5660 3614 5726 festos

2068 5734 2239 5818 nolite.
2265 5734 2624 5792 dehonorarc.
2700 5734 2775 5792 In.

3176 5826 3251 5886 Η)
