4440 6446
812 425 945 490 1259

1901 408 2298 471 ANASTASII
2352 404 2982 466 BIBIJOTHECARII

3944 398 4079 462 1260

808 538 1028 599 meruit,
1064 530 1320 604 qualibus
1354 526 1611 580 nimirum
1642 520 1985 592 temporibus
2022 519 2222 591 priscis
2268 517 2377 569 Ro-
2410 530 2451 576 Α
2501 522 2812 585 mergentes
2860 525 3187 581 semetipsos
3240 510 3599 564 interimunt.
3677 512 3891 565 Mortua
3946 529 4077 564 vein

810 641 1096 691 manorum
1161 629 1428 694 primores
1471 618 1525 672 in
1594 615 1849 670 maximis
1921 612 2174 667 victoriis
2228 608 2377 680 digni

809 717 1204 775 eﬂiciebantur.
1229 706 1522 763 Sescentis
1547 702 1869 760 cuimannis
1894 700 2192 756 transactis
2220 713 2381 752 nemo

811 812 878 866 ad
916 809 1079 863 talem
1128 801 1383 875 pervenit
1444 799 1709 854 honorem
1759 796 1867 851 nisi
1901 794 2082 858 Titus,
2109 790 2383 861 Traianus

810 911 863 955 et
897 898 986 953 alii
1036 897 1424 964 imperatores,
1450 889 1547 959 qui
1594 886 1977 958 magistratum
2014 891 2209 938 contra
2256 881 2385 933 Bar-

812 990 1030 1045 baricas
1060 985 1317 1041 nationes
1347 980 1667 1035 obtinentes
1713 975 2043 1032 mirabiliter
2073 973 2385 1044 triumpha-

813 1090 984 1147 runt;
1035 1076 1357 1144 exuviisque
1424 1072 1667 1127 ostensis
1713 1078 1769 1125 et
1803 1055 1883 1125 «δι’
1911 1068 2056 1123 bello
2095 1065 2385 1135 mancipiis

812 1174 869 1227 in
900 1170 1077 1226 media
1100 1165 1236 1221 urbe
1269 1163 1488 1234 pompis
1519 1162 1634 1215 haec
1664 1159 1998 1230 publicavit,
2019 1158 2167 1228 quod
2194 1158 2388 1211 trium-

812 1273 980 1340 phum
1019 1267 1217 1317 vocant
1243 1256 1499 1313 Romani.
1549 1254 1642 1308 Sic
1681 1251 1857 1309 veteri
1921 1252 2145 1323 quidem
2202 1250 2388 1309 modo.

812 1354 909 1412 sed
940 1350 1177 1424 pedestri
1210 1346 1469 1403 incedens
1497 1358 1565 1399 ex
1595 1344 1761 1399 domo
1795 1357 1897 1399 sua
1948 1357 2121 1412 usque
2154 1342 2221 1396 ad
2261 1340 2392 1410 Hip-

814 1445 1187 1518 podromium.
1241 1440 1411 1496 Erant
1442 1446 1627 1493 autem
1654 1437 1864 1493 exuviae
1905 1445 2179 1506 quotquot
2213 1434 2391 1488 admi-

812 1539 1143 1597 nistratorio
1194 1534 1463 1607 principis
1521 1533 1703 1589 ordini
1748 1530 2159 1603 competebant,
2205 1529 2257 1584 id
2305 1537 2392 1585 est

814 1632 1000 1688 throni
1033 1627 1183 1683 aurei
1207 1625 1483 1690 etrhedae,
1506 1625 1711 1696 quibus
1740 1638 1930 1695 regum
1962 1637 2164 1678 uxores
2183 1620 2395 1677 vehun-

814 1735 927 1787 tur,
960 1728 1301 1788 ornatusque
1324 1716 1393 1771 de
1419 1716 1696 1786 lapidibus
1732 1714 1993 1786 pretiosis
2027 1715 2393 1784 compositus,

816 1814 1026 1886 argenti
1054 1825 1274 1883 quoque
1303 1810 1473 1865 multa
1506 1808 1674 1862 millia
1697 1808 2122 1871 talentorum,ct
2155 1806 2398 1861 diverso-

818 1924 941 1964 rum
983 1904 1351 1976 imperialium
1383 1916 1666 1965 vasorum,
1725 1914 1847 1970 quae
1898 1898 2235 1955 Gezeriehus
2287 1896 2397 1952 Ro-

816 2016 982 2057 mano
1032 1998 1342 2069 despoliato
1364 1994 1571 2067 palatio
1599 1993 1844 2049 Africam
1890 1995 2038 2061 tulit,
2078 1994 2222 2049 inter
2274 2008 2397 2064 quae

816 2103 872 2151 et
909 2093 1226 2149 Judaeorum
1281 2104 1435 2153 vasa,
1488 2104 1611 2159 qua:
1650 2087 1975 2159 Vespasiani
2034 2088 2182 2144 filius
2239 2086 2397 2141 Titus

818 2199 939 2260 post
968 2194 1185 2256 captam
1204 2181 1641 2252 Hierosolymam
1665 2179 1897 2235 Romam
1918 2182 2211 2236 detulerat.
2246 2180 2398 2234 Man-

817 2281 961 2351 eipia
996 2292 1129 2333 vero
1155 2284 1320 2333 erant
1365 2289 1432 2329 ex
1463 2272 1749 2343 triumpho
1809 2282 1921 2327 tam
1963 2272 2083 2344 ipse
2131 2271 2395 2337 Gelimer,

818 2374 1207 2431 vestimentum
1255 2368 1530 2439 quoddam
1595 2375 1824 2438 portans
1895 2381 2275 2439 purpureum,
2343 2376 2399 2421 et

818 2468 1078 2538 cognatio
1110 2464 1231 2535 ejus
1264 2462 1542 2527 universa,
1575 2458 1953 2515 Vandalorum
1985 2476 2208 2531 quoque
2238 2468 2397 2530 quot-

818 2567 954 2631 quot
982 2556 1139 2613 valde
1170 2554 1399 2626 prolixae
1429 2560 1657 2607 statum
1683 2565 1748 2605 ac
1781 2551 1906 2605 boni
1933 2553 2184 2623 corporis
2219 2562 2396 2606 erant.

819 2654 1070 2722 Cumque
1119 2647 1364 2703 Geiimer
1414 2646 1468 2700 in
1524 2642 1982 2714 liippodromium
2038 2644 2398 2712 pervenisset,

818 2755 873 2802 ct
899 2754 1010 2799 tam
1033 2744 1422 2811 imperatorem
1449 2751 1616 2807 supra
1640 2737 1884 2791 tribunal
1915 2736 2199 2791 sedentem
2231 2750 2398 2807 quam

819 2858 884 2895 ex
912 2846 1145 2907 utraque
1162 2844 1315 2905 parte
1336 2832 1537 2901 vulgus
1557 2838 1747 2885 astans
1787 2829 2046 2893 vidisset,
2083 2844 2193 2883 non
2244 2829 2400 2898 quie-

819 2932 1007 2989 scebat
1041 2929 1289 2984 ciamans
1318 2942 1333 2979 :
1370 2922 1592 2977 Vanitas
1615 2922 1942 2987 vanitatum,
1961 2931 2010 2976 et
2042 2921 2223 2974 omnia
2252 2921 2402 2974 vani-

820 3036 928 3080 las.
993 3020 1404 3089 Pertingentem
1463 3024 1646 3069 autem
1697 3029 1822 3070 eum
1852 3014 2008 3085 juxta
2050 3012 2400 3083 imperatoris

821 3116 1064 3173 tribunal
1130 3125 1375 3185 purpura
1421 3109 1542 3179 ejus
1591 3108 1773 3162 ablata
1810 3122 2046 3177 pronum
2099 3106 2298 3162 cadere
2347 3112 2403 3160 et

823 3213 1057 3267 adorare
1086 3211 1389 3277 coegerunt
1440 3202 1851 3272 imperatorem.
1888 3203 1955 3254 At
1986 3214 2118 3256 vero
2163 3201 2402 3269 impera-

741 3371 746 3377 .
825 3317 913 3360 tor
955 3300 1221 3359 Geiimcri
1256 3297 1459 3368 prmdia
1497 3296 1549 3348 in
1607 3293 1817 3347 Galatia
1864 3293 2032 3347 multa
2089 3290 2319 3346 contulit
2348 3296 2403 3344 et

823 3410 1064 3461 amrena,
1101 3399 1156 3448 et
1179 3405 1305 3445 cum
1351 3388 1609 3441 omnibus
1645 3384 1896 3455 cognatis
1934 3385 2052 3439 suis
2087 3382 2141 3437 in
2172 3382 2258 3437 his
2305 3380 2405 3435 ha-

825 3493 1003 3547 bitare
1035 3484 1305 3556 permisit.
1340 3480 1542 3535 Verum
1589 3480 1734 3532 hunc
1778 3478 1831 3531 in
1875 3475 2094 3548 patricii
2153 3474 2403 3530 ordinem

825 3600 935 3639 non
963 3578 1238 3652 provexit,
1276 3590 1345 3631 eo
1374 3577 1518 3645 quod
1552 3572 1620 3627 ab
1652 3571 1769 3624 Arii
1794 3579 1945 3626 secta
1968 3568 2252 3625 discedere
2298 3565 2405 3621 mi-

826 3680 877 3731 ni
890 3690 974 3728 me
1020 3670 1357 3727 consentiret

902 3764 1199 3819 Salomone
1265 3768 1528 3829 prseterea
1590 3769 1704 3809 rem
1753 3752 2028 3823 publicam
2085 3750 2408 3807 moderante

830 3857 1091 3913 Maurusii
1121 3855 1366 3925 praelium
1401 3852 1669 3906 adversus
1696 3847 1859 3901 Afros
1894 3855 2206 3902 moverunt.
2234 3844 2407 3898 Porro

829 3947 1094 4006 Maurusii
1133 3960 1200 4000 ex
1230 3942 1488 4015 gentibus
1538 3937 1879 3993 descendunt
1900 3951 2037 4006 quas
2064 3936 2228 3991 Jesus
2259 3934 2407 3990 Nave

827 4060 893 4100 ex
924 4042 1146 4111 regione
1167 4036 1488 4092 thnicum
1519 4048 1553 4086 a‘
1574 4031 1777 4087 Sidone
1808 4030 1874 4084 ad
1900 4030 2192 4101 Egyptum
2235 4043 2410 4099 usque

831 4135 1146 4190 habitantes
1180 4129 1387 4198 abegit.
1425 4126 1529 4192 Qui
1566 4124 1947 4195 pervenientes
1990 4122 2309 4192 Aigyptum,
2356 4128 2409 4198 ct

834 4245 944 4284 non
996 4224 1203 4295 recepti
1239 4224 1308 4276 ab
1338 4220 1443 4285 eis,
1487 4218 1552 4272 ad
1607 4216 1832 4288 Libyam
1876 4214 2146 4279 veniunt;
2180 4222 2234 4268 et
2264 4210 2409 4267 h'anc

832 4318 1275 4377 inhabitantibus
1338 4314 1447 4378 eis,
1494 4310 1802 4366 novissimo
1838 4316 2085 4376 tempore
2111 4308 2410 4376 imperato-

832 4430 921 4470 res
948 4409 1181 4467 Romaui
1219 4415 1425 4462 terram
1454 4402 1772 4457 obtinentes
1802 4400 1946 4453 hanc
1978 4397 2129 4452 Hoen
2163 4398 2410 4453 nomina-

831 4515 1066 4570 verunt,
1114 4506 1421 4558 statuentes
1481 4495 1672 4549 titulos
1736 4494 1875 4548 duos
1925 4507 2092 4562 supra
2150 4505 2409 4561 magnum

2492 616 2615 661 sunt
2643 606 2697 659 in
2723 606 2827 659 hoc
2857 605 2999 658 bello
3018 602 3428 657 Maurusiorum
3450 604 3851 671 quinquaginta
3879 604 4075 663 millia,

2495 698 2867 751 Romanorum
2931 712 3065 751 vero
3103 697 3323 766 penitus
3347 696 3558 750 nullus.
3587 695 3728 760 Quin
3752 710 3853 749 nec
3907 696 4074 749 ictum

2491 791 2782 860 quisquam
2796 804 2983 845 eorum
3008 790 3177 843 ullum
3199 786 3541 855 accepit,scd
3562 804 3753 843 oumes
3772 788 4077 842 incolumes

2492 883 2775 938 victoriam
2806 872 3089 937 consecuti
3121 890 3273 936 sunt.
3320 879 3555 935 Plurimi
3582 896 3711 934 vero
3763 882 4076 951 principum

2494 977 2737 1047 ipsorum
2771 975 3036 1030 Romanis
3065 974 3315 1042 adjuncti
3358 982 3511 1028 sunt.
3577 972 3864 1028 Mulierum
3913 984 4079 1041 atque

2495 1083 2792 1138 puerorum
2825 1076 3034 1121 tantam
3064 1064 3476 1120 multitudinem
3508 1064 3739 1119 Romani
3791 1079 3981 1134 cepere
4014 1070 4078 1116 ut

2497 1160 2620 1214 ovis
2657 1160 2834 1231 pretio
2886 1175 3109 1215 servum
3146 1158 3485 1212 Maurusium
3543 1172 3728 1213 emere
3760 1157 4078 1210 volentibus

2498 1253 2899 1310 venundarent.
2953 1252 3017 1304 Et
3064 1259 3196 1306 tunc
3239 1252 3320 1306 eis
3369 1260 3525 1306 vetus
3565 1250 3838 1318 eloquium
3887 1249 4079 1317 (υιιῙιις-

2495 1347 2621 1401 dam
2657 1346 2983 1415 divinre(30)
3009 1343 3227 1398 femina:
3248 1343 3503 1413 contigit,
3540 1345 3665 1413 quia
3689 1343 4077 1397 maledictionc

2501 1437 2796 1494 multitudo
2831 1452 3023 1492 eorum
3058 1452 3088 1489 a
3138 1436 3260 1489 viro
3295 1437 3415 1491 sine
3463 1435 3633 1489 barba
3676 1434 3835 1504 periit
3866 1451 3878 1486 :
3919 1431 4075 1487 Snlm

2502 1548 2629 1585 mon
2662 1531 2863 1600 quippe
2903 1545 2931 1583 a
2972 1544 3144 1598 puero
3178 1529 3467 1583 eunuchus
3501 1538 3699 1599 praeter
3733 1527 4077 1581 voluntatem

2501 1624 2732 1679 effectus
2771 1633 2878 1686 est,
2914 1637 3026 1692 pra:
3065 1622 3326 1690 passiOne
3379 1621 3647 1690 genitales
3698 1628 3884 1689 partes
3916 1618 4078 1672 amit-

2504 1724 2643 1770 tens.
2671 1712 2841 1769 Porro
2871 1722 2980 1766 tota
3002 1711 3170 1781 Libya
3196 1721 3449 1779 percepta
3479 1707 3863 1777 Carthaginem
3890 1707 4075 1761 rediit.

2506 1806 2773 1860 Praeterea
2831 1819 2959 1858 vere
3020 1802 3324 1870 incipiente
3384 1803 3587 1855 missus
3640 1806 3724 1854 est
3776 1798 4078 1853 Belisarius

2425 1879 2474 1939 Β
2504 1898 2747 1953 Siciliam
2788 1896 3053 1950 Romanis
3089 1895 3272 1949 facere
3309 1892 3681 1946 tributariam.
3717 1888 3820 1943 Ubi
3852 1905 3916 1944 eo
3963 1890 4078 1943 hie-

2500 1999 2685 2045 mante
2741 1987 2968 2042 Romaui
3026 1987 3210 2058 Libyae
3245 1996 3436 2040 contra
3490 1982 3839 2038 Saiomonem
3887 1982 4079 2035 simul-

2502 2092 2643 2137 tates
2682 2082 2952 2145 fecerunt,
3005 2081 3109 2134 hoc
3168 2080 3354 2133 tnodo.
3414 2076 3668 2145 Acceptis
3732 2074 3876 2127 enim
3909 2073 4083 2127 inter—

2499 2185 2806 2247 emptorum
2851 2175 3120 2229 uxoribus
3166 2171 3541 2225 Vandalorum
3598 2166 3874 2222 habebant
3918 2179 4081 2235 agros

2499 2284 2691 2326 carum
2724 2275 2783 2322 ut
2821 2280 2975 2331 suos,
3010 2274 3064 2320 et
3092 2265 3306 2320 solvere
3340 2260 3662 2331 imperatori
3700 2274 3802 2329 pro
3838 2259 3921 2312 eis
3979 2259 4083 2310 tri-

2501 2360 2633 2415 buta
2664 2357 2948 2414 nolebant.
2981 2356 3053 2410 At
3083 2369 3214 2409 vero
3249 2352 3516 2408 Salomon
3557 2348 3949 2405 commonebat
3985 2361 4085 2400 eos

2501 2468 2570 2508 ne
2600 2450 3047 2507 contradicerent
3079 2445 3425 2517 imperatori,
3464 2442 3557 2498 sed
3607 2442 3737 2495 huic
3775 2455 3898 2510 quae
3944 2438 4085 2492 de'i-

2502 2545 2691 2599 berata
2726 2543 2963 2598 fuissent
2989 2539 3214 2610 penitus
3247 2538 3562 2593 redderent.
3596 2534 3924 2589 Ceciderunt
3987 2548 4084 2585 au-

2502 2646 2611 2691 tem
2672 2634 2897 2705 quidam
2953 2648 3193 2697 eorum,
3243 2630 3593 2698 maximeque
3646 2626 3972 2686 Gothorum,
4029 2626 4085 2677 in

2502 2729 2614 2783 Arii
2640 2735 2849 2782 sectam
2871 2740 3042 2795 ;quos
3067 2722 3383 2777 sacerdotes
3406 2719 3668 2774 Ecclesia:
3700 2716 4085 2786 segregabam,

2501 2834 2680 2881 etnec
2711 2823 2917 2876 liberos
2947 2833 3140 2874 eorum
3191 2816 3474 2885 baptizare
3531 2810 3810 2865 volebant.
3841 2805 3993 2861 [nde
4033 2815 4087 2858 et

2506 2920 2562 2973 in
2601 2917 2690 2971 die
2710 2914 2853 2969 festo
2914 2910 3172 2967 simultas
3201 2907 3392 2962 effecta
3449 2913 3556 2959 est.
3598 2902 3891 2957 Consiliati
3954 2915 4091 2950 vero

2504 3017 2635 3067 sunt
2665 3008 2869 3062 milites
2909 3003 3265 3058 Salomonem
3300 3000 3356 3054 in
3388 2998 3593 3069 templo
3621 2996 3893 3065 perimere
3926 3009 3939 3055 ;
3990 2995 4085 3061 qui

2505 3103 2610 3156 hoc
2641 3099 2833 3154 audito
2861 3097 3096 3153 suadere
3118 3092 3199 3147 eis
3228 3089 3488 3146 recedere
3515 3103 3544 3141 a
3584 3088 3855 3142 seditione
3905 3094 4087 3137 tenta-

2507 3195 2622 3258 bat,
2659 3190 2805 3261 quod
2834 3205 2943 3244 non
2979 3196 3106 3258 post
3133 3200 3308 3257 pauca
3350 3183 3612 3238 obtinuit.
3642 3179 3938 3234 Beiisarius
3986 3192 4088 3230 au-

2507 3296 2615 3341 tem
2642 3284 2889 3338 Siciliam
2921 3291 2978 3336 et
3003 3279 3234 3333 Romam
3274 3278 3341 3330 ab
3378 3275 3514 3345 Ugio
3573 3274 3853 3328 detentum
3888 3281 3937 3324 et
3974 3271 4089 3322 cir-

2506 3390 2857 3447 cumquaque
2883 3373 3139 3427 civitates
3171 3370 3478 3439 accipiens,
3516 3366 3711 3434 lr'ginm
3766 3364 4086 3434 Byzantium

2506 3464 2662 3526 duxit
2691 3469 2761 3523 ad
2792 3466 3168 3522 Iustinianum
3203 3478 3330 3517 cum
3366 3475 3538 3514 uxore
3593 3458 3768 3526 ipsius
3798 3470 3850 3511 et
3874 3456 4063 3508 liberis

2505 3564 2573 3619 Et
2597 3563 2749 3619 misit
2802 3562 3105 3631 imperator
3148 3556 3376 3610 Narsem
3427 3550 3829 3607 cubicularium
3859 3546 4089 3601 Romam

2508 3670 2630 3711 cum
2662 3653 2843 3707 classe
2878 3649 3103 3705 tenendi
3156 3661 3219 3701 ea
3255 3659 3378 3714 quae
3431 3643 3542 3697 illic
3583 3640 3948 3694 habebantur.
3988 3634 4089 3691 Sa—

2508 3751 2693 3805 lomon
2752 3755 2933 3800 autem
2996 3743 3172 3796 muris
3230 3738 3414 3808 Libyae
3454 3735 3711 3789 civitates
3740 3732 3992 3785 munivit.
4027 3729 4090 3781 Et

2509 3841 2773 3913 quoniam
2834 3834 3099 3890 Maurusii
3138 3833 3520 3885 discesserunt
3554 3842 3582 3879 a
3618 3822 3874 3879 Numidia
3930 3824 4084 3879 victi.

2512 3933 2697 3987 Zaben
2741 3927 3022 3999 regionem
3092 3932 3259 3991 atque
3315 3917 3701 3971 Mauritaniam
3735 3926 3789 3970 et
3850 3914 4087 3983 Sitiphiu

2509 4022 2855 4094 metropolim
2889 4016 2995 4073 sub
3031 4014 3240 4070 tributo
3281 4010 3544 4065 Romanis
3579 4008 3762 4062 effecit
3802 4024 3816 4059 :
3856 4007 4087 4059 alterius

2509 4117 2655 4173 enim
2698 4111 3039 4168 Mauritanim
3081 4108 3333 4163 Caesarea
3376 4103 3551 4173 prima
3596 4100 3917 4168 metropolis
3982 4109 4087 4151 est.

2510 4211 2722 4265 Interea
2756 4205 2971 4259 Iberum
3009 4215 3127 4262 rex,
3203 4195 3603 4249 Zamassardus
3642 4205 3883 4249 nomine,
3942 4187 4089 4240 Con-

2512 4299 2925 4367 stantinopolim
2948 4291 3197 4348 ascendit
3220 4289 3285 4342 ad
3314 4280 4088 4357 imperatoremJustinianum

2494 4410 2634 4450 eum
2670 4389 2901 4444 muliere
2932 4384 3042 4457 (⁸51)
3078 4397 3142 4437 ac
3189 4378 3544 4436 senatoribus
3574 4375 3716 4438 suis,
3740 4388 3939 4442 rogans
3964 4387 4085 4425 cum

2515 4496 2576 4540 ut
2605 4491 2753 4539 esset
2828 4481 3207 4533 Romanorum
3268 4478 3619 4525 concertator
3684 4475 3737 4519 et
3798 4477 4093 4533 germanus

834 4602 1041 4655 fontem
1065 4612 1129 4652 ex
1161 4588 1438 4664 lapidibus
1494 4585 1749 4642 candidis
1811 4588 2091 4650 concavis,
2145 4556 2413 4638 habentes
2442 4583 2492 4643 D
2520 4579 2753 4633 amicus.
2788 4574 2887 4627 Ast
2922 4570 3223 4638 imperator
3280 4558 3595 4631 bujusmodi
3656 4558 3933 4628 proposito
3970 4556 4087 4622 ejus

828 4695 1051 4747 litteras
1074 4684 1426 4742 thniceas.
1462 4680 1707 4734 dicentes
1742 4677 1855 4730 hare
1893 4696 1905 4730 :
1936 4677 2049 4730 Nos
2084 4693 2270 4744 sumus
2292 4677 2407 4747 .qui

835 4786 1069 4855 fugimus
1104 4796 1133 4832 α
1160 4777 1296 4847 {acie
1320 4774 1451 4829 Jesu
1479 4772 1732 4836 latronis,
1770 4770 1875 4839 ﬁlii
1904 4767 2072 4823 Nave.
2107 4767 2275 4822 Erant
2313 4784 2429 4822 au-.

837 4887 943 4929 tem
1000 4881 1055 4926 et
1116 4869 1233 4922 alia:
1274 4876 1463 4936 gentes
1516 4864 1571 4916 in
1612 4860 1792 4914 Africa
1825 4860 2062 4930 primutn
2115 4858 2408 4930 indigenae,

839 4973 1105 5027 habentes
1145 4980 1326 5034 regem
1363 4961 1707 5030 Asclepium,
1749 4957 1844 5027 qui
1901 4954 2160 5009 Heraclio
2208 4970 2408 5009 conre-

839 5062 1047 5131 gnavit,
1079 5072 1241 5129 quem
1289 5064 1448 5110 terra:
1482 5054 1652 5107 lilium
1677 5065 1799 5105 esse
1831 5055 2284 5102 asseveraveram
2318 5048 2409 5116 qui

836 5151 1225 5220 Carthaginem
1272 5144 1660 5201 condiderunt.
1700 5138 1957 5194 Salomon
2000 5148 2183 5191 autem
2209 5152 2239 5190 a
2277 5136 2414 5191 Car-

842 5234 1063 5313 tha'gine
1086 5238 1323 5308 sumptis
1354 5235 1693 5291 esercitihus
1728 5238 1927 5285 contra
1952 5228 2265 5283 Maurusids
2284 5246 2410 5299 pro-

840 5331 1189 5406 peravil,qtti
1227 5331 1279 5383 in
1315 5327 1497 5398 fugam
1527 5326 1674 5381 versi
1708 5334 1763 5381 et
1799 5340 1858 5380 se
1889 5323 1944 5379 in
1985 5322 2287 5393 prmcipitia
2312 5322 2413 5378 de-

2518 4679 2744 4740 accepto
2766 4665 2951 4722 amitis
2984 4677 3107 4718 eum
3132 4668 3187 4715 et
3217 4664 3501 4712 senatores
3532 4652 3652 4721 ejus
3692 4650 4088 4704 munificentiis

2520 4760 2831 4821 honoravit.
2890 4755 3153 4809 Similiter
3182 4757 3236 4804 ct
3285 4748 3530 4816 Augusta
3578 4756 3713 4795 uxor
3733 4742 3853 4809 ejus
3885 4740 4089 4793 variata

2519 4856 2754 4933 gemmis
2805 4855 3126 4908 ornamenta
3152 4845 3292 4898 dona
3308 4841 3407 4905 \‘il,
3441 4848 3493 4894 et
3520 4837 3777 4891 dimisere
3816 4850 3911 4889 eos
3941 4836 4092 4903 paci—

2520 4956 2620 5009 fire
2652 4950 2718 5005 ad
2758 4944 3038 5018 proprium
3091 4952 3345 5008 regnum.

2594 5042 2801 5098 Octavo
2829 5050 2975 5092 anno
3024 5030 3235 5101 imperii
3274 5024 3575 5081 Justiniani
3618 5036 3778 5091 passa
3815 5032 3894 5073 est
3949 5034 3975 5069 a
4002 5019 4091 5070 di-

2528 5140 2647 5193 vina
2677 5127 3053 5201 indignatione
3074 5118 3478 5190 Pompeiopolis
3501 5113 3685 5184 Mysiae
3714 5128 3724 5160 :
3752 5112 3920 5166 scissa
3947 5109 4093 5162 enim

2526 5237 2610 5285 est
2641 5200 2999 5280 terraterra:
3033 5224 3207 5279 motu,
3240 5221 3293 5265 et
3326 5212 3587 5265 obrutum
3618 5214 3704 5259 est
3738 5202 3976 5257 medium
4018 5200 4095 5251 ci-

2525 5318 2712 5375 vitatis
2748 5328 2874 5369 cum
2905 5306 3333 5366 habitaturibtts,
3369 5311 3421 5355 et
3455 5305 3615 5353 erant
3646 5294 3842 5350 subtus
3873 5302 4096 5373 terram,

2374 5465 2605 5524 NOTAE.

911 5617 1026 5689 (50)
1050 5615 1271 5689 Divinas.
1302 5613 1550 5669 Glossm:
1591 5631 1609 5667 ε
1641 5611 1896 5689 Divinum
1924 5609 2406 5689 pdvrstAPetro:

839 5682 1057 5755 niusz'g
1090 5686 1341 5739 Divinam
1387 5699 1488 5753 ego
1537 5683 1867 5755 putabam.)
1912 5682 2122 5737 Auctor
2181 5682 2404 5755 Qtteroli

842 5764 898 5817 in
934 5753 1091 5813 Praef.
1128 5774 1141 5810 :
1182 5774 1199 5804 ‹
1238 5755 1451 5825 Magum
1516 5753 2077 5825 mathematicumque
2119 5753 2405 5825 isesegfin-

843 5836 1141 5902 gens,i__e_t
1209 5823 1370 5902 rnox':
1412 5824 1704 5902 gQuerolL
1745 5834 1965 5882 secreta
1994 5823 2074 5881 ’et
2111 5823 2402 5880 familiaria

843 5893 1002 5975 quasi
1023 5898 1245 5954 divinus
1277 5897 1539 5966 loquitur.
1607 5914 1624 5947 ι
1664 5893 1828 5951 FABR.

2589 5604 2705 5674 (ὖί)
2737 5600 2988 5674 Meliore.
3030 5594 3357 5674 Mulier-pro
3406 5574 4092 5674 UXOEC,CP_t-PR‘9dPil:ﬂif

2520 5644 2708 5731 Ca‘r’o-ili
2737 5644 2918 5731 Calvi,
2956 5644 3551 5737 quod—Tibi'observat
3588 5644 3939 5737 Sirmo'nd‘us.
3972 5644 4103 5737 limo

2885 5721 2988 5794 let:
3010 5739 3089 5791 ita
3123 5735 3369 5802 loquitur
3402 5732 3454 5783 in
3493 5728 3537 5803 Ι.⁵
3560 5740 3718 5803 {cura
3750 5721 3823 5803 De
3849 5723 4006 5789 legat.
4028 5721 4099 5769 ὃς

2888 5793 3246 5884 Hispanis-uin
3297 5816 3479 5869 mnger
3511 5793 3662 5850 dn‘it.
3707 5793 3949 5884 illabi-nm
3986 5803 4102 5839 me.

2514 5862 2638 5953 qd};
2672 5862 3025 5949 'il‘rsvi'nvciaie
3053 5876 3291 5942 niouille,
3334 5862 3431 5942 pro
3457 5886 3683 5924 uxwe.»
3731 5862 3805 5918 io.
