4440 6446
337 393 340 395 λ
397 380 524 448 ηδι

1191 373 1546 433 HISTORIA
1594 370 2150 430 ECCI.ES|.\STIC.\
2187 370 2282 427 EX
2323 371 2803 432 THEOPIMVE.

3448 383 3579 441 1262

390 506 448 551 ει
496 504 656 542 voces
691 500 874 538 eorum
937 483 1293 535 audit-bantur
1328 481 1678 533 clamantium
1725 488 1782 531 ttt
1836 478 1936 533 sibi
1970 483 2009 534 Α
2043 491 2167 529 vero
2211 475 2472 530 Gaianum
2534 477 2865 531 Alexandria!
2911 487 3176 547 pl'ul|10\il
3242 488 3578 555 epistolium,

392 580 761 641 misericordia
798 584 1164 647 prmstaretur,
1195 583 1248 627 et
1303 574 1469 626 multa
1506 571 1729 626 donavit
1761 570 1930 636 impeé

391 685 537 730 rator
595 671 662 725 ad
713 667 1022 724 educendos
1081 674 1133 719 ct
1177 664 1531 733 adjuvandus,
1591 663 1934 726 \ivcntcsque

393 761 683 817 liberaliter
711 758 870 828 juvit.
921 755 1120 810 Eodem
1167 770 1293 807 vero
1328 769 1470 806 anno
1513 750 1736 803 tradidit
1761 747 1931 802 lusti-

394 854 587 906 nlanns
639 852 703 904 ad
735 847 1070 919 psallendum
1118 847 1169 898 in
1211 844 1439 897 ecclesia
1488 841 1615 894 illud
1673 839 1815 908 quod
1848 855 1934 891 ca-

395 943 541 996 nitur
579 940 882 1010 Unigcnitua
919 936 1094 989 Filius
1117 946 1164 989 et
1202 934 1418 986 Verbum
1445 931 1560 984 Dei.

461 1029 638 1082 Mundi
698 1043 842 1080 amto
898 1024 1058 1087 6029,
1107 1022 1303 1075 divinae
1344 1017 1732 1071 incarnationis
1795 1030 1936 1067 anno

391 1117 511 1181 ειη,
539 1117 798 1186 Agapitus
821 1110 1076 1166 Romana:
1109 1113 1249 1180 gerit
1281 1107 1535 1162 Ecclesia:
1562 1105 1931 1174 prmsulatunt,

387 1205 724 1260 Justinianus
754 1203 1022 1256 decimum
1056 1200 1267 1268 imperii
1303 1198 1414 1266 agit
1463 1209 1689 1258 annum,
1719 1195 1936 1263 quando

390 1307 444 1351 et
480 1297 783 1366 Epiphanio
811 1294 1068 1360 episcopo
1097 1287 1646 1355 Constantinopoleos
1677 1284 1934 1338 defuncto

389 1386 683 1440 Anthimus
734 1382 1026 1451 cpiscOpus
1081 1377 1602 1448 Trapeauntensium
1639 1373 1933 1426 translatus

387 1485 470 1528 cst
521 1471 1072 1540 Constantinopolim.
1129 1466 1390 1538 Agapitus
1443 1477 1622 1518 autem
1659 1464 1934 1516 Romanus

388 1565 676 1631 episcopus
724 1562 830 1616 hoc
883 1576 1026 1614 anno
1061 1558 1363 1614 ascendens
1410 1554 1932 1621 Constantinopolim

387 1654 649 1724 synodum
680 1653 971 1707 celebravit
1003 1657 1193 1704 contra
1227 1649 1448 1716 impium
1478 1646 1732 1698 Severum
1762 1653 1813 1696 et
1840 1642 1934 1696 Ju—

389 1744 588 1794 lianum
644 1742 1138 1795 Alicarnassensem
1165 1749 1217 1791 et
1258 1732 1930 1800 caeterostheopaschitas;

2043 566 2102 618 lit
2135 565 2373 619 Caianus
2406 567 2619 635 quidem
2658 570 2830 620 tenuit
2861 572 3230 639 i-pisciipatum
3278 591 3418 627 anno
3452 593 3577 641 uno,

2042 654 2377 709 Theodosius
2435 672 2561 708 vero
2619 658 2847 712 duobus.
2888 658 2995 712 llos
3028 671 3207 713 autem
3242 663 3579 720 .lustinianus

2042 746 2330 811 imperator
2383 744 2600 798 mittens
2649 746 2799 798 (luxit
2831 747 3163 815 Byzantium,
3199 761 3250 803 ει
3293 760 3582 822 utrumque

2043 850 2347 911 Separannu
2383 839 2659 890 enstodire
2707 839 2975 905 pneci-pit.
3038 837 3097 889 lit
3141 839 3361 893 I'aniutn
3391 859 3580 912 quern-

2043 928 2183 985 tlant,
2221 928 2308 995 qui
2348 927 2635 995 putabatur
2664 930 3019 989 orllmtloxus,
3062 929 3399 986 Alexandria:
3451 950 3578 1001 pro-

2044 1019 2183 1070 vexit
2234 1022 2564 1086 ι-ιιιιευιιιιιιι.
2629 1016 2725 1070 llic
2781 1021 3089 1071 memoriam
3144 1021 3327 1074 Severi
3369 1026 3580 1077 scelesti

2045 1109 2244 1159 iaciens
2272 1107 2336 1158 ab
2367 1107 2682 1173 episcopatu
2726 1109 2802 1158 ira
2835 1110 3178 1174 imperatoris
3221 1110 3431 1177 eiectus
3473 1126 3578 1174 εει,

2042 1208 2093 1252 ει
2125 1198 2346 1252 veniens
2381 1197 2772 1268 Hierosolymis
2805 1201 3135 1251 morabatur.

2112 1290 2268 1340 Anno
2300 1289 2507 1342 decimo
2540 1289 2726 1358 quinto
2785 1290 2988 1355 imperii
3042 1286 3362 1354 Justiniaui,
3401 1308 3583 1346 IIlCIISl‘.

2043 1380 2319 1440 Ui-tobrio,
2377 1379 2517 1434 facta
2552 1389 2630 1433 est
2665 1380 2901 1449 liyuntii
2937 1383 3272 1444 mortalitas;
3305 1393 3356 1434 et
3389 1388 3578 1436 eodem

2043 1487 2184 1525 anno
2222 1472 2511 1539 liypapanti
2557 1471 2762 1525 homini
2814 1475 3039 1538 sumpsit
3072 1474 3303 1536 initium,
3341 1484 3394 1526 ιιι
3438 1477 3576 1528 cele-

2043 1558 2291 1610 braretur
2324 1559 2463 1625 apud
2503 1559 2818 1627 Byzantium
2868 1561 2954 1613 die
3015 1561 3252 1614 secunda
3304 1563 3583 1616 Februarii

2043 1647 2263 1700 mensis.

2110 1741 2263 1787 Anno
2286 1736 2494 1787 decimo
2518 1745 2670 1788 sexto
2701 1737 2906 1803 imperii
2929 1736 3220 1793 Justiniani
3244 1743 3469 1810 contigit
3492 1743 3580 1793 de-

388 1813 530 1886 inter
558 1847 692 1901 quos
721 1843 772 1886 et
818 1833 1123 1892 Anthimus,
1162 1838 1221 1879 ut
1274 1835 1673 1880 consentaneus
1720 1839 1927 1886 eorum,
1971 1806 2010 1862 Β
2038 1829 2712 1902 bellareinviccm_regem‘
2737 1829 3168 1883 Aunuitensium
3209 1831 3462 1884 lmlorum
3496 1832 3585 1884 Ju-

387 1923 663 1991 tlepositus
693 1938 720 1975 a
771 1922 966 1976 throno
1025 1925 1301 1991 projectus
1346 1929 1434 1972 est
1479 1925 1534 1971 et
1576 1916 1762 1979 exivit,
1814 1931 1934 1966 cum

389 2012 761 2082 episcopatum
838 2015 1166 2068 obtinuisset
1222 2012 1382 2082 regiae
1441 2010 1594 2063 urbis
1629 2008 1938 2061 'mensibus

389 2101 613 2169 decem;
643 2114 693 2157 et
734 2095 1084 2158 consecratus
1117 2113 1198 2159 est
1233 2118 1330 2172 pro
1361 2117 1426 2156 eo
1483 2101 1666 2153 Menas
1714 2100 1938 2168 prcshyo

390 2202 472 2247 ter
518 2201 574 2247 et
617 2194 971 2249 xenodochus
1002 2194 1269 2264 Sampson
1303 2195 1371 2246 ab
1404 2193 1630 2260 Agapito
1658 2205 1792 2260 papa
1831 2191 1938 2242 lto-

389 2297 566 2337 mano.
599 2282 769 2338 Porro
800 2285 1059 2355 Agapitus
1093 2284 1349 2337 dormivit
1397 2283 1660 2350 Byzantii,
1717 2289 1767 2333 ct
1811 2294 1939 2333 con—

389 2376 638 2422 secratus
664 2380 748 2423 est
777 2385 873 2439 pro
906 2383 970 2424 eo
1000 2370 1279 2422 Silverius.

457 2457 616 2512 Anno
676 2459 884 2529 imperii
942 2459 1234 2514 Justiniani
1289 2459 1576 2514 undecimo
1643 2458 1782 2510 facta
1816 2465 1942 2511 sunt

393 2547 566 2618 prima
595 2552 842 2605 encamia
888 2552 1097 2622 Magna:
1150 2552 1394 2606 ecclesia:
1449 2549 1939 2619 Constantinopoli,

397 2639 548 2694 Mena
583 2642 889 2710 patriarcha
927 2643 978 2696 in
1016 2644 1162 2712 regio
1211 2644 1431 2698 sedente
1463 2641 1731 2704 vehiculo,
1764 2655 1815 2697 et
1846 2641 1942 2695 itit-

395 2740 645 2799 peratore
697 2733 937 2786 litaniam
979 2748 1102 2788 cum
1149 2733 1348 2804 populo
1399 2733 1648 2787 faciente.

460 2820 619 2872 Anno
647 2819 972 2875 duodecimo
1005 2821 1218 2891 imperii
1260 2822 1575 2883 Iustiniani,
1608 2839 1730 2876 cum
1761 2822 1945 2878 llomze

394 2903 624 2977 Vigilius
650 2918 793 2964 esset
823 2915 1136 2980 cpiscopus,
1174 2916 1302 2967 moti
1336 2925 1464 2967 sunt
1493 2916 1782 2984 llulgarum
1835 2916 1944 2969 duo

394 3009 571 3064 rcges,
599 2993 795 3065 Vulger
822 2997 1030 3050 scilicet
1069 3006 1121 3052 et
1164 2997 1397 3067 Droggo,
1437 3015 1558 3051 cum
1596 2999 1943 3052 multitudine

2041 1919 2278 1972 dxorunt
2310 1934 2370 1974 ex
2393 1933 2558 1972 eausa
2589 1917 2982 1986 hujuscemodi.
3040 1923 3463 1975 Azumitensium
3497 1942 3585 1976 rex

2042 2015 2182 2064 ultra
2235 2010 2524 2081 Egyptum
2569 2019 2652 2062 est
2708 2011 3015 2077 judaizans.
3065 2015 3430 2067 Romanorum
3492 2032 3582 2067 au-

2043 2114 2146 2156 tem
2185 2103 2552 2172 negotiatores
2586 2117 2682 2170 per
2729 2101 3157 2159 llomcritcnscm
3216 2106 3588 2173 ingrediuntur

2044 2193 2109 2245 ad
2151 2193 2554 2246 Azumitensem
2587 2207 2638 2244 et
2668 2193 2732 2244 ad
2767 2193 3056 2248 interiores
3108 2203 3290 2262 partes
3342 2197 3588 2248 Ittdltl‘tlm

2042 2291 2202 2348 atque
2239 2280 2575 2350 Ethiopuni.
2605 2281 3042 2350 Nrgotiatoribus
3074 2295 3251 2337 autem
3287 2288 3582 2338 SCtlllltillln

2041 2372 2485 2425 consuetudinem
2512 2373 2773 2439 ingressis
2800 2373 3062 2427 terminos
3087 2373 3590 2436 llomeritiJlamia-

2042 2477 2144 2518 nus
2160 2477 2348 2517 eorum
2373 2478 2463 2517 rex
2498 2464 2620 2516 illos
2651 2464 2872 2529 occidit,
2900 2473 2953 2518 et
2982 2466 3202 2520 abstulit
3233 2470 3413 2520 omnia
3453 2471 3591 2537 ipso-

2044 2569 2185 2616 rum,
2217 2554 2403 2608 dicens
2443 2553 2696 2622 quoniam
2727 2553 2956 2608 ltomani
2985 2555 3336 2610 malefaciunt
3370 2556 3590 2620 Juda‘is.

2043 2642 2135 2714 qui
2161 2644 2212 2697 in
2242 2643 2457 2711 regione
2487 2659 2581 2697 soa
2613 2651 2760 2708 sunt,
2791 2653 2846 2698 et
2874 2645 3131 2698 occidunt
3157 2660 3272 2701 eos.
3298 2645 3360 2697 Et
3389 2662 3452 2700 ex
3491 2649 3591 2700 hoc

2046 2734 2329 2788 solverunt
2371 2737 2786 2804 negotiationem
2822 2734 3139 2790 interiorum
3173 2736 3424 2791 Indorum
3457 2741 3593 2791 Azu-

2047 2827 2182 2880 miti.
2222 2828 2284 2879 Et
2316 2827 2624 2895 indignatus
2657 2827 3083 2880 Azumitensium
3131 2844 3220 2883 rex
3257 2831 3405 2883 Adail
3439 2832 3590 2886 misit

2049 2917 2337 2976 llomeriti,
2366 2919 2491 2983 quia
2546 2918 2726 2967 |:t'sisti
2786 2933 3006 2981 regnum
3049 2933 3225 2970 meum
3266 2930 3318 2972 ct
3368 2922 3593 2972 Entello-

2047 3020 2157 3059 rem
2192 3004 2435 3067 Indiam,
2472 3006 2765 3073 prohibens
2828 3005 3191 3061 Romanorum
3258 3022 3594 3066 mercatores

321 3128 330 3137 .
394 3085 447 3136 in
475 3082 689 3154 Lyciam
715 3095 768 3138 et
803 3084 1047 3153 Mysiam,
1082 3101 1203 3139 cum
1235 3096 1379 3140 esset
1423 3087 1680 3154 magister
1709 3087 1940 3140 militum
1968 3130 2012 3188 ο
2045 3095 2112 3148 ad
2157 3110 2258 3148 nos
2298 3095 2524 3164 ingredi.
2573 3095 2634 3148 Et
2671 3107 2934 3150 tenerum
2993 3097 3049 3151 in
3100 3098 3438 3152 inimicitiam
3480 3118 3595 3154 Ina-

394 3176 574 3246 llysie
598 3173 869 3242 Justinus,
894 3187 947 3229 et
974 3177 1208 3248 Scythia:
1247 3177 1570 3239 Baudarius,
1606 3179 1697 3246 qui
1736 3191 1941 3231 exeun-

394 3273 476 3319 tes
504 3277 692 3320 contra
749 3268 1007 3337 Balgares
1041 3267 1281 3322 inierunt
1311 3254 1577 3338 praelium.
1618 3268 1684 3322 Et
1712 3269 1945 3323 \occisus

406 3364 479 3409 ,ει
517 3353 768 3410 Justinus
807 3357 1063 3425 magister
1093 3357 1326 3412 militum
1367 3358 1423 3412 in
1469 3357 1633 3423 bello,
1674 3365 1728 3413 et
1769 3355 1947 3411 factus

393 3454 479 3500 est
531 3461 632 3517 pro
674 3461 740 3501 eo
787 3447 1182 3504 Constantinus
1241 3446 1520 3505 Florentii.
1564 3447 1628 3501 Et
1685 3457 1947 3503 venerunt

395 3535 655 3606 Bulgares
690 3554 857 3608 usque
885 3539 950 3593 ad
982 3552 1164 3610 partes
1210 3538 1458 3604 Thraca,
1486 3547 1540 3593 et
1573 3554 1829 3607 egressus
1862 3547 1944 3594 est

395 3636 585 3682 contra
653 3643 748 3683 eos
811 3632 1070 3698 magister
1133 3630 1364 3682 militum
1416 3627 1640 3696 Illyrici,
1703 3626 1943 3680 lloceum

396 3715 648 3780 llunnus,
682 3732 840 3784 quem
884 3718 1120 3785 suscepit
1154 3719 1446 3784 imperator
1482 3731 1544 3768 ex
1571 3729 1735 3768 sacro
1767 3715 1943 3782 bapti-

339 3829 348 3837 π
396 3816 589 3870 amate,
626 3815 679 3859 et
728 3806 784 3858 in
838 3806 1071 3858 medium
1112 3805 1298 3859 missis
1338 3804 1658 3872 Bulgaribus
1691 3806 1945 3858 concide-

394 3905 524 3950 runt
577 3894 955 3949 multitudines
989 3896 1259 3967 copiosas,
1286 3905 1340 3948 ct
1371 3905 1695 3965 receperunt
1731 3910 1945 3950 onmem

395 3984 652 4054 praedam,
682 3995 736 4041 et
782 3987 1028 4042 vicerunt
1062 3997 1327 4059 potenter,
1370 3987 1572 4044 occisis
1606 3989 1821 4043 duobus
1851 4003 1944 4044 eo-

393 4090 514 4130 rum
548 4077 788 4148 regibus.

467 4167 670 4225 Eodem
695 4185 840 4228 anno
870 4171 1017 4242 cepit
1055 4171 1326 4230 Cltosroes
1376 4187 1468 4227 rex
1513 4172 1797 4227 Persarum
1831 4188 1944 4227 ma-

397 4275 560 4333 gnast
591 4262 941 4318 Antiochiam
985 4262 1180 4336 Syriae.
1424 4317 1426 4319 ,

464 4355 623 4410 Anno
651 4355 868 4412 decimo
882 4356 1264 4426 tertloimperii
1286 4353 1580 4411 Iustiniani
1602 4356 1850 4423 sociatus,
1866 4363 1951 4412 est

2045 3200 2225 3254 gnam,
2277 3192 2332 3237 et
2384 3185 2623 3238 inierunt
2672 3186 2870 3240 bellum
2912 3188 2965 3240 in
2997 3188 3342 3241 alterutrum.
3375 3187 3594 3244 Etcum

1993 3318 2014 3338 ,
2048 3278 2336 3346 pugnaturi
2387 3285 2594 3342 essent,
2627 3277 2774 3331 Adad
2810 3275 3234 3335 Azumitensium
3280 3294 3372 3334 rex
3413 3292 3593 3335 votum

2049 3369 2216 3434 vovit,
2241 3368 2428 3423 dicens
2463 3369 2590 3437 quia
2631 3369 2676 3423 si
2706 3369 2885 3424 vicero
2914 3368 3360 3437 liomeritensem,
3399 3373 3600 3427 ciliciar

2049 3457 2416 3523 Christianus,
2465 3458 2589 3526 quia
2626 3474 2724 3526 pro
2773 3459 3106 3518 Christianis
3144 3479 3352 3535 pugno.
3395 3464 3596 3535 Deique

2048 3550 2361 3618 operatione
2399 3550 2531 3601 vicit
2573 3549 2970 3614 potentissime,
3002 3561 3056 3604 et
3086 3557 3296 3622 accepit
3326 3558 3596 3625 captivum

2049 3637 2228 3688 vivum
2257 3636 2572 3688 Damianum
2603 3651 2785 3702 regem
2817 3652 3006 3690 eorum
3035 3647 3088 3692 et
3121 3643 3398 3711 regionem
3418 3647 3588 3713 -ipso-

2049 3736 2167 3773 rum
2225 3728 2277 3774 ει
2329 3734 2490 3788 regna
2512 3761 2527 3785 ,
2570 3723 2884 3792 gratiasque
2915 3726 3158 3781 referens
3191 3727 3298 3782 Deo
3325 3731 3475 3786 Adad
3507 3752 3595 3790 rea

2051 3808 2481 3863 Azumitensiutn
2515 3808 2664 3864 misit
2705 3810 2770 3864 ad
2796 3809 3165 3868 Iustinianum
3191 3817 3598 3887 imperatorem,

2051 3909 2108 3953 ut
2137 3899 2413 3966 acciperet
2457 3897 2772 3970 episcopum
2805 3910 2860 3955 et
2911 3903 3164 3970 clericos,
3195 3915 3250 3960 et
3288 3907 3597 3975 doceretur,

2049 4000 2102 4044 et
2162 3989 2314 4045 ﬁeret
2347 3989 2712 4046 Christianus.
2772 3992 2839 4046 Et
2886 3995 3106 4061 gavisus
3146 4006 3230 4052 est
3278 4015 3451 4070 super
3500 4003 3598 4055 hoc

2050 4080 2388 4138 Justiiiianus
2434 4079 2750 4150 plurimum,
2796 4091 2850 4138 et
2902 4084 3069 4152 jussit
3121 4088 3204 4142 eis
3241 4089 3358 4143 dari
3392 4093 3601 4160 episco-

2052 4191 2178 4244 pum
2233 4189 2606 4246 quemcunque
2656 4174 2984 4239 voluissent,
3031 4183 3083 4229 et
3122 4177 3404 4247 elegerunt
3438 4183 3598 4237 iidem

2053 4270 2236 4340 legati,
2259 4283 2380 4322 cum
2406 4270 2620 4324 curiose
2650 4266 3015 4336 quaesiissent,
3045 4267 3467 4324 niansionarium
3485 4272 3604 4342 (32)

2055 4361 2111 4416 S.
2139 4361 2363 4416 Joannis
2396 4374 2604 4431 magna:
2639 4359 3005 4426 Alexandriae,
3040 4360 3214 4414 virum
3241 4362 3602 4419 venerabilem

398 4445 660 4505 Romanis
711 4447 949 4503 Mundus
988 4461 1054 4503 es
1107 4463 1307 4517 genere
1358 4446 1624 4517 Gipcdum
1659 4448 1959 4506 derivatos.
1994 4462 2039 4518 υ
2063 4467 2118 4512 ct
2151 4455 2436 4523 virginem,
2459 4451 2679 4507 nomine
2717 4451 3000 4518 Joannem,
3030 4454 3120 4523 qui
3151 4453 3428 4524 sexaginta
3462 4456 3602 4511 duo.

456 4542 619 4594 Auno
649 4538 862 4594 decimo
891 4545 1088 4607 quarto
1114 4537 1324 4606 imperii
1354 4535 1648 4593 Justiniani
1677 4538 1952 4594 Chosrors

397 4643 491 4685 rex
553 4629 842 4684 Persarum
904 4635 1162 4697 quartum
1201 4629 1257 4682 in
1311 4626 1717 4713 Romanorum!
1749 4637 1950 4686 terram

396 4719 525 4776 fecit
544 4720 885 4788 ingressum;
915 4733 1076 4787 quem
1103 4717 1402 4776 Belisarius
1437 4733 1630 4776 rursus
1657 4718 1726 4773 ab
1748 4716 1952 4791 llespe-

397 4813 498 4868 riis
535 4810 758 4866 veniens
783 4810 1050 4881 sapientia
1082 4826 1183 4866 sua
1213 4812 1542 4868 inefﬁcacem
1578 4810 1754 4867 redire
1777 4813 1955 4884 coegit

365 4890 371 4895 ’
399 4900 468 4955 ad
502 4899 740 4971 propria.

467 4989 670 5046 Eodem
718 5005 850 5047 vero
906 5006 1052 5046 anno
1090 4993 1380 5048 Timotheo
1408 4993 1665 5062 episcopo
1715 4992 1948 5046 Alexan-

397 5083 530 5138 dria:
566 5092 803 5141 mortuo.
835 5081 1074 5139 Severus
1109 5085 1329 5156 impius,
1360 5083 1734 5139 Antioclienus
1753 5085 1949 5154 przesul

396 5173 628 5237 adulter.
673 5184 728 5229 et
768 5175 1020 5230 Julianus
1076 5177 1506 5240 Alicarnasseus,
1565 5174 1950 5232 Alexandriam

400 5265 526 5338 fuga
556 5265 716 5336 lapsi,
747 5264 816 5320 de
849 5265 1193 5335 corruptibili
1232 5277 1288 5320 et
1339 5265 1741 5334 incorruptibili
1768 5267 1954 5324 conle-

399 5367 584 5414 re‘ntes
619 5357 882 5414 adversus
912 5357 1168 5424 invicem,
1211 5359 1342 5415 l’acti
1369 5367 1494 5414 sunt
1519 5365 1776 5428 tanquam
1808 5361 1950 5416 veri-

398 5451 528 5506 tatis
556 5452 825 5516 extranei,
877 5462 934 5507 et
965 5453 1103 5506 alter
1135 5452 1353 5522 quidem
1386 5449 1945 5515 Theodosium,,alter

2055 4563 2173 4604 rum
2208 4551 2324 4600 erat
2349 4557 2636 4596 annorum.
2673 4541 2793 4607 Quo
2819 4552 3076 4612 suscepto
3107 4544 3361 4599 abierunt
3396 4547 3448 4600 in
3473 4562 3602 4615 pro-

2054 4636 2229 4709 priam
2255 4632 2532 4702 regionem
2554 4629 2622 4684 ad
2643 4645 2824 4700 regem
2854 4645 3036 4695 suum,
3067 4643 3121 4688 et
3151 4635 3223 4688 ita
3253 4637 3606 4692 crediderunt

2053 4726 2294 4787 Christo,
2325 4733 2379 4778 et
2412 4723 2703 4778 illuminati
2737 4731 2885 4779 sunt.

2128 4813 2311 4869 Mundi
2363 4828 2508 4870 anno
2543 4812 2706 4877 6036.
2763 4814 2962 4868 divina:
3024 4816 3421 4870 incarnationis
3462 4831 3607 4873 anno

2057 4906 2179 4971 5'36,
2218 4905 2520 4974 imperante
2580 4905 2889 4961 Justiniano
2936 4920 3078 4959 anno
3108 4905 3321 4960 decimo
3375 4907 3606 4974 septimo

2053 4998 2232 5053 factus
2261 5003 2346 5052 est
2378 5005 2539 5053 terra
2569 5006 2752 5052 motus
2792 5009 3022 5067 magnus
3072 4996 3126 5049 in
3161 4995 3419 5053 universo
3447 5014 3607 5054 muno

2052 5089 2142 5144 do.
2172 5088 2482 5161 Eodemque
2527 5103 2669 5142 anno
2717 5089 2969 5157 apparuit
2999 5087 3215 5157 quidam
3271 5105 3337 5144 ex
3388 5092 3608 5161 regione

2054 5179 2313 5233 Italorum
2363 5193 2460 5249 per
2495 5179 2653 5232 villas
2686 5177 3025 5242 discurrens,
3062 5181 3286 5235 nomine
3344 5181 3606 5242 Andreas,

2052 5269 2259 5324 habens
2284 5285 2468 5326 secum
2507 5283 2693 5323 canem
2735 5268 2918 5323 rufum
2945 5277 2998 5324 et
3028 5285 3258 5338 cacum,
3289 5275 3381 5341 qui
3405 5273 3596 5341 jussus

2061 5360 2128 5414 ab
2152 5375 2218 5414 eo
2249 5359 2805 5436 faciebatuniracula.
2853 5361 2988 5417 Cum
3041 5365 3184 5418 enim
3219 5372 3386 5418 staret
3416 5364 3529 5432 ipse
3553 5362 3608 5416 in

2059 5450 2200 5515 foro,
2235 5458 2291 5505 et
2320 5451 2477 5506 turba
2507 5452 2560 5507 in
2583 5451 2813 5508 circuitu
2834 5453 3064 5518 adesset,
3096 5454 3234 5508 clam
3265 5454 3451 5508 eodem
3475 5468 3611 5508 cane

1936 5560 2167 5619 NOT/E.

466 5651 582 5774 (32;
611 5651 1055 5709 Hamionarium.
1077 5657 1165 5711 Sic
1185 5657 1348 5710 etiam
1383 5653 1788 5710 vertitNiczena:
1823 5673 1942 5726 syn.

466 5738 513 5774 ο.
583 5723 650 5774 03
688 5725 775 5774 ed.
814 5725 878 5774 ll-
915 5725 1047 5774 Vide
1100 5737 1151 5774 et
1196 5742 1317 5774 can.
1368 5731 1404 5774 '2
1458 5743 1580 5774 sm.
1617 5725 1942 5774 Chalcedon.

394 5721 430 5777 9.
458 5721 513 5793 p.
552 5721 650 5777 703
688 5725 775 5778 ed.
814 5725 878 5781 ll.
915 5725 1047 5781 Vide
1100 5737 1151 5780 ct
1196 5742 1317 5779 can.
1368 5731 1404 5778 '2
1458 5743 1580 5796 syn.
1617 5721 1948 5782 Chalcedon.

2053 5653 2322 5709 Zonaram
2356 5658 2420 5710 ad
2456 5659 2686 5712 concilia
2718 5675 2771 5726 p.
2801 5659 2897 5712 697
2935 5674 2985 5716 a.
3010 5656 3113 5710 098
3159 5672 3188 5710 a
3239 5666 3290 5712 et
3341 5657 3441 5713 720
3479 5659 3530 5712 b.
3557 5663 3611 5711 et

2060 5727 2256 5779 concil.
2293 5726 2488 5793 Cpolit.
2519 5731 2620 5782 sub
2649 5729 2796 5781 .‘llena
2835 5745 2884 5798 p.
2923 5729 3037 5780 757.
3076 5727 3236 5781 Heu.
