4440 6446
797 419 927 485 126:;

1859 396 2259 484 AN‘Asrasu
2334 418 2964 480 BlBLlO'l‘llEtJARlI

3918 422 4060 485 126i

791 535 1182 591 deferebantur
1224 533 1522 588 astantium
1574 531 1765 588 annuli
1809 534 1962 588 aurei
2017 542 2072 590 et
2123 531 2367 603 argentei
2403 540 2447 589 Α
2477 530 2734 585 triarchae
2788 530 3412 603 Constantinopolitani,
3475 545 3528 589 et
3582 535 3936 604 prrepositum
3973 551 4055 593 est

792 640 846 683 et
887 629 1073 691 ferrei,
1133 639 1185 682 et
1239 626 1587 697 ponebantur
1620 627 1675 680 in
1716 617 2053 696 pavimento,
2108 643 2247 696 quos
2280 627 2370 681 ille

791 720 1167 791 cooperiebat,
1209 726 1263 774 et
1308 718 1661 789 praecipiebat
1719 718 1865 781 cani,
1923 730 1977 773 et
2036 718 2283 780 tollebat,
2316 726 2371 773 et

791 814 959 869 dabat
1014 814 1309 881 unicuique
1358 826 1540 864 suum.
1607 807 1872 871 Similiter
1914 821 1966 864 et
2021 808 2366 863 diversorum

792 909 1181 976 imperatorum
1217 886 1541 976 nomismata
1570 904 1733 957 mixta
1764 903 2076 973 porrigebat
2132 919 2227 974 per
2273 918 2369 956 no-

792 1002 959 1054 mina.
1006 998 1109 1053 Sed
1154 1006 1351 1069 pt‘a'slo
1401 997 1557 1051 turba
1596 1008 1832 1059 asmnte.
1869 998 2113 1051 virorum
2156 997 2369 1052 scilicet

790 1100 845 1142 et
893 1089 1226 1149 mulicrutn,
1287 1088 1656 1156 interrogatus
1721 1088 2048 1142 ostendebat
2094 1088 2147 1143 in
2211 1095 2368 1144 utero

792 1183 1057 1237 habentes
1110 1191 1163 1236 et
1216 1180 1547 1235 furuit-aries
1586 1190 1641 1235 et
1675 1172 1957 1236 adulteros
2003 1192 2055 1236 et
2086 1196 2282 1235 avaros
2316 1193 2370 1237 ct

793 1276 1190 1346 magnanimos.
1255 1274 1595 1327 Ostendebat
1642 1266 1853 1328 omnes
1926 1290 2050 1327 cum
2110 1276 2365 1328 veritate.

794 1369 947 1423 [Inde
986 1368 1243 1423 dicebant
1274 1368 1402 1437 quia
1437 1368 1692 1437 spiritum
1727 1367 1891 1422 habet
1924 1366 2207 1438 Pytlronis.

862 1462 1016 1514 Anno
1041 1462 1254 1531 imperii
1291 1458 1587 1514 Justiniani
1625 1460 1839 1514 decimo
1880 1469 2073 1514 octavo
2105 1460 2366 1514 dilTusutn

788 1562 872 1605 est
906 1569 1055 1607 mare
1110 1568 1209 1620 per
1262 1551 1507 1609 Tl.raceu
1569 1551 1819 1604 ntiliariis
1872 1560 2138 1621 quatuor.
2193 1560 2368 1606 etco-

790 1646 1007 1713 operuit
1041 1660 1161 1699 eam
1197 1628 1344 1698 circa
1384 1654 1563 1713 partes
1604 1644 1831 1715 Odyssei
1873 1653 1925 1697 ct
1958 1643 2365 1715 Dionysopolis,

790 1748 843 1790 et
887 1737 1041 1790 multi
1077 1738 1250 1791 necati
1302 1748 1428 1789 sunt
1472 1739 1521 1788 in
1556 1738 1738 1805 aquis,
1772 1746 1824 1789 et
1857 1740 2053 1791 iterum
2098 1737 2189 1792 Dei
2226 1752 2363 1804 pra!-

789 1839 947 1898 t'cpto
984 1829 1292 1880 restitutum
1326 1836 1408 1879 est
1442 1826 1581 1879 idem
1636 1841 1783 1880 mare
1815 1827 1866 1879 in
1907 1827 2021 1880 loca
2065 1824 2207 1880 Stta.‘

860 1924 1017 1972 Anno
1064 1919 1276 1988 impetii
1337 1916 1632 1972 Justiniani
1688 1918 1904 1972 decin.o
1964 1933 2112 1973 nono
2167 1916 2366 1973 Petrus

724 2021 730 2028 '
790 2012 1346 2083 llio‘n-osolytuitanam
1388 2022 1443 2067 et
1482 2012 1723 2067 Dontnus
1773 2012 2183 2067 Antiochenam
2228 2013 2367 2082 regit

792 2106 1125 2171 lirclesiam;
1155 2114 1209 2160 et
1244 2105 1386 2158 facta
1421 2114 1504 2159 est
1550 2105 1732 2175 inopia
1769 2104 2034 2161 frumenti
2080 2115 2132 2159 et
2159 2105 2269 2158 vini
2304 2120 2367 2160 ac

790 2198 970 2267 pluvia
993 2197 1194 2275 inulta,
1224 2205 1276 2251 et
1310 2198 1490 2251 factus
1537 2206 1621 2252 est
1655 2205 1815 2253 terra:
1850 2206 2032 2253 motus
2057 2198 2368 2253 Constanti—

790 2293 995 2360 nopoti‘
1023 2306 1277 2360 magnus,
1315 2299 1369 2344 ct
1404 2291 1619 2344 eversio
1675 2289 1743 2345 de
1793 2298 1986 2345 sancto
2038 2289 2273 2352 Pascha,
2314 2298 2368 2344 et

788 2386 953 2453 ιωμὶι
986 2386 1179 2453 vulgus
1218 2401 1246 2436 a
1294 2383 1557 2438 carnibus
1592 2382 1875 2438 abstinere
1907 2398 2093 2437 mense
2120 2380 2367 2437 Februa-

792 2477 895 2541 rio,
943 2476 1031 2530 die
1078 2486 1276 2546 quarta
1316 2492 1329 2527 :
1364 2477 1661 2547 imperator
1718 2486 1897 2532 autem
1952 2477 2213 2548 praecepit
2262 2473 2367 2532 alia

793 2570 1131 2624 hebdomada
1168 2585 1389 2625 carnem
1441 2570 1684 2639 apponi,
1750 2577 1805 2624 et
1858 2584 2051 2624 omnes
2116 2571 2366 2625 carnium

789 2660 1105 2716 venditores
1146 2662 1488 2738 occiderunt,
1538 2670 1593 2713 et
1643 2671 2039 2730 apposuerunt,
2096 2668 2151 2716 et
2206 2674 2368 2716 nemo

765 2751 1005 2823 _cmebat
1054 2761 1148 2823 aut
1198 2750 1416 2807 edebat.
1454 2748 1625 2804 Porro
1678 2748 1891 2805 Pascha
1946 2750 2153 2805 factum
2198 2759 2284 2804 est
2313 2760 2371 2805 ιιι

789 2828 1298 2914 imperatorjussit,
1345 2852 1399 2903 et.
1431 2830 1691 2899 inventus
1720 2851 1807 2897 est
1841 2844 2077 2913 populus
2108 2842 2367 2913 jejunans

791 2915 1132 2989 hebdomada
1164 2934 1464 3003 superflua.

860 3029 1017 3082 Anno
1055 3026 1268 3096 imperii
1300 3024 1592 3080 Jusnniani
1629 3026 1892 3081 vicesimo
1941 3036 2100 3095 capta
2140 3036 2225 3082 est
2260 3026 2368 3083 ιιο-

793 3135 879 3173 nta
929 3134 958 3171 a
989 3118 1207 3181 Gothis,
1243 3126 1295 3171 et
1344 3116 1489 3186 Papa
1529 3116 1760 3187 Vigilius
1792 3120 1941 3173 venit
1972 3117 2365 3174 Constantino-

2475 639 2674 679 nomen
2734 622 2913 704 Vigilii
2974 626 3293 695 praecellens
3369 626 3426 681 in
3481 626 3775 699 diptychis.
3848 630 4054 685 Interea

2474 730 2666 770 mense
2715 714 2910 771 Martio
2960 718 3168 772 exsiliit
3203 718 3426 790 elephas
3461 734 3491 774 e
3525 720 3747 775 stabulo
3780 732 3966 787 noctu,
4002 732 4057 777 et

2474 809 2681 863 occidit
2714 812 2942 875 multos,
2979 813 3115 867 alios
3146 828 3278 867 vero
3324 814 3653 869 debilitavit.
3688 814 3860 871 Porro
3892 814 4058 872 Junio

2478 916 2664 953 mense
2698 900 2839 955 facta
2873 910 3003 955 sunt
3034 904 3275 957 encaenia
3314 914 3632 958 sanctormu
3668 907 4055 973 Apostolorum

2475 992 2616 1061 apud
2654 992 3217 1063 Constantinopolim,
3245 1008 3299 1050 et
3352 997 3637 1051 recondita
3678 1007 3805 1051 sunt
3841 998 4053 1067 lipsana

2474 1084 2707 1139 Andreae
2736 1084 2897 1140 Luca:
2923 1102 2985 1139 ac
3021 1086 3291 1140 Timethei
3322 1088 3721 1156 apostolorum,
3760 1099 3810 1141 et
3835 1098 4058 1140 transnt

2475 1178 2663 1232 Menas
2693 1178 2986 1249 episcopus
3015 1194 3142 1233 cum
3210 1182 3423 1235 sanctis
3480 1180 3731 1251 lipsanis,
3776 1181 3969 1234 sedens
4000 1183 4053 1233 in

2474 1284 2739 1324 carrucca
2778 1286 2945 1325 aurea
2997 1272 3375 1338 imperatoria,
3429 1271 3708 1342 lapidibus
3759 1273 4053 1341 insignita,

2476 1370 2666 1413 tenens
2700 1368 2813 1415 tres
2840 1362 3029 1414 thecas
3054 1370 3371 1441 sanctorum
3410 1363 3783 1430 apostolorum
3816 1362 3870 1416 in
3905 1364 4059 1432 geni-

2474 1451 2576 1505 bus
2605 1452 2744 1517 suis,
2773 1462 2826 1507 et
2864 1454 2935 1506 ita
2963 1456 3207 1507 enca'nia
3241 1452 3555 1507 celebravit.

2544 1547 2704 1601 Anno
2746 1547 2960 1617 imperii
2989 1546 3286 1602 Iustiniani
3324 1549 3587 1603 vicesimo
3613 1559 3832 1619 quarto,
3868 1565 4059 1605 mense

2473 1638 2685 1707 Aprili,
2741 1640 2943 1693 missus
2998 1650 3082 1695 est
3139 1639 3339 1696 Narscs
3385 1642 3762 1711 cubicularius
3822 1640 4056 1696 Romam

2474 1740 2825 1799 pugnaturus
2872 1731 3139 1788 adversus
3194 1734 3405 1788 Gothos
3434 1775 3447 1797 ,
3492 1736 3585 1803 qui
3629 1748 3888 1805 ceperant
3943 1736 4059 1789 Rn-

2476 1836 2642 1884 mam,
2699 1822 2958 1889 quoniam
3007 1833 3293 1893 postquam
3348 1841 3466 1878 eam
3525 1825 3824 1879 Belisatius
3872 1828 4056 1897 cepit,

2472 1910 2673 1965 iterum
2705 1912 3125 1967 insurrexerunt
3152 1923 3207 1969 et
3241 1926 3561 1982 receperunt
3590 1916 3734 1969 illam
3764 1915 3945 1969 Gothi.
4046 1983 4057 1990 .

2544 2004 2703 2058 Anno
2770 2004 2985 2075 imperii
3018 2004 3315 2061 Iustiniani
3367 2010 3629 2063 vicesimo
3684 2011 3874 2077 quinto
3912 2008 4056 2062 facta

2470 2106 2599 2151 sunt
2642 2099 2883 2153 encmttia
2936 2097 2993 2153 S.
3054 2100 3267 2155 Eit'etzac
3313 2111 3466 2156 trans
3521 2103 4056 2172 Co:.statttitmpolint

2471 2191 2525 2245 in
2561 2189 2739 2261 Sycis,
2774 2198 2827 2244 et
2864 2191 3118 2245 exierunt
3151 2203 3340 2247 sancta
3377 2194 3588 2263 lipsana
3638 2209 3701 2246 ex
3740 2193 3928 2263 Magna
3962 2210 4058 2248 ee-

2470 2284 2657 2346 clesia,
2684 2297 2792 2337 una
2829 2299 2950 2339 cum
2990 2283 3209 2339 d-uobus
3256 2286 3610 2355 patriarchis,
3648 2285 3798 2339 Mena
3844 2286 4059 2340 scilict-t

2470 2377 3081 2446 Constantinopolitano
3110 2388 3162 2432 et
3196 2378 3537 2448 Apollinario
3575 2369 3963 2438 Alexandrino,
4004 2386 4059 2429 et

2472 2471 2735 2525 sederunt
2768 2472 2927 2526 ambo
2962 2464 3028 2525 in
3054 2471 3410 2541 imperatorio
3482 2485 3648 2523 curru
3677 2510 3691 2533 ,
3756 2470 4058 2531 retinentes

2473 2564 2523 2616 in
2569 2565 2800 2632 getibus
2831 2565 2945 2620 suis
2977 2572 3169 2619 sancta
3224 2564 3461 2640 lipsana,
3492 2573 3547 2617 et
3582 2572 3851 2617 venerunt
3880 2579 4058 2630 usque

2472 2654 2541 2705 ad
2572 2653 2801 2718 fretum,
2835 2663 2889 2708 et
2924 2655 3417 2709 transfretantibus
3447 2653 3667 2708 obviam
3698 2656 3779 2709 eis
3814 2656 4058 2708 occurrit

2475 2749 2795 2817 imperator,
2846 2757 2901 2802 et
2931 2756 3272 2817 aperuerunt
3302 2748 3551 2802 eamdem
3582 2747 3875 2803 ecclesiam
3929 2762 4057 2801 san-

2474 2850 2576 2894 cta:
2612 2842 2870 2912 martyris
2911 2840 3143 2896 Eirenze.
3190 2841 3393 2897 Eodem
3431 2857 3576 2896 anno
3606 2843 3838 2895 moritor
3865 2839 4058 2897 Menas

2472 2934 2768 3003 cpiscopus
2812 2935 3491 3003 Constantinopolitanus.
3525 2944 3578 2989 ct
3622 2933 3801 2988 factus
3832 2943 3916 2988 est
3960 2948 4059 3003 pro

2475 3026 2595 3095 ipso
2630 3019 2927 3095 Eutychius
2955 3026 3348 3096 apocrisiarius
3394 3024 3628 3077 Amasim
3661 3039 3722 3077 ac
3756 3024 4059 3076 monachus

2476 3118 2796 3171 monasterii
2827 3120 2971 3187 quod
3003 3125 3089 3171 est
3116 3132 3283 3186 penes
3310 3117 3611 3180 Amasiam,
3648 3130 3712 3168 ac
3748 3115 4056 3184 presbyter.

789 3211 979 3281 polim,
1006 3219 1060 3264 et
1117 3217 1407 3277 susceptus
1473 3207 1539 3261 ab
1574 3206 1905 3277 imperatore
1969 3224 2094 3263 cum
2158 3211 2365 3280 ingenti
2394 3229 2440 3289 α
2479 3208 2677 3263 Eadem
2718 3225 2849 3263 sane
2888 3208 3056 3263 Mente
3080 3208 3290 3283 funeris
3337 3208 3445 3271 die,
3481 3221 3604 3260 cum
3651 3205 4060 3275 adhucjacertt

791 3306 999 3358 honore
1055 3301 1469 3371 repromittebat
1520 3300 1700 3354 facere
1763 3302 2024 3356 unitatem
2079 3304 2368 3358 catholicae

794 3396 1079 3464 Ecclesich
1108 3402 1161 3449 et
1209 3392 1672 3447 anathematizare
1727 3395 1828 3448 tria
1872 3396 2134 3466 capitula,
2164 3398 2368 3467 quique

790 3486 1414 3543 excommunicationem
1450 3492 1691 3555 Quatuor
1722 3487 1993 3542 mensium
2027 3487 2178 3543 dedit
2200 3490 2369 3545 Mente

789 3576 1405 3646 Constantinopolitano
1452 3576 1714 3647 episcopo
1759 3576 1814 3630 in
1858 3578 2367 3646 epitimium..lndi-

788 3681 986 3742 gnatus
1040 3679 1222 3723 autem
1275 3668 1575 3738 imperatOr
1610 3677 1805 3723 contra
1842 3667 2096 3738 Vigilium
2147 3682 2370 3741 propter

788 3760 1119 3833 e'pi'timium,
1153 3771 1207 3816 et
1238 3762 1367 3831 quia
1409 3759 1699 3815 differebat
1752 3762 2031 3832 complere
2062 3776 2183 3832 qua:
2220 3763 2370 3818 vide-

790 3856 993 3909 bantur
1025 3869 1190 3924 super
1224 3855 1433 3908 unitate
1473 3852 1841 3919 Ecclesiarum
1864 3893 1880 3918 ,
1922 3855 2070 3909 misit
2126 3864 2183 3910 ιιι
2214 3870 2368 3912 com-

792 3948 1250 4019 prehenderetur.
1285 3945 1387 4012 Qui
1423 3955 1672 4001 metuens
1702 3947 1967 4017 impetum
2013 3949 2370 4019 imperatoris

792 4042 859 4095 ad
916 4026 1088 4094 altare
1124 4038 1305 4109 Sergii
1361 4039 1622 4109 martyris
1680 4041 2003 4095 monasterii
2059 4041 2370 4097 Hormisdaa

791 4132 1058 4203 confugit.
1102 4130 1169 4185 Et
1214 4130 1338 4186 inde
1369 4140 1582 4187 tractus
1615 4132 1790 4185 tenuit
1818 4134 2108 4188 columnas
2141 4146 2369 4205 portan-

793 4234 875 4278 tes
901 4224 1093 4285 altare,
1123 4235 1175 4276 et
1207 4223 1308 4276 has
1347 4223 1565 4289 evertit,
1603 4238 1727 4277 cum
1760 4234 1908 4279 esset
1936 4227 2119 4295 gravis
2166 4238 2219 4280 et
2247 4243 2365 4280 cor-

790 4330 924 4384 pore
953 4298 1200 4385 ﬁrantlis.
1233 4314 1535 4383 Imperator
1582 4321 1763 4367 autem
1818 4315 2136 4384 pcenitentia
2168 4317 2368 4372 ductus

792 4406 1035 4477 suscepit
1062 4420 1258 4476 papam
1310 4404 1595 4475 Vigilium,
1657 4415 1711 4460 et
1764 4415 1992 4479 rogatus
2050 4406 2283 4478 Vigilius
2337 4426 2367 4473 a

792 4498 1082 4553 Theodora
1138 4497 1385 4567 Augusta
1436 4500 1681 4568 suscepit
1732 4497 1942 4553 Menam
1993 4501 2365 4570 patriarcham

2428 3327 2447 3343 ο
2482 3304 2533 3356 in
2583 3303 3010 3364 sacello,mcnse
3032 3304 3278 3372 Augusto
3304 3308 3505 3369 tropaea
3531 3306 3798 3353 venerunt
3825 3313 3853 3353 e
3885 3296 4059 3353 Roma

2477 3394 2665 3449 Narsis
2722 3395 3043 3448 cubicularii
3084 3404 3137 3447 ιι
3184 3392 3404 3448 cxarchi
3459 3391 3855 3461 Romanorum.
3919 3390 4060 3444 Inito

2481 3466 2682 3556 quippe
2702 3484 2844 3539 bello
2864 3500 2984 3539 cum
3012 3481 3190 3538 Tctila
3213 3483 3654 3554 rege'Gotltorum
3679 3482 4062 3553 potentissime

2475 3580 2778 3649 superavit,
2822 3587 2877 3633 et
2918 3581 3061 3649 repit
3093 3578 3343 3640 Romam,
3386 3585 3438 3633 et
3480 3576 3675 3633 occidit
3714 3576 3969 3635 Totilam,
4002 3585 4059 3627 et

2474 3673 2796 3726 vestimenta
2837 3673 2957 3740 ejus
2997 3679 3279 3740 cruentata
3315 3684 3437 3723 cum
3481 3668 3809 3722 cantilaueio
3859 3665 4055 3734 lapidi-

2474 3763 2577 3817 bus
2622 3738 2877 3833 pretiosis
2934 3771 3132 3814 ornato
3176 3738 3335 3814 inisit
3390 3757 3947 3827 Constantinopobm,
4006 3766 4060 3809 et

2472 3855 2676 3925 jactata
2707 3863 2835 3909 sunt
2868 3853 2932 3907 ad
2972 3854 3137 3923 pedes
3180 3838 3527 3921 imperatoris
3556 3865 3737 3905 coram
3769 3861 3982 3905 senatu.

2546 3949 2708 4000 Anno
2738 3946 2951 4017 imperii
2978 3945 3275 3999 Justiniani
3308 3944 3570 3998 vicesimo
3608 3951 3764 3997 sexto
3803 3941 3943 3995 facta
3974 3950 4059 3995 est

2476 4048 2669 4095 sancta
2736 4050 2789 4093 et
2840 4037 3169 4092 universalis
3192 4037 3383 4107 quinta
3420 4035 3663 4107 synodus
3710 4044 3900 4089 contra
3934 4030 4057 4097 Ori—

2476 4149 2666 4203 genem
2701 4146 2964 4185 vesanum
3008 4141 3063 4185 et
3100 4130 3386 4200 Didymum
3429 4143 3633 4183 ciccum
3683 4137 3736 4181 ct
3768 4126 4057 4196 Evagrium

2475 4236 2639 4293 atque
2672 4224 2890 4295 gentilis
2920 4237 3120 4277 sensus
3145 4236 3337 4275 eorum
3364 4220 3813 4279 deliramentu’m,
3842 4227 3895 4271 et
3934 4234 4059 4270 ι·ιιι-

2476 4333 2571 4371 sus
2597 4324 2787 4369 contra
2818 4311 3319 4383 capitula.V’igilius
3349 4321 3529 4365 autem
3556 4308 3835 4365 Romanus
3860 4324 4062 4364 conve-

2474 4409 2757 4464 trientibus
2775 4422 2883 4461 non
2905 4399 3461 4461 conseditLDimissns
3486 4413 3665 4457 autent
3689 4405 3875 4458 multis
3898 4406 4059 4458 motis

2475 4504 2544 4557 ab
2562 4502 2917 4573 imperatore,
2956 4503 3008 4553 in
3040 4499 3257 4569 Illyrico
3292 4499 3525 4551 moritur
3560 4498 3774 4551 rediens
3803 4493 4055 4550 Romam.

790 4587 1463 4658 Constantinopolitanum
1506 4586 1766 4641 vicesima
1820 4602 1963 4643 nona
1995 4568 2111 4645 idie
2161 4591 2366 4647 mensis
2399 4568 2448 4626 θ
2548 4568 2828 4648 κ’ἰο’θδὶηιο
2870 4568 3671 4663 septimoimperiiJustiniani
3700 4604 3843 4642 anno
3882 4588 4059 4642 factus

789 4682 962 4743 Junii,
993 4679 1295 4735 festivitate
1328 4680 1736 4761 Apostolorum.

860 4778 1019 4830 Anno
1074 4775 1337 4829 vicesimo
1400 4776 1579 4844 primo
1645 4775 1862 4845 imperii
1902 4777 2021 4847 ejus
2068 4776 2192 4832 facti
2238 4788 2367 4834 sunt

696 4878 702 4883 ‘
792 4881 954 4922 terra:
981 4874 1159 4920 motus
1186 4866 1364 4934 magni
1393 4878 1444 4921 et
1473 4866 1691 4935 pluviae,
1722 4877 2045 4938 mortuaque
2078 4876 2162 4924 est
2187 4868 2367 4924 Theo-

793 4961 927 5014 dora
956 4958 1222 5025 Augusta.
1250 4953 1517 5009 Similiter
1542 4954 1871 5025 et'sequenti
1898 4972 2045 5012 anno
2064 4957 2210 5011 facta
2238 4969 2366 5020 sunt

796 5052 1013 5122 fulgura
1045 5059 1100 5104 et
1133 5050 1397 5114 tonitrua,
1436 5050 1509 5102 ita
1544 5047 1601 5103 ul.
1628 5050 1968 5104 dormientes
2000 5066 2065 5106 ex
2087 5054 2363 5127 _ton-itru_is
2396 5072 2409 5085 κ

796 5146 1148 5206 laederentur,
1175 5153 1337 5211 atque
1365 5142 1619 5196 incendia
1651 5158 1820 5212 penes
1856 5141 2199 5213 Byzantiitnt.

866 5237 1051 5295 Mundi
1104 5252 1249 5290 anna
1329 5236 1491 5299 tio/i6,
1525 5237 1726 5290 divinie
1786 5237 2193 5293 incarnationis
2228 5254 2371 5293 anno

750 5373 754 5376 ι
794 5334 932 5398 5-36,-
980 5332 1196 5401 impcrii
1228 5329 1527 5384 Justiniani
1574 5344 1720 5382 anno
1759 5330 2017 5397 vicesimo
2065 5332 2231 5385 tertio
2287 5332 2375 5384 le-

795 5438 953 5496 gatus
980 5423 1240 5479 Indorum
1274 5424 1424 5478 venit
1452 5422 1987 5494 ConstantinOpolim
2020 5425 2231 5481 ducens
2262 5430 2373 5481 ele-

798 5517 1077 5586 phantem,
1114 5525 1167 5570 et
1206 5515 1486 5584 ingressus
1526 5526 1617 5578 est
1655 5514 2131 5586 llippodromium.
2167 5517 2373 5572 Janua-

798 5609 882 5666 rio
918 5624 1073 5663 νει-οι
1101 5586 1289 5663 ιιῖεηεε
1338 5608 1689 5677 suppositum
1722 5617 1807 5662 est
1841 5625 2036 5665 nomen
2072 5610 2239 5667 Mente
2275 5630 2373 5683 pa-

2455 4694 2561 4743 ‘est
2590 4696 2748 4741 terra:
2800 4693 2985 4739 motus
3027 4683 3294 4738 terribilis
3325 4682 3811 4752 Constantinopoli
3844 4690 3897 4736 et
3945 4683 4058 4735 cir-

2476 4795 2823 4852 cumquaque
2855 4779 3107 4845 urbibus,
3139 4780 3231 4848 qui
3274 4778 3450 4832 tenuit
3479 4778 3672 4832 diebus
3719 4776 3808 4841 40,
3840 4785 3890 4830 et
3928 4792 4059 4846 pan-

2479 4876 2630 4931 latim
2686 4875 2936 4929 homines
2982 4866 3302 4942 eampuncti
3358 4881 3502 4927 sunt.
3542 4870 3800 4923 letaniam
3836 4883 4060 4941 actntes

2477 4977 2533 5023 et
2594 4967 3007 5037 frequentantes
3070 4977 3235 5035 atque
3285 4965 3338 5018 in
3396 4965 3641 5020 ecclesiis
3707 4978 4062 5020 Commanen-

2481 5070 2563 5116 tes
2612 5061 2747 5132 (55).
2802 5061 3053 5129 Cumque
3118 5059 3289 5112 nmlta
3353 5057 3447 5111 Dei
3504 5057 3881 5113 misericordia
3918 5057 4059 5110 facta

2455 5155 2696 5219 _fuisset,
2742 5154 2994 5207 homines
3026 5151 3103 5218 ad~
3128 5151 3316 5221 pejora
3350 5150 3543 5218 dilapsi
3580 5160 3726 5204 sunt.
3764 5148 3848 5202 Fit
3876 5161 4052 5201 autem

2486 5246 2749 5301 memoria
2781 5254 2942 5301 terrae
2970 5254 3155 5299 motus
3191 5244 3358 5312 hujus
3394 5258 3487 5312 per
3514 5241 3762 5312 singulos
3793 5255 3965 5294 annos
4006 5243 4056 5292 in
4089 5250 4098 5257 '

2481 5339 2712 5409 Campo,
2748 5339 3008 5394 letaniam
3053 5338 3251 5408 populo
3300 5336 3557 5391 faciente.

2552 5432 2742 5488 Mundi
2790 5448 2935 5487 anno
2980 5432 3155 5498 6047,
3213 5431 3411 5485 divina:
3464 5430 3865 5486 incarnationis
3915 5444 4059 5482 anno

2480 5524 2607 5591 517,
2646 5523 2910 5578 vicesimo
2935 5532 3127 5577 octavo
3158 5520 3373 5590 imperii
3402 5518 3699 5575 Justiniani
3726 5536 3871 5574 anno
3911 5518 4054 5572 facta

2478 5626 2605 5673 sunt
2640 5618 2883 5671 tonitrua
2920 5626 2974 5671 et
3012 5614 3230 5686 fulgura
3274 5614 3573 5680 horrenda,
3605 5624 3657 5668 ct
3689 5626 3881 5668 ventus
3907 5610 4054 5664 Afri-

2310 5733 2542 5791 NOTzE.

878 5818 987 5889 (55)
1016 5819 1439 5900 Commorientes.
1469 5819 1719 5878 Ruﬂinus
1742 5821 1801 5879 in
1830 5821 2155 5882 Prtefatione
2181 5826 2302 5881 libri
2328 5845 2365 5884 ιι
2408 5829 2486 5885 De
2518 5832 2634 5886 t'itt'a
2668 5830 2889 5886 Patrum
2918 5846 2936 5885 :
2974 5850 2991 5882 ι
3036 5830 3395 5887 Commanent
3426 5838 3605 5885 autem
3658 5844 3755 5900 per
3810 5843 4055 5885 eremum

796 5891 1053 5962 dispersi.
1094 5910 1111 5943 ι
1156 5890 1319 5944 Ρηιι.
