4440 6446
398 426 534 490 1265

1220 424 1589 489 HISTORIA
1615 425 2189 488 ECCLESIASTICA
2226 427 2329 487 EX
2367 427 2846 487 THEOPHANE.

3518 418 3655 486 1266

394 562 496 601 eus
537 541 821 605 terribilis,
855 540 928 596 ita
963 549 1022 596 ut
1045 540 1265 598 caderet
1297 558 1457 611 crux,
1497 558 1619 614 quae
1666 543 1849 598 stabat
1891 543 1974 598 in-
1998 545 2048 604 Α
2075 550 2160 597 tor
2193 540 2463 596 aedificare
2488 548 2709 611 pontem
2752 539 2997 610 Agoreos
3038 534 3306 599 fluminis,
3334 544 3381 590 et
3419 548 3653 589 conver--

397 647 481 693 tra
513 646 724 708 portam
754 634 943 691 Rhesii

472 727 753 784 Vieesiuto
805 741 951 781 nono
986 726 1200 795 imperii
1234 726 1534 784 Iustiniani
1568 745 1711 785 anno
1743 730 1970 785 seditio-

403 838 525 878 nem
568 821 982 876 concitaverunt
1024 818 1199 874 Iudrei
1257 829 1308 875 ct
1373 820 1662 878 Samaritae
1714 823 1976 878 Caesarea:

401 912 722 975 Palaestinae,
756 920 812 966 et
846 911 976 966 facti
1013 913 1172 981 quasi
1224 913 1278 967 in
1344 914 1539 969 ordine
1578 915 1978 970 Prasinovene-

401 1015 580 1059 torum
626 1004 907 1057 irruernnt
937 1004 992 1056 in
1034 1003 1380 1059 Christianos
1426 1005 1674 1075 ejusdem
1716 1007 1975 1069 civitatis,

400 1107 454 1153 et
504 1097 708 1151 multos
764 1095 1185 1162 interfecerunt,
1228 1106 1281 1152 et
1336 1100 1604 1155 ecclesias
1656 1101 1979 1156 combusse-

403 1199 553 1253 runt,
606 1189 1055 1259 Stephanumque
1105 1190 1420 1259 praefectum
1477 1193 1651 1262 ipsius
1712 1195 1864 1247 urbis
1917 1194 1969 1248 in

403 1281 659 1349 przetorio
690 1287 1062 1348 peremerunt,
1094 1289 1150 1334 et
1203 1282 1571 1336 substantiam
1629 1283 1751 1352 ejus
1806 1283 1980 1337 surri-

405 1383 659 1443 puerunt.
721 1372 871 1427 Uxor
925 1388 1054 1429 vero
1104 1374 1253 1427 illius
1313 1376 1616 1430 ascendens
1665 1376 1731 1430 ad
1793 1378 1979 1429 urbem

404 1467 540 1519 adiit
572 1466 978 1534 imperatorem,
1022 1465 1112 1535 qui
1165 1466 1331 1532 jussit
1360 1467 1682 1523 Adamanlio
1722 1469 1984 1539 magistro

403 1560 636 1613 militum
685 1557 1018 1611 descendere
1080 1559 1133 1611 in
1170 1557 1515 1613 Palaestinam
1558 1568 1610 1614 et
1650 1561 1981 1615 occisionem

402 1651 691 1719 exquirere
719 1648 1005 1718 Stephani.
1036 1649 1138 1715 Qui
1174 1652 1397 1705 veniens
1434 1667 1624 1706 eorum
1656 1667 1799 1721 quos
1833 1666 1986 1720 repe-

407 1745 474 1796 rit
508 1744 643 1796 alios
674 1742 984 1811 suslwndit,
1019 1743 1156 1797 alios
1186 1743 1500 1807 deeollavit,
1533 1744 1672 1797 alios
1719 1759 1845 1797 vero
1892 1744 1986 1798 de-

406 1837 480 1890 bil
509 1838 643 1889 tavit
682 1847 735 1890 et
789 1836 1108 1904 publicavit.
1146 1837 1210 1888 Et
1260 1837 1436 1891 factus
1482 1846 1566 1892 est
1598 1838 1762 1892 timor
1798 1838 1988 1907 ingens

406 1930 459 1984 in
486 1930 745 1983 omnibus
771 1927 1146 1984 Orientalibus
1181 1930 1451 1998 partibus.

477 2020 784 2076 Tricesimo
816 2020 1031 2092 imperii
1060 2018 1359 2076 Iustiniani
1396 2037 1540 2077 anno
1592 2022 1842 2093 Pelagius
1878 2020 1990 2077 Ro-

413 2130 704 2169 manorum
761 2115 901 2185 gerit
946 2115 1349 2185 episcopatum.
1394 2114 1513 2181 Quo
1565 2130 1708 2169 anno
1742 2124 1992 2169 mortuus

407 2222 491 2264 est
532 2208 856 2264 Timotheus
890 2208 1163 2263 exarchus
1218 2208 1682 2263 monasteriorum
1722 2217 1775 2263 et
1821 2210 1992 2278 begu-

411 2319 607 2357 menus
656 2301 975 2358 monasterii
1034 2299 1305 2366 Dalmati,
1349 2309 1404 2356 et
1462 2299 1638 2355 factus
1688 2310 1772 2356 est
1803 2317 1992 2371 proco

414 2396 728 2455 Anthimus,
768 2393 1049 2448 inclausus
1089 2392 1334 2462 ejusdem
1364 2393 1706 2447 monasterii.
1737 2392 1801 2447 Et
1824 2407 1994 2462 appa-

411 2485 523 2538 ruit
552 2484 692 2553 ignis
722 2484 776 2536 in
815 2481 978 2543 caelo,
1013 2481 1167 2550 quasi
1206 2480 1421 2550 species
1448 2481 1671 2547 lanceae,
1711 2496 1740 2535 a
1777 2491 1996 2553 septen-

413 2578 594 2631 trione
624 2591 799 2646 usque
842 2576 908 2630 ad
939 2573 1304 2629 occidentem.

488 2669 671 2723 Mundi
722 2684 866 2722 anno
917 2667 1083 2730 6050,
1142 2667 1342 2721 divinze
1395 2668 1791 2723 incarnationis
1851 2684 1996 2725 anno

415 2759 543 2824 5210,
581 2758 868 2814 tricesimo
923 2759 1100 2828 primo
1146 2758 1357 2827 imperii
1392 2756 1692 2811 Iustiniani
1718 2774 1885 2822 anno,
1919 2759 1998 2811 fa-

413 2864 541 2908 ctus
592 2862 752 2906 terra:
808 2862 987 2905 motus
1020 2850 1304 2904 horribilis
1344 2850 1524 2911 valde,
1556 2850 1773 2918 qualem
1812 2852 1993 2907 nullus

415 2943 696 2996 hominum
715 2942 1120 2997 memorabatin
1140 2942 1493 3013 generatione
1510 2943 1598 2995 illa
1616 2957 1778 3011 super
1797 2951 1996 2997 terram

414 3034 669 3090 effectum
695 3052 709 3088 :
739 3034 1155 3089 concutiebatnr
1183 3033 1329 3087 enim
1353 3040 1496 3087 terra
1513 3044 1669 3087 nocte
1684 3048 1747 3087 ac
1772 3035 1859 3087 die
1877 3042 1999 3103 post.

416 3129 603 3182 decem
658 3125 1068 3181 misericordias
1104 3125 1219 3180 Dei.
1276 3125 1345 3179 At
1375 3139 1507 3179 vero
1549 3126 1842 3195 imperator
1886 3140 1995 3180 non

2077 646 2195 690 lens
2218 634 2469 689 eumdem
2503 648 2711 687 amnem
2740 632 2795 686 in
2830 631 2998 685 alium
3032 629 3247 683 alveum
3286 626 3457 682 volvit
3488 640 3651 681 arcus

2080 727 2360 783 mirabiles
2397 728 2674 796 quinque,
2720 733 2772 780 et
2826 723 2955 778 fecit
3002 737 3124 778 eum
3176 720 3488 785 meabilem,
3526 732 3651 773 cum

2080 832 2234 875 antea
2268 821 2477 890 ligneus
2516 818 2698 873 fuerit.

2154 913 2460 969 Tricesimo
2495 922 2693 982 quarto
2730 910 2942 980 imperii
2974 906 3273 964 Iustiniani
3322 920 3467 960 anno
3500 901 3657 958 diﬂ‘a-

2084 1015 2290 1062 matum
2322 1007 2435 1075 (35)
2469 1015 2555 1060 est
2591 1003 2734 1074 apud
2769 1000 3307 1070 Constantinopolim
3341 996 3485 1067 quod
3511 1010 3663 1049 mor-

2083 1110 2213 1156 tuus
2250 1108 2398 1155 esset
2434 1099 2731 1168 imperator
2764 1111 2777 1147 :
2812 1102 3037 1150 venerat
3070 1092 3217 1146 enim
3270 1107 3297 1145 a
3346 1090 3578 1151 Thrace,
3608 1095 3661 1141 et

2086 1194 2354 1248 neminem
2392 1190 2632 1245 videbat.
2671 1190 2817 1259 Ergo
2862 1187 3050 1257 plebes
3082 1200 3317 1256 rapuere
3355 1196 3529 1253 partes
3562 1196 3660 1236 su-

2086 1290 2201 1343 bito
2231 1305 2296 1344 ex
2342 1288 2480 1342 locis
2512 1287 2565 1340 in
2593 1286 2795 1356 quibus
2832 1282 3035 1338 ﬁebant
3069 1292 3123 1336 et
3156 1280 3567 1345 vendebantur;
3609 1286 3663 1333 et

2085 1384 2231 1437 eirea
2263 1382 2455 1436 horam
2489 1378 2705 1432 tertiam
2741 1393 2846 1433 non
2880 1374 3258 1430 inveniebatur
3285 1371 3440 1442 panis
3465 1373 3514 1425 in
3554 1378 3665 1426 tota

2088 1476 2241 1530 urbe.
2273 1474 2474 1529 Clausa
2510 1486 2730 1542 quoque
2780 1451 2910 1523 sunt
2952 1468 3276 1539 ergasteria,
3314 1472 3367 1520 et
3406 1479 3670 1520 susurra-

2088 1570 2181 1624 bat
2223 1567 2507 1638 palatium,
2544 1565 2671 1635 quia
2706 1578 2867 1617 nemo
2892 1577 2957 1617 ex
2998 1569 3193 1616 senatu
3237 1557 3458 1612 videbat
3497 1559 3670 1626 impe—

2090 1670 2329 1713 ratorem
2380 1672 2446 1711 eo
2491 1655 2634 1725 quod
2680 1654 2923 1709 dolorem
2958 1652 3153 1721 capitis
3192 1657 3493 1719 pateretur,
3524 1656 3577 1700 et
3606 1661 3670 1700 ex

2092 1752 2196 1807 hoc
2249 1749 2594 1804 crediderunt
2633 1746 2783 1817 quod
2822 1743 3114 1800 defunctus
3155 1751 3300 1797 esset
3339 1740 3661 1808 imperator.

2095 1846 2306 1899 interea
2361 1842 2507 1896 circa
2555 1841 2747 1895 horam
2802 1851 3002 1892 nonam
3043 1834 3173 1890 fecit
3219 1841 3443 1889 senatus
3494 1830 3676 1885 consi-

2098 1938 2254 1999 lium,
2298 1943 2351 1990 et
2406 1934 2679 1989 miserunt
2712 1930 3052 2001 praefectum,
3096 1938 3147 1983 et
3184 1927 3433 1981 fecerunt
3465 1922 3675 1977 lumina

2093 2032 2147 2087 in
2182 2039 2295 2084 tota
2326 2030 2483 2093 urbe,
2514 2027 2771 2098 quoniam
2809 2038 2979 2079 sanus
3012 2022 3191 2078 factus
3233 2029 3316 2076 est
3353 2021 3675 2089 imperator,

2095 2123 2276 2180 ethoc
2324 2120 2487 2175 modo
2520 2126 2705 2187 erepta
2736 2125 2818 2171 est
2859 2116 3054 2172 civitas
3090 2131 3118 2169 a
3154 2114 3487 2169 turbatione.
3523 2114 3679 2169 Post~

2095 2225 2258 2281 quam
2313 2219 2494 2264 autem
2540 2222 2708 2261 sanus
2753 2206 2981 2261 ell‘ectus
3012 2214 3097 2260 est
3132 2205 3451 2275 imperator,
3493 2203 3671 2274 Euge-

2096 2304 2240 2365 nius,
2288 2301 2380 2371 qui
2451 2300 2631 2354 fuerat
2681 2296 3017 2367 praefectus,
3057 2295 3299 2351 detraxit
3354 2296 3590 2365 Georgio
3624 2306 3679 2350 et

2098 2390 2348 2446 Etherio
2378 2388 2755 2451 curatoribus,
2790 2386 2947 2455 quasi
2986 2386 3292 2442 voluissent
3322 2385 3677 2441 Theodorum

2097 2484 2279 2540 facere
2303 2479 2717 2554 imperatorem,
2749 2481 2922 2535 filium
2954 2479 3101 2535 Petri
3140 2480 3410 2550 magistri.
3435 2478 3681 2548 Cumque

2098 2577 2293 2634 fuisset
2344 2592 2510 2631 causa
2577 2575 2870 2646 diligenter
2922 2574 3188 2643 inquisita
3254 2580 3308 2627 et
3369 2572 3683 2628 nullatenus

2099 2671 2481 2740 comprobata,
2516 2669 2568 2723 in
2603 2669 2743 2722 iram
2770 2666 2976 2722 cecidit
2998 2666 3350 2737 imperatoris
3384 2664 3680 2733 Eugenius,

2098 2774 2155 2821 et
2190 2765 2384 2817 domus
2414 2761 2535 2831 ejus
2568 2762 2787 2831 publico
2818 2768 2903 2815 est
2940 2754 3071 2814 fisco
3111 2758 3332 2812 collata.
3376 2756 3571 2812 Verum
3593 2758 3684 2812 ille

2103 2857 2169 2909 ad
2199 2853 2488 2910 ecclesiam
2531 2853 2747 2923 fugiens
2780 2851 3025 2907 salvatus
3054 2859 3157 2905 est.
3191 2850 3352 2905 Facta
3387 2859 3471 2904 est
3499 2858 3681 2905 autem

2103 2947 2411 3001 mortalitas
2445 2955 2597 3000 vasta
2657 2945 2712 2999 in
2755 2943 2945 2999 Cilicia
2982 2952 3029 2998 et
3066 2942 3357 2997 Anazarbo
3401 2949 3454 2997 et
3491 2943 3684 2996 Antio-

2102 3039 2225 3094 chia
2256 3052 2474 3109 magna,
2513 3052 2724 3091 necnon
2763 3043 2818 3089 et
2851 3044 3011 3088 terra:
3048 3044 3266 3095 motus;
3301 3042 3355 3089 et
3402 3034 3685 3103 congressi

2104 3138 2235 3188 sunt
2286 3129 2554 3184 adversus
2600 3128 2934 3182 alterutrum
2968 3125 3258 3181 orthodoxi
3294 3134 3347 3181 et
3380 3126 3685 3189 Severiani,

419 3219 661 3288 portavit
715 3232 977 3273 coronam
1020 3232 1118 3287 per
1173 3216 1536 3287 quadraginta
1591 3218 1730 3280 dies.
1797 3216 1892 3272 sed
1944 3224 2069 3303 etc
2104 3232 2159 3279 et
2184 3223 2354 3278 multa
2388 3220 2689 3276 homicidia
2737 3218 2880 3274 facta
2905 3228 3035 3274 sunt
3064 3236 3076 3278 ;
3110 3225 3163 3272 et
3196 3218 3689 3288 missoimperator

419 3318 608 3364 sancta
657 3309 866 3364 Christi
920 3309 1207 3363 nativitate
1255 3307 1464 3377 absque
1504 3308 1596 3361 illa
1644 3309 1915 3378 processit
1944 3309 1996 3362 in

417 3399 675 3464 ecclesia;
710 3400 783 3453 ita
824 3406 884 3452 nt
932 3398 1098 3453 etiam
1148 3399 1396 3467 prandia,
1434 3413 1555 3466 quae
1582 3414 1647 3453 ex
1681 3414 1833 3453 more
1865 3398 2002 3451 fiunt

420 3491 477 3545 in
510 3506 705 3545 novem
739 3497 793 3543 et
824 3490 1011 3544 decem
1044 3490 1414 3551 accubitihus,
1447 3504 1667 3545 cessare
1697 3490 1919 3553 faceret,
1951 3501 2003 3545 et

423 3586 620 3637 horum
674 3596 946 3652 expensas
1007 3583 1196 3650 egenis
1262 3581 1545 3635 tribueret.
1592 3582 1791 3636 Eodem
1856 3597 2002 3636 antro

423 3674 671 3741 ingressa
704 3681 786 3727 est
818 3687 951 3742 gens
983 3673 1305 3743 Byzantium
1337 3673 1643 3741 inepinata,
1686 3688 1876 3727 eorum
1910 3674 2003 3742 qui

426 3769 688 3821 dicuntur
717 3767 962 3830 Avares;
997 3775 1051 3819 et
1100 3772 1212 3818 tota
1253 3765 1450 3819 civitas
1493 3765 1780 3819 concurrit
1809 3765 1876 3819 ad
1919 3766 2003 3818 vi-

424 3858 641 3909 sionem
704 3869 919 3918 eorum,
977 3861 1242 3923 tanquam
1283 3854 1378 3923 qui
1415 3869 1693 3923 nunquam
1764 3854 2005 3909 viderint

424 3956 641 4017 gentem
674 3948 987 4017 hujusmodi
1021 3962 1033 3997 :
1064 3947 1336 4001 habebant
1356 3947 1502 4001 enim
1530 3962 1717 4002 comas
1739 3954 2001 4014 retortas,

427 4042 670 4109 prolixos
704 4039 882 4104 valde,
939 4039 1152 4094 vinctas
1206 4039 1450 4107 prandiis
1492 4038 1607 4109 (δι)
1668 4049 1828 4106 atque
1877 4055 2002 4109 per-

427 4135 660 4201 plexas;
705 4132 952 4201 reliquus
993 4146 1123 4187 vero
1159 4131 1390 4186 vestitus
1420 4146 1609 4185 eorum
1663 4131 1856 4185 similis
1885 4139 2005 4186 erat

428 4235 753 4277 czeterornm
782 4224 1132 4276 Hunnorum.
1162 4220 1253 4275 Isti
1288 4220 1561 4288 fugientes
1587 4236 1616 4274 a
1651 4221 1874 4288 regione
1905 4237 2006 4276 sua

428 4323 697 4368 venerunt
726 4316 777 4367 in
801 4323 983 4383 partes
1012 4312 1249 4383 Scythiae
1277 4323 1329 4366 et
1364 4311 1567 4383 Mysite,
1604 4321 1659 4367 et
1689 4311 2009 4367 direxerunt

428 4409 493 4460 ad
526 4406 904 4462 Iustinianum
954 4409 1161 4475 legatos
1215 4415 1461 4475 petentes
1504 4415 1562 4459 ut
1611 4410 2006 4475 reciperentur.

503 4499 685 4553 llundi
712 4514 856 4552 anno
894 4498 1057 4560 6031,
1090 4499 1287 4551 divinae
1321 4498 1718 4553 incarnationis
1748 4497 1871 4559 551,
1905 4498 2011 4550 tri-

2106 3316 2401 3371 Zimarclio
2432 3315 2635 3368 comite
2678 3310 2922 3366 Orientis
2962 3310 3204 3364 inhibuit
3239 3310 3602 3369 inordinatos.
3635 3320 3689 3365 et

2104 3406 2313 3461 multos
2354 3404 2409 3457 in
2462 3401 2718 3457 exsilium
2774 3399 2927 3455 misit
2985 3408 3039 3454 et
3084 3399 3385 3469 publicavit
3420 3414 3483 3455 ac
3519 3415 3689 3454 mem-

2106 3498 2221 3553 bris
2253 3494 2586 3551 debilitavit.

2179 3588 2361 3644 Mundi
2395 3602 2539 3641 anno
2557 3585 2720 3648 6054,
2746 3585 2946 3639 divina:
2971 3583 3369 3638 incarnationis
3395 3600 3541 3638 anno
3563 3584 3689 3645 531,

2107 3680 2387 3736 tricesimo
2412 3680 2606 3749 quinto
2638 3677 2852 3746 imperii
2889 3675 3189 3731 Iustiniani
3240 3690 3385 3729 anno
3414 3687 3573 3743 capta
3605 3685 3692 3730 est

2107 3775 2292 3829 Hobes
2333 3774 2528 3829 civitas
2566 3772 2633 3826 ab
2658 3768 2905 3824 llunnis:
2941 3777 2994 3823 et
3025 3769 3175 3823 misit
3215 3769 3511 3838 imperator
3542 3768 3689 3823 Mar-

2108 3867 2306 3921 cellum
2341 3864 2665 3933 magistrum
2700 3861 2933 3915 militum
2960 3875 3084 3914 eum
3118 3846 3361 3918 exercitu
3404 3860 3596 3924 multo,
3631 3870 3692 3917 ut

2108 3958 2343 4027 eriperet
2366 3955 2664 4010 civitatem.

2181 4046 2490 4103 Tricesimo
2524 4056 2678 4102 sexto
2721 4049 2934 4113 imperii
2974 4046 3275 4103 Iustiniani
3305 4062 3450 4101 anno
3485 4056 3690 4117 tropaea

2113 4148 2381 4196 venerunt
2434 4154 2464 4192 a
2532 4140 2703 4193 Roma
2753 4139 2945 4195 Narsis
3006 4141 3257 4209 patricii,
3327 4140 3695 4208 significantia

2114 4228 2603 4299 comprehendisse
2666 4229 2820 4282 illum
2884 4228 3047 4283 urbes
3088 4230 3328 4283 munitas
3391 4229 3695 4285 Gothorqu

2115 4325 2271 4384 duas,
2300 4321 2571 4375 Veronam
2613 4321 2825 4376 scilicet
2852 4332 2907 4393 et
2941 4321 3207 4378 Brixlam.
3265 4320 3535 4375 Vicesima
3565 4337 3697 4377 vero

2115 4415 2308 4485 quinta
2356 4415 2444 4468 die
2484 4413 2807 4468 Novembris
2847 4415 3057 4468 mensis
3094 4428 3217 4466 sero
3261 4414 3493 4468 insidias
3523 4415 3696 4469 medi-

2120 4508 2217 4561 tati
2272 4514 2402 4559 sunt
2460 4505 2724 4575 quidam,
2793 4516 2851 4559 ut
2916 4506 3233 4560 occiderent
3285 4506 3695 4573 imperatorem.

431 4594 639 4647 eesimo
680 4591 924 4645 secundo
956 4592 1166 4659 imperii
1198 4589 1496 4646 Iustiniani
1523 4606 1668 4645 anno
1698 4590 2004 4647 aedificatus
2040 4609 2084 4665 ι)
2119 4600 2288 4653 Erant
2336 4609 2517 4652 autem
2574 4598 2842 4651 Ablabius
2880 4607 2934 4652 et
2983 4596 3275 4651 Marcellus
3331 4596 3694 4662 pecuniarum

432 4685 731 4758 esttrullus
774 4682 978 4748 Magnze
1018 4685 1265 4737 ecclesia:
1318 4684 1822 4753 Constantinopoli,
1860 4685 2010 4736 exal-

432 4784 578 4827 tatus
622 4776 742 4844 plus
773 4776 963 4844 viginti
1003 4777 1232 4844 pedibus
1289 4777 1342 4830 in
1404 4776 1789 4846 superioribus
1845 4792 2011 4847 supra

434 4870 721 4924 aedificium
746 4870 890 4939 quod
914 4879 1071 4923 antea
1104 4870 1300 4923 fuerat.

510 4963 813 5017 Tl'lCBSllllO
843 4966 1005 5019 tertio
1038 4966 1252 5034 imperii
1282 4965 1366 5020 sui
1396 4981 1541 5020 anno
1572 4966 1743 5037 carpit
1774 4966 2012 5036 impera-

2119 4690 2371 4746 venditor
2419 4689 2753 4755 eLSergius.
2804 4687 3085 4743 Meditatio
3117 4696 3298 4739 autem
3345 4702 3536 4740 eorum
3581 4698 3701 4740 erat

2121 4781 2436 4859 huiusmodi
2477 4796 2645 4835 :cum
2687 4781 2893 4835 sederit
2935 4781 2986 4833 in
3024 4780 3268 4838 triclinio
3313 4794 3463 4843 sero,
3516 4777 3698 4848 prius-

2121 4890 2284 4945 quam
2322 4873 2638 4927 discedendi
2681 4874 2901 4927 licentia
2933 4858 3113 4936 detur,
3140 4872 3395 4926 occidant
3422 4886 3571 4936 eum,
3604 4870 3700 4923 ha-

2124 4968 2318 5022 bentes
2362 4965 2618 5021 homines
2653 4981 2784 5021 suos
2817 4966 2923 5020 sibi
2958 4975 3320 5035 cooperantes
3343 4962 3532 5030 Indos,
3574 4962 3702 5018 abs-

1954 5102 2179 5159 NOTIE.

512 5198 618 5268 (Si)
655 5196 927 5252 Prundiis.
960 5199 1099 5251 llist.
1125 5199 1282 5253 misc.
1307 5218 1323 5248 ι
1348 5198 1631 5254 l’randeis.
1660 5218 1677 5250 ι
1716 5198 2008 5253 Promotus

439 5287 468 5321 ιε
497 5297 541 5321 ν.
577 5271 628 5321 in
659 5268 1029 5339 Grammatica
1062 5284 1076 5319 :
1117 5288 1135 5319 ι
1184 5268 1491 5322 Prandeum
1519 5270 1719 5323 dicitur
1759 5269 2005 5339 quaedam

438 5354 595 5395 zona.
618 5338 760 5404 quod
792 5340 847 5391 in
872 5337 988 5392 Vita
1018 5338 1075 5392 Β.
1097 5339 1267 5391 Alexii
1296 5342 1553 5407 reperies.
1582 5358 1599 5390 ι
1626 5342 1752 5393 Item
1778 5337 1804 5392 Ξ
1843 5358 1860 5390 ι
1901 5338 2006 5391 Fa-

437 5411 750 5477 citergium,
778 5409 981 5476 togilla,
1014 5425 1233 5478 mappa,
1272 5410 1566 5479 mappulla,
1592 5425 1851 5480 gausape,
1873 5424 2007 5463 ova-

440 5482 603 5541 rium,
634 5481 894 5543 mensale,
934 5481 1359 5548 manutergium,
1421 5480 1745 5549 prandeum,
1810 5496 2006 5533 manu-

442 5550 747 5613 tuundium,
782 5551 1202 5619 manupiarium.
1261 5570 1279 5601 ι
1315 5552 1636 5620 Anonymus
1680 5551 1734 5603 in
1786 5550 1907 5603 Vita
1944 5549 2004 5605 S.

438 5620 687 5687 Gregorii
722 5636 736 5673 :
775 5639 792 5670 ι
831 5620 1133 5674 Particulas
1172 5620 1395 5674 brandei
1443 5622 1546 5688 (sic
1599 5620 1817 5689 legitur)
1854 5635 2010 5688 repe-

441 5700 650 5743 rerunt.
681 5690 836 5756 Quod
866 5692 1114 5746 videntes
1143 5691 1303 5757 legati
1330 5693 1684 5746 vehementer
1709 5694 1831 5745 irati
1858 5698 2008 5753 sunt,

441 5762 689 5816 dicentes
718 5762 967 5815 dominos
1000 5777 1131 5817 suos
1179 5763 1564 5829 pulcherrimis
1620 5762 1801 5831 palliis
1833 5764 2011 5814 abun-

445 5831 598 5894 dare,
625 5848 688 5886 ac
713 5848 808 5902 per
844 5833 944 5887 hoc
990 5831 1361 5888 Rounanorutn
1391 5832 1593 5886 vilibus
1626 5833 1879 5901 prandeis
1905 5846 2011 5902 non

446 5928 456 5943 ·
482 5918 602 5958 :27“?

480 5918 623 5987 gem.
669 5922 685 5956 ι
718 5901 1133 5975 διιιιειιίιριιδὶε,
1169 5906 1203 5959 ι.
1241 5920 1278 5958 ιι
1318 5903 1392 5959 De
1438 5904 1597 5974 gestis
1634 5903 1819 5959 Caroli
1874 5901 1949 5956 Μ.
1992 5917 2011 5957 :

2124 5216 2142 5248 ι
2185 5197 2430 5261 Cumque
2465 5193 2821 5249 tenuissimas
2853 5192 2973 5246 illas
3005 5190 3288 5261 pelliculas
3312 5191 3395 5244 vel
3422 5190 3702 5261 tenuiores

2116 5258 2388 5320 brandeas
2411 5266 2701 5319 extrahere
2728 5264 3050 5330 ccepissent.
3091 5280 3108 5313 ι
3148 5260 3514 5324 Flodoartlus,
3550 5258 3698 5311 Hist.

2117 5338 2263 5391 Rem.
2325 5352 2378 5399 ι,
2435 5334 2505 5387 20
2544 5350 2557 5385 :
2600 5352 2617 5385 ι
2667 5334 2880 5396 Cornus
2925 5332 3174 5401 ejusdem
3248 5332 3437 5385 ruben~
3486 5337 3702 5384 constat

2116 5407 2360 5463 bt'anileo
2395 5405 2666 5458 indutum.
2710 5422 2729 5456 t
2772 5403 2938 5459 FABR.

2186 5478 2301 5547 {'55)
2331 5476 2691 5547 _Dt'/j'amatum
2735 5485 2832 5547 est.
2876 5474 3087 5547 Glossae
3130 5490 3141 5526 :
3179 5490 3203 5547 _t
3241 5469 3563 5547 mammia)
3591 5467 3699 5547 dif-

2113 5540 2565 5613 fatno,'devulgo,
2600 5546 2915 5613 pervulgo.»
2956 5542 3137 5597 Utitur
3166 5543 3446 5613 A_pnleius.
3482 5540 3544 5613 Β,
3583 5540 3701 5613 An-

2113 5618 2398 5687 gustinus,
2436 5610 2507 5669 ne
2541 5610 2653 5671 Civ.
2686 5610 2818 5680 Dei;
2839 5631 2913 5679 vt,
2961 5614 3077 5687 ill;
3101 5631 3137 5687 _g
3183 5611 3317 5687 Tam
3346 5610 3551 5687 grandi.
3585 5610 3698 5687 glo-

2118 5679 2196 5741 ria
2228 5686 2520 5740 ilifl‘atnari.
2562 5705 2581 5738 ι
2613 5687 2938 5741 AnaSIasius
2995 5683 3319 5736 Bibliothec.
3354 5679 3413 5735 in
3456 5679 3702 5748 Epistola

2118 5764 2182 5810 ad
2217 5757 2511 5811 Martinum
2552 5756 2725 5826 episc.
2758 5756 2927 5810 Nam.
2964 5775 2976 5809 :
3012 5774 3029 5805 ι
3078 5754 3317 5826 Ροιι-ιὶχ-ρὶ
3367 5751 3703 5826 scribereac

2118 5829 2467 5954 innotescere
2502 5823 2685 5884 omnia
2730 5843 2853 5898 qua:
2894 5828 2961 5883 de
2998 5826 3120 5896 ipso
3169 5823 3630 5879 dillatnabantur.
3676 5836 3698 5873 ι

2144 5915 2194 5951 o.

2144 5915 2194 5951 D.
