4440 6446
844 402 861 463 1
876 406 971 467 ΞΟἹ

1934 398 2343 462 ANASTASII
2384 404 3010 468 BIBLIUTIIECAIUI

3973 409 4116 475 1268

842 516 1093 570 conditos
1146 515 1197 567 in
1267 512 1584 567 Silentiario
1638 521 1690 566 et
1747 513 1798 566 in
1860 513 2207 584 Archangelo
2256 526 2312 570 et
2360 517 2872 593 inAJnsliuianus
2928 520 3137 589 imperii
3192 521 3274 572 sui
3333 520 3614 575 tricesimo
3680 524 3911 589 septimo
3959 537 4111 575 anno

839 609 1043 671 Curru,
1082 616 1140 659 ut
1187 622 1312 659 cum
1349 607 1493 660 facta
1542 607 1708 660 fuerit
1744 608 2100 673 machinatio,
2146 608 2419 663 turbatio-

842 716 963 755 nem
1015 699 1245 753 faciant.
1292 697 1466 753 Porro
1514 698 1655 752 idem
1704 697 1971 755 Ablabius
2015 702 2181 756 etiam
2221 717 2417 757 aurum

840 794 1051 863 accepit
1084 809 1113 845 a
1144 790 1403 846 Marcello
1446 793 1657 861 argenti
1708 793 2015 857 venditare,
2064 794 2232 849 libras
2257 795 2419 864 quin-

838 894 1051 956 gentas,
1088 896 1146 939 ιιι
1172 885 1276 941 sibi
1312 895 1728 953 cooperaretur.
1771 884 1877 940 Sed
1908 886 2016 941 Deo
2045 888 2263 942 volente
2285 886 2418 944 lisus

836 985 921 1032 est
971 977 1239 1032 Ablabius
1280 976 1518 1031 Eusebio
1556 978 1870 1042 exconsuli,
1922 980 2016 1047 qui
2062 991 2185 1035 erat
2229 995 2417 1035 comes

839 1070 1257 1132 foederatorum,
1311 1076 1365 1123 et
1421 1066 1619 1124 Joanni
1685 1069 1999 1139 Iogothetze,
2053 1072 2243 1127 dicens
2289 1072 2417 1142 quia

840 1161 1000 1216 hodie
1051 1161 1266 1230 vesperi
1309 1159 1565 1217 volumus
1613 1161 2001 1232 imperatorem
2039 1164 2285 1234 aggredi.
2312 1165 2414 1231 Qui

836 1271 960 1307 eum
987 1255 1089 1307 hoc
1121 1255 1478 1309 nuntiassent
1519 1255 1867 1325 imperatori,
1905 1258 2081 1310 tenuit
2107 1272 2224 1319 eos.
2249 1265 2304 1311 et
2333 1258 2416 1313 in-

838 1343 983 1398 venit
1017 1344 1138 1398 illos
1170 1343 1408 1399 ferentes
1433 1343 1790 1399 absconditos
1819 1344 2055 1414 gladios.
2095 1345 2158 1399 Et
2188 1345 2417 1401 Marcel-

838 1436 923 1491 lus
965 1435 1188 1506 quidem
1236 1437 1449 1505 argenti
1507 1436 1785 1500 vemlitor,
1842 1453 1940 1505 spe
1997 1437 2322 1503 frustratus,
2363 1448 2417 1493 et

836 1542 1091 1598 exempto
1107 1529 1289 1598 gladio
1305 1544 1469 1597 quem
1502 1528 1783 1598 portabat,
1813 1528 1964 1584 dedit
1992 1530 2098 1583 sibi
2136 1537 2246 1584 tres
2272 1530 2415 1585 ictus

840 1626 890 1675 in
930 1609 1170 1676 triclinio
1205 1622 1664 1691 comprehensus,
1696 1630 1750 1677 et
1774 1625 2026 1677 moritur.
2061 1623 2285 1694 Sergius
2315 1639 2417 1677 an-

836 1728 945 1771 tem
984 1715 1120 1785 fugit
1157 1715 1225 1769 ad
1266 1713 1623 1778 Blachernas,
1666 1730 1776 1785 quo
1819 1714 2017 1770 educto
2059 1716 2126 1769 ab
2157 1717 2411 1779 ecclesia,

836 1819 889 1862 et
941 1809 1312 1877 interrogato,
1352 1821 1678 1876 persuasum
1699 1816 1783 1861 est
1816 1806 1865 1861 ei
1903 1808 2149 1861 confiteri
2190 1807 2333 1876 quod
2361 1814 2415 1861 et

2524 616 2767 682 perrexit
2816 629 2982 668 causa
3033 614 3305 668 orationis
3363 614 3429 666 ad
3487 613 3872 683 Myriangelos,
3924 612 3975 666 id
4022 624 4108 667 est

2521 704 2794 766 Germias,
2849 706 3039 759 urbem
3076 704 3324 759 Galatiae.
3374 702 3703 758 Novetnltrio
3751 718 3882 757 vero
3917 719 4110 756 mense

2523 795 2771 851 introivit
2814 795 3139 867 Byzantium
3185 796 3421 851 Aretlias
3461 795 3729 864 patricius
3767 802 3822 849 et
3848 796 4108 864 princeps

2522 890 2699 946 tribus
2743 888 3173 950 Saracenorum.
3207 889 3387 945 debita
3424 887 3639 943 deferre
3679 888 3998 958 imperatori
4042 890 4109 941 li-

2521 984 2717 1038 liorum
2745 998 2970 1038 suorum
2995 983 3166 1038 debiti
3205 982 3459 1053 gratiam,
3490 991 3550 1035 ut
3583 980 3797 1036 scilicet
3830 988 3953 1049 post
3980 979 4110 1036 obi-

2522 1082 2634 1128 tum
2663 1089 2823 1128 sunm
2867 1083 3117 1129 tenerent
3151 1072 3514 1143 principatum
3544 1070 3725 1125 tribus
3761 1085 3898 1125 suae.

2592 1166 2634 1220 Τ
2641 1167 2897 1222 ricesimo
2934 1175 3132 1223 octavo
3178 1164 3394 1235 imperii
3424 1162 3722 1218 Justiuiani
3753 1178 3899 1217 anno
3928 1161 4103 1232 Euty-

2520 1261 2680 1316 chins
2741 1261 3055 1331 patriarcha
3107 1258 3761 1326 Constantinopolitanus
3816 1254 4109 1323 depositus

2518 1362 2603 1409 est
2627 1365 2682 1408 et
2716 1355 2769 1407 in
2800 1350 3057 1408 exsilium
3079 1351 3331 1407 missusa
3354 1346 3669 1404 Justiniano
3699 1344 3752 1398 in
3784 1344 4061 1398 Amasiam
4089 1359 4107 1406 ;

2518 1454 2572 1500 et
2613 1445 2792 1501 factus
2837 1452 2922 1500 est
2950 1458 3049 1515 pro
3077 1458 3144 1499 eo
3188 1441 3429 1497 Joannes
3462 1456 3527 1495 ex
3571 1436 3945 1503 scholasticis,
3976 1450 4106 1488 cum

2519 1549 2665 1594 esset
2693 1539 3089 1608 apocrisiarius
3120 1535 3422 1591 Antiochia:
3462 1548 3677 1603 magum
3721 1540 3773 1585 et
3819 1529 4110 1599 presbyter

2518 1632 2759 1701 ejusdem
2782 1631 3052 1688 ecclesiae.
3092 1628 3292 1684 Eodem
3320 1642 3464 1681 anno
3493 1624 3841 1680 Justinianus
3865 1622 4108 1689 impera-

2521 1735 2604 1781 tor
2642 1724 2711 1779 de
2748 1722 3098 1793 corruptibili
3148 1730 3204 1777 et
3259 1719 3662 1789 incorruptibili
3702 1717 3898 1786 dogma
3948 1728 4107 1767 eom-

2519 1832 2769 1879 movens,
2800 1817 2982 1872 edicto
3016 1816 3217 1884 ubique
3251 1813 3430 1868 alieno
3457 1828 3487 1865 a
3524 1811 3725 1881 pietate
3750 1805 4102 1865 transmisso.

836 1900 1045 1955 lsacius
1086 1899 1299 1969 argenti
1344 1900 1600 1955 venditor
1628 1907 1682 1953 et
1735 1899 2039 1954 Belisarius
2078 1899 2416 1970 gloriosissi-
2448 1885 2490 1938 Β
2520 1908 2630 1964 Deo
2662 1915 3083 1978 prmoccupante
3126 1906 3421 1961 defunctus
3454 1908 3559 1965 est,
3612 1913 3733 1953 cum
3780 1897 4106 1973 imperasset

837 2009 957 2047 IIIIIS
991 1992 1255 2062 patricius
1286 1991 1547 2047 conscius
1588 1990 1903 2060 hujusmodi
1933 1990 2095 2046 fuerit
2130 1992 2415 2047 machina-

836 2082 1025 2145 menti,
1072 2089 1127 2136 et
1161 2080 1349 2137 Victus
1392 2081 1747 2148 pecuniarum
1799 2080 2060 2135 venditor
2103 2090 2158 2134 et
2210 2080 2415 2136 Paulus

834 2186 1058 2230 curator
1096 2172 1344 2242 ejusdem
1390 2171 1641 2226 Belisarii
1689 2172 1977 2226 coasilium
2016 2172 2267 2227 scierint.
2310 2173 2414 2239 Qui

836 2265 1217 2335 comprehensi
1253 2275 1308 2319 et
1353 2264 1537 2318 traditi
1581 2262 1853 2332 Procopio
1888 2262 2144 2333 praefecto
2172 2264 2415 2320 confessi

835 2366 984 2421 sunt,
1021 2366 1074 2411 et
1113 2356 1372 2412 dixerunt
1403 2355 1469 2410 de
1503 2354 1792 2419 Belisario,
1826 2357 1920 2424 qui
1964 2370 2088 2409 mox
2126 2354 2306 2409 factus
2332 2363 2416 2410 est

837 2449 1187 2520 imperatoris
1236 2448 1341 2504 sub
1378 2449 1483 2505 ira.
1526 2446 1677 2501 Multi
1726 2462 1857 2502 vero
1882 2455 1936 2502 et
1984 2446 2109 2519 fuga
2148 2447 2232 2503 nsi
2263 2457 2412 2503 sunt.

836 2545 1047 2600 Interea
1074 2543 1263 2611 quinta
1296 2541 1385 2596 die
1436 2542 1645 2596 mensis
1708 2541 2014 2596 Decembrii
2065 2542 2194 2595 fecit
2235 2542 2410 2612 impe-

837 2647 986 2695 rator
1038 2636 1341 2699 silentium,
1390 2634 1674 2689 adducens
1723 2642 1776 2688 et
1829 2634 2199 2704 patriarcliain
2246 2633 2415 2704 Euty-

834 2730 1042 2793 chium,
1067 2737 1123 2783 et
1155 2729 1354 2795 iubens
1386 2743 1575 2782 eorum
1613 2727 1834 2781 recitari
1877 2726 2416 2792 ronfessiones.Quo

839 2821 1028 2876 audito
1076 2820 1374 2875 Belisarius
1418 2820 1622 2889 ingenti
1655 2828 1741 2873 est
1778 2833 2013 2873 maerore
2048 2828 2330 2889 gravatus,
2363 2824 2416 2872 et

840 2916 1062 2969 mittens
1113 2912 1414 2981 imperator
1460 2910 1877 2979 comprehendit
1920 2926 2110 2966 omnes
2168 2911 2416 2966 homines

838 3007 979 3073 ejus,
1025 3010 1080 3059 et
1132 3004 1311 3073 ipsum
1358 3002 1505 3057 domi
1552 3000 1744 3057 sedere
1798 3002 2059 3072 pra-cepit
2105 3002 2417 3057 custodien-

840 3098 994 3151 dum.
1040 3094 1255 3149 Interea
1279 3110 1468 3148 mense
1505 3092 1855 3157 Deremhrio,
1888 3094 2151 3148 vicesima
2185 3095 2293 3159 die,
2332 3094 2415 3148 fa-

2518 2002 2742 2073 triginta
2800 2008 2930 2057 octo
2990 1999 3173 2062 annis,
3232 1994 3519 2051 mensibus
3553 2000 3764 2063 septem
3808 1999 3862 2044 et
3905 1987 4107 2041 diebus

2517 2096 2803 2163 tredecim,
2833 2104 2885 2150 et
2916 2093 3148 2149 eflieitur
3192 2091 3355 2161 hujus
3399 2101 3689 2143 successor
3718 2082 3966 2138 Justinus
3997 2096 4101 2134 cu-

2517 2190 2817 2259 ropolates.
2863 2187 3067 2241 Eodem
3117 2199 3264 2239 anno
3311 2178 3683 2237 Theodosiani
3733 2186 3787 2231 et
3830 2172 4105 2243 Gajauitse

2516 2284 2661 2354 apud
2715 2280 3108 2337 Alexandriam
3160 2277 3435 2333 :edilicare
3496 2278 3785 2339 cmperunt
3832 2267 4105 2323 concilia-

2516 2376 2668 2438 bula,
2699 2381 2751 2427 et
2780 2371 3136 2440 praevalentes
3165 2367 3433 2438 Gajanita:
3458 2364 3779 2435 episcopum
3818 2357 3923 2414 sibi
3963 2372 4103 2413 cou-

2516 2469 2873 2517 seeraverunt
2900 2459 3209 2529 Ilelpidium
3234 2454 3685 2510 arehidiaeonum
3712 2465 3871 2506 suum
3895 2467 3907 2515 ;
3932 2463 4102 2517 quem

2519 2558 2819 2627 imperator
2848 2556 3091 2609 vinctum
3140 2551 3331 2618 venire
3365 2546 3645 2618 praecepit.
3674 2546 3928 2614 Cumque
3952 2542 4106 2595 veui~

2519 2659 2601 2705 ret
2652 2665 2747 2719 per
2797 2648 3019 2718 Segrin,
3058 2654 3309 2700 mortuus
3355 2650 3458 2699 est.
3514 2640 3687 2695 Porro
3731 2636 4102 2692 Theodosiani

2522 2742 2851 2797 Dorotheum
2870 2739 3085 2795 occulte
3105 2744 3275 2794 noctu
3301 2736 3625 2807 episcOpum
3662 2731 3767 2786 sibi
3802 2730 4097 2784 ordinave-

2521 2840 2671 2896 runt,
2707 2832 2835 2886 etin
2872 2845 3043 2885 unum
3075 2828 3465 2884 convenientes
3493 2833 3603 2878 tam
3632 2821 3901 2891 Gajanita:
3932 2833 4100 2887 quam

2520 2927 2561 2981 Τ
2570 2924 2885 2980 heodosiani
2924 2936 3274 2978 communem
3314 2919 3638 2990 episcopum
3682 2913 3785 2969 sibi
3830 2910 4101 2965 intiironi-

2518 3024 2804 3073 laverunt.
2848 3014 3145 3084 Cujusdam
3186 3022 3369 3067 autem
3411 3010 3626 3065 abbatis
3689 3007 3911 3062 barbam
3960 3006 4106 3072 pede

2521 3120 2575 3165 et
2613 3124 2782 3164 carne
2828 3108 3276 3163 decoriaverunt.
3322 3102 3529 3157 Taliter
3582 3100 3964 3154 hmreticorum
4002 3095 4102 3148 dc-

840 3198 927 3245 cta
952 3198 1083 3243 sunt
1111 3186 1354 3242 encaenia
1393 3185 1869 3254 Constantinopoli
1919 3184 2133 3256 Magna:
2166 3185 2415 3241 ecclesia:
2442 3238 2484 3295 Ο
2523 3203 2726 3258 meum
2768 3216 2956 3271 gerere
2994 3199 3307 3261 consuevit,
3335 3196 3474 3250 adeo
3511 3204 3567 3248 ιιι
3607 3208 3669 3249 ρει
3700 3207 3822 3263 qua)
3855 3204 4101 3261 pagano.

841 3280 1101 3336 secundo.
1144 3278 1313 3333 Porro
1345 3279 1546 3347 vigilia:
1584 3278 1899 3331 eorntndem
1932 3277 2301 3331 enemniorum
2336 3278 2415 3329 fa-

839 3384 939 3429 cta:
978 3381 1107 3427 sunt
1134 3372 1277 3442 apud
1312 3370 1370 3424 S.
1405 3370 1711 3435 Platonem,
1742 3379 1794 3423 et
1825 3371 1993 3423 exivit
2025 3369 2150 3423 inde
2178 3369 2415 3439 patriar-

842 3469 942 3521 cha
967 3463 1515 3532 Coristantinopoleos
1555 3462 1857 3533 Entychius
1889 3477 2015 3517 cum
2057 3462 2255 3516 letania
2278 3476 2416 3531 prrs-

840 3570 993 3615 sente
1015 3561 1367 3627 imperatore,
1398 3556 1597 3611 sedens
1626 3559 1679 3609 in
1712 3554 1902 3609 eodem
1932 3554 2180 3610 vehicqu
2204 3561 2260 3608 et
2289 3568 2418 3623 por-

841 3664 963 3707 tans
1047 3651 1410 3721 apostolicum
1477 3649 1720 3702 habitum
1778 3657 1834 3702 et
1890 3655 2088 3703 tenens
2164 3657 2413 3702 sanctum

844 3747 1218 3817 I'Ivangelitttn,
1265 3744 1482 3798 cunctis
1522 3742 1926 3812 psallentihus:
1966 3741 2160 3796 Tollite
2208 3751 2410 3810 portas.

844 3840 1043 3894 Eodem
1077 3854 1261 3891 tuense
1288 3843 1461 3905 capta:
1490 3844 1619 3889 sunt
1650 3834 1898 3904 quardam
1942 3841 2127 3903 partes
2156 3833 2356 3894 Africae
2384 3848 2415 3887 a

843 3930 1161 3986 .‘dauritauis
1218 3927 1632 3997 insurgentibus
1689 3928 1953 3982 adversus
1990 3925 2233 3980 Africam
2287 3928 2412 3980 ita:

839 4025 1102 4079 Cntzinas
1160 4021 1381 4093 nomine
1410 4020 1631 4089 quidam
1668 4034 1734 4072 ex
1781 4020 1897 4089 ipsa
1938 4029 2097 4088 gente
2140 4018 2415 4073 exarchus

841 4118 1271 4172 Mauritanorom
1320 4113 1557 4167 habebat
1600 4112 2056 4167 consuetudinem
2109 4110 2415 4182 accipiendi

840 4230 868 4265 ιι
906 4210 1151 4280 principe
1207 4206 1426 4269 Africze,
1471 4206 1565 4274 qui
1612 4219 1710 4274 per
1759 4214 1974 4274 tempus
2015 4213 2154 4270 erat,
2204 4212 2412 4259 certam

840 4304 1199 4373 quantitatem
1225 4299 1367 4353 auri.
1404 4299 1539 4353 Cum
1569 4309 1750 4353 autem
1790 4297 2031 4352 venisset
2059 4304 2116 4351 ut
2141 4297 2415 4367 acciperet

840 4395 997 4458 illud,
1036 4390 1277 4447 Joannes
1304 4390 1562 4459 princeps
1606 4388 1802 4442 Africa:
1825 4387 2027 4442 occidit
2064 4403 2210 4443 cum.
2243 4386 2415 4450 Porro

841 4493 1262 4541 utsttrrexerunt
1316 4482 1408 4535 lilii
1454 4479 1699 4535 (Julzinx
1749 4479 2095 4535 vindicantes
2124 4490 2409 4550 paternum

2521 3311 2642 3349 rum
2672 3302 2803 3349 sunt
2834 3292 3114 3347 mnltoties
3147 3299 3460 3359 operentur.

2591 3383 2775 3439 Mundi
2798 3398 2944 3438 anno
2977 3380 3145 3447 6058,
3162 3380 3359 3435 divine
3388 3375 3788 3433 incarnationis
3805 3388 3949 3426 anno
3966 3372 4096 3430 51-8.

2518 3467 2760 3530 Joannes
2806 3472 3067 3526 Romana:
3108 3478 3306 3540 praeest
3334 3467 3615 3523 Ecclesiae.
3640 3466 3890 3521 Justinus
3926 3464 4093 3531 impe~

2521 3575 2627 3632 rat,
2660 3580 2829 3635 nepos
2866 3563 3187 3625 Jostiniani,
3219 3569 3520 3615 coronatus
3548 3576 3577 3613 a
3614 3558 3823 3615 J'oanne
3856 3558 4092 3626 patriar-

2520 3659 2643 3714 cha.
2672 3657 2803 3711 Erat
2837 3662 3020 3710 autem
3050 3654 3274 3708 natione
3296 3651 3501 3715 Thrax,
3520 3649 3906 3720 magnanimus
3932 3657 4099 3713 atque

2519 3752 2586 3806 ad
2629 3750 2814 3805 omnia
2850 3761 3101 3817 prosper.
3128 3744 3372 3799 llabebat
3405 3752 3583 3796 autem
3626 3749 3680 3794 et
3715 3754 3937 3794 uxorem
3981 3738 4055 3789 So
4087 3766 4094 3774 -

2521 3844 2704 3914 phiam
2729 3843 2972 3906 nomine,
3005 3854 3169 3910 quam
3204 3847 3261 3893 et
3290 3835 3575 3893 coronavit
3609 3836 3931 3904 Augustam.
3958 3832 4092 3883 tium

2520 3945 2703 3990 autem
2742 3943 2891 3989 esset
2918 3932 3073 4001 pius,
3112 3929 3402 3985 adornavit
3446 3927 3711 3982 ecclesias
3743 3940 3881 3994 quas
3925 3922 4087 3976 Justi-

2521 4024 2723 4078 nianus
2760 4020 3153 4081 :edificaverat,
3185 4026 3296 4071 tam
3344 4012 3601 4071 videlicet
3639 4013 3885 4081 Magnam
3915 4029 3991 4065 cu
4018 4014 4091 4061 ie~

2519 4119 2659 4176 siam
2694 4126 2749 4172 et
2777 4124 3002 4172 sanctos
3035 4113 3318 4183 apostolos
3352 4128 3518 4181 quam
3557 4111 3694 4165 alias
3746 4108 4010 4163 cccicsizis
4040 4113 4091 4158 rt

2520 4208 2883 4273 monasteria,
2924 4206 3140 4262 donans
3172 4207 3256 4262 eis
3286 4204 3580 4260 thesauros
3607 4213 3657 4257 et
3690 4216 3907 4257 onmem
3952 4200 4093 4252 redi-

2518 4314 2631 4359 tum
2659 4320 2674 4369 ;
2705 4309 2933 4372 eratque
2962 4298 3306 4354 orthodoxus
3338 4296 3515 4360 valde,
3548 4305 3601 4352 et
3619 4295 3768 4348 Inisit
3802 4293 4095 4346 Photinum

2518 4398 2873 4462 monachum,
2921 4394 3232 4465 privignum
3276 4392 3523 4447 Belisarii
3582 4389 3821 4458 patricii,
3854 4387 3989 4441 dans
4040 4387 4090 4439 ci

2518 4497 2843 4562 potestatem
2895 4496 3086 4541 contra
3139 4500 3357 4540 omnem
3402 4498 3718 4553 personam,
3760 4493 3813 4534 et
3864 4494 4090 4531 ramum

836 4591 1141 4649 uet'cpltttn,
1196 4586 1251 4632 et
1290 4574 1458 4631 erecti
1538 4581 1729 4628 contra
1784 4571 1934 4625 illam
1990 4579 2253 4640 ceperunt
2289 4569 2412 4639 ejus
2445 4598 2488 4653 Β
2518 4601 2583 4654 ιη,

2336 4570 2412 4634 ius
2445 4598 2488 4653 ι)
2518 4582 2843 4654 pacificandi
2892 4578 3166 4636 Ecelesias
3191 4577 3476 4633 universas
3507 4574 3723 4644 .‘Egypti
3758 4585 3812 4628 et
3856 4575 4089 4626 Alexan-

839 4684 1021 4744 partes
1058 4673 1270 4740 aliquas
1307 4669 1701 4736 deprmdantes.
1756 4665 2055 4732 Imperator
2097 4663 2281 4732 itaque
2309 4663 2411 4716 hoc

837 4768 1020 4839 agnito
1060 4765 1209 4818 misit
1249 4762 1301 4815 in
1333 4761 1595 4815 auxilium
1629 4759 1822 4812 Africa:
1845 4756 2182 4811 Marcianum
2225 4756 2412 4825 magi—

836 4870 1009 4917 strum
1030 4857 1554 4924 militum,ucpotem
1586 4866 1770 4913 sunm',
1794 4865 1917 4904 eum
1949 4848 2193 4903 exercitu
2222 4848 2286 4901 ad
2316 4862 2412 4917 pa-

836 4955 1137 5013 cilieamlos
1158 4950 1377 5005 Mauros
1403 4966 1419 5008 ς
1452 4956 1506 5002 et
1536 4945 1921 5001 conﬂuxerunt
1944 4943 2009 4996 ad
2050 4958 2197 5007 eunt,
2222 4941 2411 5010 sicque

839 5065 971 5119 pace
1004 5048 1171 5119 potita
1212 5056 1295 5099 est
1320 5043 1525 5097 Africa.
1562 5041 1765 5094 Eodem
1790 5038 2253 5106 annoimpcrator
2284 5035 2409 5105 qni-

841 5142 1065 5195 lntsdam
1095 5136 1436 5191 tnrhationcs
1466 5129 1945 5200 Constantinopoli
1976 5128 2410 5188 concitantibus,

840 5234 1062 5303 pollices
1110 5227 1346 5283 abscidit
1383 5242 1572 5281 eorum
1628 5225 1896 5277 duntaxat
1926 5221 2015 5291 qui
2058 5236 2179 5274 cum
2216 5219 2415 5290 gladiis

841 5333 1238 5399 pugnaverunt.
1284 5322 1650 5377 Nonadecinta
1701 5336 1830 5373 vero
1863 5319 1951 5372 die
1985 5318 2160 5371 Martii
2207 5316 2413 5371 mensis

840 5423 1115 5477 admissus
1140 5428 1224 5471 est
1265 5416 1564 5471 Belisarius
1596 5414 1860 5483 patricius
1889 5412 2125 5480 receptis
2155 5411 2414 5465 omnibus

838 5512 1197 5585 dignitatibus
1253 5510 1392 5564 suis.
1460 5510 1659 5562 lintlt'tlt
1716 5523 1860 5559 :tltttu
1923 5511 2189 5559 venerunt
2252 5502 2411 5570 legati

845 5606 1042 5661 Ascelti
1076 5606 1218 5673 regis
1240 5602 1756 5664 Ertnechinnorum,
1786 5600 1878 5667 qni
1914 5599 2125 5667 posilus
2155 5604 2237 5650 est
2267 5596 2412 5650 intra

840 5700 1205 5755 Barbarounn
1249 5704 1466 5765 gentem
1505 5693 1659 5763 juxta
1690 5692 1992 5757 Oceanum,
2022 5688 2401 5744 Constantino

844 5796 1029 5865 polim.
2062 5780 2066 5785 ’

914 5890 1097 5945 P-lundi
1120 5902 1264 5943 anno
1285 5886 1442 5949 6038,
1472 5886 1667 5941 divine
1700 5880 2089 5937 incarnationis
2115 5894 2257 5933 anno
2288 5878 2410 5945 55:6,

2515 4679 2669 4733 dria'.

2591 4769 2846 4825 Secundo
2890 4782 3034 4821 anno
3072 4763 3285 4833 imperii
3321 4762 3519 4818 Justini
3569 4760 3848 4814 .-Etherius
3889 4768 3941 4810 et
3977 4761 4087 4809 Au-

2517 4864 2662 4925 dius,
2717 4860 3057 4914 acmedicns
3114 4859 3206 4927 qui
3266 4872 3391 4909 cum
3458 4856 3590 4933 ipsis
3654 4867 3788 4919 erat.
3848 4852 4087 4903 insidiati

2518 4951 2847 5008 sunteidem
2881 4950 3193 5018 imperatori
3230 4945 3484 5009 Jnstiuo;
3534 4961 3626 5013 qni
3669 4945 3867 5013 cogniti
3916 4944 4044 4994 inlct
4073 4969 4086 4980 ο

2520 5047 2646 5100 fecti
2683 5054 2813 5099 sunt
2841 5042 3043 5112 gladio.
3079 5041 3278 5093 Eodem
3330 5056 3474 5092 anno
3530 5037 3728 5102 \gatlm
3764 5036 4086 5096 It‘onat'lins,

2520 5137 2692 5192 frater
2749 5134 3070 5205 Apollinarii
3138 5132 3380 5201 cpismpi
3436 5129 3809 5187 Alexandrini,
3865 5128 4090 5179 venit-ns

2520 5229 2907 5285 Alexandriam
2954 5243 3238 5280 sermonis
3284 5225 3595 5282 habituros,
3640 5229 3693 5275 ct
3736 5219 4089 5273 Eustochium

2519 5322 2874 5384 monachum,
2905 5319 2996 5387 qui
3023 5334 3254 5387 magnus
3287 5329 3403 5368 erat
3424 5326 3473 5368 et
3504 5328 3824 5366 arconomus
3851 5313 4090 5363 Alexan-

2519 5414 2673 5478 oirim,
2705 5413 2969 5467 cnstmlim
3005 5410 3354 5477 mam-ipavil,
3382 5408 3473 5473 qni
3520 5422 3615 5471 per
3650 5412 3851 5457 tot-tum
3874 5402 4086 5471 fugiens

2523 5506 2668 5560 venit
2697 5504 3043 5575 Byzantium,
3080 5503 3316 5555 Mat-ario
3352 5510 3481 5554 tunc
3524 5498 3758 5551 factione
3808 5496 3965 5566 pulso
3994 5512 4085 5546 cc-

2520 5599 2709 5663 clesia,
2742 5606 2797 5651 et
2827 5606 3183 5651 consecratus
3214 5606 3298 5649 cst
3354 5593 3682 5647 Eustocliius
3714 5606 3813 5659 pro
3854 5586 4092 5641 Macario

2518 5690 2810 5759 cpiscopus
2835 5687 3246 5757 Hierosolymis.

2591 5782 2774 5849 Tertio
2830 5782 3043 5848 itnpmii
3092 5781 3288 5833 intimi
3351 5793 3491 5833 anno

2522 5879 2769 5947 piissimo
2818 5879 3054 5948 Augusta
3093 5887 3443 5943 percontamur
3502 5871 3783 5925 inodum!
3811 5887 3869 5923 as
3902 5877 3945 5921 ’.ἶ
3988 5881 4083 5918 υκικ

3576 5776 3850 5831 ,ἹΕΓιῘΙζῖἷῘν
3887 5773 4047 5841 ςιψὶιῖ
4080 5811 4087 5823 .
