4440 6446
390 393 524 461 126‘)

1160 396 1526 457 HISTORIA
1568 396 2145 459 ECCLESIASTIC.\
2196 398 2299 458 EX
2337 396 2819 459 THEOPHANE.

3503 388 3643 453 12Το

387 507 566 573 tariis,
590 506 759 577 jussit
787 506 988 563 deferri
1011 509 1294 563 cautiones
1316 508 1626 564 debitorum
1660 519 1713 563 et
1746 508 1959 572 breves,
1991 520 2033 575 Α
2068 510 2432 580 depopulatus
2466 518 2552 565 est
2586 508 2769 564 omnia
2803 522 2925 578 qua:
2953 505 3006 560 in
3042 504 3291 576 partibus
3323 504 3432 560 illis
3460 515 3639 563 erant.

387 602 586 671 quibus
617 600 769 657 lectis
795 602 1005 671 accepit
1034 602 1246 666 breves,
1277 611 1331 655 et
1367 601 1598 671 praebuit
1630 617 1725 658 eos
1754 601 1962 658 debito-

390 697 563 758 ribus,
588 703 640 750 et
668 692 1160 749 redtliditdominis
1190 694 1327 759 suis,
1356 704 1411 749 et
1434 695 1651 749 laudata
1682 703 1767 750 est
1793 708 1962 765 super

392 791 490 841 hoc
543 801 873 857 magnopere
919 788 987 841 ab
1032 787 1290 842 universa
1335 788 1579 842 civitate.
1628 788 1962 843 EuStochius

390 893 593 944 autem,
638 879 920 949 ingressus
972 877 1440 950 Hierosolymam,
1516 894 1624 934 non
1688 878 1961 935 audienda

388 981 580 1025 contra
628 970 1028 1041 Apollinarium
1078 978 1133 1024 et
1170 972 1508 1038 Agathonem
1562 980 1616 1026 ct
1661 970 1960 1027 Macariunt

392 1079 544 1118 novae
594 1063 785 1117 Laurae
842 1063 1140 1120 monachos
1192 1064 1470 1128 excitavit,
1516 1065 1789 1121 mentiens
1839 1065 1962 1120 illos

389 1156 751 1224 Urigenistas.
778 1155 843 1210 Et
876 1155 999 1210 ideo
1028 1155 1218 1225 pulsus
1246 1168 1347 1221 est,
1372 1166 1424 1212 et
1461 1156 1656 1212 iterum
1672 1158 1963 1213 restitutus

389 1255 473 1302 est
515 1247 785 1303 Macarius
822 1248 874 1303 in
904 1248 1099 1303 throno
1132 1263 1255 1305 suo.

459 1340 667 1404 Quarto
728 1341 943 1411 imperii
1004 1339 1211 1395 Justini
1255 1356 1400 1397 anno
1446 1357 1642 1399 rursus
1692 1341 1963 1400 Macarius

398 1428 792 1502 Hierosolymis
846 1432 1134 1502 praefertur
1169 1434 1485 1505 episcopus,
1528 1444 1581 1490 et
1623 1435 1965 1491 Alexandrize

389 1522 628 1580 Joannes
660 1525 889 1581 habetur
924 1528 1174 1585 antistes.

462 1617 666 1681 Quinto
698 1620 910 1689 imperii
935 1618 1140 1675 Justini
1173 1636 1339 1687 anno,
1371 1635 1497 1677 cum
1538 1637 1770 1693 magnus
1818 1625 1966 1677 Ana-

393 1709 595 1765 stasius
642 1710 1018 1767 Antiochenus
1061 1712 1357 1782 episcopus
1403 1712 1851 1780 reprehendisset
1909 1714 1963 1768 in

393 1799 678 1870 rescriptis
726 1801 1114 1871 synodicorum
1146 1800 1409 1857 Joannem
1455 1802 1965 1873 Constantinopoli-

2065 600 2282 656 Tenens
2310 611 2489 656 autem
2525 617 2619 657 rex
2645 600 2849 655 Aretha
2875 607 3042 670 caput
3077 597 3307 664 Juliani,
3339 606 3393 654 et
3425 597 3565 653 dans
3591 597 3641 652 ei

2065 693 2217 762 pacis
2252 693 2527 761 osculum,
2561 691 2771 747 dimisit
2805 706 2930 746 eum
2968 691 3024 746 in
3051 689 3219 744 multa
3262 688 3663 745 benevolentia

2064 787 2361 857 multisque
2391 786 2733 843 muneribus.
2762 783 2933 839 Porro
2962 785 3104 838 facta
3128 791 3211 838 est
3236 791 3288 838 et
3318 782 3422 836 alia
3455 794 3639 845 causa,

2063 895 2184 949 qua:
2240 880 2481 935 turbavit
2534 879 2841 933 Chosroen.
2901 876 3084 932 llanni
3128 875 3329 946 quippe
3373 888 3470 944 per
3508 871 3642 928 illud

2064 982 2303 1042 tempus,
2336 986 2475 1043 quos
2507 971 2720 1028 Turcos
2750 971 2935 1026 dicere
2974 968 3385 1033 consuevimus,
3414 964 3642 1035 legatio-

2066 1080 2187 1119 nem
2216 1064 2461 1135 dirigunt
2493 1063 2560 1117 ad
2594 1060 2893 1125 Justinum,
2925 1075 3023 1130 per
3044 1058 3341 1115 Alanorqu
3365 1057 3641 1127 regionem

2066 1157 2367 1211 mittentes.
2400 1156 2517 1209 Hoc
2539 1155 2739 1210 timens
2766 1154 3042 1209 Chosroes
3063 1150 3472 1206 excusationem
3503 1164 3645 1218 pra:-

2063 1248 2341 1314 tendebat,
2390 1247 2742 1303 rebellionem
2788 1246 3177 1301 Armeniorum
3235 1245 3290 1298 in
3332 1260 3391 1300 sc
3443 1245 3642 1299 factam

2068 1355 2166 1411 per
2194 1354 2499 1403 accessum,
2556 1354 2665 1410 quo
2721 1338 2938 1394 Justiuo
3000 1336 3365 1392 adhaeserant.
3429 1334 3537 1390 Sed
3590 1341 3683 1393 et,

2069 1431 2330 1503 profugos
2364 1432 2668 1502 repetebat.
2698 1430 3054 1500 lmpcndebat
3085 1428 3231 1483 enim
3274 1426 3644 1481 Romanorum

2068 1524 2371 1594 imperator
2430 1538 2526 1593 per
2588 1521 2837 1592 singulos
2880 1535 3057 1575 annos
3104 1520 3434 1590 quingentas
3476 1518 3647 1571 libras

2068 1615 2209 1679 auri,
2246 1622 2304 1667 nt
2333 1622 2532 1679 castra,
2561 1627 2682 1683 quae
2710 1612 2831 1666 loco
2860 1610 3109 1681 proxima
3138 1618 3318 1675 erant,
3344 1607 3522 1663 Persa:
3548 1620 3647 1659 cu-

2067 1708 2367 1773 stodirent,
2400 1723 2466 1762 ne
2498 1706 2759 1775 ingressa:
2789 1712 2979 1775 gentes
3006 1711 3296 1772 utramque
3328 1716 3441 1756 rem
3470 1700 3649 1770 publi-

2068 1817 2187 1858 cam
2225 1802 2597 1865 destruerent,
2646 1798 3143 1867 communibusque
3198 1794 3512 1864 sumptibus
3558 1807 3651 1847 ca-

395 1904 602 1955 tannm,
629 1894 723 1963 qui
758 1905 1182 1951 consecraverat
1213 1894 1478 1951 Joannem
1504 1896 1953 1961 Alexandrinum,
1993 1911 2032 1966 η
2062 1894 2221 1950 stella
2256 1892 2671 1949 muniebantur.
2703 1892 2772 1943 At
2801 1903 2932 1945 vero
2956 1887 3209 1945 Justinus
3238 1901 3429 1956 pacem
3455 1884 3650 1939 dissol-

392 1989 446 2033 et
488 1982 588 2036 hoc
641 1992 966 2038 consecrato
1002 1983 1194 2054 pulsus
1239 1992 1322 2038 est
1365 1983 1434 2038 ab
1472 1983 1706 2039 ecclesia
1748 1998 1845 2038 sua
1870 1999 1965 2054 per

392 2072 825 2144 indignationem
872 2073 1098 2140 Justini,
1130 2083 1183 2130 et
1228 2074 1519 2131 ordinatus
1546 2084 1629 2137 est
1661 2074 1963 2145 Gregorius

394 2166 693 2221 monachus
745 2177 799 2223 et
856 2166 1250 2237 apocrisiarius
1290 2167 1609 2222 monasterii
1667 2166 1963 2238 Byzantio-

394 2273 536 2310 rum.

465 2351 631 2404 Sexto
661 2349 870 2418 imperii
918 2348 1123 2405 Justini
1175 2364 1318 2404 anno
1350 2348 1551 2405 Narses
1595 2349 1968 2405 cubicularius

394 2452 446 2494 ct
485 2442 959 2511 protospatharius
994 2441 1229 2499 dilectus
1278 2443 1626 2511 imperatoris
1657 2437 1967 2499 construsit

393 2535 614 2589 domum
638 2533 827 2590 Narsis
855 2544 903 2590 et
941 2535 1335 2591 monasterium
1366 2536 1750 2589 Catharorum.

467 2624 712 2695 Septimo
749 2628 963 2698 imperii
1004 2625 1206 2682 Justini
1252 2642 1396 2681 anno
1431 2628 1657 2681 Romani
1693 2642 1753 2681 ac
1790 2625 1967 2684 Persa)

394 2736 579 2790 pacem
613 2730 998 2791 corruperunt,
1019 2730 1073 2776 et
1102 2721 1298 2774 iterum
1329 2719 1608 2773 Persicum
1645 2725 1965 2772 renovatum

395 2822 478 2866 est
517 2813 714 2868 bellum
746 2831 811 2869 eo
840 2814 985 2883 quod
1039 2811 1331 2867 llomerittc
1380 2812 1494 2864 lnali
1542 2810 1864 2879 legationem
1902 2807 1968 2860 ad

399 2903 672 2960 Romanos
721 2906 992 2971 miserint,
1035 2913 1088 2958 et
1136 2905 1432 2973 imperator
1479 2901 1755 2955 Juliauutn
1793 2900 1965 2968 magi-

397 2998 664 3052 striannm
714 3014 835 3052 cum
877 3013 1031 3051 sacra
1086 2996 1447 3051 destinaverit
1484 2995 1549 3048 ad
1582 2992 1837 3047 Aretham
1881 3007 1967 3047 re-

396 3109 515 3163 gem
549 3093 871 3163 AitltiOpum
907 3107 1003 3162 per
1035 3090 1217 3145 Nilu'u
1255 3090 1478 3143 lluvimn
1531 3087 1598 3141 ab
1637 3085 1969 3142 Alexandria

396 3198 448 3241 et
481 3187 664 3241 Indico
706 3187 866 3250 mari,
920 3185 1010 3254 qui
1063 3192 1313 3251 receptus
1362 3189 1446 3237 est
1490 3181 1559 3235 ab
1598 3180 1797 3234 Arctha
1843 3194 1969 3248 rege

397 3296 521 3333 rum
564 3280 761 3349 gaudio
806 3279 1000 3343 multo,
1047 3284 1333 3346 appetente
1368 3274 1625 3327 nimirum
1669 3271 1965 3326 amicitiam
1996 3254 2040 3314 Ο

397 3369 769 3425 Romanorum
815 3370 1183 3440 imperatoris.
1230 3365 1537 3421 Enarrabat
1585 3372 1791 3428 autem,
1844 3380 1967 3417 cum

399 3463 675 3528 rcdiisset,
733 3462 871 3517 idem
925 3460 1199 3524 Julianus,
1251 3459 1398 3530 quod
1440 3457 1661 3528 quando
1702 3456 1969 3525 receperit

396 3567 519 3605 eum
556 3568 649 3607 rex
692 3552 925 3606 Arethas
967 3550 1150 3605 nudus
1179 3560 1345 3614 esset,
1379 3549 1583 3602 habens
1609 3548 1815 3601 circum
1854 3546 1970 3601 cin-

397 3654 606 3698 cturam
630 3652 685 3698 et
714 3644 766 3703 in
791 3644 994 3699 lumbis
1020 3643 1163 3697 linea
1184 3641 1507 3696 vestimenta
1536 3654 1668 3692 auro
1690 3645 1968 3700 contexta,

399 3740 543 3792 circa
573 3747 815 3792 ventrem
851 3752 979 3792 vero
1005 3735 1257 3805 portabat
1291 3733 1606 3787 indumenta
1639 3732 1813 3787 scissa
1845 3745 1968 3786 cum

400 3828 711 3898 margaritis
740 3828 1023 3898 pretiosis,
1046 3836 1100 3880 et
1133 3826 1184 3879 in
1219 3823 1459 3879 brachiis
1484 3824 1682 3893 quinos
1707 3823 1966 3887 circulos,

396 3929 451 3973 et
480 3920 725 3976 armillas
767 3932 961 3974 aureas
997 3918 1049 3970 in
1101 3916 1355 3970 manibus
1384 3915 1521 3977 suis,
1561 3914 1614 3968 in
1656 3914 1837 3984 capite
1871 3929 1970 3967 au-

399 4024 504 4067 tem
540 4027 777 4082 pannum
815 4020 1167 4082 geminatum,
1199 4007 1488 4062 habentem
1529 4021 1595 4061 ex
1630 4016 1863 4076 utroque
1898 4006 1969 4060 li-

401 4113 657 4173 gumento
707 4105 911 4174 plectas
969 4110 1227 4171 quatuor,
1264 4109 1319 4155 et
1358 4106 1607 4169 torquem
1645 4114 1874 4154 aureum
1916 4100 1970 4154 in

399 4196 540 4250 collo
567 4209 691 4259 suo,
714 4203 766 4249 et
792 4195 973 4248 stabat
992 4207 1157 4261 super
1180 4198 1416 4261 quatuor
1444 4191 1781 4260 elephantes,
1800 4199 1970 4265 rstan-

400 4298 482 4343 tes
527 4299 581 4344 et
624 4288 887 4343 habentes
915 4287 1108 4355 jngum
1149 4293 1201 4339 et
1226 4293 1377 4339 rotas
1411 4292 1666 4353 quatuor,
1709 4295 1763 4339 et
1807 4280 1970 4353 supe-

402 4382 516 4434 rius
551 4387 611 4433 ut
636 4394 855 4433 currum
892 4377 1193 4439 excelsum,
1243 4376 1482 4429 velatum
1520 4376 1718 4444 petalis
1761 4376 1972 4441 aureis,

401 4483 457 4524 ut
499 4481 628 4526 sunt
661 4471 968 4540 principum
1012 4467 1417 4538 provinciarum
1453 4484 1683 4533 currus;
1729 4478 1781 4521 et
1821 4477 1973 4522 stans

400 4579 565 4630 super
590 4563 711 4617 illos
746 4560 954 4617 ferebat
979 4567 1195 4616 scutum
1228 4561 1611 4628 parvissimum
1649 4559 1972 4615 dcauratum

401 4667 451 4709 t-t
483 4656 620 4710 duas
661 4654 934 4709 lanceolas
984 4671 1206 4719 aureas,
1251 4661 1306 4707 et
1363 4662 1587 4707 senatus
1638 4652 1759 4721 ejus
1793 4652 1975 4708 onmis

402 4756 669 4799 eratcum
710 4746 901 4808 armis.
943 4756 1205 4803 canentes
1253 4746 1661 4801 modulationes
1707 4746 1969 4800 musicas.

402 4840 750 4893 Introductus
783 4855 913 4907 ergo
940 4841 1148 4909 legatus
1187 4837 1556 4891 Romanorum
1590 4852 1713 4891 cum
1745 4837 1970 4893 adoras-

402 4940 505 4992 set,
527 4929 718 4996 jussus
745 4940 829 4983 est
876 4930 943 4981 ab
972 4946 1037 4984 eo
1076 4930 1210 4999 erigi
1242 4937 1296 4983 et
1328 4929 1453 4982 duci
1487 4929 1552 4982 ad
1598 4944 1675 4983 se.
1708 4927 1843 4983 Cum
1871 4944 1969 4982 au-

402 5029 509 5073 tem
541 5021 882 5090 suscepisset
910 5022 1258 5089 imperatoris
1290 5035 1527 5085 sacram,
1565 5020 1848 5075 osculatus
1889 5030 1973 5076 est

401 5111 767 5179 signaculum,
795 5126 918 5165 cum
950 5110 1182 5164 habebat
1201 5111 1577 5180 pectusculum
1601 5110 1969 5179 imperatoris.

404 5199 687 5270 Susceptis
718 5211 899 5255 autem
932 5209 986 5254 et
1024 5200 1187 5256 donis
1221 5201 1446 5271 gavisus
1488 5207 1571 5255 est
1598 5200 1775 5254 valde.
1802 5199 1972 5254 Porro

400 5309 526 5347 cum
573 5292 794 5363 legisset
832 5308 1070 5357 sacram,
1122 5293 1329 5348 invenit
1371 5302 1428 5347 ut
1457 5308 1515 5348 se
1560 5303 1750 5347 contra
1791 5307 1969 5361 regem

403 5384 689 5439 Persarum
742 5393 1002 5451 armaret,
1051 5395 1103 5439 et
1165 5384 1465 5453 proximam
1518 5384 1623 5438 sibi
1679 5382 1967 5438 Persarum

402 5474 650 5542 perderet
682 5474 984 5543 regionem,
1026 5482 1082 5527 et
1111 5473 1344 5528 ulterius
1385 5488 1507 5528 cum
1542 5472 1725 5527 Persis
1766 5474 1970 5527 l'wdera

404 5582 507 5619 non
562 5567 743 5621 iniret.
784 5565 1046 5621 Protinus
1102 5583 1233 5637 ergo
1280 5566 1512 5620 collecto
1573 5566 1816 5619 exercitu
1876 5580 1967 5619 rex

400 5655 628 5711 .\lt.'l|lil$
655 5671 839 5710 coram
882 5656 1056 5726 legato
1088 5654 1452 5710 Romanorum
1484 5653 1746 5710 adversus
1774 5653 1969 5709 l’etsas

402 5748 642 5816 praélium
689 5747 873 5814 movit,
922 5749 1199 5819 subjectos
1232 5749 1335 5803 sibi
1390 5747 1694 5804 Saracenos
1725 5748 1937 5818 prmmit

397 5856 533 5897 tuus
564 5844 841 5901 Profectus
869 5854 1049 5901 autem
1070 5853 1119 5901 et
1143 5846 1253 5915 ipse
1271 5843 1336 5899 ad
1357 5844 1965 5916 regioneutl‘ersarum,

2067 1988 2167 2049 vit,
2203 2000 2458 2042 asserens
2498 1982 2855 2053 Opprobrium
2905 1994 3029 2037 esse
3079 1980 3182 2036 sub
3223 1978 3403 2035 Persis
3441 1976 3652 2032 solvere

2067 2078 2271 2133 tributa
2320 2077 2640 2130 Romanos:
2676 2082 2965 2144 propterea
3023 2072 3200 2126 locum
3249 2085 3504 2141 magnum
3546 2068 3653 2122 hoc

2070 2170 2362 2225 Persarum
2420 2167 2908 2236 Romanorumque
2963 2164 3170 2235 reperit
3223 2163 3444 2217 bellum.
3481 2160 3652 2215 Porro

2066 2260 2318 2317 Justinus
2346 2260 2684 2316 Marcianum
2725 2258 3040 2328 patricium,
3072 2264 3125 2311 et
3147 2262 3445 2326 cognatum
3485 2268 3650 2309 suum

2070 2362 2355 2422 praetorem
2390 2366 2586 2406 creans
2617 2349 2860 2404 Orientis
2892 2355 3089 2403 contra
3125 2347 3324 2403 Persas
3352 2347 3577 2412 direxit.

2140 2482 2325 2538 Mundi
2357 2498 2504 2538 anno
2530 2481 2693 2547 6065,
2711 2480 2911 2537 divina:
2935 2479 3337 2535 incarnationis
3354 2494 3499 2533 anno
3522 2478 3650 2542 565,

2069 2585 2262 2630 octavo
2288 2574 2508 2645 imperii
2537 2574 2619 2628 sui
2657 2586 2804 2627 anno
2835 2572 3088 2627 Justinus
3142 2570 3454 2626 infirmatus
3486 2580 3571 2625 est
3600 2580 3654 2624 ct

2070 2666 2323 2720 tristatus
2381 2662 2647 2719 adversus
2697 2661 3029 2715 Baduarium
3091 2660 3315 2715 fratrem
3368 2675 3553 2723 suum,
3600 2666 3654 2711 et

2070 2756 2218 2809 hunc
2258 2754 2479 2823 injuriis
2529 2752 2810 2808 laceravit.
2857 2751 3168 2808 Novissime
3224 2766 3356 2819 vero
3400 2749 3656 2821 praecepit

2070 2847 2432 2903 cubiculariis
2475 2848 2675 2917 pugnis
2712 2862 2917 2903 caesum
2952 2847 3188 2902 educere
3240 2846 3392 2899 illum
3435 2844 3488 2897 in
3520 2858 3655 2898 con-

2069 2950 2313 3008 spectum
2346 2938 2567 2994 concilii
2600 2948 2918 2995 senatorum
2953 2956 2966 2993 :
2998 2947 3119 2993 erat
3146 2937 3293 2992 enim
3336 2952 3523 2992 comes
3552 2936 3656 2991 im-

2071 3030 2358 3100 perialinm
2376 3028 2739 3085 stabulorum.
2761 3030 2881 3096 Quo
2904 3038 3188 3100 comperto
3214 3028 3416 3099 Sophia
3438 3028 3654 3084 tristata

2071 3129 2152 3175 est
2193 3130 2249 3175 et
2290 3128 2596 3190 conquesta
2639 3121 2999 3197 imperatori,
3037 3122 3134 3192 qui
3179 3136 3238 3176 se
3284 3121 3562 3190 paenituit,
3603 3132 3658 3175 ct

2070 3214 2411 3270 descendens
2463 3215 2530 3270 ad
2565 3231 2691 3271 eum
2756 3214 2811 3269 in
2854 3215 3131 3270 stabulum
3175 3215 3431 3271 introivit
3471 3215 3656 3271 subito

2072 3322 2197 3361 cum
2235 3307 2535 3377 praeposito
2577 3308 3067 3363 cubiculariorum.
3118 3308 3424 3365 Baduarius
3472 3316 3654 3363 autem

2073 3400 2189 3455 viso
2223 3401 2557 3471 imperatore
2601 3401 2740 3471 fugit
2772 3416 2801 3455 a
2850 3402 2971 3458 loco
3008 3402 3061 3457 in
3098 3401 3304 3467 locum,
3353 3416 3455 3471 per
3491 3417 3658 3472 supc-

2073 3493 2216 3547 riora
2252 3494 2535 3563 praesepis,
2568 3508 2678 3563 pra:
2707 3493 2906 3548 timore
2951 3494 3324 3563 imperatoris.
3359 3494 3459 3549 Ast
3489 3493 3658 3561 impe-

2074 3593 2225 3638 rator
2269 3585 2542 3639 clamabat
2577 3604 2590 3639 :
2624 3584 2828 3654 Adjuro
2878 3595 2926 3639 te
2968 3602 3060 3655 per
3112 3585 3308 3649 Deum,
3354 3584 3523 3653 frater
3559 3586 3655 3651 mi,

2072 3685 2318 3746 exspecta
2364 3693 2465 3731 me.
2514 3678 2581 3730 Et
2616 3692 2743 3732 cum
2781 3678 3148 3743 cucurrisset,
3189 3678 3367 3733 tenuit
3420 3692 3568 3741 eum,
3603 3686 3657 3731 et

2073 3766 2414 3838 amplexatus
2440 3768 2798 3824 deosculatus
2827 3779 2911 3823 est
2940 3770 3119 3833 illum,
3158 3769 3349 3823 dicens
3381 3786 3393 3822 :
3439 3766 3658 3821 Peccavi

2074 3861 2192 3927 tibi,
2223 3859 2393 3920 frater
2428 3861 2524 3924 mi,
2557 3860 2649 3914 sed
2686 3862 2892 3930 suscipe
2922 3877 3000 3914 me
3026 3870 3084 3913 ut
3120 3860 3345 3928 fratrem
3370 3867 3519 3913 tuum
3545 3858 3657 3925 pri-

2073 3972 2215 4008 mum
2247 3967 2296 4010 et
2335 3957 2742 4024 imperatorem:
2778 3972 2843 4011 ea:
2877 3957 3145 4009 diabolica
3181 3957 3321 4010 enim
3353 3954 3659 4024 operatione

2073 4050 2192 4103 novi
2225 4049 2364 4117 quod
2394 4050 2597 4115 factum
2624 4051 2690 4103 sit
2717 4050 2835 4104 hoc.
2864 4049 2967 4115 Qui
3001 4048 3201 4104 cecidit
3232 4048 3297 4101 ad
3321 4046 3487 4116 pedes
3515 4047 3656 4112 ejus,

2073 4152 2126 4197 et
2165 4142 2303 4198 ﬂens
2339 4145 2412 4197 ait
2450 4160 2463 4198 ι
2508 4136 2797 4210 veraciter,
2842 4144 3072 4209 domine,
3110 4152 3422 4213 potestatem
3475 4143 3654 4197 habes.

2086 4233 2451 4289 Verumtamen
2474 4235 2526 4288 in
2552 4236 2834 4303 pra’sentia
2867 4245 3080 4289 senatus
3112 4234 3434 4304 deformasti
3451 4252 3656 4289 servum

2077 4338 2243 4381 tuum.
2316 4329 2493 4389 Modo,
2565 4328 2795 4391 domine,
2860 4329 2939 4381 Itis
3018 4329 3277 4382 rationem
3341 4327 3517 4383 redde.
3593 4328 3659 4381 Et

2075 4421 2398 4476 ostendebat
2433 4422 2479 4476 ei
2511 4436 2702 4495 equos.
2728 4424 2795 4473 At
2817 4436 2945 4475 vero
2980 4421 3279 4489 imperator
3302 4420 3654 4490 rogaviteum

2077 4527 2263 4567 secum
2310 4512 2665 4572 manducare.
2698 4521 2751 4565 ct
2795 4511 3067 4581 pacificati
3103 4519 3255 4565 sunt.
3299 4509 3502 4565 Eodem
3528 4525 3660 4564 vero

2007 4598 2049 4653 ἰ)
2078 4620 2224 4659 anno
2259 4604 2461 4660 factum
2491 4604 2805 4659 estbellum
2837 4605 2987 4657 circa
3030 4601 3342 4672 Sargathon
3384 4603 3659 4657 Romano-

2079 4714 2198 4753 rum
2250 4705 2415 4769 atque
2469 4696 2757 4751 Persarum
2807 4711 3088 4764 magnum,
3141 4702 3201 4749 et
3247 4696 3497 4750 vicerunt
3545 4691 3657 4746 Ro-

2082 4790 2249 4873 mani.

2150 4903 2307 4958 Nono
2342 4920 2487 4957 anno
2518 4902 2729 4972 imperii
2763 4901 2969 4957 J'ustini
3004 4901 3299 4955 llormisda
3326 4916 3420 4954 rex
3461 4899 3658 4955 Persa.-

2078 5009 2196 5048 rmn
2232 4996 2596 5048 Ardamenum
2631 4994 2827 5047 ducem
2862 4991 3157 5047 Persarum
3191 4991 3461 5045 ordinans
3508 4993 3660 5046 misit

2077 5087 2449 5142 Romanorum
2471 5086 2752 5157 regionem
2774 5070 3105 5156 'dcpopulari
3132 5102 3151 5151 ;
3178 5084 3272 5155 qui
3294 5084 3469 5153 praeda
3490 5082 3659 5136 multa

2074 5189 2235 5253 capta
2283 5197 2539 5238 reversus
2570 5180 2676 5237 est.
2728 5180 2847 5247 Quo
2880 5189 3166 5251 comperto
3203 5178 3479 5240 Justinus,
3528 5191 3661 5231 con-

2078 5282 2358 5329 sternatus
2381 5275 2524 5329 mole
2566 5274 2923 5337 calamitatis,
2967 5273 3111 5343 capti
3176 5286 3377 5327 sensus
3426 5269 3659 5339 languo-

2079 5348 2493 5435 reu'rincurrit,
2541 5374 2596 5419 et
2651 5374 2869 5435 pactum
2916 5364 3097 5419 facere
3146 5363 3284 5433 petit
3331 5359 3659 5424 llormisdze,

2074 5462 2164 5531 qui
2195 5460 2247 5515 id
2280 5460 2396 5515 fieri
2427 5474 2571 5513 anno
2604 5440 2909 5514 consensit:

2147 5571 2333 5627 Mundi
2366 5585 2512 5626 anno
2540 5570 2702 5635 6067,
2726 5570 2925 5625 divinae
2944 5566 3344 5624 incarnationis
3366 5581 3510 5620 anno
3528 5564 3653 5626 567,

2074 5664 2323 5718 Justinus
2355 5664 2652 5732 imperator
2679 5661 2955 5716 Tiberium
2991 5661 3247 5716 comitem
3274 5658 3656 5713 excubitorum

2077 5760 2179 5812 sibi
2212 5759 2379 5812 lilium
2438 5756 2643 5811 faciens
2678 5756 2948 5811 Caesarem
2986 5742 3308 5823 appellavit,
3343 5762 3397 5807 et
3432 5765 3659 5808 censes.-

2078 5866 2255 5905 set'em
2283 5864 2441 5905 suum
2476 5849 2762 5904 constituit
2814 5857 2923 5901 tatu
2962 5848 3015 5901 in
3048 5844 3455 5917 llippodrotniis
3490 5858 3655 5912 quam
