4440 6446
796 343 919 408 12⁸71

1867 349 1959 403 ΑΝ
1971 343 2269 404 ASTASH
2334 346 2405 406 Bl
2422 347 2839 409 BLIOTIIECA
2850 352 2927 409 Ri
2942 351 2963 409 Ι

3903 356 4042 416 1272

3936 390 4041 418 Jul-'-

791 462 846 513 in
879 458 1076 512 diebus
1106 454 1439 527 insignibus.
1474 456 1604 509 Erat
1652 466 1831 510 autem
1874 459 2170 525 imperator
2206 458 2361 525 pedi-
2390 468 2437 521 Α
2468 458 2721 515 Tiberius
2742 462 2961 517 mittens
2981 462 3136 517 duxit
3164 465 3510 521 Anastasiam
3534 465 3822 536 conjugem
3852 481 4034 527 suam,

791 549 893 606 bus
920 557 1131 619 captus,
1165 562 1227 602 ac
1258 562 1352 619 per
1385 550 1487 602 hoc
1519 548 1690 618 magis
1724 550 1779 603 in
1817 548 2015 603 lectulo
2039 548 2249 618 jacens.

868 642 1167 697 Undecimo
1200 641 1415 711 imperii
1460 643 1545 695 sui
1576 660 1720 698 anno
1760 644 2068 698 construxit
2108 643 2358 702 Justinus

795 750 1047 805 magnum
1068 736 1446 806 autizeductum
1475 734 1746 801 Valentis,
1780 745 1831 792 et
1864 736 2095 807 largitus
2124 747 2209 793 est
2236 738 2358 793 urbi

790 827 1155 898 dapsilitatem
1195 843 1485 898 aquarum.

863 921 1200 977 Duodecimo
1223 923 1446 993 imperii.
1472 923 1556 979 sui
1602 939 1746 979 anno
1785 924 2037 981 Justinus
2063 925 2359 995 imperator

792 1027 1124 1081 synagogam
1162 1012 1536 1077 Hebraeorum,
1591 1030 1711 1084 quae,
1740 1024 1860 1070 erat
1889 1015 2360 1086 Constantinopoli

794 1103 850 1157 in
886 1103 1307 1173 Chalcopratiis,
1367 1104 1604 1159 ablatam
1658 1106 1727 1159 ab
1770 1105 1851 1159 eis
1897 1104 2025 1159 fecit
2075 1105 2361 1159 ecclesiam

796 1190 1255 1250 Domiuresanctte
1288 1204 1487 1251 nostrae
1517 1197 1608 1252 Dei
1634 1196 1931 1253 Geuitricis
1953 1215 1967 1260 ;
1993 1214 2117 1268 qua:
2153 1197 2364 1268 Magna:

795 1285 1037 1354 proxima
1066 1295 1151 1341 est
1178 1286 1445 1342 ecclesiae.

866 1375 1271 1433 Tertiodecimo
1297 1378 1508 1446 imperii
1538 1376 1739 1433 Justini
1770 1395 1936 1447 anno,
1977 1379 2186 1435 Joanne
2215 1380 2362 1435 Con-

794 1470 1285 1539 stantinopolitano
1317 1469 1575 1525 defuncto
1611 1471 1891 1541 episcopo,
1943 1472 2241 1542 Eutychius
2276 1488 2363 1527 re-

793 1565 938 1632 cepit
977 1563 1174 1618 iterato
1209 1564 1463 1617 thronum
1496 1564 1749 1618 eundem.
1796 1565 1865 1616 At
1901 1580 2030 1618 vero
2070 1565 2366 1633 imperator

796 1655 1191 1722 inlirmatus,et
1212 1656 1510 1723 pauxillum
1545 1670 1573 1709 a
1599 1657 1859 1725 languore
1882 1656 2171 1718 demissus,
2204 1655 2367 1711 advo-

795 1746 938 1799 cavit
977 1754 1087 1800 tam
1133 1748 1442 1817 pontificem
1473 1754 1527 1801 et
1561 1758 1811 1801 senatum
1849 1762 2012 1816 quam
2047 1761 2240 1801 omnes
2273 1762 2364 1800 sa-

794 1838 1047 1893 cerdotes
1078 1848 1130 1893 et
1160 1839 1329 1903 cives,
1378 1849 1429 1892 et
1466 1838 1704 1893 adducto
1760 1839 1977 1893 Caesare
2022 1837 2245 1893 Tiberio
2274 1853 2369 1907 pa-

798 1931 901 1983 lam
960 1930 1216 1985 omnibus
1268 1930 1563 1999 appellavit
1618 1945 1741 1984 eum
1806 1929 2241 1999 imperatorem,
2284 1930 2370 1985 his

795 2021 1144 2078 sermonibus
1196 2038 1327 2078 usus
1369 2041 1382 2076 :
1430 2021 1562 2075 Ecce
1606 2020 1764 2086 Deus,
1820 2022 1909 2090 qui
1965 2022 2214 2088 tumefecit
2253 2022 2366 2075 tibi.

799 2113 954 2169 Hunc
974 2114 1210 2169 habitum
1242 2114 1378 2169 Deus
1417 2114 1511 2183 tibi
1546 2115 1711 2181 dedit,
1754 2131 1854 2167 non
1901 2128 2035 2182 ego:
2075 2114 2276 2168 honora
2305 2115 2372 2167 il-

796 2208 929 2272 lum,
963 2216 1018 2261 ut
1038 2217 1091 2260 tu
1123 2225 1322 2279 quoque
1344 2208 1615 2261 honoreris
1647 2209 1710 2260 ab
1738 2208 1869 2275 ipso.
1902 2206 2120 2261 Honora
2150 2217 2373 2260 matrem

799 2313 968 2365 timur,
1009 2318 1125 2370 qua!
1174 2302 1460 2370 aliquando
1504 2310 1595 2355 tua
1634 2302 1851 2355 domina
1882 2301 2006 2370 fuit.
2040 2299 2201 2355 Nosti
2234 2300 2370 2371 quod

796 2396 1022 2463 primum
1054 2397 1167 2463 ejus
1213 2412 1389 2449 servus
1435 2396 1623 2465 fueris,
1676 2412 1810 2448 nunc
1858 2406 2033 2449 autem
2084 2396 2249 2461 ﬁlius.
2292 2393 2372 2448 Ne

796 2488 1080 2556 gratuleris
1110 2488 1162 2540 in
1189 2488 1532 2558 sanguinibus
1549 2506 1567 2555 ;
1604 2505 1665 2542 ne
1689 2488 2041 2542 communices
2074 2488 2128 2540 in
2155 2487 2374 2541 hontici-

796 2581 920 2647 dio;
959 2596 1021 2634 ne
1050 2581 1248 2633 malum
1268 2596 1360 2648 pro
1393 2581 1533 2635 malo
1560 2580 1780 2643 reddas;
1819 2596 1880 2633 ne
1923 2580 1974 2633 in
2018 2580 2160 2632 malo
2192 2579 2375 2631 inimi-

798 2675 937 2727 citia:
975 2674 1171 2727 similis
1216 2675 1344 2727 mihi
1395 2673 1671 2742 efﬁciaris.
1724 2674 1834 2741 Ego
1868 2674 2030 2736 enim,
2087 2681 2143 2724 ut
2196 2673 2370 2733 homo.

799 2766 1009 2833 culpavi
1040 2783 1057 2820 .'
1089 2768 1278 2821 etenim
1328 2777 1377 2820 et
1413 2766 1693 2835 culpabilis
1741 2765 1915 2834 factus
1958 2780 2095 2829 sum,
2120 2776 2169 2817 et
2208 2763 2376 2827 recepi

799 2862 1083 2913 secundum
1109 2867 1323 2927 peccata
1351 2875 1506 2923 mea;
1547 2858 1636 2913 sed
1668 2874 1886 2911 causam
1922 2856 2120 2910 habebo
2147 2872 2262 2909 cum
2294 2855 2373 2909 his

799 2951 891 3019 qui
918 2950 1015 3005 hoc
1058 2950 1189 3004 mihi
1238 2951 1497 3019 fecerunt,
1540 2958 1661 3003 ante
1696 2950 1933 3002 tribunal
1981 2947 2199 3004 Christi.
2251 2946 2376 3003 Non

800 3042 957 3096 cieret
986 3051 1033 3096 te
1054 3043 1138 3096 hic
1166 3043 1376 3096 habitus
1416 3042 1858 3112 quemadmodum
1899 3057 1998 3094 me.
2049 3038 2137 3094 Sic
2170 3040 2377 3093 attende

803 3135 1045 3188 omnibus
1074 3136 1211 3188 sicut
1247 3134 1364 3187 tibi.
1410 3133 1554 3188 Scito
1586 3133 1712 3204 quid
1751 3133 1934 3202 fueris,
1982 3143 2027 3186 et
2066 3134 2184 3202 quis
2223 3131 2376 3185 modo

802 3230 1048 3281 exsistas.
1087 3225 1171 3281 Ne
1195 3226 1493 3296 superbius,
1529 3235 1579 3280 et
1614 3242 1716 3279 non
1754 3226 2016 3293 peccabis.
2073 3222 2233 3276 Nosti
2262 3224 2377 3293 quis

805 3322 995 3389 fuerim
1022 3330 1068 3375 et
1098 3322 1213 3389 quis
1248 3320 1422 3389 factus
1464 3319 1757 3373 exstiterim
1792 3328 1840 3371 et
1870 3318 2145 3372 exsistam.
2188 3316 2378 3371 Omnes

804 3411 900 3466 isti
922 3410 1023 3479 ﬁlii
1053 3412 1129 3463 tui
1159 3420 1279 3463 sunt
1300 3418 1348 3462 et
1376 3409 1531 3469 servi.
1550 3406 1662 3462 Scis
1678 3408 1814 3477 quod
1830 3424 1940 3476 pra:
1956 3406 2235 3460 visceribus
2254 3406 2379 3459 meis

807 3504 1170 3559 honoraverim
1204 3512 1270 3556 te.
1295 3500 1408 3555 llos
1440 3517 1559 3554 cum
1587 3500 1784 3565 videas,
1834 3516 2009 3552 omnes
2033 3500 2121 3566 qui
2150 3507 2271 3551 sunt
2306 3498 2381 3549 rei

806 3597 1028 3663 publica:
1056 3595 1218 3649 vides.
1264 3592 1487 3647 Intende
1519 3591 1681 3644 militi
1725 3600 1836 3644 tuo.
1872 3588 1952 3643 Ne
1988 3590 2181 3643 milites
2212 3588 2382 3642 susci-

808 3691 945 3757 pias,
981 3705 1041 3742 ne
1069 3688 1250 3740 dicant
1288 3686 1381 3739 tibi
1409 3686 1623 3756 quidam
1651 3685 1777 3753 quia
1815 3684 2056 3736 decessor
2106 3692 2224 3734 tuus
2257 3681 2382 3732 tali-

812 3793 890 3835 ter
922 3790 1257 3836 conversatus
1292 3789 1389 3833 est.
1430 3777 1558 3831 [lac
1578 3778 1713 3830 enim
1751 3775 1888 3837 dico,
1923 3793 1952 3826 α
1976 3773 2160 3843 quibus
2193 3788 2380 3840 passus

811 3894 946 3931 sum.
978 3878 1082 3943 Qui
1108 3876 1299 3929 habent
1334 3874 1687 3932 substantias.
1713 3872 1965 3940 fruantur
2001 3870 2074 3923 eis
2104 3886 2120 3922 :
2160 3868 2242 3920 his
2266 3884 2381 3920 vero

812 3973 903 4038 qui
938 3989 1038 4025 non
1085 3971 1383 4033 habuerint,
1434 3968 1595 4022 dona.
1648 3966 1712 4019 Et
1757 3965 1898 4019 facta
1937 3962 2184 4017 oratione
2226 3975 2253 4013 a
2288 3977 2383 4029 pa-

814 4065 1076 4126 triarcha,
1114 4078 1237 4117 cum
1279 4059 1550 4115 dixissent
1582 4074 1795 4119 omnes,
1816 4058 2011 4119 Amen,
2041 4053 2240 4108 cecidit
2268 4051 2384 4104 Cre-

817 4172 909 4211 sar
938 4156 1002 4209 ad
1037 4154 1202 4223 pedes
1243 4150 1616 4221 imperatoris,
1658 4159 1711 4204 et
1742 4148 1881 4202 dixit
1904 4147 1951 4200 ei
1982 4164 1994 4199 :
2024 4144 2086 4199 Si
2116 4146 2208 4207 vis,
2247 4160 2385 4207 sum,

816 4252 862 4303 si
907 4266 1008 4302 non
1040 4249 1133 4311 vis,
1170 4263 1272 4299 non
1318 4261 1455 4297 sum.
1498 4242 1564 4296 Et
1601 4243 1899 4312 imperator
1946 4240 2019 4292 ait
2055 4256 2068 4291 :
2104 4236 2265 4297 Deus,
2298 4238 2387 4305 qui

819 4342 941 4408 fecit
970 4339 1156 4393 ca’lum
1186 4347 1233 4390 et
1268 4349 1484 4399 terram,
1507 4335 1615 4402 ipse
1642 4334 1818 4385 omnia
1854 4349 1969 4393 qua:
1994 4330 2164 4384 dicere
2194 4327 2386 4381 oblitus

817 4449 952 4493 sunt,
980 4431 1029 4482 in
1066 4444 1155 4481 cor
1180 4438 1324 4479 tuum
1375 4426 1648 4478 immittat.
1684 4422 1854 4476 Porro
1886 4437 2010 4474 cum
2052 4419 2164 4472 hinc
2200 4426 2390 4487 prose-

2461 560 2515 605 et
2568 552 2854 606 coronavit
2906 568 3028 607 eam
3082 564 3405 625 Augustam,
3461 566 3515 613 et
3565 556 3795 625 jactavit
3846 572 4037 627 rogatu

2463 640 2713 697 multam.

2534 732 2788 789 Secundo
2821 736 3033 804 imperii
3065 735 3270 791 Tiberii
3310 751 3456 791 anno
3504 737 3852 792 Alexandria:
3892 737 4041 791 anti-

2465 834 2577 881 stes
2605 826 2839 881 habetur
2866 827 3113 881 ecclesiae
3142 828 3423 897 Eulogius.
3453 828 3599 884 Misit
3631 830 3839 883 interea
3867 829 4040 897 impe-

2464 925 2616 969 rator
2667 915 2919 972 Tiberius
2984 919 3050 972 ad
3122 934 3303 988 regem
3372 917 3662 975 Persarum
3730 919 4038 975 secundum

2466 1024 2699 1074 morem,
2737 1012 3000 1065 nuntians
3039 1011 3438 1080 promotio’uem
3480 1028 3672 1076 suam;
3705 1026 3815 1080 quo
3846 1026 4036 1079 pacem

2468 1120 2575 1158 non
2617 1104 2938 1160 admittente
2970 1105 3228 1161 Tiberius
3266 1121 3492 1177 magnas
3528 1107 3759 1160 virtutes
3802 1121 4039 1174 congre-

2466 1199 2635 1266 gavit,
2668 1208 2722 1253 et
2764 1200 3137 1254 disseminatis
3167 1200 3333 1269 regiis
3366 1198 3640 1254 thesauris
3676 1199 3876 1254 multos
3908 1199 4041 1254 fecit

2466 1290 2777 1355 exercitus,
2855 1305 3049 1346 creans
3118 1292 3439 1362 magistrum
3505 1291 3737 1344 militum
3798 1289 4040 1346 Orientis

2467 1380 2759 1447 quemdam
2795 1379 3193 1437 Iustinianum.

2540 1472 2726 1525 Tertio
2758 1473 2970 1541 imperii
2999 1472 3206 1528 Tiberii
3244 1488 3388 1527 anno
3428 1489 3520 1528 rex
3559 1473 3847 1528 Persarum
3886 1489 4042 1527 sum-

2472 1566 2576 1635 ptis
2601 1565 2894 1618 virtutibus
2922 1564 3036 1618 suis
3065 1566 3117 1617 in
3151 1564 3464 1617 Armeniam
3490 1574 3762 1631 properat.
3796 1562 4045 1616 Audiens

2472 1667 2650 1711 autem
2692 1655 3069 1711 Romanorum
3121 1656 3233 1710 dux
3281 1672 3459 1727 regem
3492 1656 3781 1710 Persarum
3821 1670 3915 1725 per
3959 1668 4047 1708 se-
4082 1696 4089 1701 .

2472 1752 2763 1817 metipsum
2822 1750 3068 1820 prmlium
3125 1750 3411 1810 initurum,
3469 1748 3757 1817 expeditus
3811 1747 4047 1802 ellcctus

2470 1851 2573 1897 e:t.
2612 1842 2799 1895 Timor
2828 1842 2972 1896 enim
3010 1841 3294 1911 ingressus
3330 1851 3413 1895 est
3457 1841 3508 1893 in
3545 1840 3805 1909 pepulnm
3840 1837 4047 1891 Roma-

2474 1951 2689 1997 norum,
2726 1940 2780 1988 et
2816 1932 3020 1988 idcirco
3060 1933 3412 1988 Justiniauus
3458 1932 3522 1984 ad
3563 1936 3795 1986 virtutes
3838 1946 4049 1985 sermo-

2473 2026 2635 2081 nibus
2677 2042 2811 2080 usus
2862 2026 3205 2095 compescuit
3260 2024 3574 2077 formidinis
3611 2037 3873 2093 pugnam.
3908 2020 4047 2075 Cum

2473 2127 2653 2173 autem
2701 2118 2901 2172 bellum
2950 2117 3103 2171 ﬁeret
3145 2126 3198 2169 et
3249 2117 3529 2185 sagittatio
3575 2115 3866 2169 Persarum
3904 2113 4048 2167 facta

2479 2210 2645 2263 multa
2677 2209 2893 2274 luisset,
2924 2211 2995 2263 ita
3022 2218 3080 2262 ut
3105 2209 3269 2264 etiam
3306 2210 3515 2263 Solarcs
3549 2207 3685 2260 radii
3713 2208 4047 2267 celarentur,

2474 2303 2602 2357 dum
2626 2303 2881 2357 videlicet
2910 2301 3139 2357 Romani
3176 2302 3365 2370 clipeis
3390 2300 3595 2370 jacula,
3631 2316 3753 2368 qua:
3791 2313 3858 2351 ex
3884 2312 4051 2350 arcu-

2477 2395 2580 2447 bus
2615 2393 2999 2457 mittebantur,
3034 2392 3373 2446 continuatis
3413 2392 3684 2462 projicere
3719 2390 4048 2443 niterentur.

2473 2486 2608 2541 (ium
2688 2497 2867 2540 autem
2926 2484 3199 2555 profunda
3266 2486 3599 2541 consisteret
3676 2483 4048 2537 Romanorum

2476 2579 2646 2641 acies,
2697 2577 2878 2634 Persa:
2923 2578 3066 2633 ferre
3128 2593 3233 2632 non
3284 2585 3560 2648 poterant,
3612 2578 3707 2632 sed
3760 2577 3811 2629 in
3870 2575 4049 2644 fugant

2476 2670 2712 2723 vertitur
2748 2669 3175 2741 Babyloniorum
3227 2678 3470 2734 caterva,
3505 2678 3558 2722 et
3594 2669 3869 2721 intereunt
3910 2667 4050 2718 mul-

2478 2762 2745 2818 titudines
2788 2764 3049 2832 copiosae.
3086 2763 3382 2833 Accipiunt
3419 2761 3625 2815 interea
3665 2768 3719 2814 ct
3761 2757 4049 2814 Persarum

2476 2854 2867 2925 supellectilem
2911 2864 2966 2909 ct
3008 2855 3219 2925 regium
3315 2854 3734 2909 tabernaculum
3770 2861 4052 2919 totumque

2479 2946 2848 3001 clarissimum
2885 2958 3229 3017 apparatum.
3264 2945 3477 3002 Tenent
3507 2956 3686 3000 autem
3715 2954 3768 2998 et
3794 2945 4054 3012 elephan-

2483 3048 2564 3093 tcs
2604 3038 2859 3105 Romani,
2913 3051 2965 3093 et
3016 3039 3082 3093 ad
3119 3038 3400 3094 Tiberium
3446 3038 3671 3091 tnittunt
3707 3036 3949 3104 insignes
4001 3042 4057 3089 et

2406 3171 2448 3229 Ο
2482 3134 2667 3202 regias
2703 3133 2825 3186 illas
2872 3133 3120 3187 exuvias.
3157 3133 3345 3202 Itaque
3380 3132 3552 3201 legem
3586 3130 3738 3200 ponit
3765 3127 4053 3182 Persarum

2482 3240 2615 3290 rex,
2684 3224 3067 3280 confusionem
3144 3241 3251 3277 non
3326 3225 3548 3289 ferens,
3612 3237 3888 3289 nunquam
3940 3217 4054 3289 jam

2482 3316 2774 3371 Persarqu
2813 3332 2996 3387 regem
3042 3317 3095 3370 in
3132 3318 3376 3385 prmlium
3408 3329 3788 3385 egressurum.
3829 3314 3897 3365 At
3928 3324 4056 3362 vero

2483 3409 2766 3463 Romanus
2790 3410 3065 3464 exercitus
3096 3408 3336 3463 Persicis
3373 3408 3570 3475 adjecit
3595 3405 3877 3467 :crumnis,
3906 3412 3956 3456 et
3990 3400 4056 3453 ad

2485 3502 2675 3555 intima
2719 3500 2960 3555 Persidis
2991 3500 3325 3571 preperavit,
3378 3508 3432 3552 et
3478 3498 3709 3551 multum
3757 3497 3867 3549 iilic
3910 3496 4056 3549 exci-

2484 3599 2635 3653 dium
2672 3611 2725 3651 ct
2751 3598 3123 3666 captivitatem
3156 3595 3414 3665 patravit,
3451 3592 3775 3662 perveniens
3805 3591 3967 3643 etiam
4001 3591 4054 3642 in

2486 3690 2723 3747 medium
2761 3692 3019 3760 llyrcanii
3057 3691 3245 3742 maris.
3282 3688 3417 3741 Cum
3461 3694 3638 3737 autem
3672 3684 3861 3753 hycnis
3902 3683 4060 3734 adi-s-

2490 3792 2594 3846 set,
2628 3798 2731 3836 non
2778 3787 3163 3836 remeaverunt
3195 3778 3437 3844 Quirites
3486 3777 3552 3829 ad
3586 3776 3831 3844 propria.
3869 3773 3957 3825 sed
4004 3774 4055 3824 ia

2488 3875 2711 3931 Perside
2743 3875 2989 3945 hycmem
3022 3880 3429 3941 trauscgerunt.
3480 3870 3647 3923 Porro
3674 3867 3866 3921 eodem
3915 3880 4060 3917 anim

2488 3968 2656 4038 cmpit
2691 3966 2962 4020 aedificare
3001 3963 3252 4017 Tiberius
3286 3962 3566 4029 publicum
3606 3958 4056 4013 Blachcruarum.

2487 4068 2542 4115 et
2586 4056 2869 4112 renovavit
2926 4056 3127 4110 multas
3180 4054 3444 4108 ecclesias
3506 4062 3559 4105 et
3613 4049 3947 4104 venodochm
4008 4058 4061 4099 rt

2488 4149 2934 4219 gerontocomia,
2985 4146 3265 4215 jussitque
3315 4161 3373 4199 se
3422 4145 3588 4199 scribi
3647 4144 3698 4195 in
3759 4141 4061 4209 phocaacuis

2491 4245 2687 4299 litteris
2719 4242 3000 4296 Tiberium
3032 4238 3479 4293 Constantinum.

2558 4335 2765 4400 Quarto
2798 4332 3011 4403 imperii
3044 4330 3247 4385 Tiberii
3290 4344 3433 4383 anno
3484 4338 3734 4380 mortuus
3776 4334 3859 4378 est
3902 4325 4061 4391 Euty-

2490 4428 2649 4481 chius
2697 4424 3031 4492 patriarcha,
3077 4433 3125 4475 et
3178 4432 3459 4489 promotus
3510 4430 3593 4472 est
3646 4427 3767 4486 post
3799 4416 3915 4469 dies
3968 4430 4061 4467 sex

819 4532 1081 4592 queretur
1114 4515 1986 4590 imperatormeplcbatlacrymis
2026 4521 2199 4566 totum
2227 4511 2467 4570 collc-D
2502 4519 2739 4573 Joannes
2795 4514 3118 4583 Jejnnator,
3188 4513 3400 4581 Magna:
3454 4510 3695 4563 ecclesia.-
3774 4505 4059 4559 diaconus.

820 4620 989 4683 gium.
1018 4612 1171 4679 Quod
1224 4627 1348 4664 cum
1385 4611 1622 4665 solutum
1678 4608 1894 4669 fuisset,
1951 4604 2202 4657 Tiberius
2245 4602 2386 4656 dona

823 4706 1061 4763 subditis
1091 4706 1399 4774 impertitus
1430 4711 1534 4761 est,
1554 4710 1605 4755 et
1632 4715 1970 4771 qua-cunque
2002 4699 2053 4750 in
2097 4697 2392 4766 imperato-

827 4805 900 4856 ris
930 4797 1390 4869 appellationibus
1426 4793 1597 4848 moris
1624 4792 1917 4846 exsistunt.

897 4890 1081 4945 Mundi
1108 4902 1252 4943 anno
1274 4886 1404 4940 607i
1421 4927 1434 4949 ,
1461 4884 1657 4938 divinae.
1680 4880 2071 4935 incarnationis
2096 4893 2240 4932 anno
2264 4879 2393 4937 571.

829 4986 1102 5052 imperare
1157 4980 1323 5048 coepit
1368 4975 1623 5031 Tiberius
1672 4973 1959 5027 redimitus
2010 4972 2077 5025 ab
2128 4969 2397 5040 Eutychio

830 5074 1177 5146 patriarcha,
1236 5087 1359 5125 cum
1411 5078 1560 5126 esset
1614 5077 1668 5122 et
1740 5067 1857 5135 ipse
1942 5079 2139 5135 genere
2191 5062 2398 5116 Thrax.

828 5171 1077 5237 Cumque
1121 5168 1447 5235 imperaret,
1476 5161 1788 5216 clamabant
1834 5166 2017 5228 partes
2056 5174 2069 5210 :
2108 5157 2401 5210 Anastasia

835 5266 1097 5330 Augusta,
1149 5268 1203 5308 tu
1235 5257 1437 5308 vincas.
1469 5252 1650 5317 Salva,
1696 5252 1933 5316 domine,
1968 5266 2100 5320 quos
2146 5250 2403 5317 imperare

824 5351 1064 5420 jussisti.
1134 5346 1377 5401 Audiens
1447 5353 1627 5397 autem
1683 5342 1885 5411 SOphia
1940 5340 2145 5396 Justini
2198 5339 2399 5409 conjux

836 5456 1099 5513 percussa
1142 5450 1227 5493 est
1262 5438 1445 5491 animo
1477 5454 1489 5491 :
1518 5436 1733 5491 volehat
1781 5450 2015 5504 namque
2062 5434 2266 5487 nubere
2308 5431 2403 5485 Ti-

837 5536 989 5590 berio
1014 5542 1067 5586 ct
1092 5544 1415 5601 permanere
1447 5527 1692 5598 Augusta
1725 5546 1736 5581 :
1767 5527 2046 5581 nesciebat
2086 5525 2229 5578 cnim
2259 5524 2401 5592 quod

837 5628 1064 5682 haberet
1094 5638 1345 5679 uxorem.
1396 5620 1629 5687 Quidam
1667 5628 1847 5674 autem
1881 5619 2134 5674 dicebant
2163 5617 2305 5689 quod
2351 5624 2404 5672 et

839 5716 894 5768 in
926 5713 1034 5766 vita
1066 5710 1263 5766 Justini
1300 5710 1605 5766 adamicata
1647 5710 1808 5764 fuerit
1836 5710 1906 5773 ei,
1942 5718 1995 5763 ct
2026 5706 2141 5778 ipsa
2180 5724 2404 5778 persua-

840 5808 973 5863 sr‘ril
1028 5805 1247 5863 Iustino
1298 5815 1356 5861 ut
1415 5822 1537 5861 cum
1595 5805 1859 5859 Cmsarcm
1923 5804 2141 5859 faceret.
2202 5802 2402 5857 Verum

2493 4609 2797 4678 Imperator
2831 4615 3013 4659 autem
3039 4603 3294 4657 Tiberius
3331 4602 3539 4671 emptis
3570 4600 3897 4670 corporibus
3933 4612 4064 4666 gen-

2495 4700 2672 4753 tilium
2734 4696 3021 4750 constituit
3077 4694 3328 4747 militiam
3383 4693 3437 4745 in
3497 4707 3692 4745 nomen
3746 4688 4063 4759 proprium,

2498 4792 2763 4845 amiciens
2796 4797 2849 4844 ct
2883 4803 3101 4842 armans
3136 4801 3231 4841 eos
3263 4786 3314 4837 in
3359 4784 3527 4837 millia
3555 4783 3775 4851 quindei
3798 4782 3888 4843 im,
3932 4780 4068 4834 dans

2497 4887 2577 4941 eis
2623 4884 2819 4938 ducem
2870 4881 3192 4935 Mauriciqu
3249 4878 3501 4933 comitem
3552 4876 3961 4933 fwdct'a‘torutn,
4012 4883 4067 4925 ct
4114 4918 4123 4923 .

2502 4978 2803 5034 subducem
2853 4974 3085 5038 Nursen,
3135 4980 3189 5026 et
3241 4972 3391 5025 misit
3439 4984 3535 5023 eos
3599 4976 3790 5021 contra
3852 4964 4064 5018 Persas.

2502 5070 2655 5125 Bello
2704 5074 2884 5123 autem
2938 5066 3082 5119 facto
3117 5077 3313 5133 magno
3352 5062 3528 5115 valide
3562 5059 3792 5117 Romani
3835 5060 4068 5111 victores

2504 5165 2849 5226 cﬂiciuntur,
2902 5170 2956 5215 et
3004 5161 3351 5215 abstulerunt
3401 5171 3428 5208 a
3474 5154 3659 5207 Persis
3691 5142 3965 5204 .civitates
4015 5164 4068 5205 et

2506 5258 2783 5326 regiones,
2815 5268 2953 5321 quas
2979 5251 3081 5305 sub
3115 5249 3425 5303 Justiniano
3451 5251 3711 5313 ceperant
3751 5250 3803 5293 et
3830 5238 4066 5293 Justino.

2507 5350 2711 5404 Abiens
2751 5355 2935 5401 autem
2976 5343 3272 5397 Mauricius
3303 5334 3835 5402 Constantinopolim
3879 5345 4068 5386 susce-

2508 5450 2632 5505 ptus
2677 5448 2761 5492 cst
2808 5438 2875 5489 ah
2926 5437 3255 5503 imperatore
3306 5445 3429 5483 cum
3479 5426 3686 5495 ingenti
3745 5425 3971 5483 honore,
4018 5430 4070 5473 et

2508 5526 2806 5598 publicavit
2836 5524 3092 5576 Tiberius
3128 5518 3386 5572 victorias
3421 5512 3689 5575 Mauricii,
3719 5520 3768 5564 et
3810 5524 4067 5581 generum

2511 5621 2655 5674 hunc
2691 5616 2909 5669 admisit
2944 5615 3010 5667 ad
3044 5610 3458 5666 Constantinam
3493 5605 3657 5657 filiam
3696 5617 3872 5657 suam.
3908 5601 4071 5653 Simi-

2512 5711 2635 5765 litcr
2673 5720 2725 5763 ct
2756 5709 3029 5763 Germano
3061 5702 3281 5774 prazluri
3315 5698 3497 5767 iunxit
3534 5695 3699 5749 filiam
3734 5708 3889 5748 suam
3927 5690 4068 5745 Cha-

2514 5802 2655 5857 rito.
2724 5808 3013 5865 utrum-pn-
3073 5797 3341 5851 Czcsarcm
3412 5803 3623 5843 crcaus.
3686 5784 3866 5839 δικ-ηδτ
3944 5800 4071 5835 \tiu
