4440 6446
389 357 521 424 1273

1169 368 1528 429 HISTORIA
1570 370 2140 431 ECCLESIASTICA
2183 373 2281 432 EX
2309 374 2790 436 ’ΠΙΕΟΡΠᾹΝΕ

3491 374 3626 437 1274

380 480 624 544 Augusto
650 492 798 530 mora
835 480 1127 534 comedens
1162 484 1450 544 matutina,
1497 487 1616 540 visu
1646 487 1811 556 digna
1850 484 1942 540 sed
1977 490 2023 547 Α
2052 488 2293 553 ducenti,
2324 499 2375 545 et
2411 494 2462 547 in
2500 493 2646 547 hunc
2684 494 2899 548 irruens
2934 500 2987 547 et
3019 493 3387 563 captivitatem
3424 493 3626 561 eripuit

380 579 657 636 uti-rupta,
686 571 889 638 pthisin
917 573 1168 628 incurrit.
1207 575 1269 627 Et
1295 593 1416 629 cum
1448 588 1592 631 esset
1623 579 1949 644 moriturus,

379 660 554 713 accito
596 662 909 730 patriarcha
944 663 1156 721 Joanne
1209 675 1372 735 atque
1413 681 1606 723 senatu
1669 687 1775 725 una
1827 686 1950 726 cum

382 754 615 816 militiis,
662 756 715 809 in
751 757 1109 813 trilnmatium
1150 761 1344 815 lectica
1392 772 1478 816 est
1515 764 1869 832 deportatus;
1899 773 1954 818 et

380 846 506 914 quia
546 848 693 918 loqui
732 865 841 904 non
883 860 1136 920 poterat,
1168 869 1262 921 per
1308 857 1799 924 cpanagnosticon,
1834 871 1955 925 qua:

384 940 546 995 tt‘ltlIS
589 929 959 997 Romanorum
1009 954 1166 998 erant
1202 946 1382 1011 utilia,
1435 948 1723 1002 manifesta
1757 949 1956 1018 populo

384 1034 545 1097 lccit,
618 1042 671 1095 et
712 1034 1059 1117 ‘Mauriciunt
1123 1053 1385 1104 generum
1450 1057 1611 1095 suum
1684 1040 1955 1095 nuntiavit

383 1125 790 1192 imperatorem.
834 1125 1022 1195 Itaque
1054 1144 1177 1182 cum
1221 1146 1411 1185 omnes
1448 1131 1799 1200 imperatoris
1836 1132 1956 1185 lau-

378 1218 602 1271 dassent
631 1220 925 1273 consilium
960 1229 1124 1290 atque
1157 1220 1486 1275 Mauricium
1533 1224 1950 1293 imperatorem,

378 1323 679 1364 conversus
711 1309 968 1366 Tiberius
1016 1314 1070 1365 in
1118 1314 1260 1368 lecto
1307 1330 1408 1369 suo
1443 1316 1588 1370 diem
1624 1318 1783 1379 obiit,
1830 1333 1953 1371 cum

316 1465 320 1467 ἢ
383 1414 662 1470 regnasset
705 1405 865 1460 annis
914 1406 1114 1471 tribus,
1172 1407 1455 1463 mensibus
1501 1409 1711 1472 decem,
1762 1408 1958 1463 diebus

380 1506 521 1548 octo.

452 1588 635 1643 Mundi
663 1603 805 1642 anno
824 1588 983 1652 6075,
1012 1589 1211 1643 divinae
1235 1590 1636 1647 incarnationis
1657 1606 1805 1646 anno
1824 1594 1953 1658 575,

294 1668 295 1671 η
379 1684 674 1740 Mauricius
710 1665 973 1753 imperat;
1007 1686 1310 1755 eodemque
1354 1703 1499 1743 anno
1533 1689 1807 1759 legatione
1839 1690 1957 1744 fun-

379 1787 582 1845 guntur
631 1780 839 1832 Avarcs
893 1778 958 1831 ad
1016 1780 1403 1847 imperatorem
1449 1780 1801 1848 Mauricinm,
1857 1784 1950 1853 qni

2052 592 2104 635 et
2135 582 2361 636 victoria
2392 600 2584 653 magna
2613 585 2836 639 indutus
2868 593 2971 638 est.

2123 670 2311 726 Tertio
2339 673 2549 741 imperii
2579 674 2826 727 Mauricii
2854 689 2999 727 anno
3025 672 3363 744 Philippicus
3396 677 3634 747 sumptis

2053 765 2390 831 exercitibus
2436 765 2503 819 ad
2554 765 2832 820 Persicam
2883 766 3162 836 regionem
3199 768 3481 836 profectus
3528 779 3633 827 est,

2052 867 2281 928 etcapta
2307 860 2590 914 Arxenene
2619 875 2865 929 utagnam
2894 861 3129 929 praedam
3150 861 3412 924 obtinuit,
3449 871 3502 915 et
3530 862 3637 915 l‘or-

2054 954 2316 1007 midinem
2352 965 2615 1023 Operatus
2644 965 2728 1007 est
2753 953 2990 1007 Persicis
3031 954 3401 1007 exercitibus.
3426 953 3633 1008 Interea

2054 1045 2595 1114 Constantinopolim
2626 1045 2893 1114 languens
2922 1054 3151 1111 remeat,
3173 1046 3483 1115 militesque
3514 1048 3635 1101 sine

2055 1138 2277 1193 laesione
2309 1141 2373 1191 ad
2408 1141 2629 1209 prepria
2658 1140 3014 1208 rcpedaruntl

2127 1231 2335 1295 Quarto
2371 1231 2584 1298 imperii
2622 1230 2870 1285 Mauricii
2905 1247 3051 1284 anno
3086 1231 3423 1301 Philippicus
3447 1248 3634 1299 cgres«

2056 1338 2152 1378 sus
2200 1341 2229 1375 a
2280 1323 2428 1392 regia
2465 1310 2634 1385 'nrhe',
2691 1322 2931 1378 hostium
2990 1333 3208 1392 sumpto
3256 1333 3520 1392 apparatu
3570 1325 3637 1377 ael

2056 1416 2337 1470 civitatem
2391 1414 2643 1468 Amidam
2692 1425 2972 1484 properat,
3029 1424 3083 1470 et
3128 1416 3378 1470 collectis
3416 1418 3644 1470 armatis

2057 1507 2524 1577 percunctabatur
2572 1521 2666 1561 eos
2707 1507 2753 1560 si
2802 1508 2854 1559 in
2893 1497 3147 1576 promptu
3196 1508 3458 1561 haberent
3510 1524 3639 1576 pro-

2057 1598 2283 1668 perandi
2314 1600 2380 1653 ad
2415 1599 2637 1653 bellum.
2672 1600 2771 1651 Ast
2799 1597 3062 1652 Romanis
3084 1582 3414 1666 iuramentis
3438 1600 3639 1654 credu—

2058 1693 2169 1746 lum
2200 1708 2325 1747 cum
2358 1692 2715 1747 reddentibus
2745 1706 2804 1745 se
2834 1692 3099 1745 alacriter
3131 1692 3453 1755 bellaturos,
3490 1693 3640 1746 venit

2062 1787 2128 1841 ad
2180 1786 2505 1841 Anazarbon
2536 1804 2550 1839 a
2578 1796 2631 1840 at
2679 1800 2811 1839 vero
2849 1784 3179 1854 Cardarigas
3213 1785 3316 1839 hoc
3355 1795 3644 1854 comperto

380 1880 507 1924 ante
544 1872 704 1925 breve
737 1878 953 1940 tempus
985 1870 1246 1925 Sirmium
1295 1874 1645 1944 subcgerant,
1688 1875 1955 1944 insignem
1993 1848 2035 1903 Β
2064 1879 2202 1934 risui
2255 1877 2593 1932 auditionem
2646 1877 2963 1942 mandabat,
3006 1878 3277 1931 somnium
3328 1892 3451 1931 esse
3494 1876 3641 1945 quod

380 1962 656 2016 civitatem
692 1962 944 2032 Europae,
986 1965 1330 2033 postulantes
1363 1968 1677 2034 octuagiuta
1716 1969 1961 2023 millibus

380 2057 525 2121 auri,
573 2072 695 2125 qua:
742 2058 1085 2141 accipiebant
1121 2074 1216 2128 per
1252 2076 1449 2124 annos,
1484 2077 1512 2113 a
1546 2060 1808 2116 Romanis
1856 2063 1958 2116 alia

380 2148 674 2217 superaddi
727 2150 917 2219 viginti
949 2170 963 2205 :
996 2152 1296 2220 imperator
1344 2162 1524 2207 autem
1588 2170 1775 2221 pacein
1831 2156 1962 2209 atie-

380 2252 536 2295 ctans
568 2242 670 2297 hoc
703 2243 947 2297 admisit.
981 2242 1181 2298 Petivit
1207 2254 1387 2297 autem
1422 2245 1488 2298 ad
1521 2246 1812 2299 videndum
1853 2246 1961 2300 sibi

380 2342 433 2385 et
460 2324 845 2402 elephantem,
883 2336 1085 2388 animal
1116 2335 1383 2399 Indicum,
1425 2336 1602 2403 mitti;
1649 2337 1739 2390 cui
1789 2338 1961 2406 impe—

382 2433 533 2477 rator
581 2427 844 2496 majorem
893 2427 1154 2481 omnibus
1204 2427 1393 2492 misit;
1438 2444 1599 2497 quem
1650 2428 1740 2481 ille
1782 2428 1961 2483 visum

376 2517 595 2587 remisit
644 2520 1170 2591 ad'imperatorem.
1221 2519 1490 2573 Similiter
1532 2529 1585 2573 ct
1618 2521 1819 2574 lectum
1859 2520 1983 2575 an;

387 2623 537 2662 reum
579 2607 682 2662 sibi
714 2608 857 2661 mitti
888 2610 1083 2678 petiit;
1125 2609 1218 2663 sed
1248 2618 1301 2663 et
1339 2610 1443 2664 hoc
1484 2610 1783 2679 imperator
1814 2613 1962 2667 misit

382 2700 450 2752 ad
483 2715 606 2752 eum
643 2699 803 2769 :ipse
841 2716 970 2754 vero
1000 2707 1053 2754 et
1105 2701 1249 2754 lnmc
1292 2709 1669 2770 contemptum
1722 2703 1958 2757 remisit.

384 2790 701 2845 Postulabat
724 2800 903 2845 autem
943 2791 1140 2845 iterum
1170 2792 1273 2845 alia
1306 2794 1497 2864 viginti
1534 2795 1706 2848 millia
1736 2805 1961 2851 centum

385 2868 535 2941 addi.
573 2886 728 2953 Quod
778 2887 1110 2955 imperatore
1147 2904 1254 2942 non
1289 2889 1633 2965 admittepte,
1678 2892 1963 2961 chaganus

386 2980 737 3050 Siggidonem
794 2981 1071 3035 civitatem
1132 2983 1402 3037 subvertit
1462 2990 1517 3037 et
1568 2985 1772 3039 multas
1826 2985 1963 3039 alias

384 3058 755 3142 urbescepit,
787 3074 1000 3145 Illyrico
1040 3075 1417 3144 subjacentes.
1459 3077 1528 3130 At
1563 3092 1693 3132 vero
1728 3080 1960 3148 impera—

386 3177 470 3218 tor
494 3164 802 3234 Helpidium
826 3166 1117 3235 patricium
1144 3183 1269 3221 cum
1294 3167 1636 3223 Comentiolo
1662 3170 1867 3240 legatos
1894 3171 1958 3225 ad
1988 3165 2048 3255 ε’

386 3259 692 3326 cLaiganum
726 3259 1059 3313 transmisit.
1112 3261 1181 3313 At
1222 3276 1352 3314 vero
1382 3260 1658 3317 Barbarus
1699 3264 1754 3317 in
1794 3279 1963 3333 spon-

389 3350 641 3404 sionibus
683 3362 963 3419 pactorum
1014 3366 1175 3419 agerc
1215 3367 1272 3406 se
1303 3368 1493 3421 pacem
1532 3354 1819 3423 professus
1856 3365 1959 3411 est.

390 3441 444 3493 ln
483 3441 710 3495 Oriente
759 3458 888 3497 vero
933 3443 1199 3499 Joannem
1253 3444 1621 3515 lilystaconem
1678 3457 1963 3517 praetorem

391 3536 661 3590 Armenia:
688 3535 837 3599 fecit,
866 3539 956 3604 qui
997 3536 1224 3590 veniens
1257 3540 1322 3591 ad
1367 3538 1693 3608 Nymphium
1724 3556 1959 3604 amnem,

396 3631 483 3682 ubi
522 3628 671 3699 Tigri
725 3632 943 3683 misceri
991 3631 1375 3700 dignoscitur,
1417 3634 1558 3687 bello
1611 3635 1966 3703 congreditur

394 3737 515 3774 ctum
572 3722 870 3789 Cardariga
915 3722 1205 3776 Persarum
1261 3732 1516 3792 praetore,
1564 3734 1633 3779 ett
1668 3728 1966 3795 praevalent

398 3812 626 3864 Hnnani
658 3812 922 3866 adversus
965 3811 1260 3867 Barbaros.
1304 3813 1637 3884 Cardarigas
1683 3832 1810 3870 vero
1859 3832 1964 3869 non

391 3902 476 3957 cét
519 3904 799 3973 proprium
852 3919 1073 3969 nomen,
1112 3904 1204 3960 sed
1251 3906 1494 3975 dignitas
1540 3907 1775 3959 maxima
1823 3907 1965 3975 apud

392 3995 611 4050 l‘crsas.

467 4088 718 4141 Secundo
770 4088 985 4157 imperii
1048 4090 1131 4144 sui
1206 4103 1352 4143 anno
1415 4090 1608 4144 consul
1675 4090 1968 4143 Mauricius

398 4180 730 4247 appellatur,
763 4190 811 4232 et
851 4182 1055 4233 multos
1086 4181 1380 4235 thesauros
1409 4182 1529 4235 urbi
1560 4182 1815 4247 donavit;
1845 4198 1971 4255 pro-

393 4270 541 4321 vi-hit
574 4279 753 4323 autem
784 4269 1145 4339 Philippicum
1173 4279 1466 4337 praetorem
1504 4270 1770 4339 Orientis,
1800 4274 1889 4327 cui
1921 4281 1975 4326 et

392 4360 649 4413 t'iordiam
686 4376 931 4415 sororem
973 4377 1129 4415 suam
1168 4363 1221 4415 in
1261 4362 1578 4431 coniugium
1618 4364 1867 4427 tradidit.
1905 4366 1975 4417 At

396 4469 521 4506 vero
556 4453 894 4525 Philippicas
941 4452 1195 4509 Persicas
1233 4456 1508 4523 arripiens
1550 4465 1732 4523 partes
1772 4465 2010 4524 appro-‘

2062 1970 2350 2025 dicebatur
2372 1971 2630 2037 opinans,
2655 1969 3052 2037 acccrsitisqne
3071 1970 3246 2036 magis
3264 1967 3642 2032 interrogabat

2063 2065 2188 2133 quis
2224 2063 2327 2115 erit
2360 2061 2606 2115 victoriae
2649 2061 2928 2115 dominus.
2976 2061 3075 2114 Ast
3102 2059 3409 2114 daemonum
3456 2059 3647 2127 placa-

2065 2162 2212 2207 tores
2240 2152 2437 2208 Persas
2472 2152 2795 2205 astrnebant
2825 2167 2853 2205 a
2889 2151 2996 2205 diis
3036 2152 3323 2206 victoriam
3354 2152 3642 2204 allaturos.

2064 2247 2356 2303 Exsultant
2403 2247 2572 2315 igitur
2621 2262 2786 2315 super
2833 2247 2921 2301 his
2974 2246 3149 2301 Persae
3200 2261 3482 2315 magorum
3533 2242 3644 2297 laeti

2062 2339 2527 2411 promissionibus
2560 2338 2713 2401 lacti,
2762 2346 2815 2393 et
2865 2346 3089 2407 patrant
3120 2338 3393 2392 continuo
3431 2337 3645 2406 ligneos

2064 2432 2356 2500 compedes
2387 2450 2450 2487 es
2481 2433 2626 2501 ligno
2661 2413 2715 2486 et
2743 2430 2911 2495 ferro,
2948 2432 3148 2501 quibus
3186 2432 3461 2485 Romanos
3487 2444 3646 2483 eom-

2064 2523 2277 2592 peditos
2326 2522 2592 2576 vinciant.
2629 2522 2833 2577 Praetor
2866 2530 3390 2584 autemcommovet
3435 2519 3643 2574 Roma-

2066 2632 2192 2678 nos,
2235 2633 2301 2670 ne
2332 2609 2586 2685 agrorum
2637 2618 2855 2671 labores
2896 2618 3282 2679 c‘xtermineut,
3334 2632 3401 2670 ne
3426 2614 3646 2685 justitia

2069 2707 2185 2768 Dei,
2213 2724 2333 2777 qua:
2369 2710 2570 2761 malum
2598 2709 2735 2772 odit,
2761 2708 3048 2762 victoriam
3081 2707 3144 2759 ad
3171 2700 3437 2759 Barbaros
3465 2715 3649 2759 trans-

2069 2797 2228 2852 ferat.
2261 2799 2489 2851 Postera
2526 2813 2658 2867 ergo
2685 2798 2772 2851 die
2808 2805 3012 2866 praetor
3042 2795 3227 2864 dirigit
3256 2794 3395 2847 duos
3422 2792 3647 2863 phylar-

2068 2892 2203 2948 cbos
2259 2882 2690 2953 Saracenorum:
2740 2898 2794 2943 et
2856 2889 3081 2957 capiunt
3126 2886 3323 2941 Persas
3368 2885 3643 2946 viventes,

2068 3000 2166 3056 per
2218 3000 2359 3054 quos
2403 2992 2583 3038 motus
2629 2983 3075 3038 adversariorum
3131 2979 3465 3037 didicerunt,
3515 2976 3647 3045 quia

2068 3083 2422 3129 asscruerunt
2455 3072 2742 3128 Dominico
2772 3071 2859 3125 die
2884 3071 3019 3124 velle
3055 3069 3327 3122 Barbaros
3358 3068 3414 3120 in
3440 3065 3643 3119 Roma—

2069 3183 2170 3221 nos
2200 3167 2439 3225 irruere,
2464 3164 2639 3219 Porro
2668 3164 3013 3233 Pbilippicus
3039 3162 3284 3216 diluculo
3307 3160 3429 3214 vale
3453 3158 3649 3212 dicens

2067 3258 2354 3323 Romanis,
2388 3257 2569 3311 tribus
2604 3256 2967 3325 pbalangibus
2998 3253 3241 3308 orcurrit
3272 3253 3336 3305 ad
3372 3249 3647 3321 praelium,

2081 3353 2309 3420 ipseque
2341 3361 2628 3420 assumpta
2669 3349 2751 3403 dei
2790 3348 2933 3401 virili
2976 3346 3172 3409 forma,
3203 3360 3364 3413 quant
3434 3342 3647 3395 acbiro-

2070 3447 2296 3514 poieton
2344 3443 2578 3497 Romani
2630 3443 2952 3512 praedicant,
2988 3436 3311 3493 discurrens
3359 3451 3452 3505 per
3496 3435 3649 3513 acies

2070 3538 2295 3590 armatis
2341 3536 2581 3589 divinam
2624 3533 3044 3602 impartiebatur
3081 3529 3361 3587 virtutem,
3396 3535 3448 3579 ct
3491 3533 3650 3581 stans

2070 3640 2193 3698 post
2235 3627 2435 3689 aciem,
2484 3625 2597 3679 haec
2650 3624 2896 3677 retinens
2940 3635 3114 3681 arma,
3167 3617 3411 3671 lacrimis
3460 3616 3649 3668 multis

2017 3740 2030 3748 ί
2070 3721 2231 3775 deum
2267 3718 2543 3790 placabat,
2594 3717 2688 3787 qui
2723 3715 3029 3770 ccelestium
3067 3711 3323 3767 ordinum
3370 3708 3651 3778 principes

2072 3812 2432 3865 auxiliatores
2463 3807 2786 3877 assumpsit.
2825 3806 2959 3860 Cum
2997 3814 3179 3859 autem
3214 3801 3415 3855 bellum
3456 3814 3649 3868 agere-

2074 3914 2184 3967 tur,
2235 3901 2544 3954 Vitalianus
2584 3898 2842 3969 princeps
2892 3895 3030 3949 aciei
3077 3894 3336 3948 omnibus
3384 3891 3651 3945 audacius

2073 4003 2258 4049 motus
2299 3994 2624 4063 phalangem
2672 3991 2962 4045 Persarum
2996 3988 3234 4057 disrupit
3267 3997 3322 4041 et
3368 3986 3647 4039 sarcinam

2074 4088 2221 4140 tulit.
2261 4084 2493 4139 Romani
2525 4092 2707 4137 autem
2737 4084 2885 4136 circa
2912 4081 3087 4149 spolia
3120 4085 3406 4148 coeperunt
3432 4090 3651 4140 vacare,

2074 4195 2214 4250 quos
2260 4178 2542 4246 accipiens
2588 4175 2948 4243 Philippicas,
3007 4188 3074 4226 ne
3108 4172 3173 4225 ad
3221 4170 3447 4225 exuvias
3483 4168 3651 4221 etiam

2076 4271 2272 4339 reliqui
2315 4268 2519 4323 reversi
2568 4266 2744 4337 prazlii
2794 4264 3255 4319 obliviscerentur
3287 4258 3652 4327 conversique

2090 4365 2319 4418 Barbari
2346 4363 2635 4433 perderent
2667 4375 2782 4423 eos,
2804 4356 3092 4411 Theodoro
3128 4352 3328 4409 llihino
3358 4352 3507 4423 galea
3550 4366 3651 4405 sua

2083 4456 2359 4524 imposita;
2393 4453 2542 4507 misit
2574 4451 2754 4522 gladio
2796 4446 3085 4519 percutere
3129 4460 3221 4500 eos
3260 4446 3351 4513 qui
3382 4443 3653 4497 vacabant

371 4554 677 4622 qunquavit
710 4551 909 4610 Nisibi.
941 4561 992 4629 et
1023 4562 1247 4621 repente
1282 4550 1654 4615 in,Persidem
1686 4554 1969 4622 ingressus
2004 4542 2045 4596 Β
2077 4550 2124 4602 ci

1905 4569 1969 4607 us
2004 4542 2045 4596 Β
2077 4550 2226 4602 circa
2253 4548 2515 4610 exuvias;
2545 4560 2706 4613 quem
2744 4544 2991 4596 videntes
3037 4547 3090 4593 et
3119 4538 3500 4592 existimantes
3529 4548 3654 4587 esse

394 4642 618 4698 inultam
652 4645 891 4712 praedam
946 4645 1206 4712 sumpsit,
1257 4658 1421 4712 quam
1456 4658 1553 4711 per
1597 4651 1811 4696 montes
1855 4642 1967 4697 sal-

396 4752 515 4788 vam
553 4717 763 4789 ducens
809 4735 864 4787 in
917 4732 1199 4788 Medorum
1249 4735 1524 4804 regionem
1576 4733 1877 4796 transtulit,
1916 4743 1971 4788 et

398 4829 581 4881 multis
634 4829 745 4881 illic
785 4827 935 4880 villis
989 4827 1387 4902 exterminatis
1418 4820 1486 4881 ad
1537 4825 1785 4880 Romana
1838 4841 1968 4881 rura

376 4911 649 4974 “reversus
674 4928 775 4972 est.
824 4916 995 4972 Porro
1023 4921 1304 4987 chaganus
1340 4920 1580 4971 Avarum
1610 4932 1796 4987 pacem
1845 4917 1961 4971 sol-

397 5028 440 5062 v.
466 5027 521 5064 re
576 5011 875 5065 festinabat
905 5026 918 5064 :
948 5026 1073 5065 nam
1123 5009 1510 5065 Sclavinorum
1551 5019 1738 5079 gentes
1773 5015 1965 5063 contra

400 5104 667 5168 Thracem
731 5104 1006 5167 armavit,
1064 5117 1185 5172 quae
1242 5111 1609 5172 pervenerunt
1669 5118 1839 5171 usque
1901 5101 1966 5155 ad

401 5194 591 5262 longos
652 5209 867 5255 muros,
923 5194 1157 5247 multum
1216 5192 1478 5248 facientes
1528 5193 1823 5247 excidium.
1870 5194 1968 5247 Ast

375 5276 698 5352 imperator
755 5285 941 5354 palatii
993 5280 1215 5341 eductis
1268 5286 1481 5340 militiis
1527 5294 1581 5339 et
1637 5285 1888 5355 plebibus
1938 5302 1968 5340 c

398 5378 619 5432 civitate
690 5379 882 5449 longos
952 5394 1141 5433 muros
1198 5378 1462 5433 custodiri
1541 5378 1840 5448 praecepit,
1910 5387 1963 5431 et

398 5468 798 5523 Contentiolum
846 5471 1035 5525 ducent
1085 5470 1349 5524 ordinans
1397 5478 1451 5524 et
1504 5486 1724 5525 armans
1775 5479 1965 5525 contra

400 5560 672 5615 Barbaros
713 5561 886 5623 misit,
930 5562 1025 5631 qui
1075 5561 1347 5631 insperate
1393 5561 1448 5615 in
1490 5560 1760 5616 Barbaros
1803 5578 1966 5617 ruens

398 5653 650 5719 copiosas
700 5651 1082 5707 multitudines
1138 5651 1434 5717 interfecit,
1476 5655 1687 5723 hosque
1739 5654 1963 5723 pepulit.

398 5746 531 5798 t‘nut
582 5752 760 5799 autem
791 5746 1129 5815 pervenisset
1172 5745 1619 5814 lladrianoitolim
1649 5783 1665 5807 ,
1709 5746 1963 5799 'occurrit

408 5835 737 5902 Andragasto
790 5836 1163 5892 multitudines
1206 5836 1581 5891 Sclaxinorum
1626 5852 1747 5890 cum
1783 5836 1962 5906 praeda

2078 4640 2471 4709 Philippicum,
2496 4637 2741 4691 dimissis
2789 4635 2981 4704 spoliis
3031 4640 3394 4701 properarunt
3428 4627 3493 4680 ad
3534 4626 3653 4679 bel-

2079 4735 2214 4789 lttm.
2242 4734 2387 4790 Cum.
2420 4708 2600 4785 autem
2638 4730 2841 4785 bellum
2892 4728 3090 4780 multas
3128 4741 3220 4794 per
3250 4724 3416 4776 horas
3459 4733 3652 4787 agere.

2081 4837 2186 4886 tur.
2227 4840 2327 4878 vox
2366 4824 2422 4877 tit
2471 4838 2499 4875 a
2546 4831 2775 4891 praetore
2809 4819 3112 4873 “Persarum
3162 4829 3333 4884 equos
3365 4821 3654 4882 percutere

2077 4917 2320 4981 lanceis;
2352 4930 2462 4985 quo
2500 4914 2642 4966 facto
2683 4914 2734 4965 in
2774 4911 2957 4988 luga’m
2983 4920 3189 4963 ‘versus
3224 4918 3304 4958 est
3356 4903 3649 4956 Persarum

2078 5008 2379 5067 exercitus,
2412 5014 2465 5057 et
2496 5004 2777 5073 triumpho
2818 5003 3017 5073 ingenti
3060 4998 3287 5053 ltmnani
3323 5012 3387 5064 po
3418 4995 3473 5048 iti
3510 4993 3652 5045 mul-

2078 5108 2165 5154 tos
2212 5115 2277 5152 ex
2329 5098 2412 5150 eis
2468 5104 2817 5165 peremerunt
2870 5102 2922 5147 ct
2974 5091 3367 5157 spoliaverunt.
3429 5087 3651 5156 Postera

2076 5206 2206 5243 vero
2232 5187 2319 5241 die
2348 5168 2585 5254 sumptis
2628 5183 2924 5237 virtutibus
2959 5182 3074 5234 suis
3104 5178 3428 5245 Cardarigas
3457 5189 3651 5249 rursus

2078 5284 2141 5337 ad
2177 5282 2374 5335 bellum
2409 5290 2677 5338 armatur,
2707 5286 2757 5330 ct
2799 5274 3042 5329 secundo
3073 5270 3260 5341 praelio
3290 5276 3441 5338 gesto
3470 5267 3650 5320 denuo

2076 5376 2301 5428 vincunt
2327 5371 2577 5429 Romani.
2609 5381 2659 5421 cl
2692 5368 3019 5421 occiduntur
3052 5365 3231 5417 Persae
3274 5359 3452 5413 tnulti.
3485 5356 3648 5411 Cont-

2077 5467 2489 5538 prchcmluntur
2522 5465 2686 5516 etiam
2725 5461 2831 5514 vivi
2863 5460 2971 5512 duo
3002 5457 3192 5517 millia,
3224 5453 3651 5523 Byzantiumqne

2076 5560 2414 5623 mittuntur;
2490 5555 2701 5622 aut‘ngit
2770 5566 2989 5622 quoque
3054 5546 3424 5611 Cardarigas,
3480 5556 3644 5611 quem

2075 5652 2255 5707 Persae
2300 5667 2423 5704 cum
2479 5648 2698 5717 injuriis
2746 5651 3036 5716 respuunt.
3092 5643 3261 5695 Porro
3302 5636 3646 5706 Philippicas

2076 5746 2405 5801 llcraclium,
2441 5741 2673 5796 lleraclii
2712 5736 3054 5807 imperatoris
3110 5741 3355 5801 patrem,
3398 5728 3645 5796 subprre-

2074 5849 2243 5896 totcui
2298 5840 2360 5892 ad
2408 5834 2839 5905 cvplorationcm
2882 5828 3249 5883 Barbarorum
3303 5818 3635 5881 transmisit,
