4440 6446
763 409 894 473 12ἶῦ

1822 402 2215 469 ANASTASH
2286 405 2918 467 BlBLlOTllEC.\RIl

3885 406 4023 471 1276

760 525 1107 594 sumptisque
1153 523 1364 578 militiis
1402 523 1752 594 Babyl0niam
1789 522 1943 588 adiit,
1984 530 2038 575 et
2074 518 2337 575 Chloma-
2364 518 2413 578 Α
2440 519 2847 588 Comentiolus,
2918 520 3011 592 qui
3072 521 3124 575 in
3167 520 3323 577 silvis
3371 519 3512 575 Emi
3564 520 3833 585 latitabat,
3893 537 4020 575 cum

762 631 948 669 rormn
1017 614 1301 669 castellum
1370 616 1606 670 obsidet.
1681 618 1749 667 At
1812 630 1942 667 vero
2006 612 2337 680 Cardarigas

760 708 912 777 eligit
956 708 1162 762 milites
1216 707 1419 762 idi0tas
1474 723 1597 762 cum
1666 706 2049 776 subjugalibus
2100 704 2234 774 (56),
2285 711 2339 758 et

764 802 924 853 turba
970 800 1197 854 collecta
1247 802 1549 854 exercitum
1603 814 1662 853 se
1706 814 1926 853 movere
1968 798 2239 867 jactabat,
2286 805 2339 849 et

766 908 859 960 per
894 892 1103 945 munita
1139 893 1259 946 loca
1294 894 1532 947 obscura
1579 901 1739 946 nocte
1772 892 1825 946 itt
1856 891 2020 947 dorsa
2062 889 2329 944 Romano~

762 1000 881 1036 rum
912 984 1245 1049 efﬁciuntur,
1283 1000 1631 1054 nequaquam
1675 984 1903 1039 fidentes
1935 1000 1994 1039 se
2039 999 2236 1039 manus
2285 984 2338 1037 in

761 1093 859 1130 cos
904 1078 1197 1131 missuros.
1248 1075 1473 1131 Timore
1518 1087 1706 1131 autem
1746 1077 2064 1145 importuno
2108 1075 2339 1131 cadente

766 1171 820 1224 in
871 1170 1240 1241 l’hilippicum
1268 1171 1391 1243 fuga
1447 1173 1812 1227 irrationabili
1868 1187 2002 1227 usus
2059 1182 2164 1227 est.
2220 1172 2341 1237 Quo

766 1276 1046 1334 comperto
1096 1266 1329 1320 Romani
1389 1266 1445 1320 in
1501 1268 1681 1336 fugam
1728 1267 2195 1321 convertebantur
2246 1282 2343 1335 per

768 1361 885 1413 loca
927 1359 991 1413 ad
1026 1359 1321 1413 meandum
1366 1358 1624 1421 dillicilia,
1662 1361 1831 1412 multa
1871 1360 2217 1415 incurrentes
2250 1376 2343 1429 pe-

769 1450 965 1503 ricula.
1022 1450 1271 1519 Cumque
1322 1451 1402 1504 sol
1459 1459 1617 1507 ortus
1673 1452 1891 1515 fuisset,
1950 1467 1979 1504 a
2033 1452 2343 1506 calamitate

770 1542 1167 1607 liberabantur,
1198 1543 1415 1598 nemine
1450 1556 1839 1615 persequente,
1876 1556 1927 1599 et
1964 1547 2344 1615 pervenientes

769 1635 835 1685 ad
884 1643 1170 1701 prmtorem
1222 1633 1367 1688 hunc
1425 1635 1643 1703 injuriis
1684 1637 1939 1708 pessimis
1989 1638 2344 1707 blasphema-

770 1726 925 1780 hant.
980 1724 1183 1779 Verum
1249 1726 1425 1782 Persa:
1484 1728 1663 1782 tictam
1728 1730 2110 1785 existimantes
2160 1730 2343 1800 fugam

774 1819 1027 1887 persequi
1071 1820 1191 1874 ausi
1248 1834 1357 1874 non
1401 1829 1550 1875 sunt.
1600 1821 1770 1875 Porro
1824 1820 2116 1876 lleraclius
2163 1830 2346 1876 trans-

774 1924 964 1965 meaus
1025 1912 1254 1981 Tigrim,
1287 1928 1627 1982 qutecunque
1662 1913 1881 1968 Medicae
1917 1916 2158 1983 regionis
2190 1927 2346 1970 erant

774 2004 1013 2075 insignia
1049 2005 1275 2075 praedia,
1315 2008 1424 2075 igni
1460 2008 1734 2071 tradebat,
1765 2018 1817 2062 et
1853 2010 1931 2064 sic
1968 2010 2032 2065 ad
2080 2012 2346 2083 Philippi-

771 2113 896 2151 cum
930 2096 1095 2154 rediit
1118 2114 1243 2154 cum
1277 2101 1472 2169 spoliis
1504 2101 1715 2154 multis.

847 2191 1032 2245 Mundi
1058 2208 1204 2247 anno
1234 2194 1393 2258 6079,
1415 2195 1612 2251 divina:
1638 2196 2034 2252 incarnationis
2054 2213 2199 2252 anno
2225 2200 2346 2264 5'79,

776 2284 974 2349 quinto
1028 2285 1243 2355 imperii
1302 2286 1551 2341 Mauricii
1604 2304 1751 2342 anno
1791 2291 2028 2344 Avarum
2071 2293 2349 2361 chaganus

774 2375 979 2429 findere
1009 2376 1281 2432 dissoluto
1312 2378 1541 2448 Mysiam
1578 2388 1631 2434 ct
1655 2380 1936 2452 Scythiam
1969 2386 2229 2440 atrociter
2257 2403 2350 2441 c.\'-

776 2469 1073 2537 pugnabat,
1123 2471 1453 2527 subverteus
1487 2472 1805 2527 ltatiarnam
1841 2486 1893 2530 ct
1953 2474 2252 2533 Bononiam
2298 2489 2351 2535 et

775 2563 949 2631 Aquis
971 2574 1022 2617 et
1051 2562 1399 2619 Dorosrolum
1424 2574 1478 2620 et
1509 2565 1766 2636 Zandapa
1796 2580 1850 2624 et
1881 2569 2347 2642 lllarcianOpolim.

774 2655 1154 2711 tlottreutiolus
1186 2673 1317 2711 vero
1364 2658 1430 2713 ad
1472 2659 1751 2714 maritima
1790 2663 1964 2727 venit,
1995 2673 2049 2718 et
2101 2675 2353 2735 separato

776 2747 1020 2799 exercitu
1054 2747 1446 2827 improbabiles
1473 2748 1734 2803 discrevit
1764 2752 1833 2806 ab
1872 2754 2116 2822 Optimis,
2147 2764 2199 2809 et
2227 2757 2353 2810 inu-

778 2838 891 2892 tilis
935 2842 1158 2908 quidem
1212 2841 1433 2897 virtutis
1472 2845 1834 2915 quadraginta
1872 2848 2042 2901 millia
2077 2851 2353 2906 custodire

778 2932 981 2985 vallum
1019 2934 1195 3001 jubet,
1229 2935 1529 2990 electorum
1560 2946 1740 2992 autem
1767 2955 1859 2995 sex
1897 2941 2066 2994 millia
2104 2960 2352 3009 sumens,

777 3023 886 3077 duo
927 3027 1096 3079 millia
1136 3044 1198 3081 ex
1235 3026 1320 3083 bis
1362 3029 1529 3083 tradit
1560 3030 1725 3086 Casto
1767 3041 1823 3087 et
1867 3033 1977 3088 duo
2012 3034 2273 3099 Martino,
2302 3046 2357 3091 et

780 3115 896 3182 ipse
955 3115 1170 3170 duobus
1225 3119 1466 3188 sumptis
1520 3101 2033 3180 contraibarbaros
2078 3138 2353 3197 prOperat.

2444 612 2680 667 Martino
2715 614 2904 679 exivit,
2942 622 2994 668 et
3032 616 3361 685 perveniens
3392 614 3458 667 ad
3501 614 3809 683 chagauum
3847 615 4025 683 impa»

2445 717 2623 760 ratum
2676 708 2883 762 invenit
2912 724 2979 762 eo
3029 708 3175 778 quod
3211 710 3450 761 Avarum
3488 708 3783 761 multitudo
3819 708 4025 763 dilfusa

2443 808 2591 855 esset
2643 816 2740 869 per
2784 800 3087 865 Thracem;
3120 810 3170 854 et
3227 801 3403 870 prima
3444 800 3631 870 vigilia
3679 804 3857 857 noctis
3891 816 4026 872 pro-

2446 903 2601 958 perat
2632 894 2902 949 adversus
2943 894 3118 959 illum,
3161 906 3419 965 essetque
3454 895 3702 965 profecto
3729 912 3758 949 a
3790 912 3849 949 se
3883 912 4027 963 opus

2445 987 2636 1056 ingens
2664 996 2963 1057 patratum,
2999 987 3102 1042 nisi
3146 996 3381 1043 eventus
3412 988 3634 1057 quidam
3665 986 3875 1041 falleret
3903 988 4025 1057 ejus

2445 1088 2726 1133 conatum.
2767 1078 2886 1134 Uno
2922 1081 3124 1150 quippe
3158 1081 3440 1135 animante
3472 1095 3614 1134 onus
3647 1082 4023 1140 subvertente,

2446 1174 2666 1242 quidam
2701 1174 2927 1228 doruino
2962 1174 3262 1229 animantis
3302 1175 3574 1228 acclamat
3605 1189 3745 1228 onus
3785 1172 4024 1241 erigere,
4062 1164 4065 1167 ’

2448 1273 2619 1339 patria
2648 1270 3016 1335 voce,diccns
3045 1268 3243 1331 Torna,
3264 1280 3437 1331 torua,
3468 1267 3651 1335 frater.
3678 1267 3742 1321 Et
3768 1266 4029 1320 dominus

2448 1362 2666 1430 quidem
2696 1361 2855 1415 mul:e
2877 1375 3063 1414 vocem
3102 1360 3326 1413 minime
3358 1358 3634 1413 sentiebat
3666 1374 3677 1411 :
3712 1357 3805 1412 sed
3841 1356 4027 1426 potiuli

2451 1454 2554 1507 hoc
2606 1454 2794 1507 audito
2832 1453 3019 1506 hosrcs
3076 1452 3365 1506 imminere
3396 1451 3501 1505 sibi
3554 1451 3930 1505 existimantes
3972 1451 4028 1502 in

2451 1542 2629 1613 fugam
2667 1543 2916 1596 conversi
2948 1551 3097 1606 sunt,
3125 1552 3300 1604 torua,
3331 1550 3503 1607 torua,
3524 1542 3777 1597 maximis
3804 1541 4032 1595 vocibus

2450 1635 2843 1689 exclamantes.
2892 1634 3187 1703 Chaganus
3239 1644 3421 1689 autem
3460 1634 3732 1704 ingentem
3775 1634 4029 1687 formidi-

2453 1743 2573 1781 nem
2607 1727 2831 1781 indutus
2856 1726 3075 1795 penitus
3106 1727 3437 1797 fugiebat,et
3460 1725 3782 1780 videbantur
3805 1725 3974 1778 Barba
3988 1724 4029 1776 ri

2456 1828 2509 1871 et
2553 1818 2785 1872 Romani
2836 1820 3067 1874 invicem
3125 1820 3335 1888 fugere,
3391 1821 3606 1875 nemine
3646 1827 4030 1889 persequente.

2458 1910 2725 1966 Prmterea
2759 1910 3040 1981 chaganus
3072 1912 3308 1982 sumptis
3342 1913 3639 1967 virtutibus
3675 1914 3915 1983 Apiriam
3948 1912 4028 1965 ei-

2453 2008 2675 2062 vitalem
2718 2006 2955 2070 obsedit,
3004 2007 3397 2078 inventumque
3450 2005 3633 2061 Busan
3687 2006 3838 2061 urbis
3876 2020 4033 2058 man-

2452 2102 2739 2172 gauarium
2780 2101 3092 2156 interficere
3121 2101 3425 2167 nitebatur,
3460 2101 3552 2171 qui
3582 2101 3845 2170 pecunias
3878 2114 4036 2166 roga-

2455 2196 2548 2248 bat
2580 2196 2628 2249 ci
2670 2196 2873 2250 multas
2904 2195 3169 2265 praebere,
3200 2196 3245 2249 si
3282 2196 3447 2249 vitam
3484 2194 3589 2249 sibi
3640 2194 3889 2247 donaret.
3942 2191 4035 2245 llle

2454 2302 2584 2341 vero
2625 2286 2773 2340 hunc
2804 2287 3033 2357 ligatum
3071 2287 3191 2340 urbi
3222 2284 3597 2355 prmsentavit.
3626 2283 3691 2337 At
3738 2284 3853 2351 ipse
3883 2297 4035 2351 qure-

2454 2381 2612 2435 rebat
2641 2380 2955 2434 habitantes
2983 2379 3174 2434 urbem
3210 2387 3267 2432 ut
3287 2389 3583 2441 emeretur,
3607 2391 3839 2438 narrans
3870 2390 4033 2445 quam

2456 2488 2600 2543 smpe
2634 2488 2732 2542 pro
2772 2472 2995 2526 civitate
3025 2470 3339 2526 certaverit.
3384 2470 3535 2525 Civis
3580 2469 3801 2538 quidam
3851 2468 4036 2520 multi-

2458 2566 2745 2621 tudinibus
2775 2566 3051 2636 persuasit
3097 2565 3202 2619 hoc
3254 2564 3482 2619 minime
3529 2562 3862 2617 faciendum.
3894 2560 4032 2627 Quia

2462 2675 2592 2730 ergo
2624 2660 2777 2729 parvi
2809 2672 3016 2728 pensus
3038 2664 3122 2713 est
3146 2656 3312 2724 Busa,
3339 2658 3672 2727 repromittit
3702 2661 3945 2725 chagano
3978 2670 4038 2708 se

2459 2752 2679 2807 tradere
2710 2751 3015 2813 civitatem,
3056 2759 3110 2805 et
3163 2749 3620 2807 exterminatorio
3672 2749 4038 2803 instrumento

2460 2845 2626 2909 facto,
2667 2844 2817 2914 quod
2875 2844 3103 2898 arietem
3142 2844 3458 2908 nominant,
3496 2842 3774 2896 civitatem
3810 2842 4041 2909 adeptus

2458 2945 2579 3000 est;
2622 2936 2888 2991 ducentes
2920 2936 3066 3005 quod
3115 2933 3344 2989 barbari
3397 2941 3848 3005 argumentosum
3888 2932 4038 2999 inge-

2463 3035 2612 3085 nium
2657 3031 2790 3102 (37),
2829 3039 2881 3087 et
2917 3031 3054 3083 alias
3080 3029 3268 3098 plures
3295 3028 3463 3081 urbes
3500 3027 3553 3080 in
3584 3026 3901 3080 servitutem
3950 3038 4041 3076 reo

2462 3127 2748 3195 degerunt,
2795 3132 2850 3179 et
2902 3138 3026 3177 cum
3065 3121 3235 3175 multa
3281 3119 3600 3190 captivitate
3638 3116 3844 3172 reversi
3886 3121 4039 3168 sunt.

777 3206 977 3261 Castus
1011 3220 1191 3264 autem
1234 3213 1463 3267 veniens
1501 3212 1756 3285 Zandapa
1798 3225 1851 3271 et
1892 3217 2087 3285 Emori,
2123 3224 2356 3290 repertis
2382 3216 2428 3277 C
2462 3219 2761 3273 Audientes
2792 3224 2974 3270 autem
3006 3214 3251 3286 Byzantii
3285 3212 3430 3284 quod
3472 3211 3675 3266 Castus
3705 3226 3733 3262 a
3782 3208 4044 3261 Barbaris

782 3300 1035 3354 barbaris
1065 3301 1116 3353 iu
1153 3300 1361 3355 desidia
1398 3306 1736 3370 coastitutis,
1790 3309 1991 3365 multos
2032 3326 2097 3364 ex
2130 3312 2211 3367 eis
2247 3314 2357 3369 dis-

782 3395 979 3461 p.-rdit,
1022 3394 1373 3464 pra-dantque
1420 3398 1643 3451 multam
1691 3401 1949 3456 obtinens
1981 3405 2255 3473 armigero
2290 3410 2357 3463 ad

782 3485 1102 3539 sdrandum
1156 3488 1425 3567 tradebat.
1454 3490 1751 3546 -Martinus
1785 3502 1966 3548 autem
2010 3498 2157 3550 circa
2205 3498 2357 3554 Mean

782 3579 1058 3631 tivitatem
1110 3571 1357 3646 eﬂecttts,
1401 3589 1455 3635 et
1504 3582 1557 3635 in
1618 3585 1927 3654 chaganum
1966 3603 2031 3641 ex
2084 3589 2361 3660 insperato

786 3671 1092 3736 incurrens,
1115 3674 1319 3729 multos
1352 3675 1569 3732 virtutis
1600 3676 1721 3745 ejus
1756 3680 2045 3747 exstinxit,
2074 3682 2146 3737 ita
2177 3694 2233 3737 ut
2270 3686 2361 3741 ille

782 3765 1017 3819 salutem
1071 3781 1228 3820 suam
1273 3765 1397 3837 fuga
1452 3778 1731 3824 mercatus
1771 3771 1862 3825 sit.
1915 3772 2184 3831 Martinus
2235 3793 2363 3832 vero

784 3858 1013 3912 victoria
1051 3859 1292 3929 gloriosa
1320 3871 1579 3932 percepta
1610 3863 1677 3917 ad
1726 3874 2012 3931 prmtorem
2045 3872 2361 3926 reverteba-

784 3961 895 4016 tur,
927 3952 1015 4006 ubi
1051 3969 1110 4008 se
1140 3956 1470 4023 promiserat
1497 3972 1594 4011 eos
1624 3971 2094 4027 exspectaturum.
2128 3964 2363 4021 Comen-

786 4046 953 4100 tiolus
987 4055 1171 4100 autem
1207 4047 1502 4104 formidine
1534 4066 1761 4120 pressus
1792 4053 2239 4124 Marcianopolim
2276 4075 2365 4114 re-

784 4139 928 4205 diit;
967 4141 1060 4210 qui
1103 4158 1215 4196 non
1268 4144 1612 4200 invenientes
1646 4160 1771 4199 cum
1824 4147 2165 4218 collegerunt
2208 4167 2367 4206 exer-

784 4231 932 4287 citus
957 4250 1110 4298 suos,
1135 4245 1189 4289 et
1216 4250 1308 4303 per
1332 4245 1509 4289 artum
1541 4237 1716 4292 locum
1742 4237 1891 4293 Emi
1920 4250 2101 4295 castra
2123 4246 2363 4300 move'nt.

790 4328 856 4379 At
895 4342 1023 4381 vero
1078 4327 1348 4383 Martinus
1388 4330 1577 4384 videns
1624 4330 1937 4401 chaganurn
1986 4342 2363 4392 transeuntem

789 4420 1013 4473 fluvium
1045 4421 1109 4472 ad
1142 4429 1431 4490 pra:torem
1470 4421 1652 4477 rediit.
1686 4422 1885 4478 Castus
1920 4437 2099 4479 autem
2135 4430 2368 4485 transito

791 4512 1014 4565 llumine
1042 4513 1495 4583 appropinquans
1530 4514 1614 4567 his
1638 4515 1731 4583 qui
1771 4526 2195 4586 praecurrerant,
2224 4522 2366 4575 Ava-

793 4622 910 4657 rum
938 4604 1147 4660 obtinet
1168 4623 1427 4675 pugnam.
1445 4606 1618 4661 Porro
1643 4608 1766 4661 vani
1791 4609 2079 4677 cujusdam
2105 4613 2367 4671 daemonis

795 4699 1320 4766 repromissiouibus
1342 4699 1605 4769 deceptus
1628 4714 1737 4753 non
1771 4701 1933 4755 rediit
1958 4703 2023 4755 ad
2058 4713 2367 4773 praetorem.

794 4790 1132 4860 l'osteraque
1160 4793 1247 4845 die
1279 4800 1469 4847 tenens
1498 4792 1763 4847 transitus
1791 4794 2071 4864 chaganus
2102 4799 2374 4854 conclusit

793 4896 943 4935 eum.
971 4880 1253 4935 Scinditur
1283 4883 1449 4951 igitur
1488 4885 1749 4953 papulas,
1785 4895 1841 4940 ct
1874 4889 2281 4958 unusquisque,
2314 4901 2369 4943 ut

795 4975 945 5027 vires
1000 4974 1256 5040 habebat,
1309 4992 1404 5044 per
1444 4992 1671 5030 nemora
1732 4977 1999 5047 fugiebat.
2065 4981 2373 5051 Capiuntur

797 5067 982 5135 itaque
1011 5067 1233 5135 quidam
1267 5084 1295 5120 a
1332 5067 1604 5133 barbaris,
1636 5078 1690 5123 et
1723 5068 1969 5124 indicant
2000 5072 2091 5125 ubi
2121 5073 2373 5129 latitabat

795 5158 1029 5221 Castus;
1064 5168 1117 5211 et
1182 5158 1285 5213 hoe
1329 5167 1494 5228 capto
1542 5160 1895 5215 exsultabant
1924 5172 1980 5217 et
2021 5162 2371 5221 laetabantur.

796 5251 1092 5319 Chaganus
1145 5266 1277 5305 sane
1337 5266 1433 5321 per
1471 5250 1754 5305 meridiem
1804 5252 1909 5307 iter
1960 5267 2131 5323 agens
2184 5266 2377 5311 contra

801 5339 1067 5395 Thracem
1124 5352 1400 5411 properat,
1450 5342 1777 5413 Longosque
1827 5359 2014 5398 muros
2050 5348 2280 5416 accepit.
2313 5349 2379 5402 At

2463 3312 2712 3380 captivus
2743 3308 2970 3363 effectus
2995 3307 3088 3371 sit,
3120 3307 3334 3375 magnis
3378 3303 3645 3359 conviciis
3670 3310 3858 3356 contra
3893 3299 4045 3353 Mau~

2468 3399 2663 3452 rit-ium
2699 3397 3019 3462 utebantur,
3044 3398 3263 3451 ethunc
3291 3395 3345 3449 in
3363 3393 3656 3449 manifesto
3686 3391 4045 3463 blasphemiis

2466 3492 2814 3562 appetebant.

2537 3585 2639 3640 Per
2680 3584 2820 3639 idem
2854 3597 3075 3654 quoque
3111 3590 3329 3652 tempus
3358 3579 3648 3636 lleraclius
3678 3580 3913 3635 lleraciii
3943 3595 4047 3647 pa.

2468 3686 2551 3732 ter
2579 3676 2859 3731 Persicum
2896 3689 3191 3745 aggressus
3216 3682 3302 3729 est
3332 3682 3599 3738 castrum,
3623 3672 3769 3741 quod
3804 3679 3857 3724 et
3879 3672 4044 3740 cepit.

2470 3770 2740 3825 Similiter
2771 3778 2826 3824 et
2875 3766 3197 3822 Theodorus
3242 3775 3484 3820 castrum
3532 3763 3895 3827 Mazarorum,
3927 3780 4049 3816 am-

2470 3866 2652 3934 boque
2688 3860 2921 3916 Bavides
2956 3859 3205 3913 veniunt.
3260 3858 3325 3911 Et
3359 3873 3482 3912 cum
3520 3868 3761 3911 castrum
3796 3857 4050 3910 munitis-

2470 3958 2670 4013 simum
2703 3965 2873 4017 esset,
2914 3954 3071 4007 miles
3105 3951 3329 4022 quidam
3373 3949 3635 4020 Saphires
3675 3950 3912 4011 nomine,
3950 3950 4051 4003 stic

2473 4053 2652 4106 mulos
2680 4057 2766 4103 est
2795 4054 3076 4119 operatus,
3111 4054 3165 4099 et
3204 4052 3398 4098 contra
3423 4043 3776 4114 compagiues
3809 4042 4049 4112 lapidum

2473 4146 2574 4198 hos
2604 4143 2776 4210 figens
2809 4156 2903 4209 per
2943 4153 3039 4193 eos
3070 4136 3281 4190 aditum
3328 4134 3477 4191 fecit.
3513 4134 3648 4189 Cum
3680 4144 3857 4189 autem
3894 4134 4052 4189 fortis

2474 4238 2565 4292 ille
2617 4234 2962 4289 ascendisset
3004 4230 3148 4283 nutri
3208 4242 3494 4289 coronam,
3544 4228 3629 4280 vir
3683 4227 3845 4281 Persa
3902 4227 4050 4279 hunc

2473 4331 2703 4400 expulit.
2753 4325 2916 4381 Cadit
2982 4337 3116 4393 ergo
3164 4321 3427 4391 Saphires
3454 4320 3737 4382 deorsum,
3781 4331 3829 4371 et
3869 4320 4051 4373 SllSt'l-

2474 4424 2631 4493 piunt
2663 4436 2787 4476 eum
2828 4418 2882 4473 in
2920 4416 3095 4471 scutis
3125 4415 3243 4469 suis
3286 4411 3546 4466 Romani.
3577 4409 3638 4463 Et
3687 4425 3877 4463 rursus
3910 4423 4051 4477 Opus

2477 4520 2741 4569 audenter
2787 4509 3003 4579 arripit,
3039 4515 3095 4562 et
3148 4505 3330 4560 denuo
3379 4519 3407 4557 a
3457 4504 3715 4557 tirrnitatc
3749 4502 4049 4569 repellitur.

2475 4613 2789 4675 lterumque
2824 4601 3055 4657 Romani
3091 4600 3237 4653 hunc
3265 4597 3435 4651 scutis
3458 4595 3783 4663 suscipiunt,
3807 4602 3855 4646 ct
3891 4595 4053 4646 tertio

2476 4702 2541 4757 ad
2572 4699 3070 4755 machinamentum
3102 4702 3338 4747 conatus
3380 4698 3482 4745 est.
3510 4689 3761 4757 Cumque
3806 4687 3870 4740 ad
3911 4688 4049 4739 muri

2475 4801 2641 4864 caput
2693 4789 3057 4861 pervenisset,
3107 4786 3332 4839 Persam
3389 4781 3614 4844 excidit,
3654 4780 3850 4835 deinde
3890 4789 4053 4847 caput

2474 4889 2596 4958 ejus
2630 4884 2894 4939 Romanis
2923 4880 3171 4951 praebens
3200 4876 3300 4930 hos
3336 4874 3532 4928 ﬁducia
3565 4888 3759 4943 magna
3793 4872 4051 4939 replevit;

2478 4982 2775 5049 multisque
2828 4974 3177 5030 imitantibus
3212 4971 3389 5025 virum
3422 4969 3640 5029 fortem,
3668 4978 3723 5021 et
3766 4982 3859 5035 per
3906 4965 4055 5034 palos

2477 5072 2903 5131 ascendentibus
2939 5082 3180 5130 murum,
3221 5063 3485 5118 Romanis
3516 5061 3753 5114 traditur
3788 5069 4054 5113 castrum.

2478 5170 2543 5221 Et
2584 5167 2723 5220 alios
2752 5163 2971 5233 quidem
3026 5160 3316 5213 Persarum
3360 5153 3704 5215 occiderunt,
3738 5151 3875 5205 alios
3929 5163 4057 5202 vero

2480 5258 2724 5327 captivos
2756 5254 3033 5307 duxerunt
3065 5265 3169 5303 una
3210 5264 3333 5301 cum
3379 5244 3735 5314 supellectili,
3785 5242 3892 5310 igni
3931 5256 4056 5308 pro-

2481 5349 2593 5403 dito
2629 5355 2831 5401 castro.
2866 5343 3076 5397 Interea
3120 5341 3457 5409 Philippicus
3496 5352 3691 5392 rursus
3734 5334 4055 5404 B}zantium

2306 5507 2537 5565 ΝΟΤᾹἾ.

876 5617 989 5683 (56)
1046 5616 1451 5686 Subjugalibus.
1502 5618 1712 5672 Glossze
1766 5640 1777 5673 :
1832 5618 2126 5685 ὑποζύγιον
2190 5622 2377 5688 subju-

805 5691 969 5759 gium.
1016 5689 1405 5760 Unotuasticon
1436 5706 1448 5741 :
1479 5688 1787 5759 Subjugulis
1832 5691 2143 5757 ὑποξύγιος.
2182 5692 2368 5760 Subju-

808 5758 941 5828 gate
980 5760 1153 5813 bestia
1185 5758 1486 5814 Prudentio
1522 5760 1575 5812 in
1610 5758 1782 5829 agone
1813 5760 2068 5815 Romani.
2107 5760 2270 5815 Faun.

882 5832 993 5897 (37)
1052 5830 1350 5899 Iugarium.
1392 5832 1562 5886 Gallis
1621 5832 1804 5898 eugin,
1858 5834 2109 5885 marhiua
2166 5834 2377 5887 bellica.

816 5901 1005 5957 Malllt.
1040 5901 1244 5959 l'arrs.t
1273 5901 1339 5957 L‘t
1362 5903 1639 5965 ingenium
1660 5903 2007 5959 adhiberetur
2034 5905 2098 5958 a-J
2120 5906 2333 5959 turrim.
2360 5924 2375 5955 ι

2494 5626 2582 5679 Sic
2615 5623 2811 5693 l‘apias
2847 5622 2899 5673 in
2945 5615 3329 5693 Yocalrulario-
3354 5627 3593 5687 argumer
3620 5616 3683 5693 tu.
3705 5605 4057 5693 It‘ing'eltli'utn

2493 5674 3082 5766 interpretatur:_\'it|c
3124 5674 3587 5766 liiltnt-nltttrvstiurn
3620 5678 3687 5731 ad
3738 5681 3894 5766 Apul.
3930 5674 4056 5766 Met.

2494 5769 2525 5819 ι,
2559 5784 2609 5829 ν,
2726 5765 2850 5817 207.
2884 5762 3091 5814 Clossa:
3138 5756 3377 5809 l'osithet
3466 5773 3478 5803 ‹
3526 5755 3669 5820 Λιξυ
3698 5762 3938 5803 ucn'um.
3977 5764 4023 5797 ,ιι

2495 5851 2617 5909 gnte
2646 5832 2947 5892 inventum.
2984 5832 3034 5885 lo
