4440 6446
419 382 550 445 1277

416 492 519 546 iter
550 491 680 561 egit,
743 488 993 544 Heraclio
1020 484 1396 541 Romanorqu
1442 487 1583 539 duce
1635 484 1845 540 relicto.
1889 483 1990 539 Ve-
2020 487 2067 543 A

419 585 575 639 niens
631 590 813 637 autem
869 580 1130 642 Tarsum,
1171 585 1226 632 et
1269 577 1461 632 dicens
1505 575 1651 646 quod
1700 576 1998 644 imperator

419 676 669 730 Priscum
736 672 981 729 Orientis
1039 679 1327 740 praetorem
1394 677 1642 724 creatum
1703 668 1995 731 direxerit,

416 768 608 821 scribit
647 764 901 821 lleraclio
922 764 1154 819 dimisso
1186 762 1430 817 exercitu
1462 761 1516 815 in
1559 761 1873 815 Armeniam
1904 776 1997 814 ve-

416 861 536 913 nire
567 857 635 911 ad
678 858 889 913 Narsen
931 866 987 912 et
1032 855 1211 911 Prisci
1253 856 1375 923 ejus
1424 855 1772 924 praesentiam
1818 852 1999 908 facere

417 949 789 1004 manifestam.
844 949 1149 1019 Imperator
1201 948 1346 1002 enim
1392 947 1701 1018 Philippico
1750 948 1999 1016 jusserat

419 1054 613 1111 quarta
665 1056 809 1111 roga:
846 1050 1002 1111 parte
1056 1041 1275 1110 privare
1327 1039 1604 1093 militiam.
1654 1040 1998 1110 Philippicus

420 1146 603 1189 autem
650 1135 852 1189 timens
885 1148 953 1188 ne
999 1133 1221 1188 occasio
1270 1131 1577 1202 tyrannidis
1618 1132 1795 1197 ﬁeret,
1835 1146 2000 1201 super

419 1228 521 1279 hoc
555 1226 873 1296 imperatori
907 1239 1015 1278 non
1061 1223 1265 1293 paruit,
1310 1222 1542 1292 ideoque
1566 1237 1595 1275 a
1636 1230 1873 1291 praetura
1903 1220 1996 1276 de-

418 1320 659 1390 ponitur.
728 1317 953 1374 Priscus
1026 1316 1599 1386 autemperveniens
1652 1315 1997 1370 Antiochiam

419 1410 678 1479 praecepit
708 1409 911 1464 milites
935 1408 1079 1478 apud
1110 1406 1490 1462 Monocartum
1516 1407 1721 1478 colligi.
1754 1405 2001 1461 Advocat

420 1514 603 1558 autem
634 1515 686 1557 et
707 1501 1069 1565 Germanum,
1093 1500 1179 1555 cui
1206 1498 1642 1555 lledessenorum
1667 1500 2000 1569 principatus

416 1597 658 1650 creditus
705 1602 845 1656 erat,
884 1609 991 1647 una
1027 1608 1153 1649 cum
1190 1593 1479 1662 episcopo,
1515 1601 1569 1647 et
1608 1607 1716 1646 una
1756 1607 1880 1646 cum
1921 1592 1999 1646 eis

418 1690 486 1744 ad
522 1689 825 1745 exercitum
865 1689 1004 1751 ibat,
1027 1687 1437 1742 solemnitatem
1471 1686 1697 1742 Pascha:
1730 1703 1854 1742 cum
1890 1687 1999 1740 illis

420 1782 693 1836 facturus.
726 1783 795 1835 At
824 1795 953 1835 vero
985 1780 1156 1834 duces
1186 1779 1462 1834 exercitus
1492 1778 1707 1833 obviam
1733 1786 2000 1834 venerunt

418 1877 466 1929 ei
497 1891 620 1928 eum
667 1874 887 1937 bandis.
930 1874 1145 1929 duobus
1187 1873 1364 1944 signis
1398 1874 1589 1944 procul
1619 1873 1689 1930 ab
1725 1873 1992 1929 exercitu.

419 1970 518 2022 Ast
564 1966 789 2023 Priscus
837 1966 1141 2022 secundum
1176 1980 1386 2021 morem
1450 1982 1558 2021 non
1608 1964 1895 2021 descendit
1926 1966 1997 2020 ab

419 2074 584 2130 equo,
622 2074 725 2114 nec
757 2058 1043 2115 consuetis
1093 2058 1524 2113 salutationibus
1557 2073 1692 2115 usus
1725 2069 1826 2113 est.
1859 2057 1997 2113 Hinc

416 2170 545 2223 ergo
571 2162 624 2208 et
651 2154 762 2208 odii
791 2152 1079 2208 exordium
1126 2150 1337 2207 factum
1364 2162 1448 2209 est
1473 2169 1487 2206 :
1522 2153 1578 2206 in
1608 2152 1997 2209 communibus

418 2263 655 2314 namque
705 2245 925 2315 injuriis
961 2244 1346 2300 multitudines
1398 2245 1649 2301 severius
1684 2246 1992 2315 patiuntur.

419 2339 548 2393 Post
580 2336 780 2392 festum
814 2343 996 2391 autem
1040 2336 1184 2392 diem
1233 2335 1759 2393 demonstrabantur
1804 2338 1997 2395 tetrico

420 2428 765 2495 imperatoris
796 2426 1012 2480 litterae.
1047 2424 1345 2481 Conﬂuunt
1386 2427 1569 2497 itaque
1609 2428 1994 2485 multitudines

417 2519 482 2571 ad
516 2520 769 2587 praetoris
800 2518 1032 2573 ﬁxuram
1073 2519 1437 2587 tabernaculi,
1474 2521 1598 2577 aliis
1627 2522 1849 2592 quidem
1880 2524 1995 2594 gla-

421 2612 542 2666 dios
563 2612 940 2682 portantibus,
960 2613 1086 2669 aliis
1115 2628 1241 2668 vero
1274 2614 1483 2684 lapides
1510 2616 1595 2671 vel
1623 2615 1766 2687 ligna
1786 2617 1993 2686 jactan-

424 2704 587 2758 tibus.
647 2704 730 2759 Fit
784 2704 950 2774 igitur
1008 2706 1242 2775 pavidus
1295 2707 1538 2773 Priscus,
1585 2716 1642 2763 et
1693 2711 1995 2766 ascendens

418 2814 619 2865 equum
654 2795 780 2866 fuga
811 2798 989 2853 evasit
1017 2797 1348 2867 periculum.
1390 2800 1475 2853 llli
1522 2814 1653 2855 vero
1683 2801 1996 2857 sciudentes

423 2890 587 2942 fixum
618 2889 783 2957 huius
814 2889 1252 2954 tabernaculum,
1283 2890 1467 2943 omnia
1494 2906 1616 2961 qua:
1638 2892 1811 2961 ipsius
1840 2903 1999 2948 erant

421 2978 789 3049 diripuerunt.
821 2979 920 3034 Ast
946 2978 1036 3033 ille
1065 2977 1446 3033 Constantiam
1476 2960 1800 3050 perveniens
1827 2998 1855 3036 a
1880 2960 1996 3039 me-

419 3071 558 3126 dicis
574 3072 640 3124 de
656 3069 1103 3140 percussionibus
1116 3069 1353 3142 lapidum
1367 3079 1421 3127 et
1435 3073 1752 3130 vulneribus
1767 3076 1998 3131 curaba-

1196 375 2165 441 llISTOR[LECCLESIASTICA
2210 374 2308 436 EX
2345 374 2829 435 TllEOPllANE.

3537 374 3680 435 1278

2170 483 2357 539 Mundi
2384 497 2527 536 anno
2549 481 2713 543 6080,
2741 480 2944 535 divinte
2962 478 3361 537 incarnationis
3390 496 3535 538 anno
3553 482 3683 542 580,

2105 592 2298 634 mense
2347 575 2718 646 Septembrio,
2768 574 3069 628 indictione
3115 585 3292 641 sexta,
3335 575 3683 647 Langobardi

2104 672 2306 728 bellum
2354 669 2623 725 adversus
2679 667 2957 721 Romanos
3003 666 3332 731 intulerunt,
3370 674 3426 721 et
3461 666 3685 721 Mauru-

2104 764 2317 819 siorum
2371 770 2562 833 gentes
2595 761 2862 815 adversus
2910 758 3155 814 Africam
3206 777 3432 831 magnas
3474 773 3686 832 pertur-

2103 858 2358 913 bationes
2388 863 2867 926 perpetraverunt.
2909 853 2965 907 ln
3000 854 3233 909 Perside
3281 864 3463 909 autem
3495 872 3687 910 carcer

2103 960 2187 1009 est
2220 950 2317 1021 qui
2345 949 2551 1005 dicitur
2592 946 2785 1015 Lethe,
2842 957 2897 1001 et
2945 949 3151 1003 multos
3185 948 3473 1003 Persarum
3530 963 3620 1001 rex
3656 962 3683 999 a

2102 1044 2342 1101 diversis
2377 1043 2635 1111 gentibus
2666 1042 2720 1096 in
2756 1041 2859 1095 hoc
2893 1041 3121 1096 inclusit
3165 1057 3271 1095 uua
3303 1056 3427 1095 cum
3455 1041 3687 1107 captivis

2104 1138 2349 1194 civitatis
2371 1136 2550 1192 Daraa.
2577 1134 2671 1191 isti
2704 1148 2838 1203 ergo
2869 1129 3146 1203 desperati
3175 1133 3466 1202 insurgunt
3493 1141 3687 1186 contra

2102 1247 2199 1288 eos
2230 1231 2326 1301 qui
2376 1246 2435 1286 se
2473 1227 2888 1293 custodiebant,
2931 1234 2985 1282 et
3016 1226 3206 1281 occiso
3257 1224 3473 1279 Marusa
3522 1233 3687 1295 caput

2102 1327 2224 1396 ejus
2278 1324 2601 1395 Byzantium
2656 1324 2981 1379 attulerunt.
3045 1320 3142 1373 Ast
3199 1319 3502 1389 imperator
3561 1333 3684 1370 cum

2103 1417 2307 1485 gaudio
2342 1431 2539 1487 magno
2596 1416 2720 1470 illos
2770 1412 3034 1482 suscepit.
3081 1409 3450 1479 Philippieum
3506 1418 3685 1461 autem

2105 1510 2191 1562 vix
2223 1518 2514 1577 prastorem
2560 1508 2767 1575 recepit
2798 1505 3097 1560 exercitus.
3131 1503 3268 1555 (lum
3321 1509 3501 1554 autem
3552 1498 3685 1550 Pcr-

2104 1615 2290 1655 sarum
2329 1600 2819 1669 Romanorumque
2852 1597 3060 1652 bellum
3108 1594 3459 1665 Martyropoli
3513 1592 3684 1654 fieret,

2104 1705 2442 1761 superantur
2491 1692 2750 1747 Romani.
2798 1693 3100 1760 Imperator
3131 1697 3312 1744 autem
3358 1701 3387 1739 a
3443 1692 3679 1755 przetura

2109 1787 2417 1856 Philippico
2447 1799 2640 1840 rursus
2672 1792 2875 1845 amoto.
2903 1781 3363 1842 Commentiohmi
3396 1786 3687 1847 praetorem

2104 1877 2353 1933 Orientis
2405 1877 2629 1931 direxit.
2680 1874 2971 1930 lleraclius
3016 1883 3198 1928 autem
3235 1877 3595 1941 prosperatus
3636 1868 3687 1919 in

2100 1971 2246 2027 bello
2280 1969 2513 2039 peremit
2537 1968 2831 2023 Persarum
2866 1975 3184 2038 praetorem.
3219 1963 3537 2033 Aphrahato
3562 1973 3690 2013 vero

2103 2067 2432 2133 interempto
2461 2062 2678 2133 fugiunt
2717 2060 2899 2117 Persa:
2939 2068 2991 2116 et
3026 2060 3398 2128 insequuntur
3431 2053 3688 2107 Romani.

2099 2156 2235 2212 Cum
2300 2163 2481 2209 autem
2529 2153 2765 2208 multum
2809 2150 3007 2207 fuisset
3054 2154 3109 2207 in
3164 2152 3248 2205 eis
3287 2147 3560 2205 excidium
3608 2145 3690 2197 fa-

2100 2258 2272 2313 ctum,
2318 2248 2800 2319 comprehendunt
2841 2248 3009 2301 etiam
3056 2246 3367 2301 custodiam
3399 2250 3451 2296 et
3482 2240 3688 2294 nmltas

2098 2341 2327 2398 exuvias
2394 2340 2719 2412 Byzantium
2784 2340 3032 2395 mittunt.
3091 2336 3337 2405 Denique
3392 2336 3692 2402 imperator

2099 2434 2448 2505 equestribus
2491 2432 2968 2504 speculationibus
3014 2442 3061 2486 et
3103 2427 3451 2485 commerciis
3501 2424 3690 2478 urbem

2099 2526 2449 2597 splendidam
2488 2524 2751 2579 reddidit.
2781 2522 3075 2577 llormisda
3105 2521 3399 2576 Persarum
3428 2532 3520 2571 rex
3555 2531 3693 2585 prae-

2102 2629 2278 2674 torem
2337 2618 2536 2672 Baram
2597 2626 2915 2686 promotum
2967 2630 3074 2669 una
3126 2628 3252 2668 cum
3314 2609 3693 2681 potentatilms

2103 2711 2297 2765 tnultis
2333 2720 2528 2765 contra
2564 2709 2829 2763 Suaniam
2863 2708 3055 2761 mittit.
3093 2706 3168 2759 Ex
3201 2705 3483 2773 insperato
3512 2710 3693 2755 autem

2102 2803 2229 2856 huic
2273 2803 2491 2857 instans
2533 2801 2601 2855 ad
2634 2804 2876 2854 Araxem
2912 2800 3113 2853 flumen
3145 2803 3329 2851 castra
3360 2801 3690 2855 commovet,

2102 2896 2373 2964 siquidem
2404 2895 2743 2965 expugnatis
2762 2892 2961 2947 Turcis
2986 2908 3015 2945 a
3040 2890 3222 2945 Persis
3245 2888 3379 2941 adeo
3403 2884 3692 2939 Ilormisda

2100 2986 2273 3040 crevit
2306 2995 2364 3040 ut
2395 2986 2567 3041 etiam
2612 2984 2824 3039 tributa
2854 2982 3220 3053 quadraginta
3271 2978 3439 3034 millia
3490 2975 3608 3028 auri
3663 2990 3692 3026 a

2100 3077 2298 3132 Turcis
2352 3077 2649 3147 acciperet,
2698 3090 2825 3129 cum
2865 3074 3020 3144 prius
3074 3074 3190 3141 ipse
3232 3068 3462 3139 aequalia
3496 3064 3694 3119 Turcis

421 3175 531 3228 tur,
551 3164 1126 3233 etmittitepiscopum
1146 3164 1387 3220 civitatis
1418 3165 1689 3222 rationem
1710 3167 1916 3224 faciens
1936 3185 1999 3225 ac
2027 3196 2073 3259 ο
2107 3168 2463 3237 persolveret.
2518 3166 2719 3221 Verum
2774 3166 3078 3219 Mauricius
3123 3164 3226 3218 hoc
3262 3169 3542 3231 comperto
3578 3160 3691 3213 llo-

425 3257 690 3325 polliceus
713 3257 1057 3313 exercituise
1091 3271 1388 3313 suasurum
1424 3257 1764 3329 imperatori,
1787 3276 1853 3317 ne
1872 3264 1995 3318 illos

425 3350 599 3417 privet
630 3349 813 3418 aliqua
838 3348 1301 3405 conferendarum
1354 3353 1824 3408 consuetudinum
1862 3355 2000 3424 (38).

422 3442 809 3497 Astexercitus
823 3441 1141 3511 episcopum
1171 3456 1296 3497 cum
1323 3442 1542 3512 injuriis
1578 3455 2006 3515 respueruut,ct

420 3534 760 3588 Germanum
794 3534 1028 3589 invitum
1056 3542 1346 3603 praztorcm
1376 3538 1884 3605 pronuntiaverunt
1913 3555 2004 3594 su-

424 3640 517 3690 pt'l‘
550 3633 769 3679 scutum
802 3624 1030 3689 elatum,
1054 3624 1584 3696 imperetoriamque
1614 3636 1850 3683 statuam
1878 3631 2004 3685 sub-

422 3726 726 3783 verterunt,
761 3726 817 3773 et
861 3717 1027 3787 hujus
1073 3717 1341 3789 imagines
1378 3718 1624 3775 demoliti
1670 3729 1821 3777 sunt.
1852 3722 1917 3776 Et
1948 3725 2002 3778 in

424 3809 767 3879 tyrannidem
816 3816 1243 3878 prorumperent
1289 3817 1343 3863 et
1396 3810 1563 3866 urbes
1619 3812 2001 3882 dispoliareut,

423 3902 527 3956 nisi
570 3900 880 3957 Germanus
922 3901 974 3956 id
1026 3917 1190 3970 agere
1231 3902 1401 3955 multa
1460 3906 1894 3963 connuouitione
1951 3919 2005 3963 et

420 3994 801 4048 exhortatione
865 3994 1149 4049 vetuisset.
1189 3993 1412 4049 Priscus
1462 4004 1644 4051 autem
1719 3998 1833 4053 haze
1896 4001 2000 4053 im-

422 4088 665 4155 peratori
698 4084 989 4141 manifesta
1021 4084 1173 4152 fecit,
1208 4095 1262 4141 et
1298 4087 1597 4155 imperator
1630 4088 1999 4162 Philippieum

424 4182 604 4236 denuo
639 4187 929 4249 prmtorem
972 4175 1210 4233 Orientis
1260 4180 1567 4233 constituit.
1602 4178 1832 4235 Priscus
1872 4197 2002 4236 vero

422 4273 744 4344 Byzantium
800 4270 989 4326 rediit.
1026 4268 1201 4326 Porro
1244 4273 1525 4326 exercitus
1571 4272 1902 4341 juramentis
1942 4290 2001 4330 se

427 4366 732 4420 atlirntabat
760 4381 790 4419 a
820 4364 1086 4418 Mauricio
1111 4364 1427 4419 nullatenus
1460 4366 1743 4435 imperari.
1775 4367 1998 4423 Barbari

421 4475 554 4515 sane
591 4458 854 4513 Romanis
886 4457 1300 4512 calamitatibus
1331 4458 1765 4514 delectabantur.
1802 4459 1999 4516 Verum

422 4556 718 4620 imperator
775 4550 1198 4613 Aristobolum,
1250 4560 1564 4604 curatorem
1625 4552 1993 4621 imperialium

418 4646 729 4705 domorum,
770 4643 836 4696 ad
868 4642 1169 4696 exercitum
1208 4643 1377 4707 misit,
1410 4654 1684 4711 quatenus
1711 4645 1995 4714 juramen-

424 4740 494 4791 tis
528 4747 580 4790 et
615 4737 778 4790 donis
827 4734 1173 4806 tyrannidem
1228 4734 1502 4801 solveret;
1549 4738 1695 4806 quod
1738 4747 1794 4792 ct
1842 4739 1991 4793 fecit.

425 4830 737 4901 Tyraunide
774 4843 901 4881 vero
935 4828 1216 4881 destructa
1256 4827 1313 4881 fit
1352 4827 1643 4882 Persarum
1680 4839 1845 4900 atque
1879 4830 2020 4887 Ro-‘

422 4938 707 4978 manorum
752 4922 896 4975 circa
951 4919 1363 4991 Martyropolim
1420 4924 1720 4977 maximum
1772 4925 1996 4981 bellum.

426 5016 687 5068 ttotnanis
740 5030 868 5069 vero
922 5015 1163 5083 potentia
1213 5023 1267 5068 et
1316 5013 1521 5089 ducum
1572 5016 1775 5073 virtute
1829 5034 1999 5089 expu-

423 5109 718 5175 gnantltus
762 5106 980 5173 Persas,
1034 5108 1359 5162 interficitur
1406 5106 1656 5163 Maruzas
1702 5108 1997 5167 Persarum

425 5212 644 5269 praeter.
682 5200 1236 5267 Comprehenduntur
1268 5200 1431 5253 etiam
1466 5200 1765 5255 viventium
1801 5216 1866 5256 ex
1914 5202 1999 5257 his

429 5296 530 5348 tria
561 5294 757 5355 millia,
783 5306 837 5348 et
866 5292 1212 5348 Persicorum
1246 5293 1521 5362 principes
1543 5293 1821 5364 agminum
1850 5297 1997 5351 mille

426 5395 637 5437 tantum
679 5384 882 5438 reversi
919 5393 1047 5437 sunt
1101 5384 1154 5436 in
1200 5382 1500 5438 Persidem.
1556 5382 1727 5439 Porro
1762 5385 1994 5440 Runtani

422 5480 804 5534 transmittunt
849 5477 915 5531 ad
966 5478 1348 5547 imperatorem
1384 5493 1447 5531 ex
1494 5475 1732 5535 Persicis
1778 5480 1994 5535 exuviis

428 5571 595 5624 multa
628 5578 679 5624 ct
712 5577 903 5639 captos
933 5579 986 5623 et
1016 5570 1302 5624 universos
1333 5584 1438 5623 una
1474 5584 1597 5624 cum
1632 5569 1850 5626 bandis.

2111 3274 2333 3313 manum
2380 3258 2636 3329 provehit
2684 3268 2996 3327 praetorem,
3031 3264 3085 3309 et
3145 3256 3199 3309 in
3250 3252 3515 3311 Suaniam
3565 3265 3690 3303 cum

2109 3360 2396 3423 potentatu
2444 3351 2789 3406 transmittit.
2822 3350 3071 3418 Cumque
3114 3347 3453 3417 pervenisset
3494 3343 3693 3397 Roma-

2109 3462 2214 3502 nus
2250 3445 2508 3500 Lazicem
2538 3453 2592 3500 et
2624 3443 2691 3498 ad
2730 3443 2949 3497 Phasim
2987 3442 3210 3495 fluvium
3243 3437 3598 3497 accessisset,
3634 3437 3689 3487 in

2106 3538 2398 3592 Albaniam
2429 3537 2736 3592 exercitum
2770 3535 2960 3590 movit.
2994 3533 3186 3587 Bai-am
3236 3542 3417 3585 autem
3454 3528 3693 3582 audiens

2107 3631 2414 3687 Romanum
2441 3629 2745 3700 profectum
2764 3644 2876 3683 rem
2898 3626 3203 3683 deridebat.
3228 3622 3499 3691 Cupiebat
3522 3620 3688 3672 etiam

2110 3725 2482 3780 Romanorum
2510 3723 2682 3778 aciem
2720 3737 2885 3776 manu
2921 3735 3161 3789 capere:
3197 3733 3304 3771 non
3337 3715 3483 3769 enim
3517 3714 3694 3766 adhuc

2107 3818 2372 3870 adversus
2421 3813 2702 3867 Romanos
2730 3811 2932 3865 bellum
2966 3809 3185 3862 inierat.
3217 3806 3287 3858 At
3328 3817 3454 3857 vero
3492 3802 3691 3853 Roma-

2106 3926 2213 3965 nus
2262 3906 2566 3962 Romanam
2622 3902 3032 3958 multitudinem
3066 3897 3367 3967 separavit.
3422 3909 3527 3947 non
3563 3907 3692 3961 pro-

2115 4002 2256 4057 batis
2291 4015 2458 4072 penes
2491 3997 2739 4053 sarcinas
2764 3993 3066 4050 derelictis.
3092 3992 3286 4045 Decem
3327 3987 3493 4040 millia
3524 3984 3690 4039 etiam

2107 4110 2295 4150 secum
2333 4091 2615 4162 accipiens
2644 4089 2913 4144 adversus
2944 4085 3212 4140 barbaros
3246 4078 3605 4151 properabat,
3637 4084 3691 4126 et

2104 4188 2216 4242 duo
2275 4184 2446 4239 millia
2506 4182 2819 4251 praecedere
2862 4179 3021 4249 jubet
3062 4175 3387 4233 exercitum.
3442 4171 3549 4236 Qui
3593 4186 3690 4223 ve-

2106 4281 2321 4334 nientes
2347 4275 2565 4332 obviam
2618 4274 2708 4329 his
2756 4273 2851 4343 qui
2891 4275 3316 4342 pratcesserant,
3348 4264 3545 4320 Persas
3590 4263 3691 4317 hos

2108 4374 2159 4425 in
2186 4380 2337 4440 terga
2364 4377 2604 4433 vertunt,
2627 4375 2680 4422 et
2703 4381 2896 4421 omnes
2926 4363 3287 4419 interimunt:
3314 4358 3460 4412 facta
3487 4355 3691 4425 quippe

2108 4462 2236 4531 fuga
2290 4471 2344 4515 et
2386 4458 2694 4529 praecipitio
2745 4457 2847 4510 sibi
2903 4455 3165 4509 obstante
3194 4449 3442 4505 conclusi
3496 4462 3691 4500 omnes

2103 4553 2456 4610 interierunt.
2519 4553 2619 4607 Ast
2677 4550 2907 4605 Romani
2968 4562 3143 4615 usque
3201 4546 3266 4598 ad
3329 4542 3690 4597 barbarorum

2105 4647 2309 4701 vallum
2336 4654 2627 4709 venerunt,
2660 4644 2733 4696 ita
2762 4652 2819 4695 ut
2868 4640 3061 4692 Baram
3094 4651 3257 4706 super
3298 4634 3403 4686 hoc
3428 4631 3688 4698 obstupes

2105 4748 2303 4795 sceret.
2327 4738 2480 4802 Quod
2506 4736 2735 4791 audiens
2760 4733 3044 4788 Romanus
3067 4729 3316 4782 animare
3338 4724 3506 4793 coepit
3528 4737 3684 4776 exer-

2103 4833 2299 4894 citum,
2359 4840 2411 4883 et
2450 4828 2742 4899 prazliaturi
2773 4831 3040 4897 parantur
3082 4822 3135 4875 in
3191 4832 3385 4885 campo
3426 4813 3685 4867 Albania-3.

2106 4923 2300 4978 Baram
2352 4933 2533 4978 autem
2565 4922 2843 4977 nitebatur
2891 4918 3091 4973 bellum
3145 4912 3340 4973 furari,
3390 4910 3688 4963 frustratus

2106 5026 2285 5071 tamen
2344 5016 2581 5071 consilio
2611 5022 2695 5070 est
2733 5033 2747 5070 :
2807 5010 3050 5068 surrexit
3095 5006 3238 5061 enim
3290 5002 3591 5062 Romanus,
3629 5008 3685 5051 et

2106 5110 2482 5179 eomptissime
2513 5109 2831 5178 parabatur.
2875 5106 3011 5160 Cum
3049 5110 3232 5155 autem
3279 5097 3512 5151 invicem
3554 5107 3687 5147 eon-

2109 5201 2288 5257 flictus
2336 5201 2641 5273 agitaretur
2670 5210 2724 5255 et
2762 5185 2917 5253 multi
2957 5184 3325 5249 Barbarorum
3354 5186 3523 5243 occisi
3551 5185 3686 5237 fuis-

2106 5306 2249 5363 sent,
2297 5298 2355 5352 fit
2404 5298 2639 5352 maxima
2694 5296 2956 5351 Romanis
2995 5290 3248 5347 victoria.
3309 5283 3685 5353 Dispoliantur

2104 5393 2268 5463 igitur
2298 5392 2550 5452 Barbari.
2602 5400 2658 5445 et
2714 5389 2998 5459 sepultura
3048 5390 3304 5439 carentes
3365 5375 3681 5431 ellieiuntur

2102 5487 2295 5543 bestiis
2325 5503 2473 5543 esca.
2506 5484 2622 5540 Hoc
2653 5483 2844 5538 audito
2879 5474 3202 5535 Hormisdas
3232 5474 3523 5528 Persarum
3558 5481 3677 5527 rex,

2105 5578 2486 5636 confusionem
2527 5594 2634 5633 non
2661 5576 2866 5642 ferens,
2901 5570 3223 5626 muliebrem
3246 5572 3451 5620 vestem
3482 5560 3674 5613 Baram

1942 5691 2176 5755 NOTAE.

496 5782 606 5863 (534
644 5784 1090 5863 Cumttu‘ttu'ilutm
1136 5787 1488 5841 (ἶμιιλ-ιιμιειιιη
1551 5791 1845 5860 purgatio.
1882 5793 2092 5863 παριοχῇ
2147 5794 2243 5847 (ξῖι)

1909 5793 2092 5863 παρειχῆ
2147 5794 2350 5848 (ξὶωςρδιιι
2429 5788 2685 5845 salarium
2731 5784 3057 5855 1‘J'!ﬁ03"7,\'
3110 5777 3247 5849 Hist,
3317 5775 3458 5843 Trip.
3506 5773 3538 5825 Ι.
3588 5786 3662 5839 Vt,

426 5877 472 5908 ι.
506 5855 553 5920 7,
584 5871 629 5909 et
667 5857 702 5909 l.
738 5873 827 5921 tu,
866 5878 913 5911 ς.
950 5860 976 5911 3
1026 5857 1185 5911 [λι-ιλ.
