4440 6446
780 393 915 459 1273

1876 394 2273 458 ANASTASII
2314 399 2955 467 BIBLIDTHECARII

3906 413 4046 481 1280

779 510 1107 575 transmisit,
1136 516 1189 564 ct
1231 510 1375 565 hunc
1411 520 1645 577 prmtura
1690 511 1943 580 privavit.
1985 513 2357 572 Parate.con-
2386 529 2429 585 Α
2465 521 2722 576 misdam.
2779 522 2843 577 Et
2892 523 3104 579 ducunt
3150 525 3201 578 itt
3253 524 3489 580 medium
3540 541 3762 583 uxorem
3821 529 3940 598 ejus
3993 542 4051 587 et

778 618 860 659 tra
888 608 1242 660 rebellionem
1272 604 1489 672 llaram,
1525 607 1876 677 progreditur
1900 609 1953 662 in
1988 611 2357 681 tyrannidem,

775 710 829 754 et
860 700 1156 770 reciprocis
1217 699 1433 768 injuriis
1484 714 1578 768 per
1624 700 1830 756 litteras
1881 700 2224 758 llormisdam
2285 705 2362 758 la-

779 794 967 857 cessit,
1017 792 1434 860 superscribens
1480 794 1724 862 epistolce
1758 794 1830 847 ita
1863 810 1875 847 :
1905 795 2204 850 Hormisda:
2231 797 2361 864 lilia:

779 887 1032 941 Clrosrore
1074 884 1274 938 Baram
1309 883 1417 937 Ira'c
1468 886 1656 938 mittit.
1692 886 1953 943 Collectis
1990 905 2118 942 vero
2150 890 2361 946 militiis

779 982 1063 1036 asserebat
1114 979 1461 1035 llormisdam
1507 981 1847 1051 indignatum
1910 984 2175 1041 adversus
2214 988 2380 1041 mili--

780 1074 905 1136 tias,
949 1081 1139 1142 utpote
1208 1087 1329 1140 qum
1363 1060 1413 1124 'a
1476 1072 1739 1129 Romanis
1795 1076 2010 1132 fuerant
2068 1089 2359 1148 superate.

779 1167 1119 1221 Ostendebat
1163 1174 1344 1220 autem
1377 1175 1430 1221 et
1475 1166 1627 1221 fictas
1673 1169 1886 1223 litteras
1922 1173 2078 1240 quasi
2115 1174 2182 1227 ab
2226 1172 2363 1228 llor-

779 1260 952 1313 tuisda
1002 1257 1201 1311 missas
1249 1257 1314 1310 ad
1374 1257 1702 1312 minuendas
1761 1259 1995 1312 militum
2053 1276 2233 1330 rogas,
2292 1262 2359 1315 ad

782 1354 1103 1410 memoriam
1138 1354 1219 1409 cis
1251 1352 1519 1406 reducens
1544 1354 1887 1407 atrocitatem
1913 1354 2237 1417 llortnisdae,
2264 1372 2359 1411 seu

783 1448 1190 1514 crudelitatem,
1234 1447 1518 1499 avaritiam
1580 1455 1634 1500 et
1668 1447 2007 1510 violentiam,
2050 1456 2103 1502 et
2129 1450 2363 1518 qualiter

782 1541 1096 1596 homicidiis
1135 1540 1437 1594 delectatus
1466 1551 1519 1594 et
1543 1554 1570 1593 a
1612 1555 1745 1610 pace
1790 1541 2000 1596 alienus
2031 1552 2193 1607 esset,
2225 1560 2363 1613 qua-

780 1635 1016 1704 literque
1037 1632 1333 1702 optimates
1367 1633 1603 1688 vinculis
1631 1634 1922 1696 dediderit,
1957 1652 2191 1704 quorum
2225 1638 2363 1695 alios

778 1724 998 1794 quidem
1052 1723 1234 1795 gladio
1286 1723 1588 1787 reciderit,
1650 1726 1786 1778 alios
1834 1737 2014 1780 autem
2085 1728 2363 1782 no-caverit

779 1815 1043 1885 Tigride,
1104 1824 1158 1869 ct
1210 1815 1446 1889 qualiter
1502 1817 1731 1883 cogehat
1790 1818 1985 1874 Persas
2040 1820 2094 1875 in
2152 1824 2362 1891 magnis

2467 614 2662 681 tilium,
2690 624 2743 670 et
2785 633 2951 672 serra:
3001 618 3247 673 sectione
3301 620 3400 675 hos
3448 622 3637 690 partiti
3690 632 3819 677 sunt
3859 640 4047 678 coram

2464 704 2772 762 Ilorruisdze
2810 710 3046 773 visibus,
3072 709 3533 784 liormisdamque
3565 718 3739 771 oculis
3772 719 4050 786 ptivatttcs

2467 799 2521 851 in
2567 814 2844 855 carcerem
2899 814 3221 872 posuerunt.
3260 806 3324 860 Et
3359 807 3633 864 Chosroes
3683 811 3900 880 quidem
3946 813 4049 863 ali-

2465 893 2711 960 quandiu
2755 903 2961 963 patrem
3004 897 3239 966 benigne
3273 901 3565 965 tractabat,
3596 904 3647 955 in
3679 905 3930 959 custodia
3970 906 4049 959 illi

2465 996 2682 1037 omnem
2716 985 2966 1041 tribuens
3002 1002 3205 1042 escam.
3240 989 3337 1043 Ast
3372 989 3693 1049 Hormisdas
3725 994 3865 1047 hunc
3903 995 4051 1061 inju-

2465 1074 2564 1128 riis
2593 1091 2623 1128 e
2656 1075 2877 1135 diverso
2922 1078 3223 1143 lacerabat,
3263 1083 3599 1136 conculcans
3626 1100 3685 1136 ea
3718 1100 3838 1153 qum
3866 1085 4048 1139 mitte-

2468 1167 2667 1222 bantur
2700 1184 2728 1222 a
2758 1185 2906 1240 rege.
2941 1170 3097 1225 Unde
3120 1170 3396 1227 Chosroes
3425 1174 3598 1228 iratus
3636 1176 3873 1230 fustibus
3900 1178 4048 1229 hunc

2467 1260 2821 1318 silvestribus
2852 1263 3021 1331 jussit
3062 1280 3159 1334 per
3196 1265 3287 1319 ilia
3321 1280 3521 1319 caesum
3563 1268 3737 1321 obire.
3769 1268 3921 1333 Quod
3965 1272 4049 1322 t'a-

2466 1361 2613 1407 ctum
2657 1362 2710 1407 et
2743 1354 2941 1410 Persas
2979 1357 3163 1411 tristes
3199 1356 3430 1412 reddidit
3457 1369 3507 1411 et
3539 1371 3728 1413 contra
3764 1362 4049 1414 Chosroen

2465 1446 2652 1499 odium
2681 1450 2856 1500 auxit.
2888 1447 3161 1503 Chosroes
3200 1466 3332 1504 vero
3376 1454 3723 1521 congregatis
3753 1454 4050 1508 virtutibus

2466 1553 2763 1607 regnorum
2805 1556 3061 1609 egressus
3088 1553 3281 1596 contra
3306 1545 3500 1597 Baram
3538 1547 3786 1614 pervenit
3819 1546 3868 1597 in
3899 1561 4052 1599 cam-

2467 1643 2594 1697 pum
2651 1628 2795 1682 Zaba
2842 1629 3107 1693 ﬂuminis,
3166 1633 3257 1686 ubi
3296 1633 3490 1685 Baram
3548 1634 3745 1687 vallum
3792 1634 4050 1688 habebat.

2466 1720 2793 1788 Suspicatus
2829 1732 3008 1776 autem
3052 1723 3330 1777 (llmsvoes
3353 1724 3496 1792 quod
3535 1724 3700 1793 aliqui
3738 1724 4048 1792 principatu

2470 1813 2787 1881 adjacerent
2836 1812 3056 1878 Baram,
3099 1815 3198 1869 hos
3234 1815 3455 1869 occidit.
3490 1817 3623 1869 (lum
3660 1830 3790 1869 vero
3818 1817 4049 1885 pepultts

778 1910 990 1980 praeliis
1021 1910 1293 1979 separari,
1330 1925 1442 1978 quo
1468 1909 1921 1979 disperderentur
1945 1923 1993 1968 et
2029 1931 2136 1968 non
2171 1925 2360 1970 contra
2392 1895 2437 1954 Β
2472 1912 2525 1957 lu

2307 1933 2360 1970 ra
2392 1895 2437 1954 B
2472 1905 2812 1970 turbaretur,
2848 1904 3026 1973 fugam
3086 1906 3208 1959 iniit
3242 1908 3518 1961 Chosroes
3552 1922 3675 1961 cum
3712 1911 3898 1975 paucis
3928 1909 4051 1978 qni-

781 2002 936 2057 illunt
974 2004 1471 2058 tumultuarentur.
1523 2002 1750 2058 Talibus
1786 2020 1917 2073 ergo
1952 2007 2131 2061 verbis
2171 2009 2359 2064 tiaram

781 2096 1035 2150 militiam
1097 2096 1294 2151 aﬂ‘atus
1340 2097 1681 2167 tyrannidem
1745 2100 2037 2155 maximam
2098 2103 2362 2171 adversus

783 2187 1134 2245 Ilormisdam
1179 2188 1489 2255 succendit,
1543 2204 1597 2245 et
1628 2190 1965 2259 jurantentis
1997 2196 2190 2250 Baram
2243 2215 2361 2251 ntu-

784 2284 1001 2338 nientes
1052 2283 1424 2353 dogmatizant
1467 2299 1660 2339 omnes
1712 2301 1771 2341 se
1817 2287 2166 2357 deposituros
2220 2291 2361 2345 Hor-

784 2374 1038 2429 misdam.
1077 2376 1399 2433 Hormisdas
1434 2384 1614 2431 autem
1654 2375 2005 2433 Ferochanen
2041 2383 2383 2451 magistrum

785 2486 945 2525 suum
982 2478 1254 2523 armatum
1284 2486 1409 2525 cum
1457 2471 1659 2525 virtute
1696 2470 1942 2526 destinat
1972 2474 2234 2531 adversus
2266 2474 2366 2528 Ba-

784 2576 924 2615 ram.
974 2560 1169 2615 Baram
1207 2578 1338 2616 vero
1385 2562 1713 2633 signiﬁcavit
1752 2563 2054 2620 Feruchani
2085 2583 2181 2621 seu
2225 2568 2367 2621 mili-

787 2654 880 2710 tiis
936 2658 1065 2724 quia
1129 2671 1239 2709 non
1306 2657 1563 2711 convenit
1631 2671 1798 2721 arma,
1844 2657 2044 2715 Persas
2100 2661 2364 2719 adversus

784 2743 983 2800 Persas
1045 2743 1281 2811 efferre,
1329 2757 1384 2802 et
1449 2746 1515 2800 ad
1573 2749 1894 2815 memoriam
1941 2752 2020 2806 eis
2067 2754 2365 2808 reducebat

790 2836 1101 2891 Hormisda:
1138 2839 1515 2908 asperitatem,
1537 2839 1891 2909 injustitiam,
1924 2843 1977 2896 in
2007 2847 2365 2914 sanguinibus

787 2930 1045 3000 gaudium
1076 2970 1090 2995 ,
1136 2932 1188 2984 in
1248 2931 1564 2987 homicidiis
1620 2948 1900 3001 amorem,
1951 2936 2365 3004 inﬁdelitatem,

787 3022 1114 3092 iactantiam
1142 3032 1197 3078 et
1236 3023 1575 3079 violentiam.
1608 3024 1733 3082 Haec
1766 3029 2072 3084 sentientes
2102 3032 2369 3087 veraciter

791 3114 863 3170 ab
913 3130 978 3169 eo
1015 3114 1163 3170 dicta
1224 3115 1396 3172 fuisse
1436 3119 1621 3188 populi
1668 3120 1760 3188 qui
1812 3121 1960 3177 circa
2014 3122 2365 3181 Ferochanen

788 3213 947 3260 erant
1001 3205 1068 3258 ad
1130 3204 1324 3260 Baram
1374 3222 1495 3262 sese
1549 3209 1866 3278 conferunt,
1909 3220 1964 3266 et
2017 3210 2368 3271 Ferochanen
2399 3246 2441 3305 ο

790 3298 1106 3352 occidentes
1129 3312 1186 3352 se
1213 3297 1407 3352 Baram
1435 3300 1649 3369 uniunt,
1670 3311 1927 3357 etcontra
1952 3304 2368 3376 Ctesiphontem

796 3386 1003 3457 impetu
1044 3390 1264 3445 abeunt.
1312 3389 1635 3447 Hormisdas
1667 3404 1850 3447 autem
1899 3396 2134 3451 habebat
2168 3397 2373 3454 Bindo-

794 3480 921 3537 heu.
973 3496 1182 3550 magna:
1220 3482 1504 3551 dignitatis
1547 3484 1747 3548 virum,
1786 3486 1839 3541 in
1866 3487 2099 3543 vinculis
2136 3506 2149 3544 :
2189 3490 2373 3560 itaque

744 3594 751 3599 '
792 3588 918 3627 cum
956 3576 1008 3628 in
1050 3592 1241 3645 magna
1294 3574 1654 3633 ﬂuctuatione
1684 3580 1925 3649 'negotia
1957 3580 2239 3651 degerent,
2274 3583 2385 3638 Bc?

796 3675 919 3720 stan
958 3667 1187 3721 Biudohi
1224 3668 1413 3734 frater,
1453 3670 1507 3723 in
1544 3672 1850 3726 custodiam
1888 3674 2155 3739 insiliens,
2189 3676 2377 3730 eduxit

797 3755 1079 3810 Bindohen
1108 3752 1330 3813 fratrem
1363 3774 1544 3824 suum,
1573 3770 1626 3813 et
1657 3771 1989 3831 congregata
2024 3764 2375 3819 multitudine

798 3846 1007 3899 rustica
1053 3862 1149 3901 seu
1192 3848 1366 3913 civili,
1401 3849 1561 3903 tertia
1595 3849 1725 3903 hora
1756 3851 1865 3905 diei
1906 3852 2107 3920 regalia
2145 3853 2373 3921 intrant,

797 3948 852 3993 et
893 3940 1116 3992 invento
1152 3938 1439 3995 llormisda
1475 3957 1640 4010 super
1674 3944 1872 3996 solium
1914 3946 2065 4013 regio
2103 3960 2254 3999 more
2290 3961 2376 4000 se-

798 4032 962 4087 dente
997 4032 1181 4087 multis
1215 4034 1358 4087 hunc
1392 4033 1615 4103 injuriis
1645 4036 1907 4090 subdunt.
1957 4036 2150 4092 lndues
2198 4049 2374 4093 autem

799 4132 994 4177 tenens
1034 4122 1384 4194 llormisdam
1413 4124 1640 4180 abstulit
1678 4126 1928 4180 diadema
1969 4142 1996 4179 a
2032 4127 2208 4196 capite
2235 4128 2375 4195 ejus,

798 4222 853 4269 et
882 4216 1025 4270 hunc
1057 4216 1109 4269 in
1132 4232 1408 4288 carcerem
1434 4218 1792 4282 tradiderunt,
1827 4220 2162 4288 rogabatqne
2191 4219 2371 4274 Chos-

800 4324 935 4362 rocn
1010 4309 1190 4377 patrio
1242 4308 1381 4362 solio
1421 4309 1612 4363 tribui.
1665 4310 1935 4365 Praeterea
1991 4310 2311 4367 Hormisdas
2351 4328 2380 4365 e

800 4400 1053 4455 custodia
1092 4401 1345 4454 nuntium
1384 4402 1555 4463 misit,
1590 4401 1774 4457 Persis
1813 4412 2000 4471 petens
2044 4404 2213 4473 loqui,
2250 4404 2382 4459 Per-

801 4492 909 4545 sidi
944 4508 1066 4562 qua:
1103 4493 1443 4561 expedirent.
1483 4493 1541 4547 in
1582 4494 1887 4548 crastinum
1921 4494 2088 4564 igitur
2116 4498 2385 4552 collectus

2468 1997 2721 2059 busdam,
2746 2013 2797 2051 et
2817 2015 3010 2052 omnes
3034 2001 3125 2067 qtti
3159 2011 3314 2053 erant
3343 2014 3465 2053 cum
3496 1999 3737 2054 Chosroe
3760 2000 3823 2053 ad
3854 2000 4051 2054 Baratn

2472 2100 2857 2143 accesserunt.
2891 2092 2957 2142 At
2996 2107 3123 2143 vero
3159 2091 3439 2145 Chosroes
3469 2090 3755 2145 haesitabat
3788 2093 4050 2159 quidnam

2469 2197 2629 2251 agere
2659 2184 2961 2238 debuisset.
2993 2182 3287 2237 Nonnullis
3315 2199 3446 2238 sane
3476 2184 3766 2239 consilium
3790 2182 4051 2236 dantibus

2469 2276 2574 2331 sibi
2618 2276 2682 2329 ad
2734 2275 2946 2331 Turcos
2996 2278 3272 2341 secedere,
3316 2277 3595 2331 nonnullis
3619 2284 3797 2330 autem
3834 2277 3898 2330 ad
3943 2276 4051 2329 Ho—

2469 2383 2687 2432 manos,
2733 2366 3010 2423 Cltosroes
3049 2384 3251 2438 equum
3301 2370 3608 2424 ascendens
3664 2368 3818 2422 freno
3869 2369 4049 2421 laxato

2468 2464 2594 2532 equi
2631 2474 2812 2519 motus
2834 2464 2989 2533 sequi
3021 2463 3473 2533 outnibusjubet.
3510 2464 3578 2516 At
3613 2478 3743 2517 vero
3777 2478 3951 2531 equus
3981 2463 4049 2515 ad

2470 2556 2749 2611 Romanas
2780 2567 2961 2626 partes
3004 2568 3185 2611 motus
3218 2573 3348 2613 suos
3387 2556 3612 2622 direxit,
3653 2565 3706 2611 et
3748 2555 3888 2627 apud
3917 2555 4049 2610 Cer-

2471 2650 2709 2703 tensium
2733 2651 3027 2716 invenitur,
3056 2658 3110 2705 et
3131 2650 3341 2719 legatos
3360 2650 3545 2714 mittit,
3575 2648 3868 2703 adventum
3889 2662 4046 2703 suum

2472 2743 2738 2799 Romanis
2795 2743 3005 2800 faciens
3053 2745 3428 2800 manifestum.
3460 2742 3700 2812 Contigit
3752 2751 3930 2795 autem
3992 2750 4051 2794 ut

2473 2833 2687 2889 Probus
2716 2832 3009 2904 patricius,
3035 2837 3128 2905 qui
3157 2836 3269 2891 illic
3294 2848 3431 2899 erat,
3462 2834 3610 2888 hunc
3647 2834 3971 2901 susciperet,
3997 2842 4053 2886 et

2471 2928 2540 2983 de
2591 2943 2655 2982 eo
2711 2928 3031 2998 imperatori
3084 2944 3179 2999 per
3242 2928 3455 2983 litteras
3512 2928 3801 2982 indicaret.
3852 2925 4051 2979 Baram

2473 3026 2657 3072 autem
2682 3020 2834 3074 misit
2866 3020 3076 3090 legatos
3103 3022 3169 3073 ad
3206 3016 3530 3073 Mauricium
3563 3028 3757 3087 petens
3785 3033 3851 3072 ne
3890 3018 4053 3072 auxi-

2474 3110 2706 3165 liaretur
2732 3108 2988 3166 Chosroi.
3022 3110 3193 3165 Porro
3217 3109 3373 3177 jubet
3416 3110 3715 3179 imperator
3752 3109 4053 3165 Mauricius

2474 3203 2878 3259 Commentiolo
2921 3203 3144 3274 praetori
3186 3202 3330 3272 apud
3382 3202 3719 3271 Hierapolim
3768 3201 4051 3256 Chosroen

2475 3296 2767 3364 suscipere
2800 3304 2852 3351 et
2882 3295 3266 3366 imperialibus
3290 3294 3576 3364 obsequiis
3601 3295 3893 3348 honorare.

2547 3387 2750 3443 Eodem
2783 3402 2913 3441 vero
2946 3402 3092 3440 anno
3129 3386 3534 3440 deutonstravit
3567 3387 3866 3455 imperator
3902 3385 4055 3439 Hau-

2475 3479 2648 3534 ricius
2679 3481 2732 3533 irt
2772 3482 3093 3533 memoriam
3124 3480 3206 3533 dei
3236 3478 3539 3532 Genitricis
3571 3478 3799 3533 letanias
3834 3480 3886 3532 in
3933 3478 4058 3532 Bla-

2476 3571 2701 3624 cheruis
2730 3571 2844 3625 tieri
2883 3580 2937 3625 et
2982 3570 3172 3626 laudes
3213 3570 3395 3625 dicere
3421 3569 3665 3625 Dominm
3703 3581 3923 3633 nostrre,
3955 3588 4059 3626 no-

2476 3665 2697 3717 minans
2730 3679 2848 3718 eam
2882 3665 3224 3735 panegyrim.

2545 3755 2732 3809 Mundi
2760 3772 2905 3810 anno
2928 3758 3056 3811 6081
3074 3798 3087 3818 ,
3108 3756 3307 3811 divinae
3329 3757 3731 3811 incarnationis
3762 3773 3905 3809 anno
3930 3758 4022 3811 58!
4046 3798 4060 3817 ,

2478 3846 2782 3903 Mauricius
2819 3849 2987 3902 lilium
3039 3849 3140 3903 sibi
3186 3851 3469 3904 Chosroen
3524 3865 3701 3916 regem
3763 3850 4059 3904 Persarum

2479 3940 2709 4004 faciens,
2750 3940 3131 3995 Dometiauum
3181 3943 3501 4011 episcopum
3547 3941 3951 3995 Melitcnensem
3990 3942 4060 3995 ad

2479 4050 2603 4089 eum
2639 4032 2863 4095 direxit,
2898 4044 3191 4103 cognatum
3226 4049 3412 4092 suum,
3449 4047 3555 4086 una
3590 4048 3711 4083 cum
3746 4033 3939 4093 Narse,
3971 4032 4061 4085 cu':

2478 4127 2744 4182 ducatum
2808 4126 2937 4181 belli
2987 4127 3296 4189 commisit;
3359 4126 3451 4195 qui
3538 4126 3922 4194 pervenientes
3994 4124 4061 4174 ad

2478 4219 2767 4273 Chosroen
2799 4211 2992 4273 dtnnes
3030 4217 3308 4272 Romanos
3340 4226 3661 4287 potentatus
3699 4216 3751 4268 in
3784 4213 4062 4268 Persidem

2482 4312 2873 4367 introducunt.
2925 4313 3118 4366 Barant
3164 4323 3346 4365 autem
3392 4310 3494 4364 hoc
3556 4309 3773 4377 agnito,
3829 4323 3985 4376 suuzp
4020 4309 4064 4359 is

2480 4409 2782 4465 virtutibus
2828 4408 2966 4471 suis,
3006 4408 3060 4460 in
3100 4407 3222 4460 loco
3253 4407 3344 4472 qui
3381 4404 3774 4457 Alexandrines
3814 4404 4067 4455 nomina-

2484 4503 2647 4557 batur
2681 4513 2860 4556 castra
2908 4510 3147 4554 tnetatus
3178 4508 3281 4559 est,
3320 4498 3616 4565 prohibere
3643 4506 3793 4547 ratus
3838 4496 3926 4547 nni
3958 4506 4065 4545 Las

801 4595 1027 4640 senatus
1070 4584 1360 4639 Persarum
1408 4586 1461 4639 in
1501 4586 1776 4657 regalibus
1819 4603 1927 4641 una
1966 4603 2090 4641 cum
2136 4590 2381 4643 multitu-
2412 4586 2457 4641 D
2491 4594 2559 4647 ab
2584 4592 2841 4647 Armenia
2869 4591 3169 4653 venientes,
3193 4607 3257 4643 ne
3283 4587 3439 4641 Ntlt‘ai
3469 4593 3757 4641 tmirentur
3784 4605 3794 4639 :
3825 4586 4066 4654 jus-etut

804 4679 931 4732 dine
976 4679 1219 4731 vinctum
1254 4677 1601 4733 llortnisdam
1652 4679 1882 4733 ducunt.
1926 4680 2027 4735 Ast
2060 4680 2380 4736 Hormisdas

804 4771 1189 4825 commonebat
1209 4769 1407 4826 Persas
1429 4771 1573 4839 quod
1599 4787 1705 4825 non
1726 4780 1975 4841 oporteat
2003 4767 2380 4842 hujuscemodi

809 4865 863 4916 in
910 4878 1066 4931 reges
1108 4864 1473 4928 committere,
1505 4874 1560 4917 et
1587 4871 1790 4930 quanta
1821 4880 1887 4918 ex
1939 4880 2047 4934 quo
2078 4865 2384 4934 regnaverit

809 4962 1012 5024 tropaea
1043 4954 1259 5017 fecerit,
1300 4963 1354 5008 et
1390 4955 1443 5008 in
1476 4955 1679 5024 quibus
1716 4970 1843 5024 erga
1880 4954 2079 5012 Persas
2120 4958 2262 5011 bona
2295 4972 2387 5026 pa-

809 5047 1054 5109 traverit,
1084 5055 1138 5101 et
1170 5046 1404 5117 qualiter
1435 5046 1649 5103 Turcos
1685 5046 1897 5103 Persidi
1930 5049 2135 5102 tributa
2174 5050 2386 5103 solvere

810 5138 1201 5208 Romanosque
1251 5154 1436 5210 pacem
1487 5154 1671 5221 amare
1722 5144 1985 5211 coegerit,
2037 5143 2387 5212 qualiterque

813 5232 1225 5304 Martyropolim
1279 5233 1521 5301 ceperit;
1575 5234 1709 5303 quin
1744 5243 1799 5287 et
1842 5243 2066 5303 paterna
2123 5234 2387 5290 beneﬁcia

811 5326 1115 5381 enarravit.
1175 5324 1424 5395 Rogabat
1480 5336 1661 5382 autem
1703 5336 1757 5381 et
1797 5328 2082 5382 Chosroen
2135 5344 2164 5381 a
2219 5344 2389 5398 regno

812 5421 1015 5489 deponi
1046 5429 1107 5473 ut
1139 5420 1251 5473 litis
1288 5419 1523 5474 amicum
1556 5430 1611 5476 et
1640 5421 1992 5475 ambitiosum
2020 5430 2073 5477 et
2104 5423 2389 5492 sanguinis

816 5521 1121 5568 amatorem
1164 5511 1569 5581 superbumque
1617 5527 1680 5567 ac
1734 5512 2059 5582 injuriosum
2100 5522 2153 5568 et
2189 5513 2390 5583 prarliis

819 5607 1122 5661 inhiantem
1157 5619 1334 5661 :vesse
1374 5584 1554 5659 autem
1587 5606 1690 5661 sibi
1729 5606 1960 5661 alterum
1994 5606 2163 5660 lilium
2210 5606 2392 5675 perhi-

820 5699 1005 5760 bebat,
1029 5713 1189 5767 quem
1232 5698 1286 5753 in
1322 5713 1501 5769 regem
1534 5702 1757 5769 provehi
1792 5700 2090 5770 ﬂagitabat.
2119 5698 2392 5753 Bindohes

823 5807 954 5847 vero
979 5792 1043 5845 ad
1075 5791 1424 5847 llormisdam
1450 5793 1836 5862 respondebat,
1859 5802 1913 5848 et
1940 5792 2102 5863 hujus
2132 5808 2390 5847 excessus

828 5889 883 5943 in
936 5887 1177 5944 medium
1225 5905 1536 5961 proponens
1577 5906 1766 5947 omnes
1805 5890 1978 5946 erexit
2032 5898 2220 5946 contra
2256 5889 2388 5946 lior-

2484 4687 2631 4741 cnirn
2679 4682 2980 4738 Mauricius
3012 4680 3212 4735 Joanui
3253 4680 3582 4741 lliustaconi,
3618 4679 3880 4747 magistro
3919 4679 4065 4728 uni;-

2485 4787 2599 4831 tutn
2653 4775 2947 4836 Armenize,
2978 4775 3232 4842 accipere
3281 4773 3505 4826 militias
3532 4781 3583 4826 et
3628 4787 3687 4825 se
3721 4770 3872 4824 Χατεὶ
3910 4770 4066 4822 unire

2486 4868 2691 4938 pariter
2750 4874 2946 4920 contra
3004 4865 3198 4917 Baram
3256 4863 3459 4916 beilum
3520 4862 3913 4916 constituendi.
3965 4858 4067 4912 Per

2487 4966 2703 5014 noctem
2753 4967 2931 5014 autem
2964 4968 3016 5012 et
3062 4958 3229 5011 unitre
3277 4964 3404 5011 sunt
3454 4954 3713 5036 Romanae
3754 4956 3981 5007 virtutes
4015 4966 4067 5008 et

2487 5064 2681 5107 contra
2722 5051 2915 5105 Baram
2949 5054 3123 5105 aciem
3176 5051 3519 5104 direxerunt.
3572 5046 3744 5102 Porro
3781 5047 3971 5100 thram
4013 5050 4064 5100 in

2490 5157 2673 5199 monte
2694 5154 2876 5199 castra
2902 5151 3139 5197 metatus
3163 5153 3268 5202 est.
3300 5157 3499 5210 pavore
3525 5141 3799 5194 deterius;
3823 5141 4067 5204 (Iun:th

2491 5239 2691 5293 bellum
2740 5251 3022 5306 gereretur
3054 5236 3341 5299 horribile,
3386 5235 3589 5289 Narses
3644 5232 3843 5285 indicis
3880 5232 4068 5284 bestiis

2491 5332 2836 5401 parvipensis
2902 5330 3137 5383 mediam
3213 5329 3573 5382 barbarorum
3629 5327 3878 5381 diss-alsit
3934 5326 4069 5393 pha-

2492 5424 2737 5495 langem;
2771 5433 2824 5476 et
2857 5424 2957 5476 hoc
2992 5424 3132 5475 facto
3168 5430 3378 5475 uetera:
3420 5434 3640 5490 quoque
3685 5418 3875 5471 Baram
3912 5418 4068 5469 inﬁr-

2490 5525 2652 5571 mata:
2686 5525 2811 5571 sunt
2858 5514 3180 5586 phalanges,
3213 5524 3265 5568 et
3316 5515 3373 5567 tit
3407 5529 3601 5583 magna
3652 5511 3775 5581 fuga
3826 5509 4066 5582 tyranni.

2493 5610 2697 5666 Narscs
2722 5625 2856 5664 vero
2884 5611 3003 5663 sine
3038 5609 3149 5663 ulla
3181 5607 3490 5662 retentionc
3519 5618 3852 5674 persequens
3875 5600 4071 5654 Persas

2494 5704 2644 5759 czede
2675 5704 2975 5766 sternebat,
3025 5710 3076 5754 et
3116 5717 3207 5755 sex
3259 5699 3426 5753 millia
3464 5715 3526 5752 ex
3574 5697 3659 5750 his
3692 5705 3847 5763 capta
3884 5694 4069 5747 vincta

2495 5794 2562 5850 ad
2600 5794 2884 5850 Chosroen
2939 5791 3190 5846 adduxit.
3245 5790 3343 5843 Ast
3389 5789 3662 5843 Chosroes
3710 5800 3897 5840 omnes
3945 5800 4065 5837 mu-

2498 5907 2664 5946 crune
2708 5888 2958 5961 peremit.
2999 5887 3275 5957 Quotquut
3314 5894 3493 5940 autem
3541 5881 3707 5937 Turci
3750 5893 3921 5943 erant,
3974 5881 4076 5943 hos
