4440 6446
416 418 542 486 l‘lSl

1188 420 1551 480 lllS’l‘tlltH
1613 416 2182 478 Iit‘AlLESlASTICX
2226 416 2323 475 EX
2349 416 2833 479 TI—IEOI‘HANE.

3538 418 3674 485 128?.

410 542 474 591 al
511 540 896 607 imperatorem
931 538 1252 607 Byzantium
1288 538 1455 592 misit.
1496 536 1638 589 Sane
1669 550 1794 587 cum
1824 533 1989 586 'l'urei
2022 536 2067 591 Α
2096 531 2468 586 occideretur.
2521 531 2633 586 llac
2682 533 2918 602 denique
2961 532 3051 586 die
3096 532 3445 602 imperatoris
3475 548 3673 603 equus,

414 646 610 683 t'lltt‘t‘S
644 629 906 682 haberent
938 628 991 681 in
1028 626 1239 682 frontes
1265 634 1542 690 exaralas,
1577 624 1992 694 interrogaban-

414 736 501 775 lttr
549 724 617 775 ab
659 722 995 791 imperatore
1029 735 1269 792 quonam
1315 719 1479 774 modo
1526 719 1743 789 signum
1790 718 1893 771 hoc
1941 717 2029 769 in-

416 815 593 869 fronte
650 821 952 885 portarent.
992 814 1061 868 At
1114 830 1245 881 vero
1295 813 1459 867 Turci
1496 813 1818 868 asserebant
1870 821 1996 865 ante

418 910 617 960 inultos
670 904 845 960 annos
886 907 1265 976 pestilentiam
1324 907 1378 959 in
1431 904 1633 959 Turcia
1683 907 1902 964 factam,
1942 913 1996 956 ct

416 1002 681 1069 quos-lant
707 1002 1159 1055 Christianorum
1212 1000 1316 1054 hoc
1368 999 1743 1063 adinvenisse,
1777 1007 1829 1053 ct
1866 999 1996 1052 hinc

418 1098 567 1145 sanis
602 1095 654 1146 in
695 1095 870 1162 patria
906 1094 1047 1149 facta
1089 1101 1194 1149 est.
1248 1092 1419 1149 Porro
1464 1093 1743 1149 exercitus
1794 1091 1998 1146 Roma-

421 1204 614 1241 nurum
644 1189 1061 1243 tabernaculum
1093 1189 1288 1242 Baram
1321 1178 1374 1243 et
1432 1188 1829 1258 supellectilem
1856 1187 1999 1241 acci-

421 1279 633 1347 pientes
658 1296 781 1334 cum
801 1280 1188 1349 elephantibus
1212 1280 1783 1335 attuleruntChosroi.
1806 1279 1996 1333 Baram

420 1382 600 1425 autem
636 1372 703 1426 ad
735 1373 1031 1428 interiores
1059 1384 1243 1444 partes
1268 1374 1511 1429 Persidis
1540 1373 1721 1443 fugam
1757 1373 1909 1435 fecit,
1948 1381 2000 1426 et

422 1464 499 1518 sic
534 1480 720 1517 eorum
746 1466 1072 1519 dissolvitur
1109 1466 1331 1521 bellum.
1366 1467 1555 1536 Itaque
1584 1466 1859 1520 Chosroes
1885 1481 1999 1518 ma-

422 1557 806 1625 gna‘victoria
865 1559 1243 1613 circumdatus
1295 1560 1492 1613 solium
1549 1577 1706 1613 suum
1770 1559 1999 1629 recepit.

431 1646 625 1702 Verum
648 1651 849 1706 Narscs
873 1653 1152 1708 rediturus
1174 1655 1238 1706 ad
1261 1656 1479 1724 prepria
1500 1654 1664 1709 Chost
1682 1654 1731 1707 oi
1752 1654 1997 1708 dicebat:

427 1738 628 1794 Memor
657 1746 749 1806 sis,
800 1743 1079 1811 Clzosroes,
1114 1749 1386 1815 prwsentis
1431 1748 1534 1800 dici
1564 1765 1579 1801 .·
1625 1747 1853 1801 Iionmni
1903 1744 2001 1801 tibi

408 1850 637 1907 .rcgnttut
674 1837 893 1890 donant.
937 1840 1006 1890 At
1064 1840 1153 1893 ille
1202 1838 1610 1894 fraudulentam
1662 1841 2000 1896 occisionem

427 1934 696 1990 metuens,
735 1928 890 1996 petiit
920 1944 948 1982 a
994 1929 1257 1985 Mauricio
1300 1932 1449 1987 mille
1496 1933 1773 1987 Romanos
1808 1933 1859 1986 in
1902 1948 1998 1987 cu-

426 2017 659 2071 stodiam
695 2021 779 2073 sui
820 2021 1120 2077 habendos.
1154 2022 1326 2079 Porro
1362 2014 1663 2081 Mauricius
1696 2042 1818 2081 cum
1862 2028 2000 2081 dile-

425 2111 663 2164 ctionem
706 2112 932 2168 haberet
971 2131 1102 2186 erga
1139 2116 1437 2172 barbarum
1472 2122 1721 2185 multam,
1756 2121 2002 2190 p0slula-

428 2200 631 2252 tionem
687 2201 807 2269 t-jus
857 2207 1171 2271 complevit,
1227 2209 1416 2276 sicque
1455 2208 1738 2265 Persicum
1798 2211 2001 2265 Itoma-

429 2307 735 2361 nortunque
768 2296 966 2349 bellum
1009 2300 1271 2354 cessavit.

498 2382 683 2437 Mundi
709 2400 853 2439 anno
882 2388 1042 2453 6082,
1069 2390 1266 2445 divinae
1290 2392 1684 2451 incarnationis
1708 2411 1850 2450 anno
1874 2397 1998 2468 £382,

427 2487 729 2533 coronatus
765 2490 847 2533 est
884 2481 1234 2538 solcnmitate
1267 2486 1522 2554 paschali
1557 2485 1901 2558 Theodosius
1943 2489 2003 2543 Ii-

427 2568 532 2622 lius
580 2568 829 2626 Mauricii
872 2588 902 2627 a
935 2571 1145 2665 J’oanne
1182 2578 1496 2646 patriarcha
1533 2578 2002 2653 Constantinopo-
2056 2570 2068 2609 ³

426 2661 439 2713 l
467 2670 616 2715 lano.

504 2753 700 2809 Eodem
734 2772 955 2828 quoque
985 2774 1131 2814 anno
1165 2761 1464 2833 imperator
1494 2764 1791 2822 Mauricius
1819 2769 2001 2825 eccle-

427 2847 564 2899 siam
584 2859 899 2904 sanctorum
918 2853 1282 2923 quadraginta
1308 2869 1635 2927 martyrum,
1655 2873 1816 2927 quam
1834 2860 2001 2932 cmpit

426 2936 696 2994 aedificare
721 2939 1000 3005 Tiberius,
1026 2948 1454 3005 consummavit.
1484 2949 1697 3021 Interea
1720 2967 1845 3006 cum
1878 2968 2002 3022 pro-

400 3022 592 3085 'fuuda
625 3031 902 3091 Orientem
941 3052 1045 3107 pax
1085 3052 1432 3111 occupasset,
1471 3043 1672 3100 bellum
1706 3049 1852 3102 circa
1885 3046 2002 3102 Eu-

431 3137 615 3190 ropam
648 3126 943 3181 Avaricum
988 3130 1362 3199 incumbebat,
1418 3134 1648 3207 ideoque
1700 3119 2004 3209 imperator

432 3224 746 3283 potentatus
771 3219 840 3272 ab
863 3217 1089 3277 Oriente
1120 3224 1176 3277 in
1208 3223 1480 3282 Thracem
1514 3231 1777 3285 traduxit.

498 3306 656 3362 Auno
706 3310 918 3379 imperii
983 3315 1066 3368 sui
1113 3332 1279 3381 nono,
1312 3335 1439 3372 cum
1497 3337 1589 3376 ver
1635 3324 1902 3393 inciperet
1950 3336 2005 3381 et

429 3400 642 3467 agmina
679 3406 1066 3473 pervenissent
1107 3409 1175 3463 ad
1209 3410 1498 3480 Thracem,
1548 3417 1720 3471 exivit
1767 3434 1891 3474 cum
1922 3422 2005 3476 eis

431 3490 728 3549 Mauricius
768 3495 949 3557 videre
997 3516 1119 3570 quze
1165 3517 1192 3553 a
1243 3503 1495 3561 barbaris
1544 3520 1732 3564 essent
1785 3526 2002 3569 eversa.

427 3586 674 3655 Augusta
718 3605 847 3644 vero
900 3601 955 3645 et
1005 3595 1321 3663 patriarcha
1359 3604 1413 3652 et
1468 3611 1693 3657 senatus
1740 3601 2006 3674 ro‘gabant

430 3680 815 3747 imperatorem
864 3699 931 3737 ne
971 3700 1069 3754 per
1121 3698 1294 3743 semet
1337 3689 1512 3759 ipsum
1565 3694 1765 3749 bellum
1818 3698 2000 3761 iniret,

430 3771 524 3821 sed
557 3773 740 3840 potius
774 3764 826 3826 id
871 3779 1091 3843 praetori
1136 3782 1531 3837 committeret.
1568 3786 1669 3839 Ast
1703 3787 2006 3857 imperator

430 3877 536 3916 llntt
590 3866 881 3932 acquievit.
944 3867 1190 3925 Exeunte
1235 3882 1417 3929 autetn
1471 3892 1536 3930 eo
1572 3878 1640 3931 ad
1695 3880 2004 3949 Septimum

430 3957 561 4009 soiis
597 3959 820 4026 Ctlipsls
870 3959 1010 4014 facta
1056 3970 1180 4030 est;
1219 3980 1453 4035 cumque
1499 3969 1642 4039 apud
1691 3971 2000 4043 Rheginum

430 4059 599 4112 esset,
646 4050 946 4121 pauperum
991 4056 1375 4114 multitudines
1427 4063 1679 4129 pecuniis
1717 4066 2000 4123 animavit.

428 4142 563 4193 Cum
588 4150 767 4196 autem
805 4153 1062 4199 venatum
1100 4161 1373 4219 pergeret,
1411 4154 1819 4212 suS'silvestris
1847 4159 2005 4215 valde

430 4232 653 4301 grandis
680 4233 944 4304 impetum
970 4246 1163 4315 contra
1186 4238 1458 4297 Caesarem
1487 4242 1639 4300 fecit.
1666 4245 1853 4317 Equus
1877 4265 2006 4306 vero

429 4327 499 4377 ob
537 4336 807 4395 terrorem
861 4329 1117 4383 miraculi
1154 4332 1355 4402 ejicere
1388 4334 1659 4394 Caesarem
1697 4343 2003 4398 nitebatur.

432 4416 661 4496 Diutius
678 4432 811 4487 ergo
847 4420 1220 4477 tumultuatus
1249 4423 1525 4482 Caesarem
1560 4427 1779 4498 jactare
1806 4433 2005 4503 nequi-

412 4512 525 4593 vit.
563 4508 751 4578 Itaque
785 4527 879 4569 sus
905 4527 934 4566 a
961 4514 1179 4570 nemine
1202 4518 1482 4588 accipiens
1517 4520 1684 4576 letum
1712 4523 1999 4580 abscessit.

2099 626 2191 693 qui
2221 638 2388 678 aureo
2411 624 2790 679 circumdatus
2812 632 2929 678 erat
2957 632 3177 687 ornatu,
3210 633 3432 694 repente
3464 627 3673 681 scissus

2098 724 2181 771 est
2214 716 2441 771 cadens.
2478 718 2547 771 At
2579 732 2713 773 vero
2751 718 3051 785 imperator
3087 717 3171 771 his
3200 718 3456 772 omnibus
3499 732 3675 788 augu-

2088 819 2251 864 ratus
2287 809 2399 881 (59)
2428 811 2604 865 tristis
2632 819 2769 864 erat.
2806 810 3027 864 Postera
3071 826 3290 880 quoque
3324 810 3409 864 die
3435 813 3534 863 viri
3567 822 3678 865 tres

2102 904 2343 957 Sclavini
2382 920 2603 974 genere,
2643 905 2716 958 nil
2760 905 2966 975 aliquid
3003 904 3243 958 ferremn
3283 904 3614 974 bajplantes,
3648 919 3678 957 a

2102 995 2365 1051 Romanis
2415 996 2620 1050 detenti
2680 1008 2831 1063 sunt,
2873 998 3120 1052 citharas
3168 1008 3376 1050 tantum
3415 996 3672 1051 ferentes.

2101 1088 2402 1160 Imperator
2450 1098 2632 1143 autem
2690 1090 3068 1158 interrOgabat
3131 1100 3235 1143 tam
3297 1089 3443 1143 unde
3494 1096 3681 1142 essent

2102 1199 2263 1253 quam
2313 1182 2536 1235 ubinam
2580 1176 2842 1237 habitatio
2878 1198 3066 1237 eorum
3102 1185 3409 1238 exsisteret.
3444 1180 3543 1248 Qui
3586 1197 3680 1251 ge-

2104 1292 2233 1331 nere
2263 1276 2485 1346 quidem
2532 1276 2688 1329 aiunt
2732 1291 2791 1331 se
2818 1291 2941 1331 esse
2974 1276 3281 1339 Selavinos,
3321 1277 3469 1329 circa
3517 1277 3677 1330 finem

2105 1387 2232 1426 vero
2268 1369 2642 1425 Occidentalis
2682 1370 2930 1424 habitare
2966 1369 3187 1425 Oceani.
3224 1369 3539 1437 Chaganmn
3586 1384 3682 1421 au-

2105 1470 2221 1517 tem'
2245 1462 2311 1515 ad
2344 1478 2401 1516 se
2456 1464 2786 1533 legationem
2844 1463 3060 1517 misisse
3103 1470 3156 1515 et
3190 1476 3417 1514 tnunera
3474 1460 3682 1529 princi-

2105 1556 2264 1625 pibus
2298 1556 2478 1626 gentis
2517 1571 2632 1608 sum
2679 1556 2979 1609 auxiliandi
3014 1555 3119 1609 sibi
3152 1564 3343 1608 contra
3379 1552 3679 1607 Ilontanos.

2106 1648 2442 1702 Taxiarchas
2480 1662 2663 1702 autem
2716 1664 2847 1703 suos
2885 1649 3155 1703 direxisse
3200 1648 3465 1701 rationem
3503 1646 3684 1700 reddi-

2105 1748 2261 1792 turos
2296 1741 2569 1809 chagano,
2603 1740 2731 1808 quia
2768 1754 2875 1793 non
2914 1746 3147 1810 possunt
3179 1749 3399 1809 propter
3442 1738 3684 1806 longitu-

2105 1830 2287 1886 dinem
2333 1831 2548 1887 itineris
2588 1832 2806 1887 mittere
2846 1833 2925 1887 illi
2972 1833 3239 1886 auxilium
3276 1821 3508 1886 :'deccm
3538 1833 3681 1886 enint

2110 1935 2161 1982 et
2200 1940 2327 1981 octo
2354 1941 2570 1982 menses
2605 1927 2997 1982 asseverabant
3034 1928 3087 1983 in
3138 1929 3333 1984 itinere
3365 1944 3422 1984 se
3466 1928 3682 1994 fecisse,

2070 2040 2071 2043 ‘
2110 2033 2164 2081 et
2197 2025 2271 2079 ita
2310 2024 2589 2078 Romanos
2635 2024 2859 2079 adiisse.
2910 2022 3083 2079 Porro
3112 2025 3356 2080 citharas
3392 2024 3533 2079 ferre
3564 2034 3684 2078 t:m-

2111 2135 2274 2189 qttam
2330 2135 2439 2173 non
2498 2119 2747 2174 videntes
2805 2134 3137 2190 quemquam
3222 2135 3444 2174 suorum
3519 2121 3685 2173 armis

2112 2214 2406 2279 indutum,
2462 2214 2685 2285 regione
2742 2228 2840 2268 sua
2911 2213 3044 2284 quid
3135 2212 3340 2267 ferrum
3404 2211 3472 2265 sit
3534 2211 3688 2281 igno-

2113 2317 2289 2362 rante.
2351 2306 2654 2376 Imperator
2720 2317 2901 2362 autem
2965 2316 3077 2359 tam
3130 2314 3343 2359 aetatem
3406 2303 3687 2359 admirans

2110 2416 2277 2472 quam
2316 2400 2486 2456 moles
2513 2400 2764 2471 corporis
2794 2415 2985 2456 eorum
3017 2400 3358 2464 collaudatis,
3391 2398 3489 2452 hos
3518 2395 3687 2451 Hera-

2110 2494 2273 2549 cliam
2318 2494 2488 2548 misit.
2520 2492 2661 2547 Cum
2700 2500 2882 2546 autem
2908 2492 3153 2547 venisset
3192 2492 3256 2543 ad
3304 2491 3600 2554 maritima,
3632 2498 3687 2544 et

2110 2586 2399 2641 didicisset
2425 2585 2571 2656 quod
2618 2585 2780 2656 legati
2828 2584 3122 2642 Persarum
3168 2583 3490 2656 Byzantium
3526 2594 3688 2654 atque

2112 2679 2454 2735 Francorum
2491 2680 2795 2746 venissent,
2829 2680 2895 2734 ad
2920 2680 3126 2750 regalia
3160 2679 3448 2735 remeavit.

2142 2791 2154 2804 ο
2186 2774 2407 2831 Decimo
2428 2774 2644 2843 imperii
2670 2771 2918 2827 Mauricii
2945 2787 3091 2827 anno
3112 2770 3390 2842 cbaganus
3411 2771 3690 2841 quaerebat

2112 2876 2405 2939 augmenta
2447 2874 2731 2936 pactorum
2766 2866 3039 2936 accipere.
3073 2865 3375 2934 Imperator
3412 2880 3538 2919 vero
3574 2878 3691 2918 ser-

2112 2975 2301 3016 mones
2349 2959 2571 3017 barbari
2618 2974 2726 3013 non
2779 2958 3011 3028 recepit,
3054 2964 3109 3012 et
3156 2957 3362 3027 idcirco
3409 2956 3722 3027 chaganus‘

2112 3055 2313 3110 iterum
2372 3054 2576 3109 bellum
2630 3053 2766 3123 agit,
2813 3060 2868 3106 et
2915 3049 3166 3106 devastat
3213 3048 3590 3118 Singidonem,
3635 3057 3690 3103 et

2110 3157 2294 3202 castra
2340 3155 2534 3202 contra
2585 3144 2853 3201 Sirmium
2903 3152 3104 3200 movet.
3155 3145 3458 3214 Imperator
3507 3152 3686 3198 autem

2032 3222 2404 3327 c—praatorem
2439 3237 2672 3308 Europae
2712 3236 2965 3292 Priscum
3000 3245 3169 3291 creat.
3209 3236 3276 3309 At
3309 3250 3437 3290 vero
3464 3234 3687 3289 Priscus

2112 3331 2433 3387 Salvianum
2463 3330 2862 3401 snbpraitorem
2890 3329 3095 3384 factum
3126 3328 3643 3398 prtecurrerejnssit
3668 3342 3686 3394 ;

2107 3433 2163 3479 et
2198 3434 2390 3479 contra
2433 3422 2707 3476 Barbaros
2748 3424 3114 3491 procedentes
3149 3421 3349 3475 bellum
3393 3422 3605 3485 ineunt,
3632 3432 3686 3474 et

2110 3518 2339 3573 vincunt
2368 3515 2624 3571 Romani.
2646 3516 2767 3582 Quo
2793 3516 2983 3571 audito
3007 3516 3289 3586 chaganus
3315 3515 3689 3585 potentatibus

2109 3612 2346 3681 sumptis
2379 3611 2710 3681 properabat
2756 3609 2824 3664 ad
2864 3609 3093 3664 bellum.
3130 3609 3199 3661 At
3235 3622 3364 3661 vero
3396 3606 3706 3664 Salvianus.

2109 3705 2246 3760 visis
2296 3704 2750 3759 multitudinibus
2808 3702 3151 3773 stupefactus
3202 3701 3267 3756 ad
3324 3699 3572 3755 Priscum
3630 3714 3689 3753 se

2109 3798 2364 3853 contulit.
2397 3797 2758 3867 Comperiens
2787 3805 2969 3851 autem
2994 3797 3277 3865 chaganus
3309 3792 3686 3847 Romanorum

2110 3905 2391 3946 recessum
2460 3889 2528 3942 ad
2585 3888 2861 3943 maritima
2917 3887 3237 3957 egreditur,
3298 3885 3557 3955 deinceps
3620 3883 3686 3936 ad

2108 3990 2363 4037 sanctum
2412 3964 2822 4044 Alexandrum,
2878 3988 2932 4036 et
2981 3981 3129 4033 hunc
3179 3981 3365 4033 omnia
3398 3977 3685 4032 devoranti

2108 4073 2338 4131 tradidit
2373 4074 2506 4144 igni.
2545 4072 2847 4128 Transiens
2886 4082 3066 4127 autem
3107 4072 3160 4126 in
3201 4070 3485 4141 Drizipera
3524 4086 3689 4125 cona-

2110 4174 2198 4221 tur
2228 4166 2602 4222 exterminare
2644 4149 2762 4219 ι·οηὶ
2805 4165 3107 4235 publicam,
3146 4155 3513 4220 devastaturia
3555 4180 3686 4234 ope-

2110 4267 2264 4314 ratus
2301 4259 2689 4314 instrumenta.
2719 4258 2785 4311 Hi
2821 4274 2948 4312 vero
2972 4259 3064 4328 qui
3102 4257 3381 4327 Driripcra
3414 4258 3683 4317 habitant,

2109 4352 2320 4408 diutius
2351 4367 2380 4406 e
2406 4352 2627 4406 diverso
2648 4350 2819 4404 aciem
2849 4350 3175 4404 dit-exerunt
3203 4369 3213 4401 :
3257 4364 3379 4402 nam
3413 4358 3467 4403 ct
3498 4357 3686 4419 portas

2111 4444 2421 4513 aperientes
2471 4441 2831 4496 minabantur
2881 4439 3158 4496 Barbaros
3204 4439 3520 4503 debellare,
3559 4453 3682 4493 eum

2079 4524 2297 4591 iessent
2350 4536 2404 4590 in
2454 4534 2751 4589 formidine
2813 4532 3049 4603 ingenti.
3106 4531 3261 4586 Tunc
3307 4547 3437 4601 ergo
3501 4530 3685 4584 divina

429 4603 484 4658 In
517 4602 842 4659 Perinthum
874 4616 1138 4676 praeterea
1180 4610 1395 4681 navigio
1422 4612 1525 4667 iter
1555 4613 1787 4682 faciens,
1827 4618 2003 4673 ventis
2030 4609 2084 4671 D
2111 4645 2181 4697 qu

1934 4618 2003 4673 lis
2030 4609 2084 4671 D
2111 4626 2360 4697 quaedam
2403 4627 2485 4682 eis
2521 4625 2801 4682 consuluit
2828 4602 3048 4678 virtus:
3100 4623 3278 4677 media
3327 4636 3564 4693 namque
3596 4620 3684 4677 die

431 4698 843 4754 vehementibus
877 4707 932 4754 et
968 4700 1149 4770 pluvia
1194 4702 1335 4757 facta
1369 4705 1664 4777 nautisque
1701 4708 2001 4779 desperan-

431 4790 578 4844 tibus
609 4791 811 4860 scapha
848 4791 1199 4862 imperatoris
1242 4798 1652 4865 asportabatur,
1685 4799 1757 4853 ita
1786 4809 1845 4854 ut
1883 4804 2002 4858 ino-

429 4883 614 4950 pinate
640 4884 824 4939 salvus
867 4885 935 4939 ad
968 4885 1171 4952 locum,
1211 4889 1305 4959 qui
1342 4890 1545 4946 dicitur
1582 4892 1875 4961 Daonium,
1914 4896 1999 4951 vix

392 4979 403 4989 ‘
430 4976 659 5031 veniret.
686 4975 854 5032 Nocte
876 4994 1006 5033 vero
1032 4980 1122 5035 illa
1150 4984 1471 5038 muliercula
1494 4987 1742 5056 pariebat
1767 5001 1819 5043 et
1842 5006 2006 5045 voces

430 5070 772 5126 miserabiles
812 5073 1136 5141 emittebat;
1170 5091 1408 5148 cumque
1440 5095 1602 5137 mane
1625 5081 1830 5137 factum
1866 5083 2005 5138 fuis-

431 5172 535 5228 set,
566 5165 717 5219 misit
760 5166 1064 5236 imperator
1103 5170 1291 5226 videre
1321 5172 1454 5242 quid
1487 5182 1636 5229 esset
1662 5176 1809 5245 quod
1857 5178 2005 5230 acci-

431 5258 609 5311 derat.
644 5258 705 5312 Et
739 5259 1068 5315 invenerunt
1101 5277 1331 5332 puerum
1372 5271 1597 5332 natum,
1634 5267 1922 5321 oculorum
1951 5276 2005 5322 et

433 5350 818 5419 palpebrarum
863 5361 1168 5421 exsortem,
1202 5371 1508 5427 manusque
1539 5372 1602 5413 ac
1634 5348 1858 5413 brachia
1892 5376 2001 5414 non

434 5442 761 5508 habentem;
795 5461 826 5497 a
867 5444 1055 5499 lumbo
1085 5455 1267 5502 autem
1296 5456 1416 5503 erat
1450 5449 1499 5503 ei
1541 5457 1597 5503 ιιι
1630 5450 1804 5505 cauda
1832 5451 2002 5521 piscis

432 5535 757 5593 naturaliter
780 5536 1016 5595 haerens.
1046 5537 1166 5605 ρυο
1190 5539 1308 5598 viso
1336 5541 1636 5612 imperator
1660 5544 1916 5614 praecepit
1944 5552 2003 5597 ut

2111 4710 2295 4773 videre
2318 4723 2651 4789 putaverunt
2673 4715 2914 4781 barbari,
2932 4715 3194 4769 Romanis
3217 4713 3515 4768 virtutibus
3533 4728 3689 4783 egre-

2110 4799 2486 4866 dientilius'ab
2530 4808 2689 4873 urbe,
2742 4806 2988 4862 futurum
3032 4807 3136 4862 sibi
3184 4806 3302 4863 fore
3345 4814 3403 4860 ut
3434 4822 3556 4860 cum
3602 4806 3684 4860 eis

2112 4886 2433 4958 conflictum
2467 4910 2846 4956 consererent.
2881 4899 2947 4954 Et
2982 4900 3321 4956 consternati
3368 4900 3493 4970 fuga
3540 4899 3683 4954 infa-

2066 4976 2323 5065 'tigabili
2376 4990 2615 5063 fugiunt,
2670 5001 2724 5048 et
2779 4991 2919 5061 apud
2974 4990 3293 5046 Perinthum
3351 4990 3681 5045 efficiuntur.

2109 5085 2334 5141 Priscus
2351 5094 2556 5151 autem,
2586 5099 2687 5140 nec
2717 5084 2836 5138 visu
2866 5082 3088 5154 quidem
3118 5082 3264 5138 ferre
3300 5082 3683 5137 multitudines

2110 5180 2466 5234 barbarorum
2492 5180 2712 5242 .valens,
2759 5176 3057 5233 'IIzurulum
3108 5180 3392 5249 ingressus
3431 5188 3677 5233 castrum

2106 5269 2478 5324 muniebatur.
2502 5270 2603 5324 Ast
2640 5268 2909 5323 barbarus
2944 5267 3193 5323 Priscum
3235 5268 3489 5322 obsidere
3512 5282 3679 5321 cona—

2108 5362 2287 5416 batur.
2320 5359 2418 5417 Ilis
2464 5361 2666 5416 auditis
2715 5360 3013 5417 Mauricius
3047 5361 3331 5417 haesitabat
3361 5359 3490 5431 quid
3538 5359 3680 5413 foret

2104 5451 2394 5523 agendum.
2460 5452 2613 5506 Tunc
2664 5453 2873 5522 optimo
2931 5452 3070 5506 inito
3135 5450 3374 5507 consilio
3434 5460 3680 5505 armatur

2105 5553 2296 5601 contra
2350 5546 2619 5626 infinitam
2657 5546 3019 5603 barbarorum
3052 5546 3336 5614 virtutem,
3368 5554 3421 5602 et
3458 5545 3553 5601 uni
3581 5559 3680 5601 ex-

1939 5699 2169 5760 ΝΟΤᾸΞ.
2230 5750 2243 5760 .

426 5837 431 5840 ’
499 5856 611 5929 {39}
647 5858 986 5931 Anguriattts
1010 5864 1131 5920 cod.
1162 5864 1397 5920 Gruteri.
