4440 6446
874 410 892 471 1
905 412 1010 473 283

1938 401 2336 465 ANASTASII
2400 407 3017 469 BIBLIOTIIECAHII

3954 406 4090 468 ιεει

874 520 1178 572 cubituram
1234 517 1444 583 magnis
1488 517 1676 567 «Iouis
1747 523 1905 582 atque
1977 513 2435 582 promissionibus
2472 550 2504 604 λ
2541 519 2859 587 imperatori
2919 519 3134 573 direxit.
3201 517 3494 586 Imperator
3549 527 3746 579 autem,
3799 517 3963 571 misso
4015 522 4086 570 ad

875 609 1065 663 suadet
1113 616 1172 660 ut
1206 616 1395 675 sponte
1431 609 1484 658 in
1527 607 1787 660 barbaros
1825 608 2013 668 irruat,
2041 607 2202 674 eique
2238 607 2330 658 dat
2361 607 2426 658 ad

872 698 1117 753 Priscum
1167 699 1373 751 litteras
1427 699 1774 751 continentes
1818 697 1932 750 hzec
1972 715 1984 748 :
2035 697 2426 750 Gtoriosissimo

864 792 1078 856 pra-tori
1133 789 1341 842 Prisco.
1397 788 1633 841 Noxium
1681 789 2026 840 barbarorum
2069 799 2315 841 conatum
2367 804 2428 839 ne

865 880 1118 946 formidet
1149 896 1166 931 :
1205 883 1271 930 ad
1330 880 1676 946 perditionem
1711 877 1847 930 enirn
1889 895 2068 931 eorum
2105 879 2302 945 factum
2350 886 2428 929 est

861 964 956 1023 hoc
983 984 1001 1021 :
1029 972 1159 1022 scito
1187 970 1324 1020 enim
1350 970 1472 1036 quia
1493 985 1607 1019 cum
1627 970 1792 1019 multa
1817 970 2123 1032 confusione
2147 978 2428 1021 revertetur

863 1064 1130 1130 rltaganus
1163 1063 1217 1112 in
1253 1061 1516 1128 regionem
1548 1074 1662 1124 qua'
1690 1059 1790 1110 sibi
1819 1076 1849 1110 a
1885 1059 2130 1112 fioruanis
2160 1068 2235 1111 est
2267 1057 2428 1124 depu-

863 1162 994 1204 tata.
1042 1152 1323 1214 Propterea
1372 1159 1660 1213 prrsereret
1694 1149 1864 1216 gloria
1895 1160 1988 1201 tua
2026 1162 2176 1214 penes
2218 1146 2428 1197 Tauru-

861 1245 992 1301 lum,
1021 1241 1408 1305 circuitis-rigari
1434 1237 1636 1305 faciens
1677 1238 1797 1290 illos
1822 1252 1840 1287 .'
1882 1237 2140 1288 mittimus
2167 1236 2304 1287 enim
2335 1250 2424 1301 per

865 1345 1008 1380 mare
1038 1346 1212 1389 nares,
1237 1340 1286 1379 et
1316 1325 1692 1392 capticabimns
1719 1325 1953 1391 [ainilias
1977 1339 2178 1387 eorum,
2201 1336 2246 1375 et
2276 1338 2422 1391 coge-

866 1429 952 1468 tur
978 1419 1044 1469 ad
1077 1420 1290 1483 proin-ia
1329 1416 1636 1482 confusione
1666 1417 1892 1482 refertus
1927 1415 2310 1482 atque'jactura
2344 1431 2423 1464 re-

865 1510 1014 1562 verti.
1042 1509 1106 1560 At
1125 1522 1250 1559 vero
1271 1507 1754 1575 chagauuslitteris
1778 1506 2247 1575 comprehensisct
2272 1507 2423 1560 tectis

865 1606 1064 1658 pavens
1101 1590 1350 1652 t-flicitur,
1383 1601 1436 1644 et
1467 1593 1854 1660 sponsionibus
1920 1594 2160 1660 pacificis
2203 1596 2267 1645 ad
2310 1593 2423 1645 Pri-

863 1699 1014 1733 si-um
1048 1683 1330 1750 dispositis
1375 1683 1426 1735 in
1475 1685 1793 1736 muneribus
1833 1686 2025 1752 paucis
2061 1695 2221 1752 atque
2274 1684 2416 1736 indi-

857 1777 998 1838 gnis,
1044 1774 1094 1824 in
1144 1788 1296 1826 suam
1345 1762 1683 1826 est‘terram
1723 1789 1847 1826 cum
1899 1773 2024 1842 fuga
2079 1775 2286 1843 potenti
2339 1789 2422 1826 re-

858 1876 1102 1930 grosses.

927 1956 1228 2009 Undecimo
1277 1953 1488 2016 imperii
1515 1967 1658 2004 anno
1696 1951 1942 2005 Mauricii
1973 1951 2419 2021 llicrosolymita-

858 2061 962 2099 nus
1014 2045 1175 2098 Amos
1221 2043 1450 2096 habetur
1510 2043 1817 2111 episcopus.
1877 2044 2177 2112 Imperator
2233 2052 2412 2096 autem

855 2136 1098 2189 Priscum
1154 2151 1275 2186 cum
1333 2133 1586 2187 omnibus
1622 2132 1881 2187 Romanis
1925 2136 2289 2202 l'sotctitatihus
2349 2134 2414 2186 ad

859 2226 1054 2278 Istrum
1117 2223 1337 2275 (luvium
1390 2223 1561 2283 misit,
1619 2234 1676 2275 ut
1721 2223 2101 2276 Selaviuorutn
2168 2224 2413 2278 nationes

855 2315 1090 2368 transire
1139 2314 1472 2383 prohiberet.
1513 2312 1634 2376 Quo
1681 2313 1822 2381 apud
1868 2312 2189 2367 Dorostolon
2234 2314 2416 2367 habito

851 2411 1136 2478 chaganus
1161 2405 1264 2459 hoc
1293 2406 1562 2471 comperit
1588 2405 1712 2471 ;qui
1747 2404 1935 2471 legatis
1957 2403 2022 2455 ad
2041 2419 2163 2458 eum
2192 2403 2416 2458 directis

852 2497 1189 2552 calumniam
1224 2495 1494 2548 inferebat
1523 2495 1787 2548 Romanis
1826 2496 2108 2548 exordium
2156 2497 2413 2548 dantibus

855 2589 1004 2640 belli.
1033 2587 1250 2639 Priscus
1278 2593 1456 2635 autem
1477 2584 1777 2635 excusabat
1804 2598 1884 2641 se,
1909 2586 2050 2650 quod
2079 2599 2184 2636 non
2208 2585 2414 2647 venerit

857 2679 1123 2729 adversus
1155 2676 1414 2729 barbaros
1436 2674 1838 2740 belligeratum,
1873 2671 1967 2725 sed
1997 2673 2140 2740 quod
2171 2674 2236 2725 ad
2266 2672 2411 2726 Scla-

855 2767 1105 2819 vinorum
1132 2763 1383 2818 nationes
1429 2778 1458 2814 a
1495 2762 1737 2830 principe
1762 2760 1926 2815 fuerit
1949 2761 2271 2814 destinatus.
2308 2761 2415 2812 Λιι-

852 2857 1013 2912 diens
1046 2864 1224 2909 autem
1247 2852 1473 2908 Priscus
1502 2852 1647 2921 quod
1667 2851 2007 2921 Ardogastus
2037 2852 2415 2905 multitudines

851 2948 1234 3002 Sclavinorum
1267 2947 1333 3000 ad
1366 2945 1716 3015 prmdandutn
1749 2943 2095 3010 disperserit,
2133 2943 2412 2997 transiens

850 3039 1048 3095 Istrum
1076 3039 1254 3092 media
1283 3047 1442 3091 nocte
1463 3037 1739 3106 inopinate
1758 3035 2059 3106 Ardagasto
2077 3037 2410 3105 coujunctus

846 3137 952 3187 est.
1007 3130 1074 3184 At
1116 3143 1244 3182 vero
1293 3127 1633 3195 Ardsgastus
1657 3127 1975 3180 discrimine
2000 3142 2164 3181 seuso
2205 3127 2408 3180 nudum

851 3215 1152 3268 ascendens
1183 3229 1406 3282 equum,
1467 3215 1553 3266 vix
1601 3215 1787 3266 salvus
1826 3215 2023 3276 eiasit,
2070 3215 2409 3284 Romanique

852 3297 1295 3357 multitudiuibus
1340 3302 1717 3354 Sclavinorum
1764 3303 1962 3354 occisis
1987 3340 2002 3365 ,
2039 3315 2092 3354 et
2122 3305 2408 3373 Ardsgasti

850 3391 1072 3460 regione
1121 3403 1400 3456 perversa,
1441 3387 1680 3457 prmdam
1720 3390 2002 3457 copiosam
2045 3399 2260 3456 captam
2305 3391 2408 3452 [ly-

851 3484 1090 3538 zantium
1138 3497 1232 3552 per
1279 3479 1619 3535 Tatemerem
1677 3480 2016 3533 direxerant.
2074 3478 2244 3532 Porro
2285 3494 2408 3532 cum

849 3575 1100 3629 Tatenier
1128 3572 1417 3642 expeditus
1451 3573 1555 3627 iter
1583 3571 1796 3625 faciens
1819 3569 2072 3625 ebrietati
2101 3585 2222 3625 sese
2248 3581 2410 3639 atque

845 3667 1058 3721 deliciis
1089 3666 1350 3728 traderet,
1385 3665 1767 3717 Sclavinorum
1797 3667 1849 3717 in
1874 3679 1996 3717 eum
2030 3664 2408 3717 multitudines

846 3763 1098 3824 irruunt;
1127 3760 1218 3828 qui
1248 3757 1537 3812 formidine
1564 3771 1788 3827 pressus
1810 3756 2067 3824 fugiendo
2088 3753 2406 3825 Byzantium

849 3851 1016 3906 venit.
1052 3852 1151 3904 Ast
1203 3848 1457 3917 litiniani,
1514 3849 1756 3916 quicum
1811 3847 1932 3915 ipso
1963 3847 2200 3910 fuerant,
2231 3847 2407 3901 valide

843 3942 1122 3996 Sclavinis
1161 3941 1359 3994 infensi
1400 3940 1651 3993 obtinent
1687 3938 2090 4008 gloriosissime
2119 3937 2404 3998 barbaros.

844 4042 894 4084 et
923 4030 1296 4101 captivitatem
1323 4032 1531 4086 salvam
1562 4030 1884 4100 imperatori
1917 4037 2272 4097 prasentant.
2300 4028 2404 4093 Qui

847 4123 1058 4175 lutatus
1105 4121 1377 4188 gratilicos
1423 4120 1530 4174 Deo
1564 4123 1796 4192 hymnos
1837 4133 1940 4173 una
1988 4134 2110 4172 cum
2160 4128 2268 4172 tota
2309 4121 2405 4173 ob-

847 4214 970 4266 tulit
1006 4209 1160 4262 urbe.
1193 4209 1412 4264 Priscus
1443 4226 1567 4264 vero
1589 4211 1786 4264 fiducia
1821 4210 1994 4263 fretus
2021 4209 2086 4261 ad
2114 4208 2404 4264 interiores

845 4299 1227 4353 Sclavinorum
1283 4308 1466 4365 partes
1526 4300 1780 4354 accessit.
1851 4298 2018 4369 Gipcs
2065 4308 2267 4367 autem,
2325 4302 2406 4354 vir

841 4388 1165 4444 Christiana:
1201 4387 1504 4456 religionis,
1532 4387 1904 4456 transfugiens
1935 4387 2002 4440 ad
2034 4385 2312 4444 Romanos
2349 4395 2404 4443 et

2535 610 2775 662 Priscum
2805 607 3282 674 Tatemere,jul,-et
3321 609 3429 659 illic
3454 617 3562 660 toto
3597 606 3816 659 hiemali
3841 614 4092 676 tempore

2522 698 2854 750 'eemmorari
2885 695 3182 748 Βιηηειηοε.
3211 693 3330 759 Quo
3358 703 3638 764 comperto
3686 696 3913 749 ltomani
3938 712 4078 750 con-

2532 789 3290 850 tradirvbant,assevcrantes
3317 785 3367 838 id
3397 770 3503 837 non
3534 800 3696 854 posse
3716 785 3832 840 fieri
3862 797 4085 855 propter

2530 879 2717 948 copias
2747 878 3124 940 ltarbarorum,
3158 884 3210 929 et
3243 890 3338 944 pro
3367 889 3432 929 eo
3453 879 3597 944 quod
3628 878 3778 948 regio
3809 885 3954 932 esset
3976 877 4085 933 sibi

2531 972 2665 1022 satis
2729 971 2975 1022 adversa.
3041 967 3264 1020 Priscus
3307 983 3437 1022 vero
3487 969 3666 1023 verbis
3717 970 4086 1038 persuasoriis

2531 1060 2675 1112 ﬂexit
2725 1075 2819 1112 eos
2852 1059 3048 1111 ibidem
3099 1059 3342 1112 hiemare
3369 1059 3782 1127 jussionemque
3819 1060 4086 1130 principis

2529 1162 2930 1200 consuntmarc.

2599 1236 2782 1288 Tertio
2817 1236 3030 1290 decimo
3054 1235 3265 1304 imperii
3319 1234 3563 1288 Ilanricii
3597 1247 3759 1298 anno,
3799 1249 3906 1302 qua
3934 1235 4083 1287 vitle-

2529 1325 2656 1376 iit'l‘l
2702 1332 3022 1392 tempestate
3049 1325 3347 1393 Gregorius
3383 1325 3709 1386 Romanam,
3762 1324 4081 1378 Constanti-

2528 1414 2894 1483 nopolitanam
2945 1415 3210 1483 (Syriacus
3238 1427 3292 1469 et
3341 1416 3583 1468 secundo
3606 1413 3932 1468 Anastasius
3969 1412 4080 1464 An—

2528 1505 2832 1556 tiochenam
2865 1506 3087 1572 regebat
3131 1502 3454 1565 Ecclesiam,
3507 1500 3809 1557 nascbntur
3838 1503 4084 1570 prodigia

2526 1595 2578 1645 iu
2618 1592 2950 1644 suburbanis
2983 1591 3247 1660 Byzantii,
3291 1608 3426 1660 puer
3477 1593 3723 1645 videlicet
3750 1591 4082 1657 quadrtuu-s.

2524 1691 2575 1735 et
2598 1684 2737 1735 alter
2783 1683 2919 1735 illius
2948 1685 3179 1736 vertices
3216 1684 3442 1736 balteus.
3474 1683 3638 1735 Aiunt
3679 1691 3858 1734 autem
3892 1681 3943 1732 lti
3985 1681 4082 1747 qui

2525 1774 2782 1826 historias
2824 1772 3074 1840 diligenti
3119 1773 3301 1825 studio
3342 1773 3615 1832 scribunt,
3649 1787 3754 1822 non
3783 1769 4079 1836 significari

2449 1870 2492 1923 Β
2527 1865 2662 1915 bona
2691 1862 3012 1916 civitatibus
3065 1863 3117 1916 iu
3148 1865 3348 1931 quibus
3400 1871 3697 1915 nascuntur
3747 1861 4080 1925 ltttjusmmli.

2435 3181 2480 3240 C

2523 1953 2585 2005 At
2608 1968 2736 2006 vero
2763 1953 3056 2021 imperator
3095 1951 3341 2007 Priscum
3377 1961 3607 2021 prattura
3640 1952 3836 2020 privat,
3878 1959 3930 2002 et
3962 1949 4066 2002 Pe-

2522 2048 2662 2092 trmn
2693 2041 2910 2094 fratrem
2957 2055 3116 2094 suum
3151 2050 3436 2110 praetorem
3469 2041 3726 2094 Romana.-
3756 2039 3879 2091 furit
3913 2039 4081 2091 virtu-

2522 2134 2612 2187 tis.
2669 2130 2854 2200 ltaque
2909 2131 3128 2184 Priscus
3193 2132 3412 2198 quidem
3476 2131 3770 2183 virtutibus
3818 2131 4078 2198 sumptis,

2519 2226 2834 2292 priusquam
2867 2221 3056 2277 Petrus
3102 2224 3431 2291 pervenisset
3463 2264 3477 2288 ,
3511 2231 3812 2278 transuit-at
3841 2237 4077 2275 amnem.

2516 2315 2806 2380 Cliagautts
2833 2323 3013 2366 autem
3056 2315 3286 2366 transitu
3312 2314 3540 2367 Romani
3583 2317 3768 2368 auditu
3801 2312 4083 2366 exercitus

2518 2405 2672 2458 valde
2721 2405 2948 2458 miratus
3002 2414 3108 2466 est,
3156 2414 3210 2457 et
3259 2405 3323 2457 ad
3354 2403 3597 2458 Prisctuu
3652 2406 3818 2458 misit.
3863 2402 4084 2454 dist-ere

2518 2510 2740 2548 causam
2774 2509 3046 2562 qua‘rens,
3081 2502 3134 2549 et
3159 2497 3352 2562 prtodzn
3377 2509 3594 2548 sumere
3629 2503 3854 2562 partem.
3889 2493 4084 2559 sicque

2517 2599 2727 2638 amnem
2756 2587 2988 2637 transire
3016 2603 3028 2636 :
3062 2587 3223 2639 nimis
3253 2587 3395 2637 enim
3428 2585 3685 2636 swviebat
3710 2597 3872 2649 super
3901 2582 4080 2634 felici-

2517 2673 2716 2723 tatibus
2744 2673 3135 2726 ltomauorum.
3169 2673 3337 2724 Mittit
3364 2686 3494 2738 ergo
3519 2671 3737 2724 Priscus
3777 2687 3938 2737 super
3971 2671 4080 2724 hoc

2519 2764 2585 2812 ad
2609 2764 2916 2830 chaganum
2954 2763 3186 2830 legatum
3223 2761 3568 2816 Theodorum
3587 2801 3603 2825 ,
3633 2762 3881 2817 videlicet
3909 2765 4080 2816 medi-

2517 2867 2638 2905 cum
2691 2853 2987 2920 sagacitate
3032 2867 3098 2906 ac
3145 2852 3503 2923 intelligentia
3552 2865 3922 2922 perornatum.
3967 2855 4080 2908 lste

2515 2943 2706 2997 videns
2733 2943 3039 3013 cbaganum
3070 2959 3262 3013 magna
3297 2945 3601 3015 sapientem
3632 2947 4080 3015 responsionem-

2511 3051 2619 3105 que
2645 3037 2944 3104 jai-tantius
2968 3035 3254 3092 facientem
3279 3037 3481 3106 (minas
3504 3040 3649 3092 enim
3681 3036 4074 3106 pmtendehut.

2513 3143 2572 3180 se
2615 3136 2936 3182 cunctarum
3001 3144 3123 3183 csse
3165 3132 3408 3197 gentium
3487 3127 3766 3183 dominum
3824 3126 4077 3195 iactans)

2514 3220 2831 3272 narratione
2881 3220 3048 3273 veteri
3107 3219 3375 3289 mitigavit
3428 3219 3775 3275 barbaricum
3822 3219 4072 3288 ty’phum.

2511 3307 2598 3358 Αἰι
2627 3308 2769 3359 enim
2797 3323 2811 3358 :
2851 3306 3012 3369 Audi,
3071 3307 3323 3376 cltagaue,
3366 3309 3657 3376 proficuum
3687 3313 4073 3362 narrationem.

2513 3394 2762 3446 Sesostris
2798 3394 3171 3463 As‘gyptiorunt
3216 3413 3308 3450 rex
3340 3400 3570 3452 illustris
3605 3411 3654 3452 et
3706 3399 3893 3467 oppido
3921 3398 4074 3467 felix,

2514 3485 2698 3549 opibus
2734 3485 2912 3535 clarus
2960 3493 3008 3536 et
3041 3484 3436 3552 inexpugnabili
3468 3495 3760 3550 potentatu,
3812 3487 4076 3553 plurimus

2510 3584 2556 3624 rt
2614 3575 2843 3641 ingentes
2896 3575 3134 3626 servituti
3179 3575 3419 3627 nationes
3454 3576 3704 3643 redegit-
3734 3574 3880 3628 Unde
3927 3587 3975 3629 et
4018 3581 4075 3631 in

2511 3668 2874 3733 arrogantiam
2933 3681 3110 3730 ruens,
3163 3681 3324 3718 curru
3364 3665 3661 3721 adhaerente
3708 3667 3810 3720 sibi
3853 3684 3984 3720 auro
4025 3678 4076 3720 et

2511 3755 2775 3820 lapidibus
2829 3756 3073 3824 pretiosis
3119 3765 3443 3821 constructo,
3488 3755 3629 3810 sedet
3659 3771 3815 3823 super
3842 3773 3982 3818 eum,
4023 3769 4074 3810 et

2507 3848 2702 3916 subigit
2747 3847 2878 3916 jugo
2927 3863 2991 3901 ex
3052 3848 3311 3916 superatis
3355 3849 3560 3917 regibus
3604 3858 3834 3917 quatuor
3863 3849 4073 3900 trahere

2508 3953 2747 3993 currum.
2797 3939 3033 4008 Curaque
3080 3939 3180 3992 hoc
3215 3941 3364 4007 ﬁeret
3419 3941 3473 3994 in
3528 3941 3726 4010 insigni
3765 3941 4070 4008 festivitate,

2509 4044 2642 4082 unus
2663 4044 2728 4080 ex
2753 4039 2981 4099 quatuor
3016 4030 3226 4100 regibus
3257 4031 3556 4100 frequenter
3607 4033 3814 4086 oculum
3844 4032 4070 4086 vertebat

2510 4132 2816 4184 retrorsum,
2837 4132 2887 4175 et
2913 4111 3370 4190 contemplabatur
3399 4133 3592 4188 rotant,
3614 4140 3731 4178 cunt
3760 4126 4066 4178 volveretur.

2508 4213 2675 4278 Quem
2706 4210 2961 4266 Sesostris
2983 4220 3355 4279 percunctatus
3382 4213 3457 4265 ait
3483 4229 3503 4267 :
3533 4231 3555 4267 ι
3593 4213 3704 4269 Cur
3728 4224 3846 4284 post
3869 4226 4070 4285 tergum

2509 4306 2735 4368 oﬂirmas
2761 4303 2939 4356 oculos
2958 4304 2983 4356 ?
3021 4319 3040 4352 ι
3067 4303 3135 4355 At
3169 4302 3260 4355 ille
3291 4319 3309 4359 :
3343 4322 3362 4354 ι
3398 4302 3574 4369 Hauc,
3604 4325 3624 4360 t
3647 4307 3835 4377 inquit,
3855 4327 3875 4359 ι
3899 4316 4071 4360 rotans

2508 4393 2673 4446 miror
2706 4392 3028 4453 instabilem,
3050 4398 3108 4445 'et
3141 4391 3281 4446 alias
3314 4401 3468 4461 atque
3497 4398 3656 4449 aliter
3679 4414 3734 4450 se
3761 4407 4068 4461 moventem,

843 4482 1144 4552 ingressum
1201 4481 1465 4535 ltomauis
1499 4479 1735 4536 ostendit
1794 4488 1847 4536 et
1900 4482 2165 4535 barbaros
2207 4483 2399 4536 tenuit.
2430 4503 2481 4563 υ
2505 4493 2554 4538 et
2578 4483 2731 4536 modo
2759 4482 2965 4536 excelsa
3011 4483 3400 4546 humiliantem,
3443 4500 3629 4538 rursus
3669 4487 3894 4542 humilis
3917 4490 4073 4543 ml-

844 4575 1028 4644 ltaque
1091 4573 1313 4644 Gipcdis
1373 4574 1681 4643 proditione
1733 4571 2087 4628 traiisl'retato
2147 4571 2402 4640 flumine,

841 4665 1066 4721 Priscus
1090 4664 1264 4718 media
1293 4675 1451 4718 nocte
1467 4667 1672 4734 reperit
1699 4666 2000 4719 Ilusacium
2039 4664 2404 4719 Barbarorum

843 4772 1050 4826 regem,
1109 4754 1372 4808 ebrietate
1427 4765 1746 4825 corruptum
1792 4773 1806 4808 :
1859 4755 2142 4809 funebrem
2205 4755 2406 4824 quippe

843 4845 1046 4918 proprii
1083 4845 1266 4899 lratris
1312 4842 1623 4896 celebrabat
1665 4841 2052 4910 festivitatem;
2103 4859 2214 4915 quo
2253 4859 2407 4897 com-

842 4938 1114 5010 prehenso
1165 4933 1288 4986 vivo
1319 4929 1519 4986 Ca‘dem
1569 4932 1624 4984 in
1689 4930 1943 4985 Barbaris
1984 4941 2247 5001 opt-ratus
2297 4942 2405 4993 est,

845 5031 1120 5098 multaque
1150 5026 1378 5098 copiosa
1405 5025 1583 5094 przeda
1627 5033 1787 5094 rapta
1842 5022 2094 5078 ebrietati
2127 5039 2248 5078 sese
2283 5039 2408 5092 pro-

845 5125 980 5175 dunt
1011 5128 1064 5175 et
1089 5118 1347 5188 crapula}.
1380 5115 1582 5169 Attum
1636 5114 1853 5168 barbari
1894 5112 2202 5167 coacervati
2235 5113 2405 5166 victo-

845 5215 996 5269 ribus
1049 5210 1373 5268 imminent,
1453 5206 1700 5273 t‘oretqne
1753 5205 2071 5260 vicissitudo
2127 5204 2404 5272 reciproca

841 5303 1172 5378 praecedenti
1207 5299 1467 5354 virilitate
1502 5296 1717 5362 szevior,
1778 5297 1881 5350 nisi
1932 5295 2114 5350 Genzo
2171 5294 2404 5362 pedestri

840 5401 1042 5454 virtute
1073 5396 1447 5451 Romanorum
1521 5391 1782 5445 insistens
1812 5405 1989 5460 pugna
2040 5389 2164 5443 forti
2221 5388 2406 5457 prohi-

841 5494 1050 5546 buisset
1080 5493 1315 5560 impetus
1349 5484 1738 5539 Barbarorum.

906 5582 1238 5638 Duodecimo
1275 5579 1487 5648 imperii
1527 5575 1772 5632 Mauricii
1805 5594 1965 5644 anno,
2013 5592 2136 5631 cum
2179 5574 2401 5630 Priscus

833 5677 1029 5729 iterum
1061 5676 1125 5728 ad
1154 5675 1349 5730 Istrqu
1415 5669 1754 5742 pervenisset
1791 5681 2088 5740 gentesque
2114 5667 2403 5723 Sclavino-

827 5783 958 5820 .rum
1008 5767 1348 5836 deprtedatus
1407 5762 1619 5826 fuisset,
1675 5763 1816 5817 haud
1872 5765 2144 5818 modicam
2193 5769 2399 5831 partem

2511 4585 2730 4631 tantem.
2757 4593 2775 4624 ι
2817 4575 2882 4624 At
2914 4589 3030 4628 vero
3061 4573 3321 4630 Sesostris
3360 4573 3674 4642 parabolant
3720 4575 4075 4646 intelligemu-

2509 4656 2966 4729 animadoertens,
2997 4665 3158 4735 legent
3193 4667 3367 4734 posuit
3401 4682 3463 4722 rte
3487 4681 3700 4719 currunt
3747 4681 3890 4735 rcges
3929 4667 4072 4722 ulte-

2509 4759 2621 4811 rius
2654 4756 2943 4833 traherent.
3006 4753 3102 4810 His
3139 4757 3418 4827 chaganus
3460 4754 3665 4810 auditis
3713 4753 3966 4822 subrisit,
4013 4768 4073 4812 et

2509 4851 2586 4903 ait
2625 4864 2682 4903 se
2711 4861 2896 4918 pacem
2929 4847 3152 4902 sectari.
3185 4847 3407 4905 Priscus
3427 4857 3609 4904 autem
3655 4846 3902 4918 cbagano
3942 4850 4071 4904 red-

2508 4939 2644 4994 didit
2688 4951 2787 5008 pro
2837 4938 3072 4992 transitu
3125 4941 3386 5008 praedam,
3438 4949 3492 4993 et
3539 4939 3755 4993 exuviis
3811 4939 4073 4995 omnibus

2509 5031 2742 5104 sumptis
2797 5029 2918 5085 sine
2961 5029 3250 5101 dispendio
3304 5045 3518 5087 amnem
3570 5029 3841 5085 transivit.
3899 5029 4072 5085 Porio

2507 5125 2786 5192 chaganus
2832 5119 2917 5174 his
2946 5123 3217 5193 susceptis
3272 5120 3560 5189 magnitiee
3605 5121 3910 5176 lzrtabatur.
3947 5120 4064 5174 Pii-

2507 5228 2634 5269 scus
2686 5210 3006 5279 Byzantium
3041 5213 3219 5278 venit,
3272 5219 3328 5267 et
3380 5209 3574 5270 Petrus
3611 5214 3908 5284 pmturam
3943 5229 4070 5271 sus-

2505 5305 2667 5372 ccpit.

2575 5389 2785 5454 Quarto
2807 5388 3019 5444 decimo
3045 5389 3262 5460 imperil
3288 5389 3372 5444 sui
3410 5391 3736 5463 annojussit
3769 5391 4068 5450 Mauricius

2507 5479 2668 5534 Petro
2695 5480 2908 5546 prtetori
2944 5489 3004 5534 ut
3035 5480 3256 5534 tertiam
3290 5481 3594 5548 portionem
3619 5495 3761 5552 roga
3791 5483 3845 5537 in
3869 5497 4003 5537 auro
4035 5497 4066 5537 a

2508 5572 2767 5629 Romanis
2811 5573 3103 5648 acciperet,
3141 5579 3196 5628 et
3233 5572 3448 5626 tertiam
3492 5572 3546 5626 in
3593 5575 3782 5640 armis,
3822 5586 3874 5630 ct
3903 5576 4065 5628 aliain

2507 5665 2722 5721 tertiam
2750 5664 2801 5716 in
2828 5665 3172 5720 resumentis
3199 5664 3457 5718 diversis.
3491 5662 3678 5736 Itaque
3701 5666 3926 5722 Romani
3965 5666 4068 5719 hoc

2505 5760 2690 5815 audito
2737 5762 2798 5811 ad
2840 5758 3179 5829 tyrannidem
3212 5757 3585 5813 vertebantur.
3615 5757 3820 5814 l'rztor
3844 5772 3970 5814 vero
3997 5757 4069 5813 ti-
