4440 6446
411 419 543 480 1235

1191 409 1557 468 HISTORH
1588 402 2161 466 ECCLESIASTICA
2201 403 2297 461 EX
2340 401 2821 460 TUEOPHANE.

3525 405 3659 476 1936

405 546 560 584 mens
616 524 994 581 satisfaciebat
1037 524 1151 594 (40)
1194 525 1462 577 militibus
1493 523 1595 576 hoc
1624 536 1810 574 verum
1863 533 1971 572 non
2010 522 2052 577 Α
2083 521 2151 570 At
2178 529 2307 568 vero
2333 512 2528 569 Petrus
2552 515 2735 569 verbis
2758 515 3005 569 seductor
3025 517 3089 571 iis
3111 532 3243 571 usus
3263 532 3369 571 non
3397 533 3455 572 se
3484 522 3659 574 scisse

400 638 545 685 esse,
576 632 627 675 et
659 619 956 675 exhibebat
980 617 1320 673 exercitibus
1348 618 1486 671 alias
1512 616 1752 676 litteras,
1779 612 1975 682 juben-

402 724 485 769 tes
517 714 619 767 sibi
652 723 924 784 quatenus
956 712 1010 766 hi
1040 711 1134 781 qui
1177 710 1340 765 fortia
1380 717 1668 781 gesserant
1700 719 1756 763 et
1782 708 1849 763 de
1882 723 1974 777 pe-

404 806 594 860 riculis
626 797 1039 874 triumpharant
1068 804 1123 857 in
1156 804 1386 857 urbibus
1411 817 1623 856 sunnna
1653 799 1843 868 requie
1880 816 1977 869 po-

406 900 664 963 tirentur,
700 897 769 952 de
795 897 1034 968 publicis
1058 896 1371 965 sumptibus
1399 898 1540 948 inter
1570 907 1731 947 senes
1770 892 1975 954 alendi,

405 992 558 1061 pueri
588 1005 717 1045 vero
758 990 993 1043 militum
1026 990 1077 1043 in
1123 988 1261 1042 locis
1306 988 1653 1057 propriorum
1690 991 1976 1054 parentum

405 1084 877 1148 inscriberentur;
902 1083 1109 1151 talique
1135 1080 1359 1135 suadela
1393 1079 1651 1150 populum
1686 1076 1975 1146 mitigavit,

403 1184 459 1224 et
507 1155 781 1227 Caesarem
839 1176 995 1227 bona:
1040 1172 1197 1226 fama:
1246 1171 1524 1242 pra-conio
1594 1169 1974 1224 laudaverunt.

406 1263 529 1319 llaec
561 1275 742 1318 autem
775 1264 969 1318 Petrus
1001 1264 1320 1335 imperatori
1349 1260 1978 1330 denuntiavit.Cumque

404 1356 643 1411 venisset
668 1356 1138 1426 Marcianopolim,
1174 1356 1365 1424 dirigit
1393 1356 1541 1409 mille
1587 1368 1974 1425 prmcessuros.

409 1444 469 1498 lli
498 1450 732 1516 repertis
754 1445 1023 1501 Sclavinis
1060 1447 1288 1500 multam
1316 1445 1648 1501 ducentibus
1676 1446 1976 1500 Romanam

406 1538 667 1606 praedam,
725 1538 822 1590 hos
881 1539 1237 1605 insequentes
1291 1535 1635 1600 occiderunt,
1698 1535 1978 1602 multaque

403 1627 586 1697 praeda
628 1638 846 1696 recepta
880 1628 1140 1681 Romaiea
1170 1627 1542 1681 redieruntad
1576 1641 1728 1679 rura.

474 1717 675 1773 Eodem
703 1733 833 1772 vero
865 1734 1008 1772 anno
1040 1719 1353 1773 construxit
1384 1719 1686 1788 imperator
1711 1717 1973 1772 solarium

404 1810 713 1879 M'agnaurae
744 1812 1063 1876 rotundum,
1084 1818 1138 1865 et
1167 1810 1221 1864 in
1257 1810 1436 1866 medio
1470 1810 1616 1865 atrio
1638 1809 1757 1880 ejus
1781 1810 1975 1866 statuit

402 1911 636 1957 statuam
669 1917 847 1966 suam,
890 1910 944 1956 ct
978 1903 1091 1957 illic
1121 1904 1305 1973 posuit
1326 1910 1748 1957 armamentum.

471 1994 677 2060 Quinto
706 1996 920 2050 decimo
959 1995 1175 2066 imperii
1205 1994 1458 2049 Mauricii
1512 2009 1659 2049 anno
1685 1991 1853 2049 Petro
1886 2009 1978 2048 ve-

404 2089 679 2141 nationem
716 2092 996 2143 exercenti
1045 2102 1142 2142 sus
1175 2088 1410 2157 agrestis
1455 2087 1673 2166 obviam
1708 2087 1974 2153 occurrit,

402 2180 707 2249 pedemque
730 2180 906 2251 ipsius
938 2181 1005 2235 ad
1039 2181 1291 2236 arborem
1329 2180 1745 2249 conquassavit,
1788 2191 1842 2234 et
1873 2180 1977 2233 iiu-

402 2271 766 2340 portabilibus
799 2271 912 2342 (st)
942 2271 1229 2328 doloribus
1250 2271 1425 2326 multo
1465 2279 1710 2342 tempore
1744 2271 1974 2340 languit.

399 2361 500 2414 Ast
530 2363 828 2430 imperator
854 2364 1056 2417 litteris
1084 2346 1347 2431 pessimis
1379 2372 1434 2417 et
1467 2362 1824 2432 imprOperiis
1853 2377 1978 2431 gra-

402 2454 559 2507 vibus
581 2455 629 2508 ei
657 2453 920 2515 detraxit,
971 2453 1159 2508 audito
1193 2455 1337 2524 quod
1373 2456 1559 2509 multa:
1593 2454 1974 2508 Sclavinorttm

400 2556 589 2615 gentes
622 2544 829 2597 fuerint
858 2553 1055 2599 contra
1091 2544 1415 2615 Byzantium
1440 2557 1622 2599 mota).
1650 2544 1850 2601 Petrus
1875 2562 1974 2599 au-

403 2648 506 2691 tem
548 2646 778 2692 coactus
812 2635 992 2691 Novas
1022 2640 1290 2707 pervenit.
1328 2637 1392 2691 lli
1422 2654 1553 2693 vero
1582 2640 1675 2709 qui
1715 2648 1872 2694 erant
1909 2639 1977 2692 de

400 2729 640 2792 civitate,
679 2745 782 2782 uua
815 2744 940 2783 eum
972 2730 1309 2799 ignobilibus
1340 2730 1607 2786 militibus
1630 2738 1684 2784 et
1714 2732 1977 2799 episeopo

391 2823 617 2887 .przetori
660 2824 875 2875 obviam
899 2825 1163 2889 veniunt;
1204 2836 1346 2892 quos
1397 2830 1604 2891 praeter
1635 2822 1892 2889 intuitus,
1922 2834 1977 2877 et

401 2927 552 2964 arma
579 2928 770 2967 eorum
798 2928 861 2966 ac
888 2913 1269 2967 fortitudinem
1302 2913 1631 2977 admiratus,
1654 2913 1813 2982 jubet
1842 2915 1976 2967 urbe

399 3004 625 3056 dimissa
660 3006 918 3058 Romana:
944 3004 1161 3059 misceri
1185 3012 1445 3059 catervae.
1470 3003 1675 3058 Milites
1699 3012 1880 3057 autem
1906 3003 1974 3057 ad

399 3096 641 3150 civitatis
698 3098 1005 3152 custodiam
1033 3097 1276 3153 ordinati
1312 3097 1415 3152 hoc
1456 3111 1619 3167 agere
1650 3105 1968 3151 renuerunt.

2084 607 2383 660 motionem
2437 605 2689 673 aﬂirmat,
2753 606 2993 675 duplicia
3044 615 3227 663 tamen
3283 610 3417 664 dare
3484 611 3656 680 spolia

2083 701 2337 755 universa
2386 711 2679 771 procurat;
2712 702 2906 769 sicque
2943 700 3168 754 Barbari
3201 701 3426 755 amissis
3461 703 3657 772 spoliis

2080 795 2249 864 dupla
2286 806 2443 850 sorte
2474 794 2715 864 receptis
2754 793 2871 863 paci
2895 794 3211 849 consulunt.
3242 793 3438 849 Petrus
3466 805 3657 849 contra

2081 887 2433 959 Peregastum
2487 887 2874 943 Sclavinorum
2921 888 3219 942 exarchum
3275 899 3566 956 properat;
3606 901 3660 941 ct

2081 977 2306 1033 Barbari
2338 979 2487 1032 circa
2522 977 2693 1046 ripam
2728 974 2971 1032 fluminis
3003 978 3131 1032 huic
3164 977 3308 1031 obvii
3365 977 3490 1031 facti
3529 995 3656 1049 pro-

2081 1072 2343 1127 bibebant
2369 1070 2624 1125 transire.
2659 1071 2895 1125 Romani
2929 1086 3055 1125 vero
3078 1086 3108 1123 a
3138 1071 3295 1126 fretis
3327 1074 3655 1141 sagittantes

2080 1163 2183 1217 hos
2214 1170 2572 1229 averterunt;
2604 1162 2809 1232 quibus
2835 1161 2889 1215 in
2929 1161 3108 1231 fugam
3141 1163 3319 1217 versis
3352 1165 3658 1232 percutitur

2081 1255 2177 1308 ilio
2217 1253 2573 1324 Pcregastus,
2630 1262 2684 1309 et
2732 1253 2990 1308 moritur.
3049 1253 3424 1308 Transeuntes
3473 1266 3655 1306 autem

2083 1346 2311 1402 Romani
2349 1346 2587 1416 praedam
2615 1346 2843 1400 multam
2880 1354 3231 1415 receperunt,
3260 1356 3314 1400 et
3341 1346 3406 1399 ad
3434 1347 3654 1415 propria

2083 1446 2418 1492 remearunt.
2456 1436 2782 1491 Errantihns
2824 1436 3153 1491 ductoribus
3188 1444 3244 1490 et
3286 1436 3339 1490 in
3386 1437 3655 1505 inaquusa

2084 1529 2455 1583 incidentibus
2505 1528 2625 1581 loca
2665 1529 3086 1597 periclitabatur
3137 1530 3438 1583 exercitus.
3481 1528 3657 1582 Porro

2080 1638 2205 1677 cum
2247 1622 2353 1675 iter
2389 1629 2614 1690 agerent
2655 1629 2845 1685 noctu,
2886 1623 3115 1675 veniunt
3156 1621 3222 1674 ad
3261 1635 3478 1674 amnem
3511 1620 3658 1673 lleli-

2080 1717 2222 1768 ciam
2248 1712 2490 1767 dictum:
2517 1727 2640 1766 cum
2670 1727 2802 1765 vero
2830 1712 2981 1767 dumi
3008 1722 3165 1768 trans
3190 1712 3387 1768 fretum
3415 1714 3658 1767 fluminis

2082 1814 2293 1869 essent,
2334 1803 2563 1859 Barbari
2599 1805 2651 1858 in
2688 1804 2775 1858 his
2810 1803 3121 1858 abseouditi
3165 1819 3261 1859 eos
3297 1805 3391 1873 qui
3439 1792 3655 1858 haurie-

2009 1870 2052 1926 Β
2082 1901 2212 1953 bant
2269 1913 2469 1969 aquam
2497 1897 2909 1965 iaculabantur.
2945 1896 3138 1966 Magna
3192 1898 3362 1967 igitur
3407 1898 3656 1952 molestia

2079 1991 2348 2046 Romanis
2399 1989 2589 2045 effecta
2651 1989 2887 2056 militiis,
2941 1991 2995 2045 in
3052 1990 3234 2060 fugam
3283 1999 3577 2045 vertuntur
3627 2006 3655 2043 a

2080 2085 2340 2140 Barbaris
2390 2083 2667 2139 debellati.
2718 2082 2918 2138 Verum
2979 2083 3285 2138 Mauricius
3331 2083 3418 2138 his
3455 2084 3657 2138 auditis

2080 2177 2300 2231 Petrum
2356 2186 2597 2246 praetura
2650 2176 2923 2245 privavit,
2954 2185 3009 2231 et
3061 2174 3311 2231 Priscum
3368 2188 3655 2247 praetorem

2079 2267 2305 2323 Thracae
2342 2268 2528 2323 denuo
2553 2268 2730 2323 misit.

2153 2359 2339 2413 Mundi
2392 2374 2539 2415 anno
2596 2358 2772 2424 6090,
2821 2360 3022 2415 divinte
3077 2361 3474 2419 incarnationis
3528 2365 3652 2431 590,

2080 2450 2448 2503 Rotnanorum
2486 2452 2781 2519 imperator
2823 2453 3149 2518 Mauricius,
3213 2470 3305 2509 rex
3357 2456 3650 2511 Persarum

2077 2540 2375 2604 Chosroes,
2406 2542 2689 2597 Romanus
2723 2543 3040 2613 Gregorius,
3078 2544 3650 2617 ConstantinOpolita-

2079 2646 2182 2685 nus
2208 2632 2500 2701 (Syriacus,
2540 2632 3077 2704 llierosolymitanus
3110 2637 3300 2702 Amos,
3326 2640 3649 2693 Alexandri-

2078 2737 2183 2776 nus
2216 2721 2479 2791 Eulogius
2514 2732 2567 2778 et
2596 2725 2975 2781 Antiochenus
3017 2725 3345 2785 Anastasius
3379 2730 3653 2785 habentur

2076 2816 2370 2871 antistites.
2434 2816 2547 2870 lloc
2595 2831 2764 2880 anno,
2820 2818 3033 2888 imperii
3081 2821 3342 2875 videlicet
3401 2822 3649 2877 Mauricii

2075 2916 2232 2962 sexto
2263 2908 2502 2986 decimo,
2534 2908 2755 2964 Priscus
2779 2926 3037 2980 egressus
3064 2924 3264 2982 praetor
3303 2914 3355 2967 in
3386 2913 3649 2969 Thracem

2076 3003 2309 3057 virtutes
2338 3006 2651 3058 numeravit
2677 3007 2975 3072 exercitus,
3001 3015 3056 3061 et
3081 3008 3289 3063 invenit
3312 3010 3458 3079 quod
3482 3026 3546 3064 ex
3572 3011 3650 3066 eis

2078 3095 2242 3149 fuerit
2275 3097 2569 3150 multitudo
2592 3110 2917 3167 consumpta
2948 3116 3056 3153 non
3094 3115 3283 3169 parva.
3328 3100 3425 3155 llis
3466 3112 3647 3157 autem

400 3185 538 3240 Tum
575 3200 772 3257 pr.etor
807 3191 859 3243 in
895 3190 1137 3244 furorem
1190 3204 1383 3244 versus
1436 3189 1733 3243 destinavit
1760 3188 1973 3242 Genzo—
2001 3212 2046 3273 ρ
2078 3186 2314 3254 sumptis
2347 3188 2497 3242 venit
2532 3188 2597 3241 ad
2640 3189 2845 3244 flumen
2878 3189 3074 3244 lstrum
3108 3201 3159 3245 et
3187 3192 3386 3248 Novas.
3412 3192 3529 3258 Quo
3557 3210 3648 3248 ro-

402 3294 523 3333 nem
561 3297 665 3334 una
697 3296 821 3335 cum
858 3282 1209 3336 multitudine
1243 3283 1501 3335 militum.
1531 3280 1632 3347 Qui
1664 3281 1767 3333 hoc
1799 3295 1968 3351 agno-

398 3380 614 3425 scentes
664 3371 1033 3441 confugerunt
1064 3375 1116 3426 in
1146 3372 1463 3437 ecclesiam,
1514 3379 1569 3427 et
1604 3373 1799 3425 clauso
1824 3371 1971 3425 ostio

401 3461 587 3528 templi
637 3464 1081 3531 perseverabant.
1141 3462 1328 3519 Genzo
1357 3478 1487 3519 vero
1532 3478 1632 3533 pro
1664 3465 1971 3518 reverentia

397 3554 585 3622 templi
626 3553 876 3609 inefficax
922 3557 1108 3612 rediit.
1148 3557 1344 3612 Petrus
1396 3568 1580 3612 autem
1615 3557 1787 3613 iratus
1825 3556 1972 3613 Gen-

397 3656 588 3695 zonem
617 3659 643 3696 a
668 3652 913 3713 praetura
936 3648 1186 3717 deponit,
1222 3658 1278 3704 et
1311 3651 1484 3705 misso
1514 3649 1788 3705 Scribone
1813 3652 1972 3721 igno-

398 3734 631 3791 miniose
671 3738 738 3791 ad
764 3753 821 3793 se
846 3741 1168 3810 episcopum
1196 3742 1354 3811 jubet
1377 3741 1598 3799 adduci.
1629 3743 1800 3798 Porro
1824 3745 1972 3798 cives

394 3827 610 3880 collecti
643 3827 968 3885 Scribonem
1025 3847 1149 3886 cum
1201 3833 1470 3889 dedecore
1501 3834 1637 3888 urbe
1667 3833 1967 3903 depellunt,

395 3920 555 3987 cujus
588 3922 859 3976 obseratis
901 3926 1075 3993 portis
1112 3926 1434 3981 Mauricium
1468 3927 1691 3997 quidem
1730 3924 1968 3994 impera-

397 4017 565 4061 tui-em
603 4011 855 4067 laudibus
886 4014 1146 4079 efferunt,
1171 4025 1458 4082 praetorem
1490 4027 1673 4072 autem
1702 4015 1971 4071 conviciis

394 4103 704 4167 cumulant;
736 4105 926 4173 sicque
980 4121 1105 4160 cum
1144 4109 1443 4177 opprobrio
1470 4109 1666 4164 Petrus
1710 4110 1838 4164 inde
1880 4124 1969 4164 re-

394 4194 581 4245 ressit.
615 4192 905 4250 Pnezuittit
942 4207 1206 4267 praeterea
1242 4201 1389 4255 mille
1438 4200 1509 4254 ad
1549 4202 1968 4272 explorandum,

394 4284 487 4348 qui
530 4282 793 4353 Volgares
830 4300 1253 4359 consequuntur
1301 4307 1531 4347 numero
1563 4294 1731 4347 mille.
1766 4294 1965 4350 Verum

400 4372 659 4443 \‘ulgares
691 4376 774 4433 fisi
807 4396 972 4449 super
1004 4396 1138 4451 pace
1172 4383 1406 4454 chagani
1439 4386 1618 4440 securi
1648 4389 1964 4457 pergebant.

396 4463 629 4520 Romani
691 4481 874 4526 autem
929 4474 981 4526 in
1015 4474 1286 4544 Vulgares
1351 4478 1612 4548 impetum
1656 4478 1964 4547 faciebant;

2076 3277 2229 3347 gnito
2268 3278 2548 3347 cbaganus
2574 3280 2781 3347 legatos
2806 3283 2973 3346 misit,
3004 3297 3229 3338 causam
3264 3285 3434 3352 ipsius
3458 3285 3650 3340 scisci-

2074 3375 2223 3424 tatus
2256 3369 2548 3426 adventus.
2578 3370 2800 3427 Priscus
2835 3383 3017 3427 autem
3077 3376 3385 3429 venationis
3438 3392 3497 3430 se
3553 3395 3646 3431 ve-

2074 3458 2225 3514 nisse
2252 3474 2418 3514 causa
2445 3461 2736 3517 fatebatur.
2779 3464 2876 3518 Ast
2918 3465 3212 3536 Chaganus
3243 3485 3256 3523 :
3298 3467 3418 3522 Non
3437 3471 3646 3537 justum

2072 3560 2172 3617 est,
2206 3552 2405 3624 inquit,
2436 3556 2489 3607 in
2521 3557 2694 3609 alieno
2720 3557 2833 3613 loco
2869 3561 3068 3618 venari.
3105 3560 3145 3614 Ε
3189 3572 3377 3616 contra
3425 3564 3647 3619 Priscus

2075 3661 2236 3700 suum
2271 3649 2488 3703 dicebat
2516 3666 2639 3705 esse
2669 3652 2870 3715 locum,
2918 3664 2972 3708 et
3014 3655 3061 3708 ei
3107 3653 3288 3725 fugant
3320 3671 3383 3710 ex
3423 3655 3646 3710 Oriente

2076 3739 2485 3810 impmperabat
2528 3744 2726 3813 egisse.
2779 3745 3057 3802 Barbarus
3106 3759 3284 3802 autem
3331 3749 3645 3819 Singidouis

2073 3846 2231 3884 muro
2273 3834 2556 3889 destructo
2599 3836 2663 3888 ad
2700 3837 3077 3891 Romanorum
3115 3849 3318 3893 terram
3364 3839 3643 3908 profectus

2072 3929 2175 3976 est.
2204 3922 2321 3988 Quo
2346 3927 2563 3996 cognito
2594 3927 2819 3984 Priscus
2848 3931 2995 3984 venit
3026 3931 3092 3986 all
3132 3932 3365 3986 insulam
3399 3931 3545 3996 lstri,
3578 3943 3632 3987 et

2074 4012 2429 4071 dromonihus
2458 4020 2691 4089 sumptis
2729 4021 2791 4073 ad
2824 4022 3150 4089 Chaganum.
3180 4024 3321 4093 apud
3366 4024 3642 4080 Constan-

2075 4106 2260 4161 tiolam
2286 4110 2455 4174 venit,
2489 4112 2676 4165 volens
2702 4128 2825 4165 ('llm
2864 4129 2927 4168 eo
2957 4116 3123 4185 loqui.
3153 4116 3398 4186 Cumque
3439 4119 3640 4188 cbaga-

2072 4217 2183 4257 nus
2215 4202 2282 4255 ad
2316 4219 2467 4257 orant
2499 4205 2740 4261 ﬂuminis
2776 4209 3035 4271 venisset,
3073 4209 3292 4265 Priscus
3326 4213 3498 4267 tristis
3529 4212 3639 4282 (-52)

2070 4310 2194 4348 eum
2222 4296 2540 4367 alloquitur.
2591 4301 2880 4370 Chagauus
2928 4311 3104 4355 autem
3154 4303 3294 4356 dixit
3347 4305 3413 4357 ad
3464 4320 3635 4357 eum:

2071 4385 2214 4451 Quid
2246 4387 2359 4452 tibi,
2396 4388 2599 4453 Prisce,
2625 4408 2687 4442 ac
2711 4402 2865 4446 terra:
2898 4410 3025 4446 mea?
3046 4383 3165 4448 ian
3196 4404 3245 4447 et
3278 4394 3412 4448 itane
3449 4397 3524 4449 eis
3548 4413 3639 4448 ac-

2070 4475 2237 4541 cipere
2282 4494 2373 4545 per
2414 4483 2747 4535 mendacium
2799 4499 2867 4537 ea:
2915 4486 3162 4539 manibus
3211 4487 3379 4542 meis?
3431 4487 3637 4556 judicet

396 4559 487 4625 qui
548 4560 777 4614 mittunt
831 4564 981 4618 viros
1032 4574 1240 4636 septem
1298 4577 1719 4627 commonentes
1774 4588 1961 4641 pacem
1990 4551 2043 4611 Ῑ)
2076 4566 2213 4621 Deus
2245 4570 2380 4624 inter
2402 4588 2482 4626 me
2507 4582 2558 4626 et
2589 4572 2917 4629 Mauricium
2941 4577 3334 4643 imperatorem,
3369 4579 3636 4644 requirat-

396 4648 621 4703 minime
654 4650 1087 4708 dissolvendam.
1125 4654 1236 4711 llos
1265 4657 1555 4716 audientes
1586 4660 1640 4715 hi
1689 4662 1783 4733 qui
1825 4679 1967 4733 pra:-

394 4751 708 4804 currerunt,
742 4744 1056 4813 significant
1080 4747 1196 4803 haec
1221 4751 1476 4822 praetori;
1506 4752 1601 4822 qui
1642 4753 1781 4809 dixit
1812 4774 1825 4810 :
1857 4754 1966 4809 Nec

393 4829 439 4880 si
469 4831 758 4897 imperator
807 4839 1027 4902 venerit,
1081 4840 1206 4892 huic
1259 4819 1502 4909 parcam.
1563 4844 1965 4916 Congressione

391 4935 518 4974 vero
548 4922 672 4977 belli
720 4924 915 4981 effecta
975 4929 1206 4985 Romani
1244 4941 1554 4993 vertuntur.
1603 4935 1710 4991 Sed
1744 4937 1961 4993 barbari

387 5024 497 5065 non
540 5018 817 5083 persecuti
871 5030 1002 5074 sunt
1035 5038 1151 5087 eos,
1204 5040 1277 5097 ne
1321 5027 1602 5084 vincentes
1651 5030 1955 5086 discrimen

389 5106 755 5165 incurrerent.
800 5111 968 5167 Porro
1006 5128 1206 5184 [ιι-αξιοι·
1237 5102 1583 5175 ιθιίειηὴύιιι
1617 5138 1957 5191 praecurret»

389 5202 522 5251 tium
547 5198 861 5269 flagellaiit.
893 5205 957 5258 Et
987 5208 1089 5262 hoc
1119 5221 1403 5281 comperto
1442 5213 1719 5284 cbaganus
1746 5216 1955 5287 legatos

388 5291 454 5342 ad
517 5290 737 5348 Petrum
794 5296 1054 5363 destinat,
1112 5301 1479 5371 inceptionem
1540 5320 1833 5375 accusans,
1898 5318 1954 5365 et

387 5386 529 5453 quod
564 5384 794 5442 Romani
821 5390 943 5446 sine
966 5392 1115 5460 justa
1151 5408 1315 5450 causa
1343 5411 1531 5467 pacem
1564 5397 1954 5455 dissolverent.

2065 4676 2164 4729 que
2216 4664 2523 4730 sanguinem
2570 4667 2831 4719 exercitus
2879 4666 3241 4722 Romanorum
3280 4678 3329 4723 et
3367 4672 3633 4724 exercitus

2066 4756 2168 4808 mei
2192 4754 2254 4821 de
2278 4759 2520 4811 manibus
2554 4760 2689 4827 ejus.
2736 4761 2779 4814 E
2830 4774 3020 4816 contra
3084 4762 3305 4818 Priscus
3337 4745 3353 4816 έ
3382 4764 3635 4834 Singulo-

2065 4864 2203 4912 nem,
2242 4848 2438 4918 inquit,
2472 4851 2736 4905 civitatem
2773 4854 2930 4907 redde
2963 4852 3236 4909 Romanis.
3271 4856 3373 4921 Qui
3401 4859 3515 4909 ait:
3556 4855 3631 4908 Tu

2064 4957 2227 4994 unam
2248 4943 2509 5020 civitatem
2532 4962 2562 4995 τι
2579 4946 2727 4999 nobis
2749 4949 2960 5000 conaris
2986 4951 3221 5018 accipere
3252 4967 3270 5005 .'
3297 4950 3489 5003 videbis
3514 4964 3630 5020 post

2063 5019 2752 5108 paululum‘quinquaginla
2792 5040 3035 5094 civitates
3065 5040 3330 5095 Romanas
3364 5043 3628 5096 Araribus

2063 5127 2312 5180 servitute
2338 5128 2602 5182 redactas.
2635 5130 2855 5188 Priscus
2884 5142 3065 5188 autem
3092 5136 3325 5190 navibus
3346 5136 3627 5206 Singidoni

2064 5232 2163 5286 per
2204 5234 2417 5273 amnem
2450 5222 2711 5278 exhibitis
2748 5224 2886 5281 hanc
2935 5226 3298 5297 depopulatus
3327 5239 3445 5292 est,
3478 5240 3533 5284 et
3562 5243 3626 5282 ex

2061 5323 2123 5362 ea
2157 5307 2422 5380 Vulgares
2459 5314 2688 5382 pepulit.

2134 5398 2378 5472 Septimo
2407 5401 2639 5460 decimo
2658 5406 2869 5477 imperii
2896 5405 3136 5462 Mannicii
3168 5423 3311 5463 anno
3335 5422 3624 5463 coacerva-

1881 5494 2115 5553 ΝΟΤᾸΕ.

455 5580 1001 5659 (tU)_Satis[acieba_t.
1034 5583 1238 5659 Glossae
1266 5605 1279 5641 :
1305 5588 1591 5659 ἀπολογία,
1647 5594 1943 5657 excusatio,

383 5653 650 5733 ηω-ραιίο.
701 5654 1217 5733 satisj'artio._l_linc
1278 5653 1725 5733 satisfactio’nalis
1784 5653 1943 5733 liber,

382 5722 799 5805 éFOK?Yﬁth/J;,
836 5724 975 5778 Hist.
1024 5724 1287 5805 ἶφι-ις,
1314 5723 1403 5784 23.
1435 5732 1525 5786 Sic
1551 5722 1942 5805 Hieronymum

381 5793 886 5870 alicubinpo‘suisse
949 5798 1336 5870 satisfacientes
1375 5816 1473 5870 pro
1518 5793 1829 5857 eacusanies
1888 5823 1943 5861 se

372 5872 531 5916 ωιυί
579 5863 644 5917 ﬂ.
684 5863 905 5921 Grotius
958 5867 1009 5919 in
1051 5863 1401 5927 Uiscussione
1438 5872 1707 5930 Rivetiaui
1740 5876 1941 5945 Apolo-

2052 5595 2235 5663 getici,
2264 5612 2318 5665 p.
2346 5595 2435 5651 85.
2467 5595 2631 5652 Faan.

2126 5665 2238 5737 (41)
2281 5667 2741 5740 lmportabilibus.
2785 5666 2907 5737 Ipse
2938 5668 2990 5723 in
3026 5667 3297 5740 llypmnn.
3330 5668 3395 5721 de
3422 5668 3616 5740 Anast.

2052 5751 2240 5810 apocr.
2268 5753 2289 5810 εξ
2322 5759 2340 5789 ι
2366 5740 2503 5792 Cum
2535 5737 2703 5794 illatis
2754 5754 2975 5807 quoque
3021 5737 3128 5796 illis
3180 5738 3621 5810 ituportabilibns

2051 5807 2497 5863 tribulationibus
2536 5811 2745 5863 retulit.
2782 5829 2799 5859 ι
2848 5810 2918 5866 In.

2120 5877 2229 5948 (ﬂ)
2263 5882 2463 5933 Tristis.
2506 5878 2550 5932 Ε
2582 5893 2711 5936 rata.
2740 5882 2808 5934 In.
