4440 6446
413 412 551 476 ιω

1133 374 1141 389 ’
1184 408 1550 469 ntsronut
1591 399 2158 468 ECCLESIASTICA
2197 403 2294 462 ex
2328 404 2796 464 rimorum.

3470 406 3612 464 1200

413 522 576 576 niunt
606 534 659 574 tn
691 517 1074 582 Biniinaelum,
1109 519 1254 586 quod
1283 529 1367 572 est
1399 518 1574 572 insula
1605 526 1798 582 magna
1819 510 1963 565 Istri.
1993 513 2040 570 Δ
2070 512 2342 568 redimens
2373 528 2516 576 eam,
2543 511 2796 582 expedire
2840 509 3105 577 judicavit
3139 513 3190 564 in
3226 511 3326 563 hac
3355 512 3463 563 vlta
3498 525 3609 577 pm-

410 607 622 674 Quibua
673 606 873 660 auditis
925 604 1240 675 cbaganus,
1293 604 1536 658 collectis
1595 599 1964 669 potentatibus

411 699 556 762 suis,
602 697 671 752 ad
724 695 970 752 Romana
1021 710 1150 752 rura
1196 697 1461 766 procedit,
1505 703 1739 761 quatuor
1783 701 1964 744 autem

412 790 556 845 lliios
582 802 735 852 suos,
765 788 982 843 traditis
1021 788 1144 842 aliis
1170 785 1486 845 virtutibus.
1514 783 1581 836 ad
1608 781 1964 837 custodienda

412 877 536 934 lstri
563 878 700 933 vada
729 877 1036 934 constituit.
1060 877 1129 930 At
1153 888 1279 930 vero
1309 870 1539 927 Romani
1571 871 1779 924 ratibus
1811 869 1966 922 lactis

411 968 638 1023 ﬂuvium
669 975 1104 1029 tt-ansmearunt,
1157 973 1210 1017 et
1257 962 1456 1015 bellum
1509 969 1734 1027 pra-tore
1777 956 1967 1010 Prisco

409 1076 536 1115 eum
565 1060 790 1128 chagani
810 1057 933 1111 ﬁliis
961 1058 1197 1109 inierunt
1243 1068 1258 1103 :
1311 1051 1685 1104 Comentiolus
1715 1051 1858 1102 enim
1886 1048 1970 1099 in-

415 1152 659 1204 firmatus
686 1149 742 1202 in
773 1146 1073 1201 Biminacio
1112 1144 1291 1197 insula
1329 1142 1570 1195 sedebat.
1598 1139 1845 1208 Cumque
1877 1153 1971 1203 per

416 1239 618 1294 multas
657 1238 823 1292 horas
849 1235 1048 1289 bellum
1087 1231 1355 1309 tenuisset
1385 1237 1440 1282 et
1471 1232 1552 1284 sol
1584 1230 1840 1283 trecentis
1864 1226 1972 1280 lio-

411 1343 697 1383 manorum
729 1324 1066 1391 interempti:
1098 1321 1467 1383 occubuisset,
1507 1329 1746 1390 quatuor
1774 1320 1974 1372 Barza—

415 1431 597 1472 rornm
629 1417 796 1470 millia
811 1416 1110 1483 perierunt.
1125 1411 1464 1467 lntrittsecus
1491 1427 1619 1466 vero
1645 1412 1850 1465 militia:
1881 1425 1973 1465 or-

413 1508 617 1571 dinate
663 1508 857 1561 iterum
899 1505 1099 1557 bellum
1145 1505 1446 1574 incipiunt,
1493 1513 1549 1558 et
1607 1504 1802 1557 iterum
1851 1510 1976 1555 octo

414 1597 585 1657 millia
603 1595 966 1658 Barbarorutti
995 1594 1337 1647 interimunt.
1356 1592 1617 1648 Similiter
1637 1601 1691 1645 et
1707 1589 1866 1643 tertia
1886 1589 1976 1642 die

417 1686 727 1755 przliantes
773 1686 843 1739 ab
875 1685 1267 1738 excelsioribus
1309 1682 1541 1739 Romani
1593 1682 1658 1735 ad
1710 1680 1977 1735 Barbaros

415 1784 802 1839 accesserunt,
850 1776 1058 1844 hosque
1095 1784 1372 1831 vertentes
1415 1777 1484 1828 ad
1516 1786 1769 1844 stagnum
1814 1783 1976 1842 atque

415 1866 696 1937 pellentes.
727 1868 935 1924 Avares
961 1867 1164 1922 multos
1190 1875 1522 1922 necaverunt
1559 1881 1626 1919 ex
1657 1865 1794 1928 illis,
1831 1866 1976 1917 inter

411 1973 554 2028 quos
578 1968 629 2015 et
657 1960 889 2030 cbagani
921 1961 1102 2015 necati
1131 1968 1257 2014 sunt
1291 1960 1425 2024 lilii,
1474 1955 1812 2027 Romanique
1853 1955 1976 2009 illu-

416 2061 583 2108 strem
613 2051 892 2106 victoriam
933 2051 1252 2108 induerunt.
1284 2051 1577 2120 Chaganus
1604 2063 1730 2103 vero
1758 2061 1977 2120 coacer-

414 2145 555 2197 vatis
577 2144 788 2199 viribus
810 2145 1052 2213 cepiosis
1073 2129 1268 2198 contra
1299 2116 1574 2196 Romanos
1596 2116 1973 2210 progrediiur:

413 2234 556 2289 bello
587 2244 768 2290 autem
800 2244 1053 2288 manente
1082 2240 1302 2288 vertunt
1329 2230 1561 2284 Romani
1597 2229 1890 2290 Barbaros.
1922 2233 1977 2281 et

416 2326 676 2380 omnibus
726 2325 1080 2393 insigniorcm
1125 2321 1269 2373 hane
1317 2319 1622 2372 retulerunt
1669 2315 1975 2369 victoriam.

419 2417 629 2471 Interea
676 2415 901 2469 Priscus
949 2420 1189 2480 quatuor
1232 2408 1476 2463 millibus
1514 2405 1813 2477 pt'atttissis
1857 2403 1980 2458 Tis-

414 2522 515 2563 ωτι
545 2506 658 2577 tu)
687 2520 902 2560 anmem
937 2513 1271 2558 transmeare
1307 2508 1362 2556 et
1392 2499 1676 2570 explorare
1711 2496 1979 2551 Barbaroo

415 2614 538 2654 rum
564 2583 822 2669 praecepit
849 2607 1053 2652 motus.
1095 2596 1163 2649 At
1193 2608 1321 2649 vero
1362 2591 1583 2647 Barbari
1623 2591 1761 2645 nihil
1789 2603 1978 2644 eorum

413 2706 535 2764 qua
568 2692 711 2746 facta
741 2690 957 2746 fuerant
982 2696 1398 2760 cognoscentes,
1429 2685 1626 2741 festum
1657 2684 1799 2739 diem
1839 2682 1982 2738 cele-

413 2787 649 2840 brabant
681 2793 735 2837 et
768 2782 972 2851 pariter
1002 2781 1457 2836 consivabantur.
1509 2775 1565 2832 in
1605 2778 1709 2832 hos
1753 2773 1982 2828 Romani

415 2876 668 2932 clanculo
694 2873 997 2928 incidentes
1023 2875 1318 2926 maximum
1341 2871 1551 2941 operati
1584 2878 1712 2924 sunt
1741 2877 1979 2922 metum:

417 2968 640 3038 triginta
679 2967 883 3034 quippe
917 2965 1089 3017 millia
1134 2963 1467 3030 Gipetlorum
1517 2962 1984 3027 barbarorumque

416 3059 648 3114 aliorum
677 3057 1023 3118 occiderunt,
1050 3061 1104 3107 et
1133 3053 1357 3122 c0piosa
1390 3051 1571 3120 prada
1593 3049 1982 3117 comprehensa

416 3159 766 3208 revertuntur
807 3148 873 3201 ad
905 3148 1176 3203 Priscum.
1224 3144 1520 3211 Chagantts
1562 3151 1743 3194 autem
1791 3154 2054 3221 rursusc
2087 3157 2352 3214 abiisse“
2413 3152 2628 3204 νοαηίι
2683 3163 2805 3201 eum
2854 3162 2868 3198 ε

416 3246 786 3317 potentatibus
829 3241 1122 3298 cumulatis
1169 3238 1319 3292 venit
1358 3236 1424 3289 ad
1473 3234 1694 3295 Istrum.
1742 3242 1796 3286 et
1847 3233 1982 3285 inito

419 3339 564 3394 bello
601 3335 817 3390 barbari
854 3343 1186 3402 superantur
1210 3340 1266 3383 et
1309 3329 1364 3382 in
1405 3326 1581 3380 amnis
1632 3324 1851 3378 liuentis
1889 3338 1983 3376 ne-

419 3439 636 3497 cantur,
668 3436 1004 3500 pereuntque
1045 3424 1208 3479 simul
1239 3437 1366 3477 cum
1408 3421 1490 3475 his
1526 3419 1741 3490 plurimi
1769 3430 1984 3487 quoque

420 3502 696 3580 Sclavini:
726 3525 878 3577 rivos
902 3529 1083 3576 autem
1117 3517 1471 3574 obtinuerunt
1502 3515 1736 3568 Avarum
1770 3513 1983 3580 quidem

423 3619 526 3674 tria
558 3618 751 3683 millia,
791 3617 1172 3671 Sciavinorum
1206 3626 1334 3667 vero
1361 3610 1708 3678 octingentos
1747 3615 1800 3659 et
1823 3605 2021 3674 Cipe-a

420 3710 550 3764 dum
582 3711 689 3762 tria
718 3708 910 3771 millia,
931 3720 1029 3760 nec
1056 3718 1165 3759 non
1195 3712 1249 3757 et
1269 3703 1378 3755 duo
1410 3702 1796 3750 [turbat-orum.
1817 3693 1986 3744 Porro

421 3801 705 3870 chaganus
731 3798 796 3852 ad
820 3796 1141 3850 laurlcium
1165 3794 1547 3857 imperatorem
1582 3787 1790 3851 legatos
1816 3781 1982 3841 misit,

421 3861 611 3964 capt-os
641 3894 883 3958 recipere
914 3888 1088 3938 nisus.
1121 3881 1187 3935 At
1220 3882 1309 3935 ille
1333 3877 1573 3932 nomium
1601 3861 1877 3942 comperta
1901 3872 1984 3924 in-

420 3963 564 4056 clyta
627 3981 1000 4035 Romanorum
1046 3972 1280 4035 victoria
1343 3971 1536 4025 scribit
1592 3967 1779 4023 Prisco
1838 3963 1984 4035 quod

420 4078 625 4131 Avares
654 4073 899 4140 chagano
924 4067 1175 4124 redderet
1206 4073 1439 4119 tantum.

491 4166 694 4223 Eodem
723 4178 940 4235 quoque
972 4175 1115 4216 anno
1146 4160 1232 4214 vir
1258 4157 1480 4229 quidam
1522 4152 1846 4210 monachico
1872 4152 1984 4205 cir-

419 4261 783 4319 cumamictus
820 4256 1006 4312 habitu
1041 4265 1094 4310 et
1125 4255 1178 4309 in
1218 4253 1482 4323 religione
1527 4250 1745 4312 clarus,
1791 4247 1985 4322 spatha

420 4352 694 4410 denudat:
748 4367 777 4404 a
811 4348 928 4404 foro
969 4364 1147 4420 usque
1186 4348 1251 4402 ad
1284 4359 1486 4402 teneam
1518 4341 1837 4414 gladiatoris
1873 4351 1987 4395 sta-

419 4441 954 4506 tuatn'discurrens,
1011 4442 1393 4512 imperatorem
1447 4435 1704 4491 omnibus
1750 4434 1804 4488 in
1837 4430 1984 4486 occi-

420 4537 576 4591 sione
611 4532 779 4604 gladii
814 4536 1140 4589 moriturum
1185 4530 1580 4603 pronuntiavit.
1629 4526 1892 4581 Similiter
1934 4531 1988 4575 et

421 4625 765 4683 Herodianus
795 4625 1058 4680 Mauricio
1101 4624 1410 4686 manifeste.
1458 4633 1579 4692 qua
1618 4618 1724 4683 sibi
1772 4616 1988 4670 fuerant

419 4727 671 4784 ventura,
718 4717 986 4788 prcdixit.
1029 4709 1360 4784 imperatore
1404 4724 1535 4764 vero
1581 4717 1744 4762 noctu
1783 4705 1987 4760 discal-

418 4819 574 4866 ccato
597 4811 852 4865 letaniam
884 4815 1140 4876 cumgtota
1175 4804 1308 4858 urbe
1337 4812 1551 4872 agente,
1581 4809 1633 4855 et
1668 4807 1987 4854 transeunte

421 4904 488 4959 ad
534 4902 805 4973 Carpiana
856 4903 1011 4962 loea,
1063 4887 1466 4951 tumultuantur
1511 4909 1579 4948 ex
1638 4889 1989 4946 multitudine

420 4997 668 5075 quidam.
698 5004 752 5050 ct
773 5001 970 5048 contra
1003 4990 1387 5059 imperatorem
1422 4986 1630 5057 lapides
1645 4982 1876 5054 jacinnt,
1915 4979 1989 5033 ita

421 5099 480 5146 ut
503 5091 588 5146 vix
629 5090 928 5159 imperator
962 5098 1085 5140 cum
1116 5079 1428 5136 Theodosio
1471 5080 1580 5134 tilio
1606 5091 1712 5132 suo
1753 5075 1991 5131 salvare-

419 5189 509 5234 tnr
537 5191 590 5236 et
617 5181 926 5235 orationem
956 5163 1256 5247 compleret
1289 5171 1433 5241 apud
1467 5170 1818 5225 Blaclternaa.

487 5267 674 5324 Mundi
697 5283 845 5324 anno
866 5267 1030 5332 609i.
1050 5266 1249 5323 divina
1278 5251 1673 5336 incarnationis
1702 5269 1849 5313 anno
1865 5255 1991 5321 εθι.

419 5357 565 5414 anno
593 5369 722 5412 vero
755 5349 967 5428 imperii
1001 5357 1084 5411 sui
1112 5353 1186 5410 ιο
1217 5349 1513 5407 Mauricius
1537 5349 1592 5403 in
1623 5355 1986 5406 wnversus,

417 5457 474 5507 et
508 5446 691 5507 sciens
716 5449 860 5519 Quod
897 5441 1031 5504 nihil
1057 5439 1444 5508 Dc'u‘m'lateat,
1470 5445 1568 5500 sed
1596 5441 1783 5498 reddat
1806 5438 1986 5494 amnt-

421 5530 524 5604 bus
551 5544 855 5603 secundum
885 5557 1049 5615 opera
1076 5530 1344 5615 ipsorum,
1369 5547 1438 5594 et
1457 5527 1766 5609 reeogitan's
1797 5541 1988 5588 exces-

429 5625 554 5718 sum
602 5619 765 5723 quem
795 5634 875 5691 to
921 5617 1345 5706 captiiiiil‘one‘m
1395 5630 1827 5718 perpetrat-erat,
1878 5637 1988 5680 non

491 5797 862 5912 μιξίιιοοιιηι
891 5803 1040 5879 Ἴθι(
1092 5905 1095 5908 Ι
1148 5815 1150 5817 ’
1265 5905 1268 5908 ἢ
1389 5807 1392 5810 ’
1456 5889 1465 5905 ι

627 5921 893 5986 Parant.
942 5916 1057 5977 Ca.
1104 5913 1322 5981 Cliti.
1369 5923 1415 5934 “

2066 619 2190 657 nam
2217 619 2276 657 se
2306 605 2545 674 recipere
2589 617 2686 671 pro
2727 610 2969 670 peccato,
3001 608 3052 651 ct
3092 613 3193 650 nan
3233 600 3285 650 in
3326 598 3527 656 futura.
3562 607 3613 652 et

2067 697 2238 749 iactas
2269 709 2457 764 preces
2494 695 2551 747 in
2586 692 2806 760 scriptis
2841 686 3159 743 transmittit
3197 690 3260 740 ad
3291 700 3478 740 attines
3518 702 3613 755 pa.

2066 786 2388 840 triarchales
2431 786 2590 840 sedes
2621 791 2675 838 et
2715 784 2784 837 ad
2815 797 3005 836 omnes
3047 779 3294 833 civitates
3343 778 3446 830 sibi
3489 779 3616 829 sub-

2062 877 2256 945 jectas,
2309 887 2362 931 et
2424 877 2490 930 ad
2541 875 2873 929 monasteria
2913 887 3031 941 qua:
3072 881 3200 925 sunt
3243 870 3293 922 ia
3337 882 3520 921 eremo
3564 873 3617 919 ct

2067 969 2476 1038 Hierosolymis,
2512 981 2565 1021 et
2598 967 2664 1020 ati
2707 969 2890 1024 lauros
2939 965 3194 1033 pecunias
3235 972 3286 1013 t-t
3327 976 3514 1013 cereos
3563 971 3618 1012 ct

2070 1060 2312 1121 incensa,
2339 1073 2394 1111 ιιι
2416 1066 2635 1112 orarent
2661 1073 2756 1125 pro
2778 1073 2855 1116 se.
2893 1070 2999 1124 quo
3023 1055 3108 1106 hic
3139 1055 3400 1119 reciperet
3430 1058 3484 1105 ct
3511 1064 3616 1101 non

2071 1151 2125 1203 in
2181 1151 2366 1202 futuio
2425 1151 2642 1204 sarculo.
2699 1146 3173 1200 Scandalizabatur
3227 1153 3404 1193 autc-iu
3455 1148 3507 1192 ct
3565 1153 3616 1190 in

2073 1242 2429 1310 l’hilippicum
2458 1254 2711 1308 generum
2746 1254 2926 1295 suum.
2957 1236 3099 1304 ψιιιιι
3144 1237 3196 1285 itt
3229 1250 3266 1299 φ
3307 1233 3483 1284 littcra
3520 1246 3618 1282 no-

2074 1330 2394 1382 minaretur.
2438 1328 2608 1381 Porro
2649 1327 2981 1395 Pltiiippicus
3007 1325 3219 1378 diverse
3253 1323 3472 1390 jurabut
3519 1323 3620 1372 im-

2075 1423 2309 1490 peratori
2335 1421 2481 1490 quod
2513 1435 2682 1489 purus
2710 1429 2852 1472 esset
2886 1417 2940 1468 in
2969 1417 3191 1470 servitio
3233 1414 3353 1480 ejus
3383 1424 3435 1463 et
3481 1412 3621 1478 apud

2075 1525 2134 1564 se
2157 1511 2340 1564 dolum
2381 1509 2588 1561 nullum
2622 1507 2864 1560 haberet.
2899 1503 3142 1570 Cumque
3172 1500 3462 1554 Mauricius
3497 1513 3625 1565 sup-

2076 1605 2302 1672 plicaret
2338 1602 2448 1656 Deo
2481 1599 2909 1655 misericordiam
2941 1595 3235 1665 prastaudi
3266 1595 3458 1645 anima‘
3493 1605 3626 1648 suze.

2075 1696 2310 1765 quadam
2340 1704 2498 1747 nocte
2526 1695 2803 1747 dormiens
2829 1693 2960 1745 vidit
2998 1691 3051 1744 in
3090 1691 3208 1742 visu
3245 1689 3384 1755 apud
3423 1699 3627 1740 teneant

2079 1785 2261 1854 palatii
2293 1791 2502 1852 portam
2537 1781 2755 1850 imagini
2802 1780 3098 1832 Salvatoris
3129 1792 3188 1830 se
3221 1782 3420 1833 astare,
3453 1782 3507 1823 ct
3537 1787 3625 1824 co-

2077 1877 2288 1946 piosum
2333 1875 2590 1944 populum
2623 1872 2830 1941 pariter
2870 1869 3234 1922 assistentent.
3287 1864 3442 1916 ’l'uuc
3486 1860 3628 1914 facta

2075 1978 2160 2022 est
2181 1982 2285 2019 vox
2315 1981 2378 2019 cx
2405 1965 2722 2018 charactere
2748 1960 2929 2028 magni
2967 1958 3058 2012 Dei
3091 1967 3149 2013 et
3180 1955 3478 2009 Salvatot'is
3529 1967 3628 2006 no-

2076 2058 2174 2113 stri
2209 2056 2337 2112 Jestt
2377 2056 2611 2119 Christi,
2669 2054 2897 2108 dicens:
2969 2049 3105 2104 Dato
3169 2045 3522 2108 llouricium;
3578 2051 3631 2094 ct

2079 2158 2324 2205 tenentes
2345 2164 2467 2202 eum
2495 2147 2819 2216 iudiciorum
2846 2143 3078 2196 ministri
3101 2140 3466 2195 exhibiteruut
3490 2133 3632 2203 apud

2077 2255 2406 2308 purpureum
2439 2239 2775 2294 umbilicum.
2799 2237 2890 2304 qui
2914 2243 3031 2286 erat
3063 2233 3193 2285 illic.
3223 2231 3286 2284 Et
3313 2231 3384 2282 ait
3418 2229 3481 2279 ad
3510 2240 3634 2279 cum

2079 2333 2296 2402 propria
2321 2343 2456 2381 voce
2504 2345 2516 2378 :
2618 2325 2718 2378 Ubi
2749 2326 2823 2377 ris
2855 2324 3069 2376 mit-lam
3100 2320 3213 2381 tibi,
3250 2318 3332 2369 hic
3360 2333 3428 2368 ait
3454 2317 3506 2366 in
3544 2314 3632 2379 fu-

2081 2435 2198 2475 tttro
2226 2420 2458 2474 siccato?
2503 2419 2620 2484 Quo
2681 2417 2768 2470 ille
2799 2415 2986 2468 audito
3046 2412 3361 2479 respondit:
3418 2409 3634 2460 Amator

2079 2515 2368 2576 hominum,
2404 2511 2620 2564 Domine
2653 2519 2701 2563 et
2725 2508 2870 2574 juste
2895 2505 3081 2576 judcz,
3118 2504 3200 2555 hic
3227 2501 3419 2572 potius.
3453 2509 3499 2552 et
3534 2514 3637 2551 non

2081 2607 2136 2658 in
2187 2604 2381 2660 saeculo
2412 2603 2529 2657 illo.
2594 2599 2660 2654 Et
2686 2600 2851 2669 jussit
2915 2597 3098 2651 divina
3132 2609 3231 2648 vox
3266 2590 3405 2646 tradi
3438 2589 3636 2643 Mauri-

2081 2701 2228 2752 cium
2253 2709 2307 2751 et
2330 2694 2746 2750 Constantinam
2781 2705 3002 2744 uxorem
3035 2688 3155 2755 ejus
3180 2694 3233 2740 et
3263 2686 3400 2737 lilios
3437 2689 3488 2737 ct
3519 2695 3638 2734 om-

2086 2805 2209 2846 nem
2231 2790 2608 2859 cognstioncm
2638 2785 2810 2855 ipsius
2839 2782 3035 2836 I'hocze
3074 2779 3254 2833 militi.
3311 2772 3638 2844 Expt‘rgcia-

2088 2894 2210 2938 ctus
2232 2898 2365 2952 ergo
2399 2879 2714 2941 Mauricius,
2737 2885 2791 2930 et
2823 2890 3023 2928 vocans
3057 2885 3178 2926 eum
3221 2868 3314 2938 qui
3362 2881 3545 2920 coram
3585 2878 3644 2916 se

2085 2975 2416 3036 dormiebat,
2449 2972 2596 3023 misit
2635 2970 2700 3020 ad
2740 2966 3099 3036 Philippicum
3143 2972 3400 3026 generum
3447 2969 3639 3017 suum,

2088 3074 2149 3117 ut
2197 3035 2450 3117 celeriter
2493 3073 2615 3113 eum
2664 3035 2960 3109 adduceret
3013 3050 3079 3103 ad
3132 3064 3211 3102 se.
3260 3047 3503 3112 Cumque
3555 3045 3641 3094 ille

2927 3144 3019 3211 qui
3090 3153 3321 3209 surgens
3380 3136 3640 3188 advocata

2086 3262 2252 3301 uxore
2281 3259 2377 3299 sua
2412 3243 2694 3297 osculatus
2743 3248 2822 3291 cst
2848 3251 2992 3298 eam,
3026 3234 3213 3287 dicens
3242 3249 3255 3284 :
3310 3226 3502 3283 .Salre:
3527 3227 3642 3294 jam

2086 3356 2190 3393 non
2227 3355 2308 3391 me
2347 3334 2562 3391 uidebis.
2626 3333 2754 3397 Qua:
2795 3326 3117 3384 exclamavit
3159 3338 3284 3378 cum
3355 3322 3479 3374 liciti
3518 3334 3645 3372 voce

2087 3448 2283 3501 magna
2317 3430 2383 3483 ad
2417 3437 2975 3497 paracmmumenum,
3015 3420 3248 3472 dicens:
3329 3417 3531 3482 Adjuro
3601 3421 3648 3465 tr

2086 3543 2178 3595 per
2215 3523 2399 3588 Deum,
2431 3536 2549 3592 quia
2589 3527 2665 3571 est
2696 3531 2856 3569 causa
2887 3519 2946 3565 ob
2975 3528 3131 3578 quam
3168 3509 3355 3575 quau-it
3399 3524 3514 3560 cum
3547 3507 3646 3558 hac

2089 3622 2217 3670 hora
2243 3618 2269 3668 .’
2315 3617 2381 3665 At
2455 3612 2545 3663 ille
2572 3608 2773 3675 jur‘avit
2801 3620 2859 3658 se
2882 3605 3153 3669 ignorare,
3185 3609 3236 3650 et
3262 3602 3388 3665 quia
3426 3607 3645 3663 repenti-

2087 3708 2152 3761 de
2179 3718 2374 3758 somno
2408 3702 2700 3767 imperator
2736 3705 3036 3759 exsurgens
3061 3689 3204 3743 misit
3247 3702 3350 3740 me.
3385 3685 3649 3753 Philippi-

2086 3811 2186 3848 cus
2216 3807 2346 3861 ergo
2373 3787 2623 3858 quazsivit
2653 3799 2853 3852 corpus
2885 3780 3089 3834 Christi
3141 3780 3437 3846 percipere.
3483 3785 3535 3830 et
3567 3780 3647 3828 sic

2086 3883 2151 3936 ad
2187 3884 2563 3950 imperatorem
2609 3887 2854 3943 pergere.
2903 3867 3048 3923 Uxor
3089 3878 3266 3921 autem
3297 3865 3414 3933 ejus
3446 3866 3645 3918 Cordia

2082 3972 2298 4043 iacebat
2344 3969 2572 4022 interra
2619 3980 2676 4019 se
2723 3965 2973 4015 volutans
3019 3971 3073 4014 et
3127 3959 3349 4026 plorans
3391 3965 3444 4009 et
3481 3955 3646 4010 Deum

2086 4076 2341 4119 exorans.
2379 4058 2663 4128 Ingressus
2695 4068 2825 4107 vero
2855 4050 3190 4119 Philippicas
3217 4047 3526 4101 cubiculum
3561 4061 3647 4098 re-

2086 4159 2233 4230 gium
2267 4154 2494 4226 proiecit
2528 4165 2588 4206 se
2616 4149 2681 4204 ad
2723 4146 2889 4219 pedes
2935 4142 3298 4214 imperatoris.
3355 4139 3649 4208 Imperator

2090 4262 2268 4306 autem
2303 4248 2438 4304 dicit
2489 4246 2578 4301 ei:
2641 4242 2857 4315 Ignosce
2889 4239 3015 4293 milii
3062 4246 3269 4306 propter
3306 4232 3490 4295 Deum,
3521 4247 3649 4300 quo-

2089 4347 2232 4398 niam
2257 4341 2462 4413 peccaoi
2496 4339 2625 4393 tibi:
2659 4353 2782 4391 nam
2815 4351 2975 4404 usque
3003 4348 3136 4385 nunc
3168 4327 3572 4385 srandalisabar
3597 4327 3650 4378 in

2091 4447 2160 4492 te.
2218 4435 2282 4489 Et
2339 4433 2540 4504 jubens
2566 4430 2716 4486 exire
2751 4439 3286 4498 paracmmumcnum
3321 4420 3556 4474 surrexit
3600 4426 3652 4471 ct

2091 4527 2290 4583 cecidit
2319 4526 2384 4579 ad
2426 4524 2587 4593 pedes
2620 4517 2930 4586 Philippici,
2984 4515 3207 4568 dicens:
3260 4509 3477 4580 Ignosce
3504 4509 3650 4571 mihi,

2089 4619 2214 4687 quia
2236 4615 2396 4669 ‘modo
2426 4611 2713 4666 certissime
2751 4607 2866 4659 novi
2901 4605 3036 4671 quod
3082 4600 3212 4654 nihil
3260 4601 3550 4669 peccaveris
3598 4600 3652 4650 in

2092 4724 2191 4761 me.
2237 4705 2337 4760 Sed
2380 4703 2465 4754 dic
2510 4697 2676 4758 mihi,
2715 4710 2864 4761 quem
2911 4694 3014 4745 scis
3052 4693 3185 4744 inter
3216 4690 3422 4756 agmina
3470 4700 3653 4741 nostra

2069 4798 2330 4852 ‘Phocam
2360 4794 2596 4847 militem.
2656 4789 2725 4842 At
2789 4799 2920 4838 vero
2963 4782 3301 4853 Philippicas
3348 4781 3653 4847 ret-.Ogitans

2092 4893 2225 4946 dicit
2265 4889 2354 4943 ei:
2424 4882 2598 4936 Unum
2658 4897 2909 4951 agnosco,
2949 4880 3037 4949 qui
3073 4885 3195 4929 ante
3233 4871 3495 4926 modicum
3527 4881 3654 4923 ιθιιιο

2090 4998 2186 5053 pus
2227 4984 2540 5049 procurator
2582 4973 2646 5027 ab
2675 4972 2904 5027 exercitu
2935 4969 3229 5021 destinatus
3262 4959 3655 5015 contradiccbat

2091 5051 2310 5146 imperio
2361 5079 2471 5123 tuo.
2539 5066 2637 5121 Ast
2702 5065 3002 5132 imperator
3044 5058 3156 5110 ait:
3211 5051 3376 5121 Cujus
3420 5062 3653 5117 estqua-

2093 5142 2301 5224 lt’tiuis?
2354 5162 2459 5230 Qui
2511 5161 2588 5216 ait
2621 5175 2636 5213 :
2669 5156 2886 5213 Iuvenis
2918 5151 3246 5210 teinrrariss,
3280 5143 3370 5200 sed
3409 5152 3459 5196 ct
3506 5142 3654 5194 tinti-

2093 5258 2215 5314 dus.
2263 5249 2418 5308 Tunc
2479 5248 2779 5305 Hauricius
2839 5266 2851 5298 :
2913 5240 2972 5297 Si
3015 5242 3233 5294 timidus
3293 5243 3391 5297 (ei,
3454 5231 3653 5300 inquit,

2096 5347 2333 5418 profecto
2361 5351 2408 5395 et
2433 5337 2719 5392 homicida.
2763 5336 2824 5392 Et
2859 5333 3126 5390 referebat
3175 5324 3479 5394 Philippica
3503 5334 3652 5373 som-

2097 5411 2206 5497 nil"
2233 5433 2643 5493 melationem.
2715 5427 2884 5482 Porro
2923 5432 3081 5480 nocte
3119 5421 3208 5473 illa
3238 5418 3353 5470 visa
3389 5419 3469 5468 est
3501 5411 3652 5464 stella

2097 5529 2157 5589 in"
2181 5530 2343 5590 ccio.
2367 5533 2488 5595 qua:
2529 5525 2726 5579 dicitur
2753 5527 3013 5577 cometes.
3058 5513 3114 5566 ln
3143 5510 3440 5595 crastinum
3474 5513 3655 5554 autem

2102 5620 2344 5698 pervenit
2362 5591 2771 5689 magistrianus,
2796 5611 2888 5682 qui
2915 5607 3114 5661 missus
3147 5602 3322 5655 ftlcrnt
3348 5591 3413 5648 sil
3436 5601 3659 5651 sanctus

1926 5716 2156 5806 non.

3189 5815 3357 5950 tt
