4440 6446
766 385 901 447 1291

1879 377 2272 439 ANASTASII
2313 377 2948 440 BIBLIOTHECARII

3896 381 4037 450 1292

764 496 933 552 eremi
988 492 1201 569 Patres,
1237 492 1418 546 t’erens
1447 489 1609 545 abiis
1634 504 1961 560 responsum
1986 489 2634 562 bujusmodi:ANeque
2695 491 2836 545 enim
2916 510 3053 557 nos,
3114 493 3290 561 aiunt,
3348 493 3598 563 imperari
3682 514 3712 551 α
3784 495 4046 552 Xauricio

768 592 907 644 Dm
985 597 1190 655 recepta
1263 584 1571 652 pcnitentia
1662 593 1756 636 tua
1831 582 2054 637 salvarit
2109 586 2345 637 animam

766 696 939 746 tuam,
971 691 1019 734 et
1052 691 1100 733 te
1138 695 1257 731 cum
1293 678 1491 731 unctis
1526 692 1643 730 cum
1678 685 1789 728 tota
1831 674 1988 730 domo
2021 685 2112 728 tua
2146 678 2346 731 consti-

767 781 899 833 tuet,
928 770 1146 837 imperio
1172 785 1288 822 sero
1320 784 1436 820 cum
1476 766 1765 836 ignominia
1788 776 1837 818 et
1872 766 2181 820 discrimine
2206 768 2350 821 deci-

767 868 878 919 des.
947 863 1046 918 His
1106 862 1309 916 auditis
1353 858 1649 914 Mauricius
1694 860 2022 929 glorificavit
2061 861 2348 931 magnilice

768 959 965 1012 Deum.
1016 955 1189 1026 Igitur
1250 954 1497 1008 autumni
1552 960 1802 1022 tempore
1857 952 2173 1016 accedente,
2221 968 2347 1008 cum

766 1050 1072 1105 Mauricius
1104 1051 1403 1118 imperator
1431 1046 1694 1115 jussissct
1740 1043 1901 1099 Petro
1943 1054 2000 1098 ut
2043 1046 2097 1098 in
2138 1046 2351 1100 Sclavi-

770 1158 967 1198 norum
1016 1142 1240 1211 regione
1290 1138 1524 1211 populus
1559 1140 1845 1201 ltiemaret,
1883 1140 2208 1193 restiterunt
2243 1140 2353 1194 Ro-

771 1238 941 1297 mani,
981 1235 1085 1287 hoc
1118 1233 1299 1287 facere
1338 1248 1446 1286 non
1489 1232 1920 1293 consentientes,
1970 1240 2079 1284 tam
2130 1242 2353 1302 propter

770 1342 1038 1398 equorum
1071 1325 1505 1380 hu’miliationem
1542 1339 1706 1392 quatn
1738 1330 1963 1393 propter
1989 1324 2135 1393 quod
2168 1327 2356 1394 copio-

772 1437 888 1476 sam
916 1419 1395 1474 circumducerent
1435 1416 1697 1487 praedam,
1741 1432 1838 1470 nec
1864 1432 1969 1470 non
2002 1418 2071 1471 ob
2104 1419 2351 1471 multitu-

770 1516 927 1568 dines
986 1511 1393 1573 Birbarorutu,
1461 1524 1584 1577 quae
1648 1524 1744 1578 per
1809 1511 2084 1581 regionem
2142 1510 2355 1565 dlﬂtIStI‘.

774 1605 1259 1673 .iignosccbantur,
1296 1611 1352 1655 et
1383 1601 1712 1656 seditionem
1746 1605 1987 1658 meditati
2023 1613 2170 1658 sunt.
2206 1604 2353 1658 Prae-

774 1707 861 1751 tor
894 1708 1073 1750 autem
1111 1694 1431 1763 indignatus
1467 1702 1660 1746 contra
1695 1695 1953 1762 p0puinm
1990 1699 2042 1749 in
2073 1697 2355 1750 demen‘ta-

775 1790 977 1840 tionem
1010 1799 1104 1837 eos
1128 1782 1377 1835 immisit.
1404 1782 1653 1835 Incidunt
1686 1781 1874 1851 itaque
1912 1784 2108 1852 pluvia:
2130 1786 2353 1839 creber-

2450 583 2515 636 de
2597 587 3141 653 caetero_patiemur.
3223 584 3322 642 His
3377 586 3676 643 Mauricius
3747 593 4046 661 compertis

2450 678 2688 731 accersit
2733 676 2797 729 ad
2884 693 2944 731 se
2996 678 3202 741 lilium,
3247 679 3651 735 Gomeutiolum
3690 697 3819 736 vero
3858 701 4049 737 muros

2454 767 2749 823 observare
2800 770 3077 839 praecepit.
3139 769 3473 826 Germanum
3526 782 3707 827 autem
3769 792 3873 828 una
3915 793 4042 829 cum

2458 861 2567 914 lilio
2603 876 2704 915 suo
2754 863 3048 918 accusabat
3102 863 3296 918 harum
3328 864 3502 922 fuisse
3535 866 3905 921 calamitatum
3940 884 4047 923 au-

2454 964 2653 1008 ctores.
2684 954 2929 1026 Cumque
2976 971 3035 1010 se
3084 957 3389 1011 Germanus
3439 974 3709 1014 excusare
3757 962 4045 1018 niteretur.

2457 1043 2754 1099 Mauricius
2804 1049 2881 1100 ait
2956 1063 2969 1098 :
3026 1045 3071 1102 0
3105 1047 3384 1113 Germane,
3421 1052 3526 1104 duo
3559 1061 3680 1104 sunt
3732 1064 4048 1123 argumenta

2458 1139 2781 1201 suspicionis
2806 1156 2959 1203 mete,
2982 1141 3162 1209 populi
3182 1142 3391 1196 scilicet
3421 1144 3489 1194 ad
3523 1154 3571 1196 te
3594 1145 3803 1207 littera’,
3833 1156 3880 1199 et
3907 1148 4046 1213 quod

2457 1242 2652 1284 cuncta
2686 1232 2898 1300 depasti
2924 1242 3069 1299 sunt,
3102 1242 3150 1286 et
3186 1234 3349 1287 nullis
3385 1238 3635 1301 exceptis,
3674 1238 3772 1288 tuis
3811 1253 4048 1302 peperce-

2456 1322 2585 1376 rint.
2608 1321 2800 1389 Parce,
2827 1321 3106 1391 Germane,
3162 1325 3427 1394 prolixum
3468 1328 3703 1395 faciendi
3733 1344 4046 1383 sermonem.

2458 1412 2611 1477 Nihil
2637 1416 2850 1470 suavius
2904 1433 3063 1484 quam
3102 1433 3193 1485 per
3222 1418 3455 1487 gladium
3520 1421 3677 1473 mori.
3743 1420 3883 1475 Sane
3913 1420 4050 1475 Ger-

2463 1520 2659 1558 manus
2711 1507 2765 1561 in
2819 1510 3081 1577 templum
3140 1511 3232 1564 Dei
3288 1511 3497 1589 Matris.
3550 1513 3693 1581 quod
3745 1516 4049 1581 appellatur

2458 1598 2609 1667 (Iyri,
2651 1596 2810 1668 fugit.
2865 1600 3021 1665 Quod
3070 1617 3194 1655 cum
3246 1604 3546 1674 imperator
3583 1606 3886 1666 didicisset,
3928 1607 4048 1662 Ste-

2459 1690 2701 1758 phanum
2746 1695 3058 1747 eunuchmu
3096 1696 3297 1750 direxit
3343 1700 3410 1752 ab
3438 1698 3669 1753 ecclesia
3718 1697 4046 1753 Germanum

2457 1782 2752 1837 educendi.
2784 1785 3033 1855 Cumque
3075 1785 3390 1858 Stephanus
3426 1791 3693 1844 violenter
3724 1791 3870 1844 hunc
3917 1793 4048 1845 edu-

774 1881 926 1932 rima:
967 1891 1129 1945 Super
1180 1873 1464 1944 populum,
1520 1884 1574 1928 et
1623 1861 1799 1944 frigus
1840 1876 2092 1929 tuultum.
2163 1875 2361 1933 Petrus
2397 1888 2436 1943 Β
2468 1890 2594 1929 cere
2622 1877 2911 1939 voluisset,
2946 1877 3190 1935 fautores
3217 1880 3474 1935 Germani
3513 1883 3831 1937 resistentes
3861 1886 4049 1952 expel-

774 1988 953 2031 autem
989 1973 1189 2043 viginti
1217 1972 1458 2025 millibus
1496 1974 1686 2040 procul
1721 1974 1788 2025 ab
1820 1977 2065 2026 exercitu
2105 1974 2361 2028 moraba-

778 2080 884 2120 tur.
922 2063 1218 2118 Mauricius
1268 2069 1446 2115 autem
1484 2060 1647 2114 Pcer
1694 2077 1790 2131 per
1838 2064 2048 2116 litteras
2095 2064 2359 2118 molestus

775 2167 891 2213 erat
924 2164 981 2209 ut
1026 2154 1223 2208 lstt'um
1270 2151 1533 2206 transiret
1581 2161 1635 2204 et
1677 2152 1936 2206 hiemales
1969 2166 2127 2207 escas
2176 2153 2357 2222 populi

775 2254 842 2306 de.
875 2248 1257 2304 Sclavinorum
1298 2252 1540 2300 sumeret
1581 2247 1826 2314 regione,
1865 2260 1933 2298 ne
1966 2245 2222 2299 alimenta
2262 2260 2363 2315 pu-

778 2344 919 2397 blica
969 2347 1257 2409 cogeretur
1291 2336 1555 2391 Romanis
1612 2337 1874 2406 praebere.
1926 2334 2135 2389 Praetor
2176 2343 2359 2389 autem

778 2432 1049 2488 accersito
1080 2429 1379 2484 Guuduhin
1450 2429 1529 2482 ait
1560 2446 1578 2482 ι
1654 2427 1830 2481 Nimis
1862 2428 1988 2480 mihi
2028 2428 2214 2497 graria
2261 2426 2363 2479 im-

777 2526 1038 2596 peratoris
1071 2532 1332 2592 pra‘cepta
1378 2522 1432 2576 in
1462 2523 1638 2575 aliena
1672 2531 1812 2574 terra
1843 2521 2072 2575 hiemare
2097 2518 2360 2574 Romanos

771 2621 1015 2691 jubentia
1040 2634 1057 2671 :
1087 2634 1207 2670 nam
1244 2615 1325 2669 illi
1360 2632 1463 2669 non
1505 2615 1758 2668 obaudire
1792 2632 1986 2668 sa-rnm
2023 2623 2120 2677 est,
2154 2624 2205 2668 et
2242 2630 2364 2666 rur-

781 2731 871 2764 aus
904 2710 1154 2765 obaudire
1180 2708 1547 2762 swvissimum.
1590 2704 1808 2759 Nullum
1842 2708 2031 2759 bonum
2061 2707 2363 2773 parit‘ava-

784 2805 928 2865 vitia,
971 2812 1137 2854 imiter
1173 2811 1348 2852 autent
1380 2799 1613 2851 omnium
1656 2799 1916 2851 malorum
1959 2801 2221 2861 consistit,
2258 2815 2361 2868 qua
2410 2838 2413 2841 -

783 2902 1071 2962 imperator
1099 2890 1350 2960 languens
1382 2889 1572 2941 horum
1616 2889 1970 2940 maximorum
2006 2903 2170 2940 causa
2202 2888 2365 2940 ntale-

784 3003 902 3041 rum
949 2984 1200 3039 Romanis
1278 2983 1530 3051 rlﬁritur.
1596 2982 1891 3035 Arcersitis
1925 2996 2145 3050 quoque
2176 2981 2361 3050 populi

786 3081 1108 3141 taxiarcbis,
1162 3076 1511 3147 imperatoris
1556 3078 1638 3129 eis
1701 3076 2056 3129 intentionem
2125 3061 2359 3144 aperuit.

787 3176 1023 3244 Populus
1080 3180 1259 3226 autem
1311 3170 1415 3224 hoc
1463 3169 1651 3223 audito
1704 3169 2003 3222 seditiones
2049 3170 2362 3221 concitave-

758 3256 937 3330 'runt,
972 3274 1027 3318 et
1066 3264 1311 3332 insignes
1335 3261 1556 3330 quidam
1588 3259 1867 3328 principes
1897 3273 1959 3312 ex
1984 3258 2066 3311 eis
2098 3257 2363 3325 fugientes

786 3360 855 3414 ad
879 3368 1161 3431 praetorem
1189 3363 1473 3409 venerunt.
1509 3352 1680 3405 Porro
1710 3352 2087 3406 multitudines
2116 3352 2168 3404 in
2197 3367 2363 3404 unum

786 3456 1127 3522 congregata:
1154 3444 1785 3517 prm'ehuntexarchum
1815 3441 2052 3496 l’bocant
2083 3440 2365 3495 centurio-

788 3559 946 3605 nem,
983 3550 1039 3595 ct
1078 3554 1239 3608 super
1282 3538 1529 3609 clypeum
1579 3535 1726 3589 hunc
1768 3536 2065 3589 exaltatum
2114 3533 2368 3587 laudibus

788 3634 1088 3691 exarchum
1116 3630 1579 3684 acclamaverunt.
1610 3625 1705 3681 llis
1730 3625 1933 3691 J‘etrus
1968 3624 2170 3678 auditis
2200 3624 2253 3677 in
2291 3623 2369 3677 fu-

791 3744 913 3796 κειιιι
953 3739 1148 3779 versus
1187 3731 1307 3786 est,
1361 3731 1415 3777 et
1463 3720 1649 3774 omnia
1700 3718 2017 3790 imperatori
2076 3716 2368 3770 manifesta

793 3823 938 3876 fecit.
974 3820 1072 3873 Ast
1106 3820 1404 3886 imperator
1449 3814 1534 3869 his
1595 3812 1907 3868 dililcilibus
1948 3810 2151 3865 auditis
2188 3811 2369 3865 celare

794 3911 1175 3967 multitudines
1208 3923 1270 3962 ea
1302 3908 1565 3962 tentabal.
1596 3904 1869 3961 ‘Secunda
1898 3921 2027 3959 vero
2060 3904 2149 3959 die
2192 3912 2246 3958 et
2286 3903 2368 3956 lu-

791 4007 921 4056 dunt
951 3998 1247 4054 celebravit
1276 4007 1606 4066 equestrem,
1645 3995 1989 4049 incommoda
2034 3992 2371 4048 infelicitatis

795 4094 1107 4149 occultans.
1164 4089 1377 4161 Vulgus
1434 4096 1615 4142 autem
1674 4085 2028 4142 Prasinorum
2076 4085 2369 4148 clamabat,

794 4182 1199 4243 Constantinus,
1288 4181 1563 4251 inquiens,
1625 4188 1674 4233 et
1736 4176 2123 4242 Domentiolus,
2160 4177 2372 4235 domine

795 4278 1159 4331 Romanorum
1240 4284 1320 4327 ter
1402 4275 1651 4343 Auguste,
1714 4272 1851 4340 plebi
1924 4280 2043 4325 tute
2100 4270 2370 4329 molestias

796 4372 1064 4440 ingerunt,
1114 4380 1166 4421 ut
1221 4383 1404 4437 cruces
1458 4368 1703 4434 disponat
1754 4364 1809 4417 in
1856 4380 1917 4416 ea
1960 4380 2077 4432 qua:
2122 4362 2372 4440 habemus

793 4438 1030 4529 peccata.
1086 4458 1245 4522 Deus,
1280 4457 1369 4525 qui
1416 4458 1596 4511 omnia
1647 4455 1904 4520 condidit,
1968 4455 2217 4521 subiiciat
2278 4438 2374 4505 tibi

2467 1968 2583 2022 lunt
2638 1968 3018 2038 Stephanum,
3079 1980 3130 2027 et
3187 1975 3525 2044 excipientes
3586 1975 3917 2030 Germanum
3990 1979 4047 2030 in

2463 2062 2751 2115 ecclesiam
2814 2062 3063 2132 Magnam
3112 2064 3397 2135 eﬂ‘ugiunt.
3449 2066 3517 2119 At
3568 2083 3696 2122 vero
3753 2068 4050 2138 imperator

2465 2153 2634 2222 virgis
2661 2155 2905 2209 cadebat
2935 2155 3309 2212 Theodosium
3337 2159 3503 2212 lilium
3539 2175 3699 2214 suum
3725 2179 3737 2214 :
3771 2161 4049 2215 asserebat

2454 2248 2609 2302 cnim
2639 2248 2972 2305 Germanum
3004 2267 3100 2321 per
3137 2268 3259 2307 eum
3291 2251 3462 2307 fuisse
3495 2241 3771 2323 fugatum:
3794 2255 3856 2309 Et
3888 2255 4051 2307 mittit

2464 2342 2813 2397 excubitores
2844 2358 2872 2396 a
2907 2343 3095 2413 Magna
3144 2346 3373 2401 ecclesia
3407 2347 3669 2401 educendi
3695 2345 4046 2400 Germanum.

2465 2432 2606 2487 Hinc
2643 2450 2875 2505 magnus
2899 2438 3020 2492 urbi
3071 2452 3260 2491 rumor
3302 2438 3574 2492 incubuit.
3610 2436 3913 2491 Germanus
3951 2454 4048 2489 au-

2465 2529 2791 2597 tem'egredi
2832 2538 2887 2583 et
2926 2530 3060 2584 dare
3102 2546 3162 2585 se
3199 2532 3394 2585 voluit.
3434 2530 3634 2585 Verum
3670 2531 4049 2583 multitudines

2468 2618 2611 2672 hunc
2645 2621 2801 2675 exire
2852 2623 3079 2676 minime
3126 2625 3526 2692 permiserunt,
3566 2624 3661 2677 Sed
3696 2624 3909 2691 magnis
3946 2624 4044 2675 im-

2467 2712 2705 2780 peratori
2749 2714 3019 2768 conviciis
3060 2713 3488 2783 derogaverunt,
3564 2717 3811 2769 dicentes
3847 2734 3857 2767 :

2468 2804 2663 2858 habeat
2704 2807 2893 2872 pellem
2934 2807 3025 2876 qui
3061 2817 3109 2860 te
3152 2817 3319 2871 amat,
3382 2806 3619 2861 Maurici
3675 2807 4047 2862 .ilarcionista.

2466 2896 2637 2968 Igitur
2692 2900 2785 2969 qui
2852 2915 3043 2954 muros
3104 2901 3533 2965 custodiebant,
3598 2902 3683 2954 bis
3715 2901 4041 2969 compertis,

2468 2987 2779 3042 custodiam
2857 2990 3204 3061 negligentia;
3287 2991 3673 3060 prodiderunt.
3754 2990 4051 3044 Mauricius

2469 3096 2646 3137 autem
2708 3084 2884 3137 media
2940 3094 3103 3138 nocte
3155 3096 3354 3138 exutus
3403 3086 3754 3155 imperatoria
3807 3088 3941 3141 Stoia
3998 3094 4050 3138 et

2469 3175 2678 3243 privata
2720 3176 3206 3253 circumamic‘tus,
3247 3177 3568 3231 dromonem
3611 3181 3890 3246 ingressus
3927 3192 4047 3231 cum

2471 3283 2643 3322 uxore
2667 3267 2907 3338 filiisque
2937 3270 3054 3323 suis
3083 3279 3136 3322 et
3177 3270 3544 3323 Censtantino
3585 3270 3764 3339 fugam
3798 3270 4049 3338 arripuit.

2471 3356 2652 3426 C0pim
2693 3374 2824 3411 vero
2869 3373 2965 3428 per
3001 3366 3171 3411 totam
3213 3371 3427 3413 noctem
3471 3360 3722 3426 pessimis
3763 3360 4054 3425 imperato-

2474 3462 2585 3499 rem
2624 3446 2849 3517 injuriis
2879 3449 3211 3518 appetebant
3242 3467 3252 3502 :
3290 3451 3383 3503 sed
3416 3460 3469 3501 et
3498 3450 3786 3519 Cyriacuin
3828 3448 4056 3517 patriar-

2474 3539 2634 3592 cbam
2666 3540 3168 3609 reprehendebant.
3201 3538 3447 3593 Turbine
3495 3540 3679 3603 itaque
3712 3539 3914 3608 ingenti
3952 3553 4050 3592 5.1--

2471 3630 2653 3685 viente
2686 3647 2810 3686 cum
2846 3633 3098 3685 maximis
3132 3633 3393 3701 periculis
3432 3632 3575 3700 apud
3618 3631 3674 3684 S.
3704 3633 4052 3684 Autonomon

2472 3724 2718 3779 salvatur
2777 3725 3102 3779 Mauricius.
3138 3725 3310 3778 Norte
3358 3739 3485 3779 vero
3550 3725 3943 3792 supervrniunt
4005 3726 4053 3774 ei

2473 3816 2637 3869 etiam
2680 3817 2973 3884 languores
3020 3817 3325 3881 artbritici,
3359 3831 3499 3885 quos
3539 3830 3797 3867 manuum
3839 3814 4057 3867 dolores

2473 3914 2528 3960 et
2561 3905 2757 3974 pedum
2789 3916 3013 3960 vocant.
3070 3906 3237 3961 Porro
3276 3907 3441 3959 mittit
3471 3903 3839 3959 Theodosium
3885 3903 4054 3957 tilium

2473 4016 2633 4054 suum
2663 4016 2789 4053 cum
2830 4001 3198 4056 Constantino
3233 4003 3296 4055 ad
3329 4001 3612 4054 Chosroen
3651 4015 3827 4068 regem
3866 3996 4056 4051 Persa-

2476 4109 2621 4159 rum,
2660 4104 2719 4147 ιιι
2749 4098 3354 4163 γερονιιδιῈιυιῇεοτυιιι
3386 4110 3505 4162 qua:
3533 4094 3635 4148 sibi
3667 4092 3804 4146 facta
3840 4090 4054 4146 fuerant.

2475 4201 2504 4239 a
2552 4201 2632 4251 se,
2677 4194 2734 4240 et
2785 4187 3225 4243 vicissitudinem
3282 4187 3527 4240 beneficii
3595 4188 3675 4239 sui
3736 4186 4057 4256 rependerct

2475 4279 2606 4333 lilio.
2626 4277 2938 4334 Germanus
2958 4291 3139 4334 autem
3164 4282 3328 4333 mittit
3353 4280 3414 4332 ad
3438 4278 3683 4344 Sergium
3704 4280 4056 4330 demam-butt:

2472 4368 2732 4428 Prasinae
2766 4373 2960 4437 partis,
3010 4380 3069 4424 ut
3114 4372 3477 4424 auxiliaretur
3524 4369 3628 4422 sibi
3672 4369 3839 4437 gratia
3890 4368 3939 4419 in
3967 4382 4057 4435 ραι-

2480 4454 2660 4519 randi,
2698 4457 3091 4524 repromittens
3125 4472 3184 4512 se
3221 4467 3427 4525 partem
3454 4455 3735 4508 Prasinatn
3763 4457 4061 4509 honorato.

3925 2712 4045 2765 Non

795 4527 998 4607 omnem
1046 4551 1317 4605 inimicum
1359 4558 1407 4603 et
1452 4550 1651 4603 hostem
1701 4559 1812 4602 tam
1864 4548 2168 4601 intestinum
2212 4561 2370 4616 quam
2407 4565 2449 4619 υ
2480 4561 2601 4600 rum
2648 4527 2945 4617 ipsumque
2995 4549 3208 4617 magnis
3252 4549 3611 4617 dignitatibus
3654 4550 3947 4600 claturum.
3993 4549 4060 4597 At

794 4638 1066 4701 externum
1113 4645 1225 4699 sine
1257 4643 1532 4714 sanguine.
1593 4642 1663 4697 At
1731 4655 1861 4695 vero
1910 4641 2208 4709 imperator
2258 4639 2370 4707 ple-

798 4739 955 4792 bibus
1001 4736 1327 4789 intimabat:
1393 4733 1491 4788 Nil
1529 4750 1644 4796 vos,
1692 4733 1969 4804 inquiens,
2026 4722 2368 4786 turbet'irra-

798 4830 1130 4885 tionabilinm
1205 4828 1433 4883 militum
1511 4826 1879 4881 immoderatio
1937 4835 1985 4879 et
2039 4823 2369 4894 iuquietudo.

799 4921 991 4977 Veneti
1021 4930 1198 4974 autem
1235 4920 1523 4974 dixerunt:
1568 4918 1731 4985 Dens,
1777 4920 1866 4987 qui
1904 4916 2069 4998 jussit
2114 4928 2165 4971 te
2208 4919 2373 4986 impe.

799 5030 939 5075 τοτε,
981 5012 1173 5067 subdat
1207 5012 1303 5066 tibi
1334 5028 1537 5065 omnem
1572 5012 1662 5081 qui
1692 5012 1970 5079 imperium
2010 5020 2155 5064 tuum
2196 5012 2373 5079 impu—

800 5117 950 5178 gnat;
980 5116 1028 5160 et
1058 5106 1105 5159 si
1139 5103 1407 5159 Romanus
1438 5114 1513 5158 est
1542 5105 1629 5171 qui
1655 5104 1760 5169 ﬁde
1787 5114 1943 5169 rupta
1978 5114 2121 5174 terga
2157 5105 2309 5158 vertit
2342 5119 2375 5157 α

804 5207 874 5260 te,
908 5196 1045 5248 hunc
1073 5195 1167 5247 tibi
1191 5195 1243 5247 in
1268 5194 1567 5249 servitutem
1617 5196 1822 5264 redigat
1863 5193 2055 5264 absque
2101 5194 2373 5264 sanguine.

802 5285 913 5339 ﬂos
944 5284 1242 5354 imperator
1272 5298 1493 5340 armatis
1522 5292 1577 5338 et
1607 5284 1954 5339 sermonibus
1978 5283 2193 5339 blandis
2223 5298 2376 5338 com-

802 5388 1034 5445 pescens
1059 5390 1163 5427 una
1202 5390 1327 5428 cum
1362 5369 1671 5429 demarcltis
1702 5389 1887 5430 muros
1917 5374 2067 5429 urbis
2101 5375 2380 5431 custodire

808 5467 1087 5536 praecepit.
1118 5463 1386 5521 Pratterea
1423 5466 1533 5519 lilio
1565 5466 1915 5533 imperatoris
1942 5464 2250 5523 Theodosio
2272 5482 2380 5521 una

808 5573 930 5610 cum
962 5556 1240 5613 Germano
1272 5570 1469 5611 socero
1501 5571 1602 5612 suo
1634 5556 1777 5627 apud
1820 5556 2186 5612 Callicratiam
2220 5572 2383 5612 vena-

810 5651 988 5705 tiones
1012 5659 1327 5717 eserccnte,
1362 5651 1583 5705 mittunt
1611 5650 1843 5706 Romani
1872 5652 2083 5719 litteras
2116 5650 2182 5707 ad
2210 5649 2384 5707 Theo-

810 5741 1058 5808 dosium,
1114 5742 1183 5798 ab
1233 5759 1299 5797 eo
1352 5743 1608 5813 imperari
1667 5751 1991 5812 poscentes;
2046 5744 2133 5799 sin
2178 5734 2417 5810 autem,

811 5826 1382 5892 saltem'Germsnum
1436 5837 1819 5907 imperatorem
1868 5836 2331 5908 pronuntiandum
2370 5854 2382 5893 :

2476 4652 2608 4693 vero
2653 4636 2881 4708 Sergius
2932 4639 3034 4694 hoc
3077 4640 3387 4710 insignibus
3420 4640 3576 4709 _vu|gi
3625 4637 3909 4692 confessus
3956 4652 4057 4695 cst.

2472 4731 2567 4800 qui
2628 4731 2855 4784 minime
2921 4730 2975 4784 id
3036 4730 3420 4795 admiserunt,
3486 4730 3720 4785 latentes
3779 4745 4057 4799 nunquam

2475 4820 2809 4876 Germanum
2846 4820 2914 4874 ab
2948 4836 3137 4876 amore
3170 4819 3497 4874 Venetorum
3532 4818 3809 4873 recedere.
3844 4817 4056 4873 Prusian

2474 4927 2605 4967 vero
2633 4924 2901 4968 exeuntes
2937 4913 2991 4966 in
3034 4914 3263 4981 Regium
3322 4913 3535 4983 magnis
3588 4912 3837 4964 laudibus
3877 4920 4061 4979 tiran-

2476 5021 2607 5061 num
2650 5004 2891 5060 Phocam
2936 5006 3259 5071 eﬂ'erebant,
3306 5016 3360 5059 et
3411 5004 3737 5075 persuadent
3783 5006 3831 5057 ei
3877 5006 4059 5056 \Clllte

2477 5099 2532 5151 in
2566 5096 2897 5168 Septimum.
2947 5078 3141 5167 Dirigit
3192 5098 3355 5167 igitur
3401 5095 3608 5149 Phocus
3644 5094 3987 5148 Theodorum
4032 5111 4059 5147 a

2480 5189 2741 5251 secretis,
2782 5188 2875 5257 qui
2919 5188 3201 5259 ingressus
3239 5185 3486 5257 Magnam
3549 5186 3832 5240 ecclesiam
3876 5199 4059 5236 coram

2481 5280 2686 5350 populo
2709 5280 2838 5349 legit
2862 5289 3141 5351 quatenus
3162 5288 3271 5333 tam
3307 5279 3622 5347 patriarcha
3644 5293 3806 5346 quam
3840 5287 4061 5330 senatus

2482 5383 2536 5427 ct
2565 5364 2763 5443 vulgus
2792 5374 3049 5427 venirent
3080 5374 3134 5426 in
3168 5371 3489 5442 Septimum.
3530 5368 3642 5425 Hoc
3681 5372 3865 5438 itaque
3898 5369 4060 5429 lat-to,

2481 5473 2536 5519 et
2584 5466 2813 5521 cunctis
2854 5467 3310 5521 convenientibus
3370 5466 3512 5535 apud
3568 5463 3904 5532 Septimum,
3967 5475 4061 5528 pa-

2485 5558 2725 5614 triarcha
2765 5557 3031 5631 Cyriacus
3071 5575 3099 5612 a
3140 5567 3373 5633 tyranno
3411 5558 3477 5612 de
3508 5558 3811 5610 orthodoxa
3858 5551 3979 5607 ﬁde.
4013 5561 4064 5604 et

2488 5661 2547 5706 ut
2572 5652 2692 5708 sine
2719 5653 3133 5724 perturbatione
3155 5660 3508 5707 conservaret
3533 5648 3856 5709 Ecclesiam,
3881 5656 4062 5699 extor-

2489 5746 2561 5801 sit
2607 5747 3029 5816 prolcssionem.
3065 5743 3229 5802 Visus
3268 5760 3397 5800 vero
3432 5756 3515 5800 cst
3546 5755 3811 5815 tyrannus
3835 5738 4034 5795 Gt-rnia

2492 5854 2623 5895 num
2665 5840 2972 5896 adhortari.
3006 5838 3253 5911 Cumque
3282 5837 3764 5914 Garmanusnolle
3800 5850 3855 5889 se
3900 5833 4042 5887 simu
