4440 6446
402 444 538 511 ιεξη
1159 442 1528 508 HISTORIA
1559 449 2124 513 ECCLISIASTICA
2168 455 2266 513 ΕΧ
2292 454 2770 515 TllEOi‘llANE.
3476 468 3607 532 139‘

398 562 538 613 laret
579 566 635 612 et
682 558 875 627 vulgus
927 566 1215 627 tyrannum
1262 559 1528 624 laudaret,
1584 564 2037 629 pronuntiaturA
2067 569 2254 636 grandi
2305 569 2548 624 dicentes
2606 572 2984 638 interemptum
3030 574 3351 630 Mauriciiuu
3382 588 3434 631 et
3470 581 3608 636 ﬁlius

400 645 1321 716 malum,etdominusseeptrorum
1345 659 1608 720 tyrannus
1627 653 1958 721 provehitur,
2063 656 2255 723 ipsius,
2310 666 2474 726 atque
2522 672 2713 712 omnes
2746 672 2908 713 casus
2962 661 3056 727 qui
3103 665 3241 729 apud
3293 663 3610 735 Byzantium

395 749 449 794 et
488 735 737 806 praevalet
779 735 1045 793 adversus
1085 738 1398 794 felicitatem
1435 742 1742 803 calamitas,
1777 751 1832 795 et
1862 757 1956 796 sn-
2060 745 2274 800 fuerant
2308 748 2466 817 gesti.
2499 747 2652 802 Mane
2685 758 2865 802 autem
2905 748 3048 805 facto
3087 767 3316 821 pergens
3350 759 3462 812 haec
3499 763 3608 813 Au-

395 835 548 882 nmnt
578 827 943 896 principatum
981 843 1180 898 magna
1222 829 1516 883 infortunia
1557 828 1952 888 Ruinattorunt.
2056 838 2248 906 gnstali
2296 840 2500 903 retulit,
2555 840 2646 908 qui
2696 842 2949 910 praecepit
3003 844 3052 897 el
3111 846 3242 898 nulli
3282 848 3392 900 haec
3431 851 3610 904 facere

465 916 806 971 Denuntiatio
841 931 969 971 vero
998 917 1214 987 tyranni
1258 918 1312 972 in
1337 918 1540 986 templo
1563 915 1792 976 Joannis
1844 917 1986 974 Ba-.
2057 928 2365 992 manifesta,
2392 930 2748 999 scribensque
2782 931 2924 985 diem
2953 920 3604 1000 praeﬁtolabaturexitum.

391 1005 571 1074 plistze
599 1005 791 1060 effecta
821 1015 927 1069 est,
959 1007 1052 1060 ubi
1085 1007 1301 1062 duobus
1338 1018 1584 1062 moratus
1613 1009 1807 1066 diebus
1839 1019 1954 1067 tero
2055 1016 2152 1071 Die
2184 1033 2311 1072 vero
2343 1034 2486 1073 nona
2519 1028 2895 1088 prastercunte,
2934 1038 3060 1077 ecce
3093 1028 3314 1080 nuntius
3347 1031 3491 1081 venit
3526 1031 3607 1082 in-

392 1096 464 1149 tia
497 1095 585 1152 die
612 1097 860 1152 introivit
899 1098 1130 1167 regalia,
1167 1111 1331 1166 super
1364 1097 1697 1165 imperialem
1752 1102 1951 1158 sedens
2049 1107 2240 1163 dicans
2263 1110 2504 1166 Mauricii
2527 1113 3606 1184 peretnptionem.TutnAugustalinsdm-

390 1200 690 1241 carrucam.
714 1187 884 1241 Porro
911 1189 1098 1255 quinta
1125 1188 1213 1242 die
1239 1187 1518 1242 Leontiam
1542 1205 1767 1245 uxorem
1791 1208 1946 1247 suam
2050 1213 2272 1252 monum
2289 1203 2604 1257 vaticinium
2635 1218 2818 1258 coram
2851 1208 3045 1274 p0pulo
3068 1207 3378 1275 publicarit.
3407 1209 3603 1266 Nat-sca

389 1280 678 1334 coronavit
703 1280 1022 1348 Augustam.
1069 1277 1180 1353 "ac
1212 1279 1378 1348 igitur
1425 1280 1514 1336 dio
1550 1284 1950 1338 tumultuantur
2049 1297 2229 1343 autem
2252 1291 2523 1359 quondam
2559 1303 2755 1363 praetor
2782 1295 3053 1352 Romanus
3080 1307 3267 1351 contra
3316 1309 3603 1364 tyrannum

388 1379 580 1439 partes
609 1369 676 1424 ad
716 1371 946 1424 invicem
983 1381 1205 1440 propter
1243 1373 1513 1427 stationes
1547 1377 1814 1429 locorum.
1843 1375 1949 1447 Ty-
2049 1379 2398 1436 rebellionem
2429 1387 2656 1451 paravit,
2692 1385 3057 1456 Etlessamqne
3094 1391 3346 1444 obtinuit.
3407 1393 3606 1448 Scribit

389 1473 596 1512 rannus
626 1474 754 1513 vero
783 1457 1152 1512 Alexandrum
1185 1462 1546 1516 conrebelletn
1593 1479 1751 1517 suum
1800 1466 1948 1521 misit
2049 1471 2232 1540 itaque
2248 1471 2458 1529 Phocas
2480 1475 2753 1531 Germano
2779 1482 2990 1548 praetori
3019 1480 3274 1536 Edessam
3298 1485 3603 1540 obsidendi.

385 1555 569 1616 partes
599 1542 966 1613 compescere.
992 1547 1299 1602 Alexander
1327 1566 1458 1605 vero
1484 1552 1536 1605 in
1566 1552 1946 1609 CosmamVe-
2048 1561 2249 1617 Narses
2288 1580 2416 1617 vero
2470 1569 2667 1622 scribit
2712 1571 2943 1625 (Zhosroi
2996 1575 3105 1640 regi
3161 1573 3444 1628 Persarum
3474 1593 3606 1629 cou-

383 1644 635 1690 netorum
668 1636 1018 1692 demarchum
1049 1656 1244 1695 manus
1274 1642 1574 1698 immittens
1597 1646 1966 1721 pepuliteum'
2047 1654 2305 1721 gregandi
2355 1656 2586 1712 virtutes
2642 1667 2695 1712 et
2755 1661 2955 1714 bellum
3013 1636 3365 1716 construendi
3418 1677 3605 1719 (ιοιιιιιλ

380 1734 436 1780 et
491 1728 839 1783 contumeliis
890 1729 1175 1785 lacerarit.
1227 1730 1398 1787 Porro
1443 1733 1632 1789 Veneti
1685 1737 1946 1805 indignati
2049 1739 2344 1800 Romanos.
2375 1745 2545 1801 Porro
2587 1747 2795 1803 Phocas
2835 1750 3054 1803 fratrem
3093 1769 3252 1807 suum
3290 1747 3606 1809 Dementia)-

380 1817 736 1875 clamabant:
793 1819 952 1886 Vade,
1004 1823 1144 1877 disce
1190 1826 1467 1889 ordinent;
1518 1826 1809 1884 Mauricius
1843 1847 1945 1883 non
2049 1831 2159 1884 lum
2207 1832 2333 1888 fecit
2363 1837 2685 1906 magistrum
2725 1848 2776 1891 et
2807 1839 3052 1894 Priscum
3092 1847 3344 1896 comitem
3376 1850 3602 1899 exculti-

376 1917 456 1962 est
486 1918 747 1974 mortuus.
778 1912 847 1965 At
881 1927 1006 1965 vero
1033 1920 1302 1983 tyrannus
1340 1917 1427 1972 his
1468 1919 1669 1974 auditis
1706 1921 1762 1974 in
1798 1921 1944 1975 Nau-
1976 1916 2024 1978 Β
2050 1927 2249 1976 lorum.

378 1999 502 2054 rit-ii
533 2015 721 2056 necent
752 2013 1026 2071 nturetur,
1053 2013 1107 2060 et
1137 2007 1324 2063 missis
1349 2010 1618 2066 militibus
1638 2013 1793 2068 duxit
1815 2029 1942 2069 eum
2117 2015 2274 2070 Anno
2304 2017 2515 2084 imperii
2553 2016 2742 2071 Phocr
2779 2021 3020 2074 secundo
3047 2019 3318 2075 Chosroes
3350 2039 3436 2077 rex
3475 2021 3602 2078 Pcr-

376 2089 778 2149 Chalcedonem
810 2096 878 2150 ad
919 2095 1170 2171 Eutropii
1212 2109 1453 2168 portmn,
1487 2110 1541 2155 et
1569 2103 1766 2173 primo
1817 2107 1944 2175 qui-
2047 2118 2232 2158 sarum
2283 2108 2578 2160 collectum
2627 2110 2910 2178 copiosum
2955 2121 3292 2179 potentatum
3343 2114 3604 2167 adversus

375 2182 496 2235 dent
524 2181 670 2238 hunc
692 2184 840 2239 czede
875 2187 1124 2242 videlicet
1156 2186 1392 2242 ﬁliorum
1429 2191 1811 2261 imperatorem
1843 2210 1945 2263 pu-
2047 2192 2320 2250 llmnanos
2355 2197 2575 2252 direxit.
2610 2199 2915 2254 Germanus
2937 2186 3117 2255 autem
3151 2205 3596 2259 oudienslimnit.

377 2273 475 2326 nit.
507 2269 638 2327 Rom
668 2276 917 2343 quinque
958 2277 1095 2330 filios
1138 2279 1258 2345 ejus
1290 2294 1470 2334 mares
1501 2297 1684 2335 coram
1718 2285 1931 2341 visibus
2044 2280 2242 2336 Verum
2269 2297 2492 2338 coactus
2527 2290 2769 2354 prreliutn
2802 2290 2956 2352 iniit;
3007 2291 3098 2359 qui
3149 2308 3270 2344 rum
3307 2296 3357 2346 in
3391 2311 3455 2347 eo
3486 2299 3602 2348 vul-

374 2364 492 2417 auis
521 2365 980 2434 praeocciduntur.
1013 2364 1210 2420 Verum
1237 2367 1534 2425 Mauricius
1562 2374 1825 2440 patienter
1861 2379 1941 2428 in.
2041 2382 2266 2425 neratus
2312 2373 2526 2436 fuisset,
2567 2376 2713 2432 hunc
2743 2368 2977 2436 ministri
3009 2396 3179 2447 usque
3223 2385 3286 2434 ad
3327 2386 3600 2438 civitatem

377 2453 687 2510 felicitatem
721 2456 1005 2511 sustinens
1044 2454 1213 2511 Deum
1249 2463 1303 2511 in
1338 2461 1598 2517 omnibus
1626 2463 1936 2532 invocabat,
2039 2459 2414 2516 Constantina:
2472 2464 2779 2531 duxerunt,
2831 2481 3270 2538 superanturque
3327 2473 3554 2528 llomani
3586 2495 3596 2527 :

373 2552 426 2598 et
451 2545 646 2600 crebro
675 2547 1087 2614 pronuntiabat,
1110 2547 1303 2605 dieens
1329 2565 1341 2602 :
1369 2548 1558 2606 Iustus
1588 2569 1665 2616 es,
1697 2551 1936 2619 Domine,
2041 2552 2135 2606 sed
2159 2560 2214 2606 et
2245 2551 2551 2610 Germanus
2579 2557 2866 2613 undecima
2900 2560 2987 2613 die
3021 2563 3270 2627 spiritum
3307 2566 3598 2621 exhalavit.

369 2644 421 2688 st
446 2646 641 2690 rectum
659 2637 927 2704 judicium
961 2650 1128 2694 luunt.
1177 2639 1261 2697 Fit
1293 2641 1476 2714 itaque
1511 2644 1748 2701 filiorum
1792 2663 1938 2704 mors
2039 2642 2252 2700 Pltocas
2300 2656 2480 2702 autem
2550 2660 2863 2719 potentatus
2920 2654 2986 2706 ah
3033 2653 3250 2724 Europa
3303 2657 3354 2709 iu
3417 2659 3598 2712 Asiam

371 2728 543 2794 patris
572 2728 934 2798 epitaphium,
979 2735 1391 2800 praestendens
1421 2736 1681 2792 virtutem
1716 2739 1768 2792 in
1796 2740 1938 2794 mole
2039 2738 2345 2803 transtulit,
2375 2740 2623 2810 chagano
2660 2743 2833 2812 pactis
2868 2745 3088 2810 additis,
3120 2748 3421 2804 arbitratus
3445 2753 3600 2819 quie-

371 2815 732 2872 calamitatis.
765 2819 1011 2888 Cumque
1038 2826 1224 2880 nutrix
1267 2843 1436 2882 unum
1484 2846 1546 2884 ea
1573 2830 1937 2902 imperatoriis
2038 2844 2192 2885 scere
2222 2832 2458 2885 Avarum
2505 2835 2802 2891 nationem.
2835 2834 2930 2890 His
2956 2851 3086 2907 ergo
3118 2839 3309 2893 divisis
3336 2843 3599 2906 quosdam

372 2905 559 2973 pueris
585 2906 762 2960 furata
786 2908 1000 2977 fuisset,
1026 2929 1295 2986 suumque
1323 2935 1420 2985 pro
1443 2921 1544 2973 eo’.
1573 2923 1933 2991 .teremptioni
2038 2935 2119 2973 cor
2146 2929 2227 2973 tra
2265 2919 2464 2976 Penus
2499 2924 2666 2984 misit,
2698 2925 2961 2991 quosdam
2997 2905 3121 2978 vero
3153 2925 3217 2977 ad
3255 2926 3596 2980 obsidionem

367 2993 681 3061 obtulisset,
727 2998 1021 3056 Mauricius
1071 3021 1176 3059 non
1228 3011 1443 3071 annuit,
1494 3012 1588 3066 sed
1647 3016 1932 3084 proprium
2041 3007 2255 3062 “0583
2305 3020 2492 3064 contra
2545 3010 2770 3064 Νειτδοηι
2802 3027 2926 3064 cm"
2975 3011 3202 3065 [ιθυηῑίο
3251 3015 3488 3079 εραάοκθ
3544 3028 3598 3067 υι

369 3086 669 3154 requisivit.
707 3089 874 3142 Aiunt
903 3103 1084 3147 autem
1118 3097 1338 3162 quidam
1365 3100 1510 3168 quod
1539 3115 1602 3156 eo
1632 3104 1819 3158 occiso
1850 3096 1932 3159 iac
2038 3107 2286 3167 magnate
2307 3115 2408 3152 suo
2444 3102 2660 3154 direxit.
2695 3101 2967 3155 Cllosrocs
3009 3113 3186 3156 autem
3220 3107 3459 3159 collectis
3507 3122 3596 3173 po-

365 3191 491 3237 emn
522 3179 788 3248 sanguine
835 3183 1074 3249 fluxerit,
1112 3187 1185 3240 ita
1236 3199 1292 3242 ut
1338 3205 1529 3247 omnes
1573 3192 1928 3262 inspicientes
1962 3243 2000 3263 η
2037 3196 2118 3240 ie"

1846 3204 1928 3251 ιεε
1962 3243 2000 3263 η
2037 3189 2334 3242 tentatibus
2359 3190 2499 3259 apud
2527 3191 2692 3244 Daras
2713 3190 2958 3246 cllicitur.
2985 3191 3150 3245 Porro
3183 3191 3381 3247 Narses
3410 3210 3594 3263 egres-

365 3266 483 3322 dire
502 3269 947 3328 lamentarentur.
974 3274 1062 3329 Sic
1084 3292 1216 3348 ergo
1250 3278 1565 3351 imperator.
1590 3243 1752 3338 etiam
1778 3295 1932 3341 natu-
1959 3243 2002 3303 ε
2035 3293 2131 3333 sus
2160 3279 2422 3335 Edessam
2476 3279 2804 3352 Hierapolim
2862 3282 3019 3352 fugit.
3068 3284 3275 3338 Interea
3319 3285 3593 3340 Chosrocs

365 3371 441 3415 ra
470 3357 680 3430 legibus
711 3365 980 3418 excelsior
1005 3365 1204 3433 factus,
1239 3371 1404 3425 vitam
1429 3383 1752 3429 commutat,
2031 3381 2155 3422 cum
2201 3366 2461 3425 Romanis
2484 3371 2540 3425 lit
2572 3387 2737 3442 penes
2772 3373 3078 3439 ardamum,
3114 3384 3168 3426 et
3196 3376 3497 3430 munitione
3529 3378 3594 3431 da

436 3446 694 3508 Purruex
721 3455 815 3511 illo
848 3468 1089 3527 tempore
1119 3460 1491 3518 Romanorum
1517 3481 1624 3520 non
1642 3465 1931 3524 defuerunt
2031 3461 2414 3532 elephantibus
2453 3474 2774 3520 constructa
2815 3465 3014 3519 bellum
3077 3468 3233 3528 iniit.
3270 3481 3321 3523 et
3373 3472 3595 3524 tietoria

365 3539 596 3612 imperio
639 3546 801 3602 varia:
849 3563 914 3602 ac
961 3551 1212 3621 ingentes
1253 3570 1530 3612 :erumna.
1588 3556 1832 3630 Denique
1878 3571 1933 3615 et
2034 3569 2223 3622 magna
2243 3556 2450 3624 potitus
2471 3564 2576 3620 cst,
2601 3559 2776 3626 captis
2805 3559 3068 3611 Romanis
3089 3576 3193 3612 non
3227 3564 3594 3631 paucis,quos

362 3630 639 3691 Chosroes
667 3635 959 3694 Persarum
997 3658 1088 3697 rex
1121 3659 1308 3714 pacem
1332 3648 1604 3712 άῑςςοιιοίι,
1634 3662 1689 3704 et
1725 3652 1930 3710 Αηι-ρς
2031 3651 2086 3697 et
2113 3645 2307 3711 capitis
2338 3645 2607 3698 recisione
2637 3648 2863 3712 punit-it:
2901 3647 2995 3699 llis
3026 3650 3096 3698 ita
3117 3652 3283 3716 gestis
3317 3630 3591 3707 (:hosi-nes

363 3721 1117 3797 Thraceltldevaslaverum,
1158 3743 1319 3802 atque
1365 3736 1732 3793 Ronmnorum
1766 3757 1927 3796 excf-
2032 3732 2098 3784 δά
2132 3739 2331 3784 terram
2355 3746 2508 3784 suam
2545 3747 2802 3787 reversus
2832 3745 2937 3797 est,
2981 3735 3187 3805 Ζωιεοί
3223 3746 3592 3807 potentatibns

361 3815 504 3871 citus
556 3826 786 3879 uterque
833 3818 1198 3887 depopulatus
1235 3833 1338 3885 est,
1390 3825 1460 3877 ita
1500 3836 1560 3877 ut
1597 3841 1719 3880 cum
1752 3828 1924 3883 ιιεη-
2030 3819 2331 3872 derelictis.
2380 3819 2491 3873 lloc
2514 3832 2795 3889 comperto
2822 3821 3033 3878 Phocas
3083 3837 3271 3879 contra
3306 3827 3589 3883 Leontium

362 3906 500 3960 clins
552 3916 806 3975 regnaret
853 3917 906 3960 et
957 3907 1368 3978 inquisitionem
1418 3923 1752 3970 armatorum
1800 3934 1924 3972 cum
2029 3908 2181 3970 furit,
2213 3920 2269 3962 et
2293 3912 2519 3966 manicis
2549 3911 2740 3968 ferreis
2767 3928 2889 3968 cum
2928 3915 3222 3984 ignominia
3268 3919 3586 3981 Byzantium

361 4011 572 4050 summa
606 3997 884 4077 diligentia
917 3997 1145 4062 faceret,
1174 4017 1238 4056 ex
1270 4005 1416 4058 omni
1452 4001 1804 4064 multitudine
1835 4010 1923 4066 in.
2027 3998 2200 4064 ducit,
2246 4009 2301 4056 et
2344 4010 2492 4056 creat
2537 4013 2822 4073 prmtorcm
2879 4005 3278 4063 Dumcntiolum
3338 4022 3586 4080 nepotem

359 4103 481 4153 qua
503 4087 722 4141 inventa
755 4087 936 4144 fuerat
960 4090 1011 4146 in
1039 4095 1328 4164 tyratmide
1352 4095 1598 4153 Mauricii
1626 4116 1750 4156 cum
1783 4101 1924 4161 Plto-
2028 4107 2112 4148 συι

1298 4113 1328 4152 e
1352 4095 1598 4153 Mauricii
1626 4116 1750 4156 cum
1783 4101 1924 4161 Ριιο.
2028 4107 2211 4158 suum,
2248 4102 2301 4148 et
2330 4107 2639 4150 curatorem
2673 4096 2862 4165 palatii
2901 4096 3051 4151 facit.

358 4194 440 4240 ea,
478 4179 770 4245 nemiuem,
825 4182 1042 4239 duobus
1083 4187 1347 4258 exceptis,
1398 4188 1671 4246 ullatenus
1713 4194 1923 4250 ίηνεηι-
2098 4187 2254 4240 Anno
2300 4187 2510 4257 imperii
2542 4187 2738 4243 Phoce
2781 4187 2943 4242 tertio
2980 4189 3126 4243 misit
3157 4189 3428 4247 Chosroes
3457 4194 3590 4248 Car-

359 4280 460 4324 τοι.
1730 4274 1732 4276 ’
2028 4279 2270 4350 darigam
2300 4289 2351 4333 et
2383 4281 2731 4345 liustnaizan,
2781 4282 2875 4352 qui
2924 4280 3232 4350 depopulati
3275 4295 3402 4338 sunt
3452 4301 3589 4340 non-

387 4364 583 4415 ’Λιιιιο
615 4362 793 4431 primo
828 4363 1040 4436 imperii
1091 4369 1174 4423 sui
1209 4367 1420 4427 Phocas
1467 4381 1739 4445 tyrannus
1798 4394 1926 4450 per.
2028 4372 2210 4428 nullas
2265 4371 2635 4428 Romanorum
2693 4374 2967 4428 civitates.
3035 4371 3405 4429 Domentiolus
3459 4391 3587 4431 vero

359 4458 514 4517 emit,
543 4465 601 4506 ut
632 4457 948 4524 praedictum
965 4468 1067 4526 est,
1085 4462 1407 4519 Mauricium
1428 4481 1533 4520 una
1560 4482 1681 4523 cum
1707 4486 1926 4527 mascu-
2029 4465 2198 4519 Verbo
2239 4464 2366 4519 (18ιο
2392 4465 2573 4532 Nam.
2606 4466 3043 4537 iuramentisque
3075 4483 3179 4519 "0"
3227 4469 3436 4536 Pa'K‘iS.
3467 4485 3586 4523 ενο-

357 4546 423 4599 lis
443 4547 686 4615 quinque
719 4553 903 4616 pueris
935 4553 1075 4621 ejus,
1097 4565 1149 4608 ct
1181 4556 1375 4610 horum
1401 4560 1579 4629 capita
1609 4563 1766 4632 jussu
1791 4565 1914 4634 ροηί
1951 4574 1994 4630 D
2028 4553 2158 4607 dere
2187 4557 2459 4624 persuasit
2487 4555 2630 4624 quod
2660 4557 2860 4609 nullam
2890 4557 3142 4622 injuriam
3177 4559 3316 4624 apud
3351 4560 3585 4613 Phocam

354 4637 410 4692 in
441 4652 634 4706 eampo
663 4637 979 4698 Tribunnlis
1006 4645 1199 4703 diebus
1247 4651 1465 4716 multis;
1513 4660 1566 4706 ει
1598 4654 1817 4708 exibant
1853 4656 1921 4709 ab
2025 4657 2168 4701 esset
2201 4663 2478 4715 paSSUI‘tts,
2508 4655 2561 4701 et
2589 4648 2788 4701 direxit
2823 4663 2946 4701 eum
2980 4649 3045 4700 ad
3078 4646 3336 4701 Pitocam.
3372 4655 3436 4703 At
3464 4669 3589 4705 ιριεο

354 4725 489 4782 urbe
540 4738 594 4784 et
645 4734 1158 4803 coritemplahantur
1202 4751 1264 4791 ea
1297 4753 1466 4807 usque
1514 4755 1622 4809 quo
1670 4739 1916 4796 faetorem
2025 4737 2234 4793 Phocas
2271 4739 2490 4792 verbum
2519 4740 2621 4793 hoc
2653 4739 2876 4793 minime
2908 4753 3134 4793 servans
3175 4741 3294 4806 igne
3330 4747 3587 4795 cremavit

355 4820 644 4878 dederunt.
679 4825 1014 4880 lutet-ficitur
1061 4837 1242 4881 autem
1289 4838 1342 4883 et
1375 4829 1569 4886 Petrus
1605 4829 1771 4886 frater
1798 4830 1919 4900 ejus
2023 4845 2169 4886 eunt.
2228 4831 2458 4884 Romani
2499 4846 2633 4901 ergo
2672 4832 2797 4886 hinc
2841 4832 3131 4901 plurimum
3182 4834 3366 4885 tristes
3407 4832 3583 4887 effecti

352 4921 407 4968 et
439 4916 527 4969 alii
564 4932 817 4986 proceres
874 4918 1047 4972 multi.
1100 4919 1465 4975 Theodosium
1515 4933 1696 4976 autem
1749 4923 1918 4979 lilium
2025 4933 2262 4987 sunt,eo
2303 4922 2448 4994 quod
2498 4925 2746 4979 timorem
2801 4939 3056 4996 magnum
3109 4925 3162 4979 in
3214 4925 3415 4978 Persas
3443 4924 3583 4977 idem

353 5007 472 5075 ejus
509 5023 690 5063 sermo
718 5017 866 5062 tenet
899 5006 1022 5078 fuga
1063 5009 1271 5078 lapsum
1303 5024 1355 5066 et
1380 5015 1452 5066 ita
1489 5014 1698 5068 salvum
1731 5030 1907 5084 reper.
2026 5012 2224 5067 Narses
2260 5013 2502 5075 haberet.
2537 5014 2670 5067 adeo
2721 5022 2779 5066 ut
2811 5012 2903 5066 filii
2933 5012 3220 5068 Persarum
3252 5012 3436 5066 audito
3463 5014 3586 5081 ejus

355 5109 490 5151 tum.
519 5098 788 5154 Praeterea
809 5099 1012 5153 famam
1031 5099 1169 5153 hanc
1202 5099 1476 5158 Cltosroes
1510 5103 1798 5158 Persarum
1825 5119 1918 5159 rex
2026 5108 2244 5161 nomine
2279 5115 2592 5160 tremerent.
2623 5105 2793 5160 Porro
2822 5104 2997 5161 Persae
3029 5105 3198 5176 gat-isi
3223 5114 3349 5159 sum
3384 5107 3584 5175 gaudio

353 5190 740 5255 augmentarit,
808 5189 954 5243 aliud
1016 5191 1285 5259 aliterque
1333 5195 1620 5257 mentitus,
1657 5207 1708 5250 et
1773 5198 1918 5250 hunc
2026 5211 2245 5266 magno.

352 5277 494 5344 apud
540 5293 601 5332 se
630 5279 831 5333 habere
862 5280 1084 5343 dicens,
1120 5283 1279 5350 quasi
1313 5286 1599 5352 providere
1630 5301 1689 5339 se
1721 5294 1780 5339 ut
1806 5286 1918 5343 Ro-
2094 5289 2248 5342 Anno
2271 5288 2499 5356 gitnperii
2533 5286 2730 5344 Phocat
2770 5299 2968 5358 quarto
3020 5289 3377 5343 selmlastieus
3406 5303 3581 5341 eunu-

318 5427 324 5437 ι
354 5381 637 5422 tnanorum
664 5373 913 5426 obtinere
943 5385 1175 5438 sperans
1208 5375 1519 5444 imperium,
1548 5386 1606 5431 ut
1631 5379 1918 5436 convictus
2021 5381 2181 5442 chus.
2208 5381 2292 5433 vir
2327 5379 2600 5448 gloriosus
2632 5381 2843 5450 palatii,
2877 5383 3049 5437 media
3082 5389 3236 5435 nocte
3265 5378 3578 5433 Constanti-

352 5467 440 5529 cst
469 5457 654 5513 multis
684 5461 884 5524 modis,
918 5462 1153 5517 maxime
1182 5477 1246 5518 eo
1275 5468 1422 5535 quod
1459 5468 1599 5523 bella
1634 5469 1917 5537 repentina
2023 5486 2148 5525 nam
2181 5470 2458 5526 dominam
2489 5486 2612 5526 cum
2649 5473 2829 5529 tribus
2858 5473 3071 5529 ﬁliabus
3116 5472 3234 5540 ejus
3282 5472 3578 5541 accipiens,

357 5555 596 5604 moveret
639 5557 694 5602 et
744 5548 1020 5608 Romanas
1074 5567 1161 5610 res
1197 5569 1530 5628 magnopere
1574 5559 1915 5616 devastaret.
2024 5563 2091 5618 ad
2122 5562 2367 5632 Magnam
2417 5564 2668 5634 confugit
2733 5567 3017 5622 ecclesiam
3073 5563 3301 5619 consilio
3331 5562 3582 5619 Germani

353 5641 559 5697 Interea
595 5638 966 5710 calligrapbus
994 5643 1216 5712 quidam
1251 5647 1613 5715 Alexandria,
1643 5651 1920 5707 venerabi-
2023 5654 2237 5725 patricii
2272 5654 2638 5712 desiderantis
2679 5657 2983 5724 imperium.
3039 5655 3124 5708 Fit
3167 5655 3334 5724 igitur
3367 5655 3419 5707 in
3451 5657 3585 5714 urbe

353 5736 423 5791 lis
450 5733 554 5796 vir.
588 5745 654 5786 cl
690 5731 959 5786 matutina
1003 5736 1186 5805 vigilia
1233 5739 1454 5795 domum
1498 5744 1699 5798 vadens
1740 5743 1917 5799 media
2027 5745 2228 5801 seditio
2262 5759 2474 5816 magna.
2512 5746 2817 5802 Germanus
2841 5757 3017 5802 autem
3047 5747 3342 5799 demarcho
3395 5745 3580 5800 Prasi-

349 5838 508 5886 noeto
571 5824 716 5883 ridet
770 5834 981 5882 statuas
1036 5843 1101 5882 cx
1157 5833 1266 5888 aris
1310 5834 1640 5905 abstractas,
1693 5843 1747 5891 et
1787 5851 1918 5892 voce
2025 5853 2219 5893 norum
2271 5839 2531 5895 talentum
2575 5841 2691 5894 auri
2742 5840 2908 5904 misit,
2955 5847 3011 5892 nt
3053 5853 3440 5908 cooperantur
3482 5842 3580 5896 eis.
