4440 6446
800 438 932 504 1295

1911 434 2310 499 ANASTASII
2368 434 2996 498 BlBLIOTHECARII

3925 437 4064 505 1295

795 552 1076 609 Primores
1110 554 1289 605 autem
1329 546 1472 619 vulgi
1526 545 1579 602 id
1631 545 1922 603 admittere
1956 546 2273 603 noluerunt.
2306 545 2374 600 At
2400 545 2453 606 Λ
2480 544 2650 600 derit.
2681 543 3014 602 Germanum
3046 551 3228 602 autem
3261 552 3315 603 et
3351 545 3472 617 ejus
3505 546 3669 602 tiliam
3709 563 3800 604 ore
3827 553 4061 607 mariue-

792 660 924 702 vero
954 652 1219 714 tyrannus
1257 639 1309 694 in
1341 639 1630 698 ecclesiam
1679 637 1746 694 ad
1780 635 2210 694 ahstrahendum
2245 650 2363 692 mu-

792 739 954 794 lieres
1004 731 1324 789 destinavit.
1379 728 1522 786 Sane
1571 728 1882 800 patriarcha
1946 738 2076 785 tunc
2108 729 2371 800 (Syriacus

791 839 1024 902 tyranno
1055 826 1280 891 restitit,
1311 824 1539 879 minime
1564 837 1761 893 passus
1785 838 1816 878 e
1848 823 2049 894 templo
2086 821 2371 894 tyrannica

790 921 984 978 abduci
1013 920 1293 975 mulieres.
1326 915 1525 973 Verum
1573 915 1906 985 juramentis
1951 925 2102 971 certo
2133 930 2199 971 eo
2250 914 2371 969 red-

788 1018 904 1071 riito
935 1029 961 1068 a
995 1013 1176 1068 Phoca
1216 1010 1360 1081 quod
1417 1026 1527 1065 non
1579 1009 1798 1065 laederet
1828 1024 1943 1073 eas,
1987 1008 2297 1064 educuntur
2341 1023 2370 1062 e

789 1107 995 1175 templo
1035 1113 1229 1159 saneto
1257 1110 1311 1158 et
1341 1100 1670 1157 clauduntur
1720 1101 1770 1154 in
1823 1100 2178 1155 monasterio.
2223 1098 2371 1153 Prae-

790 1209 940 1255 terea
970 1196 1152 1252 Persa:
1204 1194 1394 1249 eodem
1446 1206 1596 1247 anno
1631 1198 1896 1262 ceperunt
1927 1189 2122 1254 Daras,
2156 1192 2208 1245 in
2260 1197 2371 1243 tota

789 1285 1182 1358 Mesopotamia
1233 1291 1290 1340 et
1338 1281 1498 1355 Syria
1538 1282 1909 1352 captivationc
1967 1283 2156 1343 multa,
2211 1269 2372 1349 cujus

789 1397 898 1438 non
938 1390 1024 1435 est
1063 1392 1348 1443 numerus,
1373 1376 1538 1432 facta.
1576 1375 1746 1430 Porro
1792 1374 2108 1445 patriarcha
2139 1374 2374 1429 obcuute

787 1470 1020 1542 Cyriaco
1054 1465 1297 1521 Thomas
1345 1479 1444 1535 pro
1476 1477 1542 1519 eo
1584 1473 1965 1525 consecratur,
2009 1461 2275 1516 diaconus
2320 1469 2375 1515 et

791 1561 1115 1618 sacellarius
1143 1556 1383 1629 ejusdem
1419 1555 1688 1611 ecclesiae.

861 1651 1042 1707 Mundi
1075 1664 1218 1704 anno
1245 1647 1406 1710 6099,
1436 1647 1635 1701 divinae
1659 1644 2053 1700 incarnationis
2080 1657 2223 1698 anno
2246 1644 2370 1709 599,

789 1761 934 1800 anno
964 1759 1092 1799 vero
1117 1741 1330 1812 intperii
1362 1739 1559 1794 Phocas
1587 1740 1780 1809 quinto
1810 1737 2021 1793 Isacius
2056 1737 2372 1807 iiierosoly-

789 1838 1055 1895 mitanus,
1105 1823 1429 1885 Theodorus
1485 1827 1892 1881 Alexandrinus
1938 1835 1992 1880 ct
2041 1825 2372 1879 Anastasius

787 1928 1161 1982 Antioclienus
1204 1924 1477 1978 habentur
1524 1920 1818 1975 antistites.
1855 1919 2064 1972 Phocas
2116 1933 2243 1971 vero
2287 1927 2371 1986 ty-
2406 1904 2446 1959 Β

789 2034 998 2074 rannus
1035 2018 1199 2070 tiliam
1234 2029 1390 2068 suam
1428 2012 1769 2066 Domcntiam
1807 2009 1998 2064 Prisco
2047 2010 2278 2079 patricio
2318 2017 2370 2062 ct

789 2109 976 2166 comiti
1013 2107 1398 2161 excubitorum
1427 2105 1630 2174 junxit,
1669 2111 1722 2157 et
1753 2103 1910 2157 factis
1936 2102 1990 2155 in
2028 2102 2230 2172 palatio
2258 2100 2372 2154 Ma-

789 2205 922 2259 rina:
953 2201 1162 2270 nuptiis
1202 2199 1369 2269 jussit
1413 2197 1528 2251 ﬁeri
1561 2197 1744 2250 ludum
1780 2205 2115 2266 equestrem.
2149 2195 2372 2248 Demar-

788 2299 876 2353 elri
907 2308 1086 2351 autem
1128 2295 1416 2362 utriusque
1449 2291 1620 2360 partis
1667 2290 1810 2361 apud
1860 2299 2101 2358 quatuor
2161 2289 2371 2342 colum-

790 2407 889 2444 nas
937 2405 1058 2443 eum
1113 2385 1492 2455 imperialibus
1531 2383 1704 2452 signis
1752 2390 2064 2435 statuerunt
2099 2379 2273 2434 Prisci
2317 2389 2372 2434 et

794 2483 1092 2537 lion-.entize
1138 2482 1316 2550 signa.
1353 2479 1567 2544 Quibus
1613 2476 1818 2530 auditis
1870 2475 2168 2544 imperator
2200 2474 2371 2529 iratus

789 2585 894 2638 est,
935 2585 982 2630 et
1019 2575 1242 2628 mittens
1289 2571 1517 2625 adduxit
1571 2568 1926 2630 demarchos,
1985 2566 2370 2634 Theophanem

791 2671 998 2723 scilicet
1026 2683 1088 2720 ac
1117 2665 1480 2734 Pamphilum,
1515 2671 1567 2716 ct
1594 2667 1844 2716 statuens
1877 2658 2050 2714 nudos
2079 2659 2242 2726 jussit
2277 2672 2372 2711 eos

790 2761 1070 2816 decollari.
1128 2757 1264 2811 Cum
1309 2756 1455 2810 enim
1504 2753 1750 2807 misisset
1790 2763 2255 2822 protocnrsorcm,
2315 2758 2375 2803 ut

793 2856 1152 2922 interrogaret
1184 2866 1279 2904 eos
1307 2863 1415 2917 quo
1439 2846 1787 2916 praecipiente
1820 2843 2050 2898 iecerint
2071 2844 2195 2906 hoc,
2221 2841 2373 2894 dixe.-

791 2955 919 2999 runt
958 2944 1086 3014 quia
1124 2939 1425 2995 secundum
1459 2935 1917 2992 consuetudinem
1942 2935 2236 2989 iiueatores
2273 2935 2372 2990 hoc

793 3040 1059 3091 fecerunt.
1095 3034 1268 3087 Porro
1297 3033 1596 3085 iineatores
1642 3029 1759 3084 sive
1800 3043 2104 3090 mcnsorcs,
2138 3029 2374 3080 interro-

792 3130 900 3199 gati
954 3125 1307 3196 quamobrem
1341 3124 1445 3177 hoc
1495 3122 1764 3184 fecerunt,
1803 3118 2223 3189 dixeruntquia,
2251 3133 2372 3172 cum

793 3220 1143 3291 imperatoris
1169 3217 1262 3270 lilii
1289 3216 1356 3270 ab
1385 3215 1640 3270 omnibus
1672 3214 1939 3268 nominati
1971 3222 2120 3276 sunt,
2153 3227 2180 3264 a
2211 3212 2369 3264 nobis

794 3315 929 3380 ipsis
959 3313 1061 3367 hoc
1094 3312 1343 3364 fecimus.
1392 3308 1536 3362 Sane
1573 3307 1795 3360 Priscus
1829 3306 2025 3359 timore
2060 3304 2365 3366 tenebatur,
2397 3282 2437 3338 C

794 3421 861 3460 ne
894 3406 1033 3458 forte
1066 3406 1118 3457 iu
1155 3402 1502 3473 imperatoris
1537 3401 1679 3455 iram
1721 3399 2008 3453 incideret.
2043 3396 2246 3452 Turbis
2277 3412 2371 3450 au-

793 3509 896 3550 tem
944 3495 1308 3548 clamantibus
1361 3491 1797 3547 miscricordiam
1844 3492 2070 3545 concedi
2121 3491 2245 3550 sibi.
2280 3505 2370 3545 ve-

795 3591 937 3642 niam
972 3588 1120 3642 dedit
1151 3587 1383 3641 Phocas.
1424 3587 1498 3639 i-Zx
1536 3595 1664 3639 tunc
1696 3600 1826 3655 ergo
1861 3584 2082 3638 Priscus
2123 3584 2370 3653 indigna-

793 3691 996 3734 tzoacm
1029 3694 1220 3750 passas
1257 3693 1362 3731 non
1399 3685 1517 3732 erat
1555 3685 1704 3731 recte
1737 3692 1862 3730 cum
1909 3676 2112 3730 i’hoca.
2157 3667 2370 3732 lnterca

793 3771 1041 3839 quaedam
1103 3771 1300 3826 mulier
1352 3770 1606 3823 i‘etronia
1655 3768 1876 3822 nomine
1932 3768 1988 3822 ﬁt
2037 3769 2372 3839 impcratrici

791 3863 1166 3919 Constantina:
1226 3862 1502 3923 ministra,
1559 3876 1680 3929 qua:
1725 3860 1790 3914 ad
1845 3859 2178 3914 Germanum
2214 3862 2280 3915 ab
2307 3875 2369 3914 ea

791 3971 1056 4027 restionsa
1116 3954 1378 4009 faciebat.
1436 3952 1607 4007 Porro
1665 3968 1786 4007 cum
1847 3952 1990 4006 fama
2044 3953 2372 4006 dilatarctur

790 4050 937 4120 quod
967 4047 1312 4102 Theodosius
1347 4045 1595 4099 Mauricii
1643 4045 1784 4098 filius
1814 4045 2040 4109 \‘ivcret,
2080 4061 2229 4114 spem
2270 4045 2368 4100 bo-

789 4157 914 4194 nam
950 4155 1114 4209 super
1162 4139 1265 4194 hoc
1309 4149 1417 4192 tam
1463 4136 1824 4191 Constantina
1865 4152 2027 4205 quam
2063 4137 2369 4192 Germanus

791 4233 1044 4287 habebat.
1100 4230 1170 4284 At
1207 4244 1336 4282 vero
1371 4229 1603 4283 scelesta
1653 4229 1912 4283 Petro-aia
1969 4229 2085 4283 haec
2136 4219 2368 4298 tyranno
2409 4226 2413 4228 ’

790 4324 1076 4379 manifesta
1127 4322 1276 4377 fecit.
1313 4324 1381 4374 At
1414 4332 1684 4392 tyrannus
1721 4320 2141 4375 Constantinam
2183 4318 2368 4374 .Tlteo-

789 4429 1009 4487 pempfo
1043 4409 1372 4469 exarciioad
1406 4413 1773 4483 torquendum
1799 4412 2055 4481 prodidit,
2088 4411 2365 4482 quasdam

788 4519 1159 4581 torqueretur,
1197 4506 1503 4561 Romanum
1546 4507 1836 4576 patricium
1868 4521 2034 4560 nosse
2069 4506 2368 4560 interlocu-

2473 651 2547 691 ra:
2574 636 2688 707 (45)
2731 636 2970 703 occidit;
3010 637 3267 694 similiter
3295 646 3350 695 et
3391 637 3655 695 Joannem
3699 650 3750 696 et
3785 640 3950 698 Gizan
4005 653 4062 698 et

2473 730 2790 800 patricium,
2853 736 2907 784 et
2968 727 3360 796 Theodosium,
3417 733 3510 803 qui
3574 734 3889 806 subadjuvm
3939 737 4054 806 (46)

2473 822 2740 894 dignitate
2787 823 3089 878 habebatur
3137 825 3390 894 insignis,
3437 835 3490 882 et
3525 826 3691 882 David
3730 831 4061 901 chartariqu

2475 918 2647 972 iacent
2679 915 3003 972 Hormisdtc.
3031 917 3230 972 Eodem
3261 933 3402 973 anno
3425 919 3624 985 Persae,
3655 906 4058 978 transtncantcs

2474 1008 2830 1080 Euphratem,
2863 1020 3034 1065 totam
3070 1010 3283 1082 Syriam
3332 1020 3386 1065 et
3427 1010 3772 1068 Palaestinam
3808 1025 3862 1070 ct
3905 1017 4060 1071 Plio:-

2476 1103 2634 1158 nicen
2693 1103 2993 1174 depraedati
3032 1114 3183 1170 sunt,
3228 1103 3400 1160 multo
3448 1106 3502 1159 in
3552 1104 3811 1163 Romanis
3843 1110 4061 1164 ρχρίὼυ

2477 1206 2811 1269 perpetrato.

2547 1285 2732 1340 Mundi
2761 1302 2906 1341 anno
2936 1285 3097 1349 6i00.
3124 1288 3322 1343 divina:
3347 1289 3744 1346 incarnationis
3765 1308 3905 1349 auro
3931 1293 4056 1354 600.

2476 1392 2618 1430 anno
2648 1392 2777 1430 vero
2810 1379 3024 1447 imperii
3077 1378 3270 1434 Phoce
3319 1379 3373 1442 6,
3419 1379 3639 1438 Priscus
3698 1384 3892 1436 intucti
3951 1401 4058 1440 non

2475 1469 2752 1524 sustinens
2781 1477 2887 1523 tant
2922 1469 3125 1539 injusta
3159 1471 3456 1527 homicidia
3484 1489 3646 1543 quam
3676 1476 3814 1528 mala
3838 1489 4056 1541 caetera,

2474 1574 2596 1628 quae
2623 1573 2651 1611 a
2686 1558 2861 1614 Plioca
2893 1562 3370 1630 perpetrabantur,
3403 1566 3624 1635 scripsit
3652 1566 3718 1618 ad
3748 1565 4059 1621 lieraclium

2474 1648 2769 1717 patricium
2831 1659 2884 1704 et
2953 1662 3241 1719 prastorcm
3303 1653 3525 1721 Africze,
3577 1671 3686 1725 quo
3741 1654 4057 1711 ileraclium

2476 1741 2650 1795 lilium
2704 1757 2866 1796 suum
2903 1754 2955 1798 et
2990 1742 3235 1799 Nicetam
3285 1746 3454 1801 ﬁlium
3509 1749 3764 1818 Gregorte
3820 1753 4056 1819 patricii,

2476 1835 2874 1903 suiipraetorem
2903 1853 3084 1900 suum,
3123 1840 3385 1904 mitteret,
3405 1851 3686 1909 quatenus
3705 1856 3889 1897 contra
3917 1843 4055 1898 Pho-

2477 1942 2594 1981 cam
2625 1928 2877 1982 venirent
2903 1938 3222 2000 tyrannum.
3248 1932 3514 1987 Audiebat
3545 1936 3688 1988 enim
3711 1937 3762 1989 in
3791 1937 3972 1991 Africa
4004 1939 4055 1991 in

2476 2035 2600 2075 cum
2657 2022 2907 2074 meditari
2963 2024 3340 2090 rebellionem,
3378 2029 3519 2080 unde
3551 2043 3650 2082 nec
3694 2032 3902 2098 navigia
3957 2032 4058 2084 hoc

2475 2128 2620 2166 anno
2648 2115 3186 2184 Constantinopolim
3222 2121 3686 2172 conscenderunt.
3723 2118 3934 2174 Occidit
3959 2137 4057 2173 au-

2476 2216 2582 2259 tem
2620 2205 2835 2261 Phocas
2869 2223 3087 2262 omnem
3130 2211 3512 2278 cognationem
3565 2210 3808 2264 Mantitii
3841 2221 3893 2265 et
3949 2212 4057 2265 Co-

2476 2300 2796 2353 tncntioium
2823 2310 3111 2370 praetorem
3139 2300 3368 2358 Thraca:
3397 2311 3450 2357 ct
3471 2306 3611 2358 alios
3650 2305 3869 2358 multos.
3899 2304 4058 2358 Facta

2474 2401 2554 2445 cst
2590 2402 2770 2444 autem
2807 2391 2857 2444 in
2895 2406 3040 2445 anno
3074 2393 3179 2445 isto
3221 2395 3384 2447 etiam
3415 2397 3732 2456 mortalitas
3778 2409 3832 2448 et
3875 2398 4059 2467 in0pza

2476 2485 2656 2539 omnis
2685 2485 2912 2554 speciei.
2945 2484 3216 2540 Praeterea
3254 2486 3432 2541 Persa:
3459 2503 3565 2541 una
3602 2504 3724 2542 cum
3762 2487 4059 2560 Carclariga

2474 2577 2684 2645 egressi
2742 2588 3006 2644 ceperunt
3051 2581 3368 2633 Armeniam
3405 2590 3456 2635 et
3495 2580 3917 2649 Cappadociam,
3962 2601 4064 2652 pu-

2478 2678 2826 2739 gnanlesque
2859 2669 3229 2726 Romanorum
3283 2683 3566 2727 verterunt
3611 2677 3856 2739 militias,
3897 2691 4062 2744 cepe-

2477 2771 2712 2829 runtque
2743 2763 3013 2816 Galatiam
3047 2774 3099 2818 et
3128 2764 3576 2835 Paphlagoniam,
3603 2779 3654 2822 et
3679 2781 3939 2822 venerunt
3969 2787 4062 2824 us-

2478 2871 2584 2924 que
2645 2855 3074 2922 Chalcedonem,
3141 2858 3261 2913 sine
3337 2861 3605 2926 parcitate
3662 2862 4061 2930 depopulantes

2477 2958 2711 3001 aetatem.
2763 2947 2828 2999 Et
2858 2949 3077 3016 quidem
3127 2947 3310 3003 Persae
3361 2950 3496 3005 foris
3534 2962 3746 3020 partam
3799 2953 4061 3006 Romanis

2479 3039 2821 3107 tyrannidem
2850 3038 3182 3101 inferebant,
3214 3039 3422 3095 Phocas
3448 3059 3578 3096 \‘t'i‘O
3609 3046 3942 3098 intrinsecus
3973 3044 4060 3098 his

2480 3128 2662 3198 pejora
2699 3132 2971 3198 patrabat,
3008 3130 3266 3185 occidens
3304 3141 3469 3201 atque
3501 3136 3782 3202 captivans

2548 3221 2706 3273 Anno
2740 3222 2952 3291 imperii
2989 3222 3180 3277 Phocac
3217 3227 3452 3292 septimo
3485 3225 3708 3293 Sergius
3741 3226 4060 3279 Constanti-

2479 3315 2854 3381 impolitanus,
2892 3313 3188 3368 Zacharias
3239 3314 3771 3387 ilicrosolymitanus
3811 3327 3863 3372 et
3893 3317 4062 3372 Joan-

2479 3422 2575 3460 nes
2624 3408 3032 3462 Alexandrinus
3087 3409 3357 3463 habentur
3388 3412 3684 3465 antistites.
3736 3414 4058 3468 Aiitiocliezii

2476 3494 2604 3554 vero
2637 3501 2848 3555 Hebra-i
2882 3503 3161 3555 simultate
3191 3504 3560 3575 ἰιιιιιιίυίρμῖ)
3589 3510 3886 3563 commissa
3925 3524 4059 3563 con-

2477 3601 2558 3646 tra
2593 3594 2939 3649 Christianos
2971 3598 3232 3651 occidunt
3264 3599 3619 3655 Anastasiuni
3661 3618 3914 3671 magnum
3963 3589 4061 3672 pa:

2474 3687 2772 3740 triarcham
2810 3689 3136 3752 Antiochize,
3174 3692 3453 3746 mittentes
3497 3704 3748 3746 naturam
3793 3696 3902 3765 (μ)
3937 3697 4057 3762 ejus

2477 3779 2530 3833 in
2563 3793 2624 3836 os
2665 3781 2808 3849 ejus,
2842 3789 2895 3836 ct
2927 3790 3048 3852 post
3100 3783 3206 3838 hoc
3243 3788 3528 3840 trahentes
3560 3802 3682 3841 eum
3718 3789 3768 3842 in
3819 3792 4054 3859 plateam

2476 3871 2651 3926 urbis.
2677 3872 3081 3928 interfecerunt
3112 3886 3292 3930 autem
3322 3887 3375 3931 et
3409 3879 3610 3931 civium
3642 3881 3865 3938 multos.
3900 3891 3949 3934 et
3975 3882 4060 3935 in-

2476 3963 2780 4019 cenderunt
2813 3980 2927 4020 eos.
2977 3965 3187 4037 Phocas
3223 3983 3353 4023 vero
3396 3968 3524 4024 fecit
3571 3973 3826 4026 comitem
3859 3972 4060 4028 Orien—

2475 4058 2546 4112 tis
2575 4056 3124 4132 Bonosum,etCotyn
3146 4062 3468 4130 magistrum
3492 4065 3748 4128 militum,
3785 4077 3836 4120 et
3867 4075 4050 4121 trans-

2475 4151 2627 4205 misit
2685 4167 2780 4205 eos
2826 4150 3092 4206 adversus
3128 4153 3268 4212 illos,
3305 4161 3360 4207 et
3394 4169 3502 4207 non
3545 4158 3837 4208 valuerunt
3867 4156 4058 4210 sedare

2474 4239 2914 4306 inquietudinem
2951 4255 3163 4294 eorum.
3191 4242 3593 4297 Coaccrvantes
3625 4257 3750 4298 vero
3781 4249 4055 4300 exercitus

2475 4327 2760 4382 irrucrunt
2792 4331 2841 4381 in
2879 4331 2999 4403 illos
3035 4341 3088 4385 et
3132 4332 3399 4399 plurimos
3435 4334 3777 4399 οςοὶιιίτυιιι,
3812 4348 3861 4389 et
3885 4353 4052 4405 quos-

2469 4420 2599 4475 ,datn
2642 4434 2829 4474 eorum
2869 4421 3211 4476 detruncatis
3248 4427 3481 4479 artubus
3517 4428 3593 4479 ab
3626 4428 3757 4482 urbe
3796 4430 4053 4483 reddide-

2475 4519 2603 4564 runt
2626 4520 2893 4565 extorres.
2914 4510 3126 4565 Phocas
3151 4524 3329 4566 autem
3356 4514 3482 4591 fecit
3504 4514 3816 4590 Circenscm
3845 4520 4053 4583 ludum.

787 4605 968 4659 tiones
1013 4619 1139 4658 suas
1171 4600 1420 4656 confessa
1450 4609 1554 4655 cst.
1590 4599 1694 4666 Qui
1731 4587 2162 4668 comprehensus
2203 4608 2366 4670 atque
2400 4644 2444 4699 Β
2475 4614 2526 4659 et
2554 4601 2768 4658 Prasini
2803 4605 3071 4659 conviciis
3120 4621 3241 4658 eum
3300 4607 3571 4662 lacessere
3633 4626 4048 4678 pur-sumpsere,

786 4689 1071 4753 discussus
1101 4696 1264 4750 etiam
1302 4693 1440 4748 alios
1477 4692 1596 4748 fore
1637 4693 1691 4746 in
1741 4692 1974 4747 insidias
2005 4693 2229 4774 tyranni
2262 4694 2364 4747 sibi

784 4775 1170 4857 coeperatores
1206 4785 1503 4855 perhibuit:
1536 4783 1981 4853 Cotnpruliensus
2036 4793 2120 4838 est
2180 4770 2363 4840 autem

784 4894 839 4936 et
884 4880 1210 4936 Theodorus
1255 4878 1495 4932 Orientis
1535 4878 1846 4946 praefecms,
1892 4892 2054 4945 quem
2100 4887 2366 4948 tyrannus

784 4974 1086 5029 verberans
1138 4952 1440 5033 interemit,
1474 4949 1822 5038 Helpidiique
1855 4985 2050 5024 tnanus
2089 4985 2154 5022 ac
2205 4969 2368 5038 pedes

783 5067 1038 5122 recidcns
1076 5067 1217 5120 intnc
1251 5064 1475 5118 tradidit
1503 5063 1634 5132 igni,
1672 5063 2090 5132 Romanumque
2122 5064 2367 5118 decolla-

783 5162 880 5212 vit.
931 5157 1103 5212 Porro
1158 5154 1576 5210 Constantinam
1613 5168 1735 5207 cum
1793 5156 1970 5209 tribus
2024 5154 2264 5216 ﬁliabus,
2304 5155 2357 5208 in

781 5258 906 5310 luco
938 5251 1028 5306 ubi
1054 5260 1107 5305 et
1131 5248 1428 5303 Mauricius
1462 5247 1820 5316 interemptus
1845 5257 1948 5313 est,
1981 5249 2360 5318 gladiotruci-

2471 4698 2776 4751 clamantes
2806 4714 2817 4748 :
2861 4696 3058 4749 lterum
3088 4698 3141 4749 iu
3164 4698 3358 4767 gubata
3388 4700 3588 4760 bibisti,
3622 4702 3810 4754 iterum
3845 4719 4072 4755 sensum

2467 4789 2771 4858 perdidisti.
2810 4787 2876 4841 Et
2911 4789 3068 4858 jussu
3095 4787 3291 4844 Pliocce
3319 4790 3548 4846 Cosmas
3579 4795 3867 4862 prum-ctus
3897 4799 4051 4850 urbis

2468 4878 2674 4933 multos
2723 4895 2787 4932 ex
2837 4879 2917 4934 eis
2971 4881 3344 4944 detruncavit,
3399 4885 3670 4952 quosdam
3733 4886 4046 4949 dCCO“.t\il,

2467 4975 2766 5028 nonnullos
2816 4985 2997 5027 autem
3033 4975 3086 5027 in
3134 4991 3327 5030 saccos
3375 4977 3574 5031 missos
3628 4981 3763 5032 mari
3812 4996 3842 5033 n
3883 4982 4047 5034 caiit.

2470 5067 2642 5120 Porro
2667 5068 2882 5120 Prasini
2936 5071 3248 5122 coacervati
3304 5070 3564 5123 miserunt
3600 5071 3776 5138 ignem
3812 5072 3864 5124 in
3904 5088 4046 5141 prm-

2472 5159 2696 5223 torinm,
2731 5169 2783 5213 et
2820 5146 3178 5213 incenderunt
3213 5161 3422 5213 curiam
3457 5169 3510 5214 et
3541 5163 3743 5215 scrinia
3778 5173 3830 5216 et
3863 5161 4020 5217 cane

2472 5265 2581 5312 res,
2616 5263 2680 5301 ex
2711 5250 2911 5318 quibus
2947 5251 3155 5320 egressi
3187 5251 3354 5304 vincti
3391 5246 3666 5320 fugerunt.
3706 5254 3839 5306 iiinc
3873 5255 4046 5308 iratus

2313 5359 2539 5415 ΝΟΤᾸΞ,

854 5489 965 5560 r45)
995 5487 1098 5543 Ore
1134 5483 1542 5560 ntachazra'.__l.‘t
1568 5483 1727 5538 Luem
1758 5501 1866 5560 an,
1898 5483 1967 5560 gi
1998 5503 2014 5560 ξ
2056 5482 2356 5560 1⁷1ετξοῦνται

782 5552 1012 5627 στέςιάτι
1080 5557 1372 5626 μαχαίρας.
1433 5555 1598 5627 Υριυς
1628 5557 1856 5627 versio;
1894 5552 2096 5627 Cadent
2150 5555 2203 5605 in
2264 5569 2351 5607 ore

779 5623 964 5698 gladii.
997 5623 1224 5697 Gregor.
1261 5627 1392 5698 'l‘ur.
1431 5624 1578 5680 Hist.
1612 5642 1647 5680 Il
1685 5644 1697 5678 :
1738 5644 1771 5698 _c_
1810 5623 1885 5679 Ne
1918 5625 2170 5698 universa
2214 5627 2352 5677 mul-

779 5695 957 5753 inmiti
999 5702 1051 5752 in
1090 5695 1184 5751 ore
1229 5697 1390 5766 gladii
1435 5706 1639 5766 rueret.
1678 5715 1696 5749 ι
1738 5696 1800 5749 Et
1849 5711 1908 5762 tt,
1942 5695 1970 5746 7

776 5771 942 5840 gladii
989 5765 1412 5840 trucitinn’tcsii
1458 5765 1623 5840 Filia.

850 5839 964 5903 «46)
985 5839 1322 5907 Suhadjuetr.
1337 5837 1644 5891 Concilium
1663 5837 2129 5900 Chaicedoncnse,
2154 5844 2258 5889 act.
2273 5853 2349 5891 tn:

776 5914 874 5963 A'dt
921 5910 1012 5964 τοῦ
1063 5909 1484 5979 χαῢωσωμένου
1532 5907 1924 5980 μαγιστριανοῦ
1967 5908 2208 5979 Σεὸήρου
2238 5910 2348 5961 τοῦ

2022 5712 2032 5748 :
2086 5713 2102 5742 τι
2152 5694 2209 5747 in
2258 5709 2353 5750 ore

2461 5484 2758 5552 γενομένου
2786 5483 3148 5536 σουδαδιουδᾶ
3183 5482 3283 5550 τῆς
3332 5481 3527 5552 σχολῆς
3561 5483 3670 5535 τῶν
3692 5483 4045 5553 καθωςιωμί-

2468 5572 2575 5606 νων
2604 5556 3035 5624 μαγιστριανῶν.
3070 5554 3394 5624 Breviculus
3415 5555 3657 5607 historize
3689 5556 4041 5624 iiutycluaui-

2467 5635 2673 5680 starem
2705 5643 2716 5677 :
2749 5643 2766 5675 ι
2800 5627 3230 5694 Supervenieute
3263 5623 3468 5678 Uranio
3491 5623 3844 5694 subadjuraﬁ
3874 5627 3958 5680 ιυ.

2536 5696 2649 5764 (87)
2684 5695 2950 5763 Inquieta.
2983 5695 3137 5763 Apud
3163 5693 3483 5752 Grutetum.

2538 5767 2649 5835 (ιδ)
2687 5764 2977 5820 Naturam.
3025 5765 3308 5832 Apuleius,
3359 5765 3393 5819 i.
3429 5780 3545 5819 vn:
3594 5785 3609 5816 ς
3665 5763 3780 5819 Non
3830 5777 4039 5820 tantum

2463 5848 2743 5899 naturam,
2788 5854 2973 5891 rerum
3021 5838 3186 5890 etiam
3232 5848 3393 5910 caput
3431 5852 3650 5906 quoque
3705 5842 3876 5908 ξιιμῖω
3913 5854 4036 5910 per

2464 5911 2605 5964 simo
2643 5910 2730 5963 isti
2760 5911 2910 5964 asino
2943 5912 3181 5965 demere.
3216 5926 3232 5958 i
3269 5905 3430 5962 Fasti.
