4414 6462
787 384 922 448 1999

1875 398 2275 459 ANASTASU
2317 403 2947 471 BlBLlOTHECAIiII

3916 413 4061 476 1300

778 499 1014 564 pi-ratori
1052 497 1448 559 Constantinus
1500 504 1661 572 alius,
1712 518 1763 563 ct
1824 510 2132 581 baptizatus
2175 517 2350 569 estin
2385 519 2429 576 Α
2462 532 2658 578 contra
2713 524 3021 582 Persidem.
3075 529 3322 600 Sumptis
3356 541 3535 587 autem
3584 543 3777 585 mutuo
3831 544 4067 585 venera-

780 585 1095 642 Dlaelicrnis
1127 606 1154 643 a
1194 591 1383 663 Sergio
1412 598 1747 665 patriarcha.

845 679 1003 733 Anno
1062 680 1273 752 imperii
1335 683 1566 742 lleraclii
1624 701 1778 746 sexto
1838 706 2099 764 ceperunt
2178 696 2354 752 Persae

775 780 943 824 totam
977 772 1270 843 Egyptum
1306 788 1359 832 et
1389 780 1774 838 Alexandriam
1812 797 1866 840 et
1915 786 2137 858 Libyam
2179 806 2355 859 usque

773 867 839 917 ad
872 864 1231 936 Ethiopian),
1265 872 1539 941 multaque
1579 877 1757 944 praeda
1794 888 2008 947 sumpta
2043 890 2097 935 et
2140 882 2354 938 exuviis

772 960 1194 1028 quamplurimis
1244 972 1297 1017 et
1334 969 1581 1036 pecuniis
1632 971 1700 1024 ad
1757 973 1975 1042 propria
2016 984 2350 1030 remearunt.

772 1051 1154 1121 Carthaginem
1196 1066 1374 1110 autem
1414 1074 1611 1128 capere
1639 1063 1864 1119 minime
1909 1066 2221 1134 valuerunt,
2258 1069 2353 1122 sed

769 1145 1022 1197 custodia
1071 1145 1297 1202 dimissa
1329 1150 1615 1206 obsidendi
1660 1169 1781 1209 eam
1818 1168 2185 1212 recesserunt.

840 1236 1230 1307 Annoimperii
1261 1239 1494 1297 lleraclii
1528 1247 1761 1315 septimo
1795 1258 1979 1303 castra
2007 1252 2193 1305 metati
2222 1261 2347 1307 sunt

770 1331 952 1388 Persa:
997 1346 1191 1391 contra
1234 1336 1642 1411 Carthaginem,
1697 1359 1862 1414 quam
1920 1353 1975 1401 et
2009 1347 2150 1401 bello
2191 1364 2351 1418 cepe-

772 1435 916 1480 runt.
959 1425 1162 1483 Eodem
1209 1445 1352 1485 anno
1389 1434 1581 1488 consul
1616 1436 1798 1491 factus
1836 1448 1920 1492 est
1955 1438 2349 1498 Constantinus

764 1516 972 1586 junior,
1004 1520 1096 1588 qui
1144 1531 1196 1576 et
1255 1521 1559 1591 lleraelius,
1591 1535 1645 1581 et
1674 1526 1904 1583 Heraclii
1931 1530 2093 1593 filius,
2136 1541 2188 1586 et
2221 1548 2350 1602 pro-

768 1610 914 1664 vexit
945 1612 997 1665 in
1046 1611 1313 1669 Caesarem
1365 1614 1785 1672 Constantinum
1827 1621 2091 1677 minorem
2122 1621 2349 1678 fratrem

768 1720 952 1768 suum,
988 1722 1052 1760 ex
1094 1704 1348 1763 Heraclio
1378 1711 1619 1779 genitum
1655 1724 1706 1767 et
1741 1712 1992 1771 Martina.

839 1794 1000 1848 Auno
1037 1796 1244 1867 imperii
1279 1800 1361 1854 sui
1396 1810 1591 1857 octavo
1627 1819 1821 1861 rursus
1865 1805 2148 1864 lleraclius
2201 1813 2347 1867 misit

2466 614 2665 670 bilium
2726 616 3019 672 domorqu
3062 621 3316 691 pecuniis
3372 623 3558 691 aporia
3608 623 3721 694 (49)
3758 630 4067 681 coartatus,

2466 710 2676 777 accepit
2739 711 2903 765 etiam
2964 714 3214 768 ecclesia:
3270 714 3479 785 Magnae
3541 717 3737 768 qultas
3803 713 4065 768 candelas

2467 799 2725 866 ferentia,
2762 805 2923 858 simul
2976 817 3032 860 et
3081 808 3185 861 alia
3222 823 3352 863 vasa
3388 807 3804 862 ministratoris.
3844 806 4060 871 Quibus

2463 894 2714 951 conflatis
2772 900 2987 952 exarari
3033 898 3164 954 fecit
3207 917 3275 955 ex
3312 900 3397 955 his
3439 915 3695 955 nummos
3748 914 3945 953 aureos
3996 907 4055 952 ct

2463 995 2754 1054 argenteos
2812 988 3101 1057 plurimos,
3158 991 3476 1061 dimisitque
3517 991 3685 1044 filium
3728 1004 3887 1043 suum
3927 1003 4055 1042 curn

2462 1078 2649 1149 Sergio
2682 1082 2996 1150 patriarcha
3040 1084 3094 1137 in
3130 1084 3265 1139 urbe
3309 1083 3632 1153 disponendi
3684 1084 3899 1152 negetia
3948 1097 4059 1133 una

2462 1187 2587 1226 cum
2646 1172 2864 1230 Bonoso
2910 1176 3168 1246 patricio,
3210 1179 3330 1232 viro
3379 1178 3561 1248 sagaci
3613 1186 3667 1231 et
3710 1190 3808 1244 per
3863 1184 4059 1227 cuneta

2463 1264 2717 1333 prudenti
2754 1276 2921 1337 atque
2968 1271 3169 1339 perito.
3221 1270 3453 1338 Scripsit
3510 1279 3691 1323 autem
3742 1270 3807 1322 ad
3847 1268 4052 1335 chaga-

2463 1373 2590 1409 num
2630 1358 2868 1414 Avarum
2902 1376 3095 1429 preces
3119 1377 3308 1416 curam
3346 1363 3539 1431 agendi
3583 1376 3749 1429 super
3778 1359 4057 1412 Romano-

2463 1466 2583 1516 rum
2622 1452 2877 1520 negotiis,
2911 1462 3171 1521 tanquam
3214 1453 3307 1522 qui
3342 1468 3528 1507 serum
3561 1453 3859 1505 amicitiam
3893 1450 4060 1503 fuerit

2462 1552 2677 1608 pactus,
2734 1552 2970 1597 tutorem
3027 1547 3121 1599 lilii
3170 1546 3254 1600 sui
3314 1546 3461 1600 hunc
3520 1544 3819 1614 appellans.
3878 1541 4056 1594 Motus

2460 1643 2643 1687 autem
2690 1650 2719 1689 a
2760 1638 2907 1705 regia
2946 1638 3081 1691 urbe
3122 1638 3288 1690 exivit
3319 1653 3488 1705 super
3518 1639 3697 1691 locum
3734 1634 3826 1704 qui
3854 1633 4057 1686 dicitur

2458 1721 2657 1786 Portae,
2712 1726 2934 1795 navigio
2971 1729 3073 1782 iter
3103 1743 3292 1797 agens.
3339 1728 3501 1782 lllinc
3531 1742 3662 1780 vero
3698 1741 3791 1793 per
3824 1732 4055 1778 caeteras

2459 1818 2715 1886 regiones
2758 1820 2861 1873 sibi
2907 1821 3188 1889 subjectas
3235 1820 3516 1890 profectus
3546 1819 3708 1888 elegit
3757 1816 4051 1873 exercitus.

769 1884 822 1938 in
853 1883 1132 1941 Persidem
1164 1888 1374 1958 legatos
1400 1892 1465 1947 ad
1494 1892 1800 1960 Chosroen,
1828 1899 2110 1967 postulans
2134 1918 2348 1971 pacem.
2384 1884 2431 1942 Β
2463 1883 2756 1964 et—adtlidit
2790 1912 2900 1967 illis
2932 1928 3127 1966 novam
3156 1912 3428 1965 militiam.
3462 1910 3570 1965 llos
3595 1922 3774 1963 autem
3798 1921 4054 1961 exercere

768 1981 864 2033 Ast
894 1977 1166 2035 Chosroes
1199 1981 1395 2036 iterum
1436 1998 1530 2039 eos
1572 1985 1795 2054 sprevit,
1835 2004 2196 2049 asseverans:
2235 1992 2355 2048 Non

770 2089 987 2138 porcam
1039 2074 1203 2138 vobis,
1260 2074 1420 2129 donec
1481 2080 1801 2144 cruciﬁxum
1858 2084 2146 2155 abnegetis,
2206 2104 2357 2158 quem

772 2172 936 2218 “cum
982 2183 1093 2221 esse
1137 2168 1397 2236 fatemini,
1447 2179 1496 2224 et
1548 2171 1780 2227 adoretis
1822 2176 2007 2229 solem.

842 2259 1000 2313 Anno
1062 2260 1274 2329 imperii
1332 2261 1568 2316 lleraclii
1625 2280 1772 2319 nono
1826 2268 1997 2321 aciem
2040 2269 2359 2326 direxerunt

771 2352 975 2407 lit-ares
1004 2362 1192 2407 contra
1215 2352 1509 2420 Thracem,
1541 2365 1594 2411 et
1638 2358 1823 2413 missis
1850 2358 2133 2417 Heraclius
2166 2364 2358 2433 legatis

768 2444 834 2497 ad
880 2458 974 2499 eos
1016 2444 1277 2512 poscebat
1336 2460 1547 2515 pacem.
1598 2445 1847 2521 Cumque
1886 2451 2166 2523 chaganus
2218 2457 2358 2512 hanc

772 2535 950 2589 facere
997 2535 1401 2604 spopondisset.
1433 2538 1567 2592 exiit
1602 2539 1899 2609 imperator
1949 2542 2096 2599 foras
2143 2563 2354 2602 tnurmn

774 2628 994 2697 longum
1041 2643 1165 2682 cum
1221 2631 1369 2683 omni
1416 2631 1681 2701 obsequio
1726 2634 1876 2704 regio
1920 2650 1981 2691 ac
2037 2640 2357 2695 muneribus

770 2723 955 2776 multis
1016 2732 1069 2774 et
1142 2724 1356 2794 magnis
1413 2724 1480 2778 ad
1541 2728 1949 2796 suscipiendum
2005 2732 2353 2803 chaganum.

770 2825 1094 2883 recepturus
1123 2815 1189 2869 ab
1213 2831 1276 2869 eo
1311 2816 1625 2885 iuramenta
1659 2819 1894 2876 faciendi
1926 2822 2156 2880 invicem
2194 2842 2356 2896 spon-

770 2908 956 2961 siones
1003 2907 1282 2976 pacifieas.
1320 2910 1386 2961 At
1433 2926 1567 2965 vero
1595 2912 1865 2969 barbarus
1900 2916 1989 2971 ille
2034 2925 2141 2971 tam
2186 2935 2355 2990 spon-

770 2999 1018 3053 sionibus
1060 3014 1224 3069 quam
1279 3016 1399 3071 quae
1449 3003 1630 3072 jurata
1668 3004 1883 3061 fuerant
1916 3010 2138 3078 spretis,
2174 3013 2356 3069 subito

770 3092 1055 3164 tyranuiee
1089 3101 1279 3147 contra
1316 3096 1699 3164 imperatOrem
1756 3101 2036 3168 profectus
2082 3116 2184 3160 est.
2227 3106 2356 3161 Stu-

2464 2016 2624 2055 orsus
2683 2003 2736 2055 in
2776 2003 3068 2058 hostilibus
3129 2002 3389 2072 operibus
3442 2001 3723 2056 erudivit:
3762 1997 4053 2067 dupliciter

2462 2094 2606 2147 enim
2662 2094 2840 2150 diviso
2877 2096 3125 2149 exercitu
3179 2097 3326 2150 acies
3373 2103 3427 2148 et
3458 2093 3881 2163 congressiones
3910 2089 4051 2142 imi-

2462 2201 2579 2240 cem
2632 2188 2751 2242 sine
2786 2189 3056 2256 sanguine
3096 2190 3210 2242 fieri
3262 2189 3448 2257 jussit,
3490 2191 3897 2253 clamoremque
3932 2181 4051 2236 bel-

2462 2278 2626 2333 licum
2674 2289 2727 2335 ct
2770 2283 3016 2334 carmina
3050 2292 3103 2335 et
3132 2282 3363 2350 jnhilnm
3399 2291 3451 2335 et
3482 2282 3743 2342 impetum
3787 2279 3836 2329 in
3884 2276 4051 2329 alter-

2462 2378 2643 2423 utrum
2688 2371 3001 2441 insurgendi
3066 2371 3267 2424 habere
3316 2370 3415 2423 hos
3443 2368 3693 2425 docebat.
3732 2374 3790 2418 ut
3820 2366 3873 2419 in
3909 2364 4049 2417 bello

2461 2464 2664 2530 reperti
2716 2464 2791 2517 nil
2851 2465 3205 2525 mirarentur,
3250 2460 3342 2515 Sed
3391 2462 3621 2514 titlcuter
3671 2470 3928 2526 tanquam
3982 2455 4050 2507 ad

2456 2555 2645 2624 jocum
2679 2556 3169 2624 proficiscerentur
3214 2555 3266 2607 in
3312 2555 3547 2608 hostem.
3581 2552 3873 2620 Accipiens
3912 2562 4052 2601 vero

2459 2645 2755 2713 imperator
2802 2646 2855 2699 in
2891 2648 3142 2699 manibus
3192 2643 3285 2698 Dei
3339 2645 3551 2697 virilem
3587 2643 3838 2711 figuram.
3884 2653 4046 2708 (1"3’“

2459 2752 2659 2792 manus
2727 2752 2833 2791 non
2893 2738 3280 2807 depinxerunt,
3323 2738 3415 2790 sed
3474 2736 3527 2788 in
3587 2735 3746 2787 irona
3804 2729 4045 2783 Verbum

2459 2829 2602 2898 quod
2635 2829 2819 2882 omnia
2868 2830 3068 2881 format
3109 2839 3274 2896 atque
3326 2825 3611 2895 componit
3661 2825 3780 2878 sine
3832 2822 4046 2890 pietur:

2460 2922 2715 2983 formam,
2756 2921 2903 2976 velut
2948 2921 3067 2975 sine
3112 2921 3322 2974 semine
3356 2929 3594 2988 partum,
3643 2916 3853 2978 eduxit,
3886 2924 3937 2967 et
3992 2913 4050 2964 in

2460 3016 2561 3069 hac
2617 3015 2750 3068 lisus
2791 3029 2818 3064 a
2854 3012 2968 3067 Dco
3000 3013 3141 3081 picta
3198 3012 3365 3081 figura
3401 3012 3565 3079 coepit
3601 3023 3826 3077 agones,
3886 3007 4047 3073 juru-

2457 3114 2642 3159 menta
2707 3106 2845 3160 dans
2919 3107 3118 3174 popqu
3179 3105 3324 3174 quod
3398 3120 3519 3157 cmn
3577 3105 3709 3169 ipsis
3761 3116 3931 3167 usque
3980 3100 4045 3151 ad

770 3184 1018 3250 pefactus
1067 3201 1197 3254 ergo
1234 3187 1535 3257 imperator
1578 3207 1741 3259 super
1773 3194 2067 3264 insperatae
2114 3199 2189 3251 rei
2242 3215 2354 3254 mo-
2381 3234 2424 3292 ϐ
2460 3209 2688 3252 mortem
2724 3198 2862 3252 foret
2910 3206 3224 3251 certaturus
3256 3207 3308 3250 et
3339 3198 3420 3250 eis
3458 3208 3718 3264 tauquam
3765 3196 3888 3247 ﬁliis
3923 3206 4046 3260 pro-

772 3276 977 3341 limine,
1042 3277 1167 3347 fuga
1236 3278 1423 3347 lapsus
1487 3281 1539 3334 iu
1607 3283 1881 3338 civitatem
1945 3302 2193 3341 reversus
2250 3299 2350 3343 est.

770 3368 1043 3424 liarbarns
1081 3380 1263 3425 autem
1301 3374 1449 3427 οιιιυί
1495 3374 1644 3443 regio
1686 3387 1953 3446 apparatu
1996 3380 2249 3451 adempto
2298 3392 2354 3437 ct

770 3459 1116 3529 supellectili,
1180 3471 1235 3514 et
1319 3472 1589 3532 quotquot
1644 3481 1707 3519 ex
1774 3468 2089 3525 hominibus
2152 3487 2346 3542 capere

768 3550 965 3622 potuit.
1017 3552 1286 3608 subvertit
1352 3555 1508 3609 villas
1582 3559 1805 3622 multas,
1870 3561 2209 3632 depopulans
2287 3583 2349 3619 ex

768 3647 1064 3715 improviso
1100 3661 1195 3715 spe
1234 3648 1399 3715 pacis
1421 3648 1701 3718 deceptos.

834 3736 1027 3791 Mundi
1085 3752 1229 3791 anno
1275 3737 1435 3800 (illi,
1486 3740 1683 3795 di‘viute
1751 3741 2153 3814 incarnationis
2208 3763 2351 3803 anno

765 3828 891 3891 (lli,
944 3842 1089 3882 anno
1132 3843 1259 3882 vero
1313 3828 1525 3897 imperii
1565 3830 1802 3886 Heraclii
1838 3833 2051 3890 decimo
2086 3836 2350 3908 Georgius

770 3920 1149 3974 Antiochenus
1181 3919 1413 3975 habetur
1452 3924 1706 3977 antistes.
1753 3922 2038 3981 lieraclius
2072 3937 2251 3983 autem
2283 3931 2348 3984 ad

764 4010 1068 4077 chagannm
1124 4015 1364 4065 Avarum
1415 4012 1607 4082 legatis
1657 4015 1840 4071 inissis
1894 4018 2145 4083 queritur
2188 4035 2351 4089 super

766 4099 854 4155 bis
896 4115 1017 4168 qua:
1057 4099 1311 4169 nequiter
1350 4111 1471 4155 acta
1520 4102 1735 4157 fuerant
1767 4105 1837 4159 ab
1865 4120 1953 4170 eo,
1986 4115 2039 4161 et
2062 4108 2127 4160 ad
2160 4124 2347 4177 pacem

766 4194 1044 4247 hortatur.
1079 4192 1240 4248 Acies
1278 4194 1478 4263 quippe
1519 4194 1814 4265 disponens
1846 4208 2038 4254 contra
2070 4198 2345 4258 Persidem

765 4284 1079 4352 dirigendas
1118 4285 1319 4353 pacisci
1359 4299 1482 4338 cum
1519 4286 1766 4357 chagano
1818 4290 2051 4346 volebat.
2101 4290 2204 4358 Qui
2264 4309 2349 4347 re-

768 4377 973 4429 veritus
1004 4374 1353 4429 dilectionem
1397 4376 1746 4446 imperatoris
1776 4395 1836 4434 se
1872 4383 2207 4460 paenituisse
2231 4385 2347 4460 pol:-

766 4465 1036 4521 licebatur
1065 4477 1118 4521 et
1146 4480 1331 4537 pacem
1358 4466 1538 4522 facere
1560 4471 1908 4543 repromisit;
1942 4462 2347 4545 pangentesque

2459 3290 2594 3358 priis
2656 3289 3009 3342 adhaesurus:
3071 3289 3285 3341 volt-hat
3344 3287 3489 3339 enim
3553 3292 3874 3354 potestatem
3935 3296 4048 3334 non

2458 3381 2655 3433 timore
2702 3390 2968 3448 quantum
3019 3394 3205 3432 amore
3261 3377 3565 3447 possidere.
3604 3374 3847 3442 Cumque
3898 3375 4048 3424 inv-:-

2458 3472 2634 3525 n'isscl
2698 3470 3005 3525 exercitum
3058 3472 3113 3523 in
3175 3471 3387 3522 desidia
3436 3469 3603 3521 multa
3638 3477 3688 3520 et
3731 3464 4046 3519 formidine,

2458 3560 2847 3630 inquietudine
2918 3576 2981 3614 ac
3051 3560 3319 3615 dedecore
3394 3562 3778 3621 constitutum,
3835 3563 3886 3610 et
3952 3570 4051 3623 per

2453 3655 2657 3707 multas
2722 3663 2878 3706 terra:
2935 3663 3118 3723 partes
3193 3651 3636 3713 disseminatum,
3697 3656 3938 3701 actutum
3991 3651 4049 3696 in

2455 3760 2622 3798 unum
2671 3743 2917 3811 collegit.
2968 3745 3031 3796 lit
3067 3758 3259 3797 omnes
3299 3745 3455 3812 quasi
3503 3757 3567 3795 ex
3601 3755 3704 3793 una
3739 3751 4046 3792 consonan-

2455 3838 2528 3889 tia
2567 3836 2929 3889 laudavcrunt
2959 3836 3245 3904 imperium
3276 3844 3326 3887 ct
3356 3833 3734 3888 fortitudinem
3759 3830 4047 3901 principis.

2452 3926 2571 3997 Ipse
2639 3943 2768 3981 vero
2836 3928 3014 3981 verbis
3077 3926 3175 3980 hos
3244 3927 3610 3980 corroborans
3680 3922 4035 3991 perhibebat:

2464 4021 2665 4085 Videte,
2698 4021 2890 4089 fratres
2932 4031 2978 4073 et
3008 4021 3129 4087 ﬁlii,
3171 4027 3294 4089 quot
3327 4020 3531 4071 inimici
3577 4017 3668 4069 Dei
3701 4018 4042 4069 conculcet:-

2455 4114 2563 4166 rint
2616 4114 2878 4182 regionem
2941 4121 3200 4175 nostram,
3254 4122 3303 4163 et
3356 4112 3509 4164 urbes
3557 4108 4041 4163 exterminarunt.

2452 4213 2501 4256 et
2552 4203 2755 4257 altaria
2787 4203 3249 4265 concremarerint,
3287 4211 3335 4255 et
3391 4217 3595 4253 "tensas
3647 4200 4040 4251 iurruentorum

2450 4296 2843 4363 sacriﬁciorum
2883 4294 3229 4363 sanguiuibus
3276 4292 3681 4347 Itomicidiorum
3711 4289 4041 4358 replereriut,

2448 4402 2496 4444 et
2531 4390 2800 4451 ecclesias,
2840 4404 2954 4456 qua
2981 4386 3187 4457 ﬂagitia
3237 4403 3339 4439 non
3380 4385 3698 4441 admittunt.
3732 4384 4041 4450 flagitiosis-

2449 4482 2599 4533 simis
2629 4478 2936 4545 repleret-int
2973 4477 3351 4535 voluptatibus.
3396 4474 3579 4541 Itaque
3608 4489 3815 4528 cuneos
3849 4489 4041 4527 rursus

767 4558 976 4616 foedera
1027 4562 1188 4627 legati
1243 4563 1294 4615 in
1343 4574 1477 4629 pace
1528 4565 1732 4618 reversi
1770 4574 1919 4623 sunt.
1963 4566 2160 4622 Eodem
2195 4584 2340 4623 anno
2367 4576 2421 4637 D
2451 4573 2516 4625 ad
2555 4573 2808 4625 bellicum
2843 4570 3169 4624 exercitium
3205 4577 3403 4627 armat,
3445 4568 3659 4637 agmina
3699 4568 3805 4619 duo
3831 4576 4034 4619 armata

766 4661 1027 4723 ceperunt
1057 4652 1237 4707 Persa:
1272 4652 1539 4725 Ancyram
1579 4652 1803 4709 Galatiae
1834 4657 1997 4716 bello.

836 4744 997 4800 Anno
1028 4745 1241 4815 imperii
1280 4744 1513 4800 Heraclii
1544 4746 1600 4801 11
1633 4747 1829 4802 durum
1855 4749 2130 4807 Chosroes
2153 4743 2342 4822 jitgum

766 4851 927 4889 suum
986 4850 1153 4905 super
1198 4850 1391 4891 omnes
1454 4836 1705 4892 homines
1759 4837 1889 4895 fecit
1958 4842 2012 4896 in
2079 4843 2348 4900 ellusione

766 4928 1055 4991 sanguinis
1082 4937 1136 4982 et
1165 4931 1377 4986 ratione
1413 4930 1603 4986 tributi
1629 4950 1643 4985 :
1667 4933 1846 4988 elatus
1874 4937 2018 4990 enim
2060 4937 2342 5007 triumpho

767 5023 1082 5076 nullatenus
1109 5021 1247 5075 ultra
1280 5022 1337 5076 in
1382 5025 1696 5079 constantia
1740 5041 1865 5082 esse
1908 5038 2142 5096 poterat.
2192 5028 2347 5086 Tunc

768 5112 1049 5169 lleraclius
1114 5114 1232 5168 zelo
1276 5113 1365 5171 Dei
1427 5125 1707 5187 suscepto,
1777 5127 1833 5173 et
1889 5134 2013 5173 cum
2078 5122 2347 5177 Avaribus

768 5220 924 5274 pace,
990 5213 1048 5258 ut
1110 5207 1357 5274 putabat,
1412 5217 1719 5274 contracta,
1780 5212 2061 5266 transtulit
2120 5214 2347 5269 militias

770 5292 1004 5361 Europae
1054 5294 1106 5347 in
1162 5293 1371 5357 Asiam,
1406 5306 1459 5351 et
1518 5299 1797 5367 cogitabat
1841 5299 1931 5355 Dei
1963 5305 2347 5373 cooperatione

766 5396 959 5438 contra
1006 5384 1285 5441 Persidem
1338 5401 1652 5456 properare.
2241 5434 2262 5442 ._

838 5476 1000 5528 Anno
1042 5476 1251 5543 imperii
1293 5478 1377 5531 sui
1420 5477 1501 5538 12.
1550 5481 1735 5535 mens’e
1784 5481 2089 5551 Aprili,die
2116 5485 2169 5548 4,
2204 5486 2344 5540 indi-

771 5566 953 5621 ctione
984 5566 1073 5632 10,
1110 5568 1405 5637 imperator
1453 5571 1739 5629 Heraclius
1780 5573 2053 5629 celebrata
2086 5578 2341 5630 solemni-

768 5666 879 5714 tzue
915 5660 1177 5729 paschali,
1208 5677 1330 5717 mox
1366 5665 1611 5717 secunda
1645 5664 1781 5719 feria
1816 5668 2023 5739 vesperi
2056 5680 2237 5725 motus
2257 5680 2343 5725 est

2445 4664 2730 4726 ordinans,
2763 4663 2922 4716 tubas
2984 4676 3200 4729 quoque
3254 4674 3317 4712 ac
3362 4660 3675 4729 clypeorum
3730 4659 4040 4727 phalanges

2450 4756 2710 4813 clliciens.
2748 4754 2809 4808 Et
2839 4756 3075 4824 populus
3104 4754 3328 4806 thorace
3363 4753 3590 4805 indutus
3639 4752 3873 4806 astabat.
3904 4750 4037 4803 Nam

2453 4866 2578 4905 cum
2640 4849 2788 4903 acies
2838 4848 3056 4899 cautius
3098 4847 3445 4907 statuissent,
3478 4846 3919 4915 congress'onem
3957 4844 4041 4896 in-

2454 4944 2627 4997 vicem
2660 4956 2822 5009 agere
2844 4939 3035 5008 jussit.
3082 4939 3444 5007 impulsiones
3476 4946 3658 4993 autem
3693 4938 4043 4991 vehementes

2454 5047 2517 5087 ac
2585 5030 2970 5100 percussiones
3040 5028 3092 5081 in
3160 5030 3486 5081 alterutrum
3539 5027 3928 5090 efﬁciebantur,
3986 5035 4040 5079 et

2451 5124 2675 5177 habitus
2712 5121 2837 5175 belli
2867 5118 3322 5183 ostendebantur,
3361 5126 3590 5186 eratque
3630 5117 3886 5170 horribile
3919 5116 4039 5169 visu

2450 5213 2845 5285 spectaculum,
2899 5212 3019 5267 sine
3065 5212 3261 5264 timore
3294 5210 3616 5281 periculum,
3653 5219 3704 5262 et
3733 5208 3797 5260 ad
3828 5216 4039 5276 strages

2452 5306 2692 5375 impetus
2724 5305 2843 5358 sine
2881 5302 3170 5373 sanguine,
3205 5304 3297 5357 sed
3336 5303 3886 5378 antenecessitatem
3947 5317 4041 5351 Iw-

2452 5397 2725 5451 cessitatis
2781 5396 2955 5459 modi,
3008 5406 3281 5463 quatenus
3346 5394 3726 5461 unusquisque
3781 5401 4035 5460 ρρτσοβιέὶ

2452 5489 2740 5542 occasione
2757 5487 2921 5540 raedis
2951 5488 3201 5540 innocuae
3228 5487 3396 5539 tutior
3422 5494 3791 5554 permaneret.
3818 5482 4033 5545 Taliter

2454 5590 2632 5633 autem
2671 5581 2899 5634 armatis
2945 5580 3201 5631 omnibus
3247 5578 3499 5647 prmeepit
3534 5579 3600 5629 ab
3645 5575 3909 5644 injustitia
3946 5587 4036 5640 pe-

2453 5672 2603 5726 nitus
2658 5670 3038 5725 abstinendum
3079 5683 3131 5724 et
3173 5672 3430 5740 pit-tatem
3472 5686 3543 5724 set
3565 5670 3809 5724 tandum.
3865 5668 4035 5723 Porro

2286 5765 2493 5824 NOTAE

840 5841 951 5911 (i9)
983 5847 1190 5912 Aperta.
1239 5845 1365 5902 Vide
1395 5848 1709 5917 Spelmannt
1756 5850 2091 5910 Glossarium
2120 5875 2171 5913 in
2207 5874 2469 5928 opm-tare.
2498 5869 2549 5914 et

1756 5850 2091 5910 Glossarium
2120 5875 2171 5913 ιιι
2207 5874 2469 5928 ηροηαττ,
2498 5869 2549 5914 ρι
2584 5859 2862 5916 Vossium,
2903 5857 2970 5911 [δι’
3013 5877 3051 5903 τι
3088 5877 3145 5908 :ta
3186 5876 3458 5913 ζωννωτιτ,

3516 5856 3651 5911 Fair
