4414 6462
364 452 503 524 Im

1133 457 1506 522 HISTORIA
1541 461 2113 523 εοειεειΑετιαΑ
2149 461 2253 523 EX
2280 461 2770 524 ἹἨΚΟΡΗΑΝΕ.

3454 459 3596 526 I302

368 584 495 629 eum
528 567 867 641 pervenisset
898 568 966 624 ad
1017 579 1204 640 partes
1254 571 1549 637 armenia.
1598 589 1933 643 prccurrere
1959 579 2005 635 Α
2035 574 2356 629 benderunt.
2393 573 2669 642 Ceperunt
2696 585 2914 641 quoque
2959 579 3014 626 et
3057 571 3253 625 borum
3287 570 3592 628 exercitum,

365 658 536 728 jussit
577 656 803 714 eleaos.
852 655 1252 715 Saracenorum
1283 676 1414 716 vero
1445 671 1575 718 tunc
1615 664 1721 719 sub
1761 665 1934 734 pactis

297 774 299 776 -
369 739 676 802 Persarum'
709 747 1135 803 constitutorum
1166 749 1458 805 multitudo
1493 751 1738 821 equitum
1792 753 1934 808 clam

370 838 427 892 in
477 835 861 906 Imperatorem
915 839 1129 895 irruere
1161 838 1550 896 meditabatur.
1609 842 1721 898 Viri
1752 851 1934 899 autem

371 926 742 996 Imperatoris.
803 927 898 998 qui
956 936 1377 999 praeurrerant,
1430 929 1516 985 bis
1581 943 1937 992 occurrentes

369 1022 651 1084 pastorem
701 1016 943 1085 ipsorum
980 1017 1218 1070 vinctum
1272 1016 1341 1071 ad
1400 1016 1710 1075 Heraclium
1764 1023 1935 1078 addu.

373 1114 585 1170 xerunt,
617 1107 832 1178 illisque
857 1107 912 1163 in
946 1106 1127 1176 fugam
1167 1109 1350 1166 versis
1392 1109 1598 1168 multos
1640 1111 1936 1170 intereme-

338 1205 518 1252 ‘ruut.
579 1193 720 1264 Quia
775 1213 904 1253 vero
962 1197 1139 1253 hieme
1190 1199 1485 1255 accedente
1527 1202 1823 1272 imperator
1866 1204 1937 1260 ad

372 1282 655 1342 Ponticum
682 1286 842 1342 clima
879 1285 1123 1351 divertit,
1162 1287 1348 1343 visum
1385 1297 1473 1346 est
1504 1289 1760 1349 barbaria
1789 1295 1942 1350 obsi-

370 1375 502 1432 dere
532 1375 688 1432 illum
738 1376 794 1430 In
840 1375 947 1431 ltoc
1000 1374 1358 1434 biemantem.
1387 1381 1457 1435 At
1501 1381 1594 1438 ille
1623 1382 1820 1440 Persas
1853 1385 1973 1440 la»

370 1475 493 1522 tests
556 1474 720 1536 atque
788 1452 1068 1524 divertens
1130 1467 1410 1526 Persidem
1486 1482 1764 1543 properat.
1825 1473 1940 1532 Hoc

371 1553 602 1609 Barbari
664 1556 887 1625 cognito
962 1556 1018 1611 in
1088 1573 1374 1615 rancorem
1437 1575 1606 1618 causa
1680 1553 1937 1636 insperati

371 1641 551 1698 aditus
588 1641 948 1700 devenerunt.
990 1643 1266 1704 Sarbarua
1293 1666 1440 1716 vero.
1473 1651 1764 1710 Persarum
1804 1671 1942 1726 pre-

369 1743 478 1794 tor.
534 1741 762 1804 accepto
822 1743 1116 1806 potentatu
1183 1753 1287 1795 suo
1344 1743 1498 1797 venit
1558 1747 1614 1799 in
1665 1744 1936 1816 Ciliciam,

366 1831 647 1891 quatenus
670 1824 724 1880 in
749 1823 1073 1883 Roma-iam
1102 1820 1357 1897 egressus
1377 1833 1524 1889 bunc
1551 1835 1683 1891 dare
1709 1836 1933 1894 dorsum

369 1889 741 1984 compelleret.
798 1914 1023 1975 'l'imens
1068 1889 1249 1976 autem
1282 1937 1352 1979 ne
1399 1939 1500 1994 per
1536 1889 1933 1988 Armeniam—in
1961 1889 2014 1950 Β

368 2001 645 2060 Persidem
680 2006 976 2078 imperator
1013 2011 1293 2082 ingressus
1334 2013 1477 2071 bane
1527 2018 1793 2088 turbaret,
1840 2036 1934 2078 co.

370 2103 536 2151 actus
587 2106 674 2153 est
711 2102 865 2170 sequi
901 2109 1025 2172 post
1061 2101 1366 2170 Romanum
1412 2111 1743 2178 exercitam,
1765 2111 1936 2170 furari

368 2204 567 2247 curans
620 2192 843 2259 bellum,
872 2204 928 2250 at
972 2209 1071 2266 per
1105 2198 1400 2256 obscuram
1437 2203 1659 2275 aggredi
1695 2215 1934 2264 noctem.

370 2277 477 2335 Sed
521 2294 553 2336 e
583 2292 774 2340 contra
822 2286 995 2356 plen:
1024 2289 1168 2346 lana
1196 2297 1309 2346 tota
1340 2302 1500 2349 nocte
1525 2276 1647 2352 luce
1675 2296 1936 2368 fulgente.

369 2371 716 2466 cavillatione
766 2377 1066 2457 frustratus
1117 2389 1227 2448 est.
1275 2392 1328 2439 et
1385 2384 1594 2450 lunam,
1649 2403 1772 2460 quae
1831 2392 1938 2466 sib;

370 2463 522 2546 prius
566 2464 622 2522 in
672 2469 822 2524 cultu
870 2470 1066 2538 fuerat,
1126 2471 1451 2540 infamabat,
1513 2493 1636 2548 qua
1687 2463 1941 2538 videlicet

368 2552 617 2624 eclipsim
664 2572 732 2613 ex
773 2559 1059 2618 accidente
1116 2563 1356 2620 tulisset.
1408 2563 1483 2621 Ex
1526 2566 1629 2635 boc
1670 2585 1800 2639 ergo
1825 2571 1942 2626 for-

372 2641 615 2698 midabat
666 2645 943 2703 Sarbarus
972 2663 1096 2704 cum
1130 2650 1461 2723 imperatore
1505 2653 1820 2712 conﬂictum
1849 2673 1944 2730 ag-

370 2731 546 2800 gredi,
591 2742 649 2790 et
692 2745 931 2793 montem
978 2742 1302 2799 conscendit
1344 2744 1501 2814 quasi
1543 2744 1830 2812 dorcades.
1863 2749 1945 2804 in-

373 2824 547 2878 tuitus
592 2828 662 2879 ab
705 2829 925 2884 excelso
973 2829 1172 2886 bonam
1207 2841 1262 2888 et
1313 2835 1548 2905 sapienti
1585 2840 1944 2909 compositam

375 2923 492 2968 arte
522 2914 769 2970 militiam
816 2916 1210 2977 Romanorum.
1259 2923 1552 3001 Comperta
1601 2943 1729 2983 vero
1779 2930 1949 3002 impe-

375 3012 526 3058 rator
549 3002 742 3059 borum
778 3006 1072 3066 formidine
1111 3013 1173 3067 in
1197 3015 1331 3072 locis
1375 3019 1694 3074 morabatur
1725 3021 1945 3090 requie-

373 3095 525 3150 tione
568 3094 804 3164 refertis,
839 3099 983 3155 hunc
1024 3102 1092 3156 ad
1136 3104 1340 3159 bellum
1369 3105 1660 3177 instigans.
1711 3110 1945 3165 Descen-

2033 669 2088 716 ct
2130 675 2341 716 omnem
2374 659 2765 728 supellectilem
2811 659 3077 725 ipsorum.
3119 653 3580 718 l'orroliomani.

2034 750 2276 806 extensis
2301 751 2357 804 in
2393 750 2667 804 excelsum
2697 746 2972 809 manibus,
3006 742 3117 798 Deo
3154 743 3356 812 gratias
3385 743 3590 798 refere-

2037 842 2186 902 bant.
2216 848 2266 895 et
2295 854 2391 907 pro
2420 841 2768 908 imperatore,
2802 837 2894 904 qui
2932 850 2992 890 se
3053 835 3191 890 bene
3251 841 3585 902 portaverat.

2035 931 2407 987 indeiicientcr
2436 929 2684 983 orabant.
2745 927 2846 990 Qui
2883 926 3027 980 enim
3081 932 3236 978 antea
3274 937 3375 978 nec
3407 914 3588 977 Persi-

2034 1038 2158 1078 cum
2212 1021 2484 1077 audebant
2536 1019 2720 1072 videre
2783 1017 3081 1085 pulverem,
3149 1029 3295 1068 nunc
3368 1014 3587 1067 immuta

2033 1128 2220 1170 eorum
2283 1114 2502 1168 inventa
2553 1108 2905 1163 tabernacula
2961 1107 3216 1176 spoliant.
3271 1103 3408 1169 Quis
3445 1102 3588 1157 enim

2035 1204 2273 1275 speravit
2343 1200 2634 1256 Persarum
2703 1199 3117 1268 inexpugnabile
3181 1212 3355 1266 genus
3428 1195 3590 1250 dorsa

2037 1295 2286 1348 daturum
2309 1305 2546 1361 unquam
2572 1288 2881 1345 Romanis!
2901 1287 3089 1355 itaque
3119 1287 3409 1355 imperator
3433 1300 3592 1341 exer-

2035 1387 2145 1441 eitu
2211 1397 2334 1438 cum
2387 1390 2616 1452 praetore
2690 1377 2756 1433 ad
2821 1378 3168 1433 biemandum
3237 1378 3292 1431 in
3333 1377 3590 1432 Armenia

2035 1473 2296 1530 derelicto
2333 1473 2451 1542 ipse
2488 1468 2808 1541 Byzantium
2867 1467 3046 1522 rediit.

2107 1564 2297 1619 Hundi
2350 1575 2494 1617 anno
2542 1559 2702 1627 (illi,
2741 1559 2940 1614 divinae
3004 1557 3401 1614 incarnationis
3454 1569 3598 1611 anno

2037 1653 2165 1717 θη,
2219 1665 2366 1704 anno
2413 1648 2629 1718 imperii
2690 1648 2774 1704 sui
2824 1649 2891 1701 I5
2923 1645 3206 1702 Hcraclius
3245 1643 3522 1716 profectus
3570 1660 3600 1698 a

2040 1744 2187 1814 regia
2256 1740 2391 1797 urbe
2451 1740 2708 1796 celeriter
2788 1741 2844 1792 in
2902 1741 3216 1793 Armeniam
3272 1739 3600 1808 properavit.

2038 1834 2312 1890 Cbosrocs
2358 1840 2536 1886 autem
2598 1828 2888 1885 Persarum
2930 1845 3024 1885 res
3067 1829 3217 1884 misit
3251 1828 3602 1882 Sarbanaxau

2036 1939 2161 1980 cum
2204 1924 2447 1980 exercitu
2490 1935 2592 1977 suo
2625 1922 2680 1975 in
2725 1921 3093 1976 Romanorum
3119 1928 3317 1974 terram
3340 1901 3618 1972 intrandi-

2037 2013 2319 2071 ileraclius
2380 2021 2563 2068 autem
2613 2012 2889 2068 scribebat
2937 2011 3006 2065 ad
3060 2011 3344 2066 Cbosroen
3395 2016 3455 2062 ut
3511 2014 3620 2060 aut.

2038 2125 2224 2182 pacem
2276 2110 2717 2180 amplecteretur.
2755 2113 2848 2161 aut
2877 2121 2936 2162 se
2981 2105 3147 2159 sciret
3194 2119 3316 2158 cum
3367 2102 3605 2158 exercitu

2037 2216 2139 2257 suo
2184 2200 2467 2257 Persidem
2519 2200 2919 2274 ingressurum.
2961 2197 3236 2252 Cbosroes
3279 2206 3460 2250 autem
3508 2207 3609 2249 nec

2037 2306 2227 2364 pacem
2292 2291 2742 2361 amplectebatur,
2784 2304 2887 2344 nec
2933 2302 3124 2342 verum
3187 2285 3423 2340 licraelii
3489 2299 3608 2339 ser-

2040 2399 2254 2440 monem
2329 2382 2738 2438 arbitrabatur:
2793 2395 2903 2435 non
2976 2380 3122 2433 enim
3193 2376 3400 2432 audere
3456 2376 3605 2428 illum

2042 2473 2255 2528 Persidi
2328 2472 2766 2540 appropinquare
2824 2467 3068 2538 putabat.
3125 2464 3268 2520 Sane
3321 2465 3611 2532 imperator

2041 2565 2508 2623 xttKalendarum
2547 2563 2808 2618 Maiarum
2857 2561 3140 2632 ingressus
3183 2568 3268 2614 est
3311 2556 3609 2612 Persidem.

2043 2656 2163 2723 Quo
2200 2653 2473 2709 Cbosroes
2499 2659 2783 2719 comperto
2819 2649 3171 2703 Sarbanaaan
3203 2647 3399 2700 reverti
3425 2646 3618 2715 jussit,

2043 2758 2100 2803 et
2125 2747 2371 2804 collectis
2397 2759 2462 2799 ex
2499 2750 2609 2797 tota
2645 2741 2864 2797 Perside
2903 2740 3116 2796 militiis
3149 2741 3284 2803 suis,
3317 2746 3371 2793 et
3397 2737 3616 2794 traditis

2045 2840 2125 2895 cis
2151 2837 2302 2900 Snio,
2360 2834 2619 2890 velociter
2649 2832 2874 2887 adunari
2913 2846 3006 2886 eas
3061 2830 3387 2885 Sarbanazte
3429 2829 3613 2899 jussit.

2045 2938 2103 2985 et
2155 2931 2227 2982 ita
2273 2935 2466 2982 contra
2509 2926 2897 2993 imperatorem
2965 2921 3281 2991 procedere.
3334 2919 3614 2973 lieraclius

2046 3026 2228 3071 autem
2271 3017 2538 3070 advocato
2592 2998 2837 3067 exercitu
2878 3025 2979 3067 suo
3015 3012 3196 3064 verbis
3226 3008 3616 3062 exhortatoriis

2047 3106 2308 3161 incitabat
2335 3119 2454 3169 eos,
2484 3104 2705 3157 dicetis:
2756 3098 2870 3153 Viri
2913 3099 3128 3168 fratres,
3167 3098 3259 3152 Dei
3294 3100 3534 3149 timorem
3560 3097 3614 3149 in

375 3183 568 3267 dentes
595 3188 952 3244 autemciam
977 3189 1048 3246 de
1085 3196 1271 3250 marite
1308 3210 1452 3266 sape
1487 3199 1774 3255 conflictus
1802 3215 1938 3256 con-
1965 3213 2010 3273 α
2047 3208 2266 3252 mentem
2298 3210 2605 3258 sumamus;
2635 3191 2886 3260 injuriam
2931 3191 3044 3260 ejus
3097 3193 3356 3259 requirere
3403 3195 3619 3256 satagts~

355 3274 637 3344 .citabant,
682 3277 787 3334 sed
823 3278 878 3335 in
936 3284 1159 3340 cunctis
1199 3283 1432 3342 Romani
1461 3289 1756 3358 primatum
1795 3299 1948 3350 tene-

378 3366 532 3430 bant.
559 3375 615 3422 et
664 3367 916 3426 ﬁduciam
944 3370 1286 3446 peramplius
1333 3377 1614 3434 exercitus
1642 3380 1952 3451 obtinebat,

376 3454 626 3516 videntes
662 3459 1046 3533 imperatorem
1076 3465 1451 3537 proﬁcientem
1504 3468 1563 3526 in
1602 3472 1860 3529 omnibus
1896 3482 1954 3530 et

379 3550 640 3606 audacter
681 3551 1112 3625 belligerantem.
1161 3555 1329 3615 Persa
1387 3574 1517 3616 vero
1557 3562 1780 3633 quidam
1829 3574 1953 3621 ante

380 3638 545 3697 breve
585 3650 807 3714 tempus
851 3647 1114 3720 profugus
1163 3649 1308 3706 inter
1359 3653 1954 3721 lmperatoris'exerci.

379 3743 492 3787 tum
521 3737 1000 3792 annumerabatur.
1052 3739 1155 3794 Hic
1184 3739 1399 3808 fugiens
1430 3741 1497 3794 ad
1550 3740 1748 3797 Persas
1793 3742 1947 3808 abiit,

377 3824 704 3882 existimans
738 3841 839 3882 eos
880 3824 1251 3882 Romanorum
1295 3830 1752 3884 exterminaturos
1798 3846 1955 3886 eser-

379 3914 573 3970 citum.
617 3914 754 3971 Cum
814 3923 998 3970 autem
1053 3915 1402 3971 formidinem
1444 3931 1636 3974 eorum
1697 3919 1947 3986 vidisset,

381 4015 506 4075 post
533 4004 798 4059 decimum
835 4002 979 4065 diem
1021 4004 1217 4061 iterum
1268 4008 1334 4064 ad
1365 4008 1749 4081 imperatorem
1782 4013 1951 4079 venit,

378 4102 436 4149 et
483 4107 700 4164 omnem
744 4092 954 4164 liquido
1002 4091 1369 4154 Barbarorum
1435 4115 1693 4172 pavorem
1755 4104 1948 4162 edixit.

382 4185 451 4238 At
488 4197 620 4238 vero
645 4181 922 4243 Sarbarus
949 4187 1096 4243 ultra
1118 4193 1604 4249 commorationem
1636 4207 1744 4250 non
1777 4194 1957 4253 ferens

383 4289 414 4328 a
463 4269 648 4330 mobte
704 4283 930 4335 coactus
980 4287 1067 4336 est
1116 4280 1185 4336 ad
1241 4282 1489 4353 praelium
1542 4284 1837 4356 proﬁcisci.
1895 4286 1952 4343 In

383 4375 500 4424 tres
549 4375 733 4424 autem
789 4380 974 4442 partes
1027 4371 1220 4432 divisis
1284 4377 1618 4435 exercitibus
1672 4379 1957 4437 descendit

384 4465 607 4528 repente
674 4457 1028 4521 illucescente
1089 4464 1198 4540 dic,
1262 4477 1390 4524 ante
1449 4469 1585 4527 solis
1641 4485 1953 4539 ascensum,

2049 3304 2188 3344 mus.
2235 3284 2443 3342 Stemus
2479 3285 2690 3354 fortiter
2730 3283 2979 3336 aduersus
3013 3281 3277 3342 inimicos,
3318 3281 3405 3348 qui
3455 3280 3622 3331 mu'ta

2049 3378 2172 3432 dira
2208 3378 2263 3431 in
2311 3375 2634 3431 Christianis
2674 3373 2877 3441 operati
2927 3380 3072 3426 sunt.
3124 3370 3471 3425 Revereamur
3515 3365 3625 3421 Ro-

2050 3484 2328 3523 manorum
2367 3467 2664 3536 imperium,
2687 3464 2828 3535 quod
2866 3464 2950 3518 sui
2997 3463 3160 3532 ipsius
3190 3473 3238 3516 et
3271 3477 3373 3514 non
3405 3460 3626 3512 alterius

2051 3569 2126 3616 est
2160 3559 2385 3620 domini.
2433 3566 2484 3612 et
2523 3566 2721 3611 stemus
2763 3556 3015 3609 adversus
3055 3556 3228 3609 hostes
3252 3554 3454 3622 ‘impiis
3505 3551 3642 3605 telis.

2052 3662 2309 3707 armatos.
2326 3648 2618 3703 Induamus
2633 3648 2788 3715 ﬁdem
2806 3647 3261 3711 interemptionum
3280 3644 3628 3711 interemptri-

2055 3756 2188 3794 eem.
2227 3738 2603 3806 Recogitemtts,
2635 3734 2760 3803 quia
2782 3735 2922 3786 intra
2959 3732 3244 3786 Persarum
3277 3740 3471 3783 terram
3501 3748 3628 3784 cou-

2052 3825 2310 3890 sistimus,
2342 3836 2391 3876 et
2427 3826 2605 3891 ingens
2661 3821 2789 3890 fuga
2813 3820 3105 3890 periculum
3136 3819 3258 3888 fert.
3291 3817 3624 3872 Vindicemus

2053 3917 2410 3983 corruptiones
2440 3915 2722 3984 virginum.
2741 3910 2926 3965 Reciso
2944 3912 3361 3965 commilitonum
3394 3915 3626 3963 membra

2057 4017 2358 4064 nostrorum
2385 4006 2612 4060 ridentes
2639 4003 2886 4059 cordibus
2913 4001 3209 4056 doleamus.
3229 4001 3344 4054 Non
3378 4010 3498 4054 sunt
3518 4002 3626 4054 hac

2056 4098 2258 4154 nullam
2295 4098 2409 4168 (50)
2446 4096 2728 4150 mercedem
2768 4094 3040 4156 habentia,
3099 4093 3189 4147 sed
3234 4095 3351 4146 vita
3388 4093 3626 4162 perennis

2055 4188 2296 4260 prtemia.
2343 4185 2552 4242 Stemus
2577 4185 2822 4247 viriliter,
2849 4193 2898 4238 et
2920 4183 3174 4237 Dominus
3200 4181 3340 4235 Deus
3370 4183 3520 4236 nobis
3548 4197 3633 4235 co.

2057 4281 2376 4352 operabitttr,
2389 4287 2438 4334 et
2454 4279 2630 4349 perdet
2644 4277 2881 4333 inimicos
2903 4273 3382 4341 uostros.Cumque
3398 4273 3630 4340 impera-

2059 4379 2147 4428 tor
2177 4373 2261 4428 bis
2292 4379 2346 4428 et
2371 4371 2493 4425 aliis
2528 4367 2946 4443 quamplurimis
2980 4360 3502 4420 comouitionibus
3523 4373 3622 4427 po-

2061 4465 2248 4536 pulum
2303 4451 2623 4520 exbortatus
2678 4468 2851 4526 esset,
2901 4454 3194 4521 respondit
3245 4453 3294 4510 ei
3332 4467 3474 4506 unus
3529 4464 3652 4520 pro-

383 4559 722 4620 sint-paratas
772 4552 842 4610 ad
878 4553 1105 4611 bellum.
1166 4557 1239 4614 At
1273 4548 1608 4631 imperator,
1663 4563 1957 4633 pra-sciens
1988 4542 2033 4598 θ
2061 4558 2316 4614 omnibus
2354 4576 2367 4612 :
2401 4554 2723 4627 Ezpandisti
2755 4552 3057 4623 angustiam
3090 4547 3266 4603 cordis
3308 4545 3497 4607 nostri,
3532 4544 3630 4594 do-

385 4640 516 4708 ttoc,
563 4644 782 4701 ordinat
813 4648 1096 4707 exercitus
1127 4648 1186 4707 ia
1223 4659 1339 4709 tres
1375 4667 1532 4724 mque
1567 4655 1861 4726 phalanges
1890 4655 1958 4711 ad
2062 4651 2222 4715 mine,
2252 4667 2311 4705 os
2350 4659 2496 4704 suum
2521 4650 2577 4702 in
2612 4647 2972 4701 admonitione
3036 4642 3298 4696 ditatem.
3361 4638 3638 4698 Acuerunt

384 4746 644 4806 ριιεπιιι.
718 4735 856 4796 Orto
933 4749 1118 4798 autem
1180 4743 1318 4809 sole,
1378 4753 1435 4800 et
1492 4745 1826 4818 imperatore
1891 4746 1960 4820 ad
2063 4757 2324 4799 sermones
2355 4741 2430 4794 tui
2446 4739 2656 4810 gladios
2686 4746 2982 4801 nostros,et
3011 4737 3106 4791 hos
3138 4736 3405 4788 animatos
3429 4731 3632 4799 operati

385 4828 665 4886 Orientem
701 4840 942 4903 reperto,
960 4829 1160 4889 Persas
1183 4833 1561 4892 obtenebravit
1587 4836 1772 4892 radius
1798 4850 1960 4906 quem
2062 4842 2206 4889 suat.
2240 4829 2528 4900 Expeditos
2551 4845 2644 4883 nos
2681 4829 2785 4882 tuis
2812 4827 2978 4882 verbis
2998 4825 3304 4881 exhibuisti.
3351 4820 3635 4876 Erubesci-

384 4918 690 4977 adorabant
732 4929 795 4977 ut
838 4920 1030 4979 Deum.
1084 4922 1387 4994 Imperator
1431 4936 1612 4982 autem
1663 4925 1820 4980 tinxit
1866 4939 1964 4996 po-
2067 4943 2184 4982 mus
2223 4935 2271 4980 ts
2309 4924 2616 4992 aspicientes
2647 4938 2742 4976 nos
2772 4923 2825 4975 in
2852 4921 3039 4990 pugnis
3075 4917 3386 4986 prandere,
3433 4922 3482 4967 at
3503 4911 3634 4980 jus-

385 5011 575 5082 lhtittm‘
635 5027 798 5070 suum
867 5015 1029 5086 quasi
1093 5013 1151 5070 in
1211 5013 1396 5089 fugam
1450 5025 1691 5074 versum.
1758 5015 1827 5072 At
1883 5016 1962 5074 lilt
2064 5019 2239 5073 siones
2271 5026 2388 5070 latas
2424 5015 2479 5067 in
2512 5011 2754 5067 omnibus
2785 5023 3081 5079 sequemur.
3110 5005 3414 5076 imperator
3446 5007 3632 5054 autem

387 5102 667 5159 solventes
706 5103 1005 5178 phalanges
1035 5107 1137 5163 bos
1179 5106 1300 5162 sine
1350 5109 1660 5166 retentione
1705 5109 1962 5178 persequi
2067 5107 2302 5174 sumptis
2337 5103 2545 5159 militiis
2584 5115 2708 5156 mox
2742 5099 2809 5154 ad
2859 5096 3138 5154 Persidem
3184 5092 3499 5148 interiorem
3535 5103 3632 5144 ac-

385 5191 799 5251 existimabant.
851 5196 1121 5252 Conveni
1177 5198 1313 5269 ergo
1361 5196 1594 5270 Iomani
1648 5199 1752 5254 bos
1806 5212 1966 5270 aquo
2065 5200 2253 5262 cessit,
2305 5195 2426 5268 Igne
2453 5193 2783 5248 comburens
2826 5189 2992 5246 urbes
3026 5195 3081 5243 et
3108 5192 3312 5242 castra.
3340 5181 3430 5238 Fit
3461 5183 3634 5238 etiam

390 5281 574 5336 animo
617 5293 924 5351 verterunt,
974 5293 1041 5343 e'x
1085 5288 1182 5345 bis"
1215 5267 1406 5348 multis
1452 5267 1769 5362 peremptis.
1814 5267 1963 5347 luse-
2064 5290 2154 5345 bic
2206 5267 2451 5343 terribile
2502 5283 2774 5354 quoddam
2831 5279 3160 5336 miraculum
3212 5295 3226 5331 :
3287 5275 3340 5328 in
3399 5273 3633 5328 mstivali

643 5384 866 5470 fama
903 5392 1000 5434 eos
1053 5381 1108 5434 iu
1145 5389 1407 5443 notem.
1451 5383 1508 5438 in
1556 5381 1856 5454 praecipitia
1903 5391 1960 5438 et
2068 5380 2266 5450 quippe
2285 5374 2523 5433 solstitio
2553 5387 2648 5429 aer
2674 5374 2876 5430 sudore
2903 5370 3083 5426 iactus
3104 5375 3190 5422 est
3214 5363 3487 5470 madidus,
3503 5363 3632 5470 lani-

388 5460 508 5516 ioca
539 5452 695 5519 tl‘avia
718 5464 1086 5534 immiserunt,
1131 5468 1348 5525 cunctis
1375 5471 1484 5528 illis
1510 5452 1785 5528 contritis.
1819 5472 1962 5528 Inter
2071 5484 2189 5525 mos
2219 5467 2591 5522 Romanorum
2620 5465 2902 5520 exercitus
2937 5471 3214 5521 recreans.
3250 5454 3387 5510 adeo
3415 5463 3474 5509 ut
3503 5452 3634 5507 bine

356 5567 452 5639 ,(⁵³
507 5553 805 5623 μαινιιίι
859 5571 991 5613 vero
1037 5560 1213 5616 instar
1268 5574 1565 5633 caprarum,
1615 5562 1954 5619 silvestrium
2070 5575 2220 5632 spem
2244 5559 2504 5631 optimam
2535 5563 2834 5613 sumerent.
2869 5553 3114 5609 Audiens
3166 5554 3428 5639 praetcrea
3462 5541 3636 5598 itera-

390 5645 767 5702 morabantur.
797 5644 997 5705 Iultes
1030 5656 1210 5707 autem
1240 5653 1405 5712 etiam
1426 5656 1683 5714 .viventes
1715 5668 1966 5728 compre-
2022 5638 2024 5641 ’
2071 5655 2214 5708 ciius
2240 5651 2386 5724 quod
2441 5648 2716 5706 Chosroes
2746 5645 2888 5717 apud
2943 5642 3155 5698 Gazaca
3200 5638 3476 5695 civitatem
3505 5648 3633 5691 cum

1906 5743 2135 5806 κοτε.

461 5831 585 5906 (ευ)
608 5831 822 5892 Nullam
857 5833 924 5892 Γ.
959 5845 1057 5910 pro
1089 5837 1280 5894 ultam.
