4414 6462
796 418 930 483 1303

1855 420 2250 482 ANAS’I‘ASLI
2297 422 2927 488 BIBLIOTIIECARII

3920 427 4060 493 1304

792 531 1154 601 quadraginta
1207 532 1448 587 millibus
1480 531 1864 587 bellicosorum
1898 543 2045 588 esset
2088 536 2357 602 virorum,
2386 536 2441 595 Α
2463 538 2602 605 quod
2636 540 2830 592 militia
2859 540 3141 594 Persarum
3183 545 3235 595 in
3259 544 3423 597 deviis
3456 545 3586 598 locis
3631 561 3909 613 pererrans
3945 558 4057 599 tam

794 627 996 695 impetu
1030 624 1292 678 adversus
1330 624 1481 678 illum
1514 626 1784 693 perrexit;
1834 634 1889 679 et
1944 626 2213 695 praemissi
2245 628 2368 696 qui-

790 714 913 770 dam
950 717 1016 769 ab
1046 731 1110 769 eo
1140 714 1540 790 Saracenorum
1604 718 1705 771 sibi
1756 717 2171 786 subjugatorum
2200 718 2371 775 Chos-

790 811 901 862 rois
949 816 1247 861 occurrunt
1304 810 1524 878 vigiliae,
1550 817 1602 862 et
1639 807 2117 877 herumquosdam
2150 810 2368 863 occide-

789 906 933 955 runt,
959 901 1225 963 quosdam
1254 912 1382 949 vero
1436 898 1799 966 compedibus
1837 899 2049 951 vinctos
2073 914 2195 951 cum
2231 914 2367 968 pra!-

788 1000 907 1045 tore
933 994 1173 1060 ipsorum
1201 995 2031 1062 imperatori,przesentaverunt.
2067 998 2184 1050 Hoc
2220 1012 2369 1051 ceni-

789 1095 941 1151 pcrto
969 1085 1261 1147 (,tiosroes,
1292 1084 1553 1137 derelicta
1583 1095 1690 1136 tam
1722 1087 1943 1138 civitate
1961 1102 2124 1156 quam
2147 1086 2364 1147 militia,

788 1174 913 1244 fuga
951 1191 1082 1229 usus
1117 1187 1216 1229 est.
1250 1176 1349 1228 Ast
1390 1193 1517 1230 vero
1563 1176 1847 1232 Heraclius
1886 1179 2171 1233 insecutus
2207 1194 2369 1247 quos-

786 1265 909 1319 dam
942 1276 1348 1336 pr;eoectip-.itos
1384 1271 1585 1323 occidit
1618 1289 1630 1324 :
1660 1270 1840 1323 caueri
1870 1280 2055 1323 autem
2087 1272 2185 1324 hac
2216 1271 2370 1324 illac-

788 1376 895 1426 que
929 1364 1175 1427 palantes
1229 1360 1483 1428 dissipati
1527 1372 1675 1415 sunt.
1728 1362 1979 1435 Cumque
2031 1363 2367 1431 pervenisset

786 1452 1085 1521 imperator
1110 1455 1173 1505 ad
1202 1453 1596 1507 Galacensium
1623 1455 1927 1518 civitatem,
1953 1455 2005 1507 in
2034 1454 2366 1507 suburbanis

786 1545 952 1613 hujus
983 1546 1257 1600 reficiebat
1284 1548 1587 1601 exercitum
1620 1564 1804 1601 suum.
1846 1547 2029 1601 Persa)
2077 1562 2226 1611 vero,
2269 1546 2362 1615 qui

785 1640 1147 1708 continget-aut
1202 1641 1446 1703 adeum,
1501 1640 1857 1709 perhibebant
1906 1641 2051 1709 quod
2089 1641 2363 1695 Chosroes

787 1730 1003 1797 fugiens
1029 1731 1152 1799 igne
1175 1734 1581 1799 consumpserit
1612 1732 1795 1784 omnia
1829 1741 1946 1785 sata
1986 1733 2037 1784 in
2066 1733 2205 1785 Iocis
2231 1732 2359 1798 illis,

786 1831 836 1875 et
869 1825 1177 1890 pervenerit
1205 1823 1271 1875 ad
1321 1824 1599 1876 civitatem
1637 1821 1984 1875 Theban-man
2039 1823 2091 1876 in
2140 1824 2364 1877 Oriente

787 1918 974 1977 sitam,
1011 1917 1063 1967 in
1090 1931 1196 1984 qua
1247 1925 1366 1970 erat
1406 1917 1665 1984 templum
1701 1914 1846 1985 Ignis
1914 1928 2078 1985 atque
2115 1918 2365 1984 pecuniae

786 2008 961 2062 (Ζιωεί
1007 2009 1285 2078 Lydorum
1326 2012 1468 2075 regis
1497 2020 1550 2063 et
1580 2024 1736 2062 error
1772 2025 2102 2078 prunarum.
2143 2009 2240 2065 llis
2273 2027 2367 2066 ac-

788 2106 959 2170 ceptis
996 2104 1060 2154 ad
1099 2114 1280 2170 partes
1333 2101 1630 2171 Dastagerd
1667 2104 1768 2156 iter
1816 2105 2027 2173 agebat.
2065 2105 2368 2172 Imperator

788 2210 971 2250 autem
1029 2196 1306 2265 profectus
1352 2212 1378 2248 a
1431 2196 1829 2251 Gazacensinm
1876 2198 2096 2250 civitate
2122 2198 2367 2266 pervenit

789 2289 1181 2350 Thcharmeso,
1215 2299 1266 2343 et
1319 2291 1599 2357 ingressus
1634 2291 1685 2342 in
1725 2306 1843 2344 eam
1871 2291 1990 2357 igne
2024 2291 2367 2359 consumpsit

788 2384 1045 2452 templum
1077 2383 1244 2451 Ignis,
1278 2392 1331 2435 et
1359 2391 1468 2434 tota
1510 2385 1732 2436 civitate
1763 2384 1884 2452 igne
1916 2384 2203 2437 combusta
2244 2400 2364 2451 pcr-

790 2486 1014 2530 sccutus
1046 2488 1128 2527 est
1155 2484 1274 2543 post
1302 2476 1585 2528 Cliosroen
1615 2475 1668 2527 in
1697 2475 1968 2541 angustiis
1990 2478 2231 2545 regionis
2255 2477 2365 2533 Meo

788 2569 1006 2621 dorum.
1040 2567 1318 2621 Chosrocs
1373 2576 1553 2621 autem
1591 2569 1643 2620 in
1692 2566 1778 2620 his
1805 2568 2016 2621 duabus
2050 2572 2365 2638 regionibus

786 2660 854 2711 de
883 2659 1002 2709 loco
1036 2658 1088 2710 in
1125 2658 1302 2709 locum
1344 2672 1639 2727 peragrans
1683 2658 1952 2720 Iatitabat,
1990 2666 2044 2712 ct
2079 2658 2362 2715 ﬂerat-lius

788 2752 934 2805 hunc
991 2766 1327 2820 persequens
1370 2751 1572 2805 multas
1628 2751 1886 2805 civitates
1940 2749 2255 2805 devastavit
2311 2761 2365 2807 et

788 2846 1060 2911 regiones.
1095 2844 1283 2897 Hieme
1304 2858 1435 2896 vero
1476 2842 1772 2897 accedente
1803 2846 2092 2897 consilium
2130 2844 2364 2898 faciebat

790 2937 1011 2989 ubinam
1041 2934 1304 2987 hiemaret
1332 2949 1454 2986 cum
1489 2934 1729 3001 pepulo;
1765 2942 1817 2986 et
1853 2934 2076 3001 quidam
2112 2936 2163 2987 in
2197 2935 2367 2988 Alba-

789 3030 931 3083 niatn
963 3027 1342 3098 perhibebant,
1373 3025 1594 3095 quidam
1637 3040 1766 3078 vero
1804 3015 1999 3077 contra
2026 3026 2202 3095 ipsum
2237 3041 2363 3093 pro-

789 3136 981 3190 perare
1010 3119 1311 3173 Chosroen.
1372 3118 1473 3173 Ast
1527 3120 1824 3187 imperator
1875 3116 2047 3185 jussit
2097 3119 2361 3186 populum

790 3217 970 3269 tribus
991 3214 1185 3267 diebus
1207 3213 1453 3265 divinum
1478 3212 1761 3266 oraculum
1794 3210 2198 3278 praestolantem
2215 3220 2365 3264 caste

790 3324 853 3362 ac
880 3308 1090 3377 puriter
1132 3306 1479 3368 conversari,
1523 3303 1713 3373 sicque
1744 3317 2012 3370 restionso
2046 3311 2275 3372 accepto
2314 3303 2366 3356 in

790 3401 1021 3456 Albania
1052 3402 1229 3454 hieme
1264 3398 1618 3452 commorari.
1676 3395 1812 3449 Dum
1851 3412 1981 3450 vero
2024 3396 2155 3449 illuc
2182 3396 2372 3453 abiens

792 3500 895 3549 iter
927 3502 1133 3563 ageret,
1166 3493 1374 3547 habens
1401 3506 1588 3546 secum
1619 3491 1897 3557 cepiosam
1922 3489 2207 3543 Persarum
2232 3504 2371 3558 prae-

792 3589 938 3651 dam,
979 3589 1120 3639 haud
1163 3599 1367 3654 paucos
1391 3585 1647 3638 incursus
1690 3580 1980 3636 aPersicrs
2027 3582 2220 3635 cuneis
2252 3596 2375 3650 per-

793 3680 939 3733 tulit.
967 3677 1085 3747 lpse
1113 3692 1241 3730 vero
1278 3677 1462 3730 divina
1512 3674 1897 3745 cooperationc
1935 3672 2271 3742 triumphum
2308 3672 2374 3729 de

792 3771 1052 3824 omnibus
1078 3770 1223 3822 tulit.
1263 3767 1537 3822 Praeterea
1580 3782 1703 3821 cmn
1742 3765 2038 3820 vehemens
2075 3776 2374 3835 tempestas

793 3878 959 3929 super
987 3876 1109 3915 enm
1138 3859 1428 3914 cecidisset
1455 3860 1508 3912 in
1535 3859 1643 3922 via,
1678 3869 1731 3912 et
1762 3857 1909 3911 hunc
1935 3857 2055 3926 gelu
2095 3871 2375 3926 praeoccu-

796 3962 987 4022 passet
1032 3954 1084 4005 in
1120 3952 1375 4015 Albania,
1406 3950 1740 4018 haberetque
1767 3950 2165 4018 quinquaginta
2202 3946 2372 4001 millia

791 4042 1220 4105 VIIICIIInlttl‘UIII,
1249 4039 1608 4109 compatienti
1636 4037 1803 4093 corde
1838 4054 1939 4093 suo
1975 4039 2235 4093 misertus
2256 4038 2375 4092 vin-

792 4138 913 4191 Cula
948 4135 1224 4193 dissolvit,
1258 4132 1597 4203 diligentiam
1629 4131 1847 4193 tribuit,
1881 4139 1934 4185 ct
1967 4131 2212 4200 requiem
2271 4130 2378 4181 im-

795 4228 1025 4295 pertitus
1050 4235 1151 4289 est,
1190 4226 1262 4278 ita
1312 4234 1369 4278 ut
1403 4238 1594 4277 omnes
1637 4239 1759 4278 cum
1797 4223 2050 4292 lacrymis
2082 4223 2377 4279 exorarent

794 4322 960 4374 etiam
988 4318 1228 4373 Persidis
1252 4332 1375 4373 eum
1415 4316 1527 4370 fieri
1560 4316 1933 4380 liberatorem,
1958 4312 2148 4369 mundi
2196 4320 2378 4367 exter-

798 4416 1124 4467 minatorem
1145 4411 1509 4465 trucidantem
1541 4408 1847 4462 Chosroen.

866 4506 1024 4559 Anno
1077 4504 1291 4574 imperii
1324 4501 1557 4556 IIeraclii
1609 4510 1807 4569 quarto
1845 4499 2062 4554 decimo
2092 4497 2371 4553 Chosrocs

2471 647 2658 699 equum
2680 649 2863 686 eorum
2891 636 3150 689 dissoluat
3182 654 3341 704 quant
3367 639 3507 704 ipso;
3537 650 3763 694 enervet.
3813 639 3923 693 Nos
3954 657 4057 692 au-

2474 735 2574 779 tem
2626 725 2935 794 festinemus
2996 742 3183 782 contra
3246 728 3515 785 Cltoeroen
3562 748 3847 799 properare
3905 733 4060 786 valde

2472 820 2732 883 celeriter,
2767 830 2825 873 ut
2854 837 2919 875 ea:
2951 823 3239 891 improviso
3262 824 3525 878 irruentes
3558 825 3610 876 in
3634 840 3752 877 eum
3783 824 4058 878 (urbanus

2475 913 2648 968 illum.
2683 916 2752 967 At
2784 930 2916 969 vero
2949 918 3182 985 pepulus
3231 918 3549 984 huiusmodi
3599 920 3893 988 spernebat
3922 935 4059 974 con-

2477 1008 2684 1067 silium,
2726 1016 2779 1062 et
2807 1009 3042 1061 maxime
3072 1008 3341 1063 Lazornm
3382 1020 3435 1063 et
3470 1010 3851 1081 Haliasgorum
3892 1021 4059 1081 atque

2476 1099 2803 1155 Hiberorum
2838 1111 3272 1157 concertatores.
3314 1103 3451 1157 llinc
3492 1105 3545 1157 in
3606 1120 3881 1159 mrumnas
3917 1107 4061 1160 inci-

2474 1194 2612 1249 dunt
2641 1213 2654 1247 :
2686 1195 2932 1263 pervenit
2954 1196 3097 1247 enim
3124 1204 3178 1247 et
3202 1195 3540 1250 Sarbarazas
3565 1211 3686 1248 cum
3712 1198 3913 1266 pepulo
3933 1213 4057 1260 suo,

2472 1304 2614 1357 quos
2637 1290 2783 1341 omni
2822 1291 3056 1341 armavit
3108 1289 3312 1344 virtute
3339 1289 3615 1343 Chosroes
3648 1300 3701 1344 et
3756 1292 4057 1345 destinavit

2476 1397 2571 1451 per
2624 1382 2939 1436 Armeniam
2982 1382 3246 1437 adversus
3300 1382 3633 1438 Heraclitum.
3687 1384 4060 1455 Sarablaggas

2476 1494 2605 1531 vero
2642 1479 2971 1542 sequebatur
3020 1487 3142 1546 post
3188 1488 3398 1550 tergum
3435 1480 3694 1543 Heraclii,
3750 1489 3804 1534 et
3842 1497 3945 1533 non
3975 1490 4060 1535 es:

2478 1587 2599 1623 cum
2618 1586 2680 1622 eo
2706 1572 2756 1623 in
2783 1572 3097 1625 conflictum
3119 1586 3397 1641 egressus,
3422 1586 3747 1640 exspectans
3773 1575 3915 1626 nniri
3935 1574 4063 1627 Sar-

2479 1665 2692 1717 harazm
2732 1674 2784 1717 et
2819 1664 2890 1716 ita
2920 1665 3259 1717 constituere
3304 1666 3576 1731 praelium.
3620 1665 3851 1735 Cognito
3880 1676 4061 1718 autem

2478 1753 2707 1806 Romani
2730 1752 3049 1806 Sarbaraza:
3076 1754 3279 1822 impetu
3311 1754 3375 1805 ad
3408 1765 3605 1806 metum
3632 1756 3885 1807 conversi
3911 1764 4061 1817 sunt,

2474 1856 2523 1899 et
2556 1847 2621 1898 ad
2675 1844 2840 1914 pedes
2864 1846 3216 1913 imperatoris
3243 1860 3366 1896 cum
3407 1845 3663 1915 lacrvmis
3684 1844 4060 1914 prociderunt.

2473 1938 2709 1993 scientes
2729 1936 2887 2005 quale
2912 1936 3112 1988 malum
3138 1937 3209 1989 sit
3239 1952 3345 1989 non
3373 1938 3566 1990 cedere
3605 1950 3821 1988 servum
3856 1934 4062 1987 domini

2471 2032 2884 2094 voluntatibus,
2919 2039 2972 2084 et
3002 2028 3376 2097 paenitentiam
3410 2038 3630 2099 agentes
3665 2043 3831 2097 super
3871 2028 4064 2081 inobe-

2470 2127 2673 2179 dientia
2699 2124 3269 2193 sua,quamnequiter
3292 2130 3765 2191 perpetrat-erant,
3820 2131 3870 2173 et
3916 2119 4065 2173 dice-

2469 2216 2638 2272 bant:
2668 2215 2886 2268 Manum
2908 2225 3049 2266 tuan:
3075 2215 3165 2277 ιία,
3208 2213 3435 2274 domine,
3460 2214 3765 2282 priusquam
3790 2228 4064 2279 pereamus

2471 2309 2652 2360 misrri
2686 2322 2704 2359 :
2740 2305 2974 2358 cedimus
3026 2304 3163 2356 enim
3190 2304 3282 2355 tibi
3314 2305 3365 2355 iu
3386 2304 3778 2371 (“tienscumque
3804 2315 4067 2368 prmepe-

2471 2399 2566 2451 ris.
2597 2396 2753 2449 Tune
2782 2398 3083 2465 imperator
3105 2394 3430 2447 acceleravit
3455 2392 3717 2462 congredi
3742 2407 3866 2444 cum
3894 2388 4064 2442 Sara-

2467 2494 2683 2564 blagga,
2706 2491 3022 2561 priusquam
3049 2489 3302 2543 uniretur
3331 2487 3534 2557 populo
3559 2484 3781 2539 Sarbari
3807 2502 3820 2549 ;
3846 2492 3902 2538 et
3927 2482 4064 2535 mul-

2478 2588 2548 2641 tis
2585 2585 2999 2640 incursionibus
3030 2582 3297 2637 adversus
3338 2597 3462 2634 eum
3495 2580 3657 2633 factis
3692 2590 3848 2631 nocte
3884 2592 3943 2630 ac
3976 2576 4067 2629 die

2468 2680 2614 2734 hunc
2636 2680 2689 2732 in
2717 2676 3063 2731 formidinem
3091 2675 3317 2745 pepulit,
3345 2682 3400 2749 ct
3427 2682 3572 2726 retro
3599 2666 4062 2739 ntrisquedimis-

2468 2773 2545 2826 sis
2583 2779 2775 2823 contra
2807 2768 3096 2822 Cliosroen
3160 2765 3423 2820 velociter
3460 2765 3741 2817 insecutus
3779 2772 3882 2816 csr.
3947 2760 4065 2811 Duo

2471 2879 2602 2918 vero
2630 2879 2694 2917 ex
2728 2860 2990 2915 Romanis
3010 2876 3070 2914 se
3097 2858 3160 2911 ad
3180 2858 3379 2912 Persas
3402 2856 3716 2916 conferunt,
3748 2863 3801 2907 et
3834 2865 4063 2922 persua-

2468 2959 2598 3011 dent
2655 2957 2735 3008 cis
2785 2952 3010 3007 credere
3072 2951 3351 3004 Romanos
3392 2966 3455 3004 ex
3504 2949 3800 3002 forznidine
3854 2946 4061 3016 fugere-

2470 3048 2712 3117 Contigit
2738 3055 2921 3100 autem
2955 3046 3037 3099 eis
3064 3058 3117 3100 et
3156 3045 3326 3098 alium
3360 3043 3551 3097 audire
3596 3057 3893 3101 rumorem,
3930 3041 4065 3093 Sa?"

2472 3140 2681 3194 scilicet
2722 3139 2971 3209 pnetoris
3023 3139 3316 3193 Persarum
3347 3136 3639 3189 adventum
3673 3149 3795 3187 cum
3828 3134 3928 3185 aTia
3964 3135 4067 3185 mi-

2478 3233 2589 3285 litia
2623 3232 2675 3284 in
2704 3226 3076 3283 auxilium.Et
3126 3228 3227 3281 hoc
3282 3234 3566 3294 comperto
3608 3225 3974 3294 Sarahlaggas
4008 3232 4066 3276 et

2480 3323 2757 3378 Sarbarus
2789 3320 3145 3373 decertabant
3173 3318 3484 3372 Heraclinm
3528 3316 3793 3386 instigare
3824 3317 3887 3368 ad
3922 3331 4062 3381 prte-

2476 3415 2632 3476 lium,
2667 3415 2987 3481 priusquam
3019 3412 3325 3481 perveniret
3358 3409 3485 3462 Sain
3527 3420 3581 3462 et
3611 3410 3665 3461 in
3700 3423 3757 3462 se
3787 3407 4062 3459 transfer-

2476 3497 2559 3561 ret
2594 3504 2833 3559 victoriae
2860 3502 3113 3572 gloriam.
3142 3501 3442 3555 Credenles
3474 3515 3693 3568 quoque
3723 3515 3786 3552 ex
3818 3496 4063 3567 profugis

2475 3596 3128 3670 preperaruntadversus
3162 3593 3500 3657 Hcraelium,
3534 3603 3586 3646 et
3613 3593 4062 3661 appropinquan-

2478 3700 2559 3745 tes
2606 3692 2655 3745 ei
2708 3700 2888 3744 castra
2931 3688 3118 3742 metati
3155 3694 3308 3746 sunt,
3351 3686 3597 3739 volentes
3645 3685 3697 3737 in
3729 3700 3847 3735 eum
3899 3684 4062 3737 simul

2480 3798 2606 3839 cum
2634 3798 2793 3837 mane
2823 3782 3057 3835 irruere.
3096 3783 3190 3834 Ast
3231 3760 3517 3831 Ilcraclius
3551 3776 3826 3845 profectus
3876 3792 3900 3826 a
3971 3791 4063 3827 ve-

2481 3890 2642 3947 spera
2674 3876 2776 3929 iter
2801 3874 2928 3928 fecit
2959 3888 3053 3937 per
3078 3877 3503 3951 lotamnoctcm,
3536 3877 3590 3922 et
3631 3870 3816 3939 procul
3844 3866 4066 3920 effectus

2480 3969 2548 4022 ab
2576 3968 2678 4032 eis,
2740 3967 2959 4019 invento
2991 3965 3271 4018 herbil‘ero
3301 3977 3522 4031 campo,
3587 3970 3770 4015 castra
3828 3968 4063 4012 metatus

2480 4071 2566 4116 est
2613 4062 2667 4115 in
2724 4074 2807 4112 eo.
2864 4058 3036 4111 Porro
3077 4056 3301 4111 Barbari
3345 4055 3761 4109 exsistimantes
3821 4068 3941 4105 curn
3994 4068 4064 4104 ex

2485 4152 2775 4208 formidine
2837 4150 3047 4219 fugere,
3112 4148 3485 4216 incomposite
3552 4147 3940 4215 sequebantur,
4006 4153 4064 4194 ut

2483 4240 3016 4312 comprehenderent
3055 4240 3232 4293 illum.
3280 4238 3401 4307 Ipse
3448 4246 3628 4289 autem
3655 4251 3953 4289 occurrens
3981 4239 4063 4287 eis

2482 4335 2684 4391 bellum
2748 4334 2867 4388 iniit
2910 4333 3176 4387 adversus
3234 4332 3379 4394 illos,
3425 4341 3477 4385 et
3535 4331 3877 4399 apprehenso
3926 4330 4062 4380 cidae

2482 4428 2719 4498 quodam
2767 4440 3080 4484 nemoroso,
3126 4432 3567 4491 coacervatoque
3591 4423 3790 4491 populo
3827 4422 3878 4474 in
3920 4422 4059 4487 ipso,

2483 4520 2871 4589 cooperatione
2902 4516 2998 4571 Dei
3037 4517 3308 4570 Barbaros
3333 4516 3513 4575 vertit,
3538 4526 3584 4568 et
3616 4530 3709 4583 per
3742 4512 3927 4566 fauces
3965 4515 4062 4565 lros

799 4594 1173 4663 Sarablaggan
1212 4604 1496 4664 praetorem
1533 4590 1840 4655 constituit,
1875 4591 2051 4643 virum
2090 4589 2371 4643 l'acinoro-
2411 4608 2456 4664 υ
2489 4612 2540 4664 in

2315 4604 2371 4642 3'
2411 4608 2456 4664 D
2489 4612 2771 4665 insecutus
2814 4609 3216 4662 multitudinem
3263 4623 3328 4660 ex
3378 4606 3463 4660 his
3517 4608 3793 4673 cepiOSam
3839 4603 4058 4655 oetidit.

797 4705 919 4743 sum
950 4701 1002 4743 et
1023 4688 1189 4759 typho
1217 4689 1447 4740 multum
1493 4685 1719 4747 elatum,
1751 4684 2087 4752 tradensque
2120 4684 2169 4737 ei
2206 4697 2369 4737 exer-

798 4786 989 4842 citum,
1031 4797 1127 4836 eos
1161 4781 1415 4835 videlicet
1444 4779 1535 4849 qui
1570 4779 1833 4832 dicuntur
1859 4766 2282 4841 Chosrohegétaz
2310 4791 2375 4830 ac

800 4877 1083 4937 Perozitat,
1116 4872 1170 4926 in
1202 4871 1490 4924 Albaniam
1525 4870 1724 4924 direxit
1753 4870 2016 4923 adversus
2036 4867 2368 4922 lleraclium.

795 4968 1046 5034 Cumque
1082 4964 1316 5033 ingressi
1343 4970 1529 5017 essent
1565 4960 1618 5014 in
1661 4961 1794 5016 lines
1821 4962 2085 5022 Albaniae,
2113 4975 2220 5014 non
2241 4967 2373 5013 sunt

799 5060 916 5114 ausi
947 5059 1011 5111 ad
1055 5058 1361 5111 bellandum
1395 5066 1523 5111 ante
1576 5057 1771 5109 Iacietn
1806 5056 2151 5125 imperatoris
2199 5066 2370 5118 stare,

800 5156 893 5205 sed
923 5152 1212 5205 clausuras
1245 5158 1541 5204 tenuerunt
1567 5164 1687 5218 quae
1718 5152 1925 5201 ducunt
1989 5150 2043 5202 in
2074 5148 2371 5213 Persidem,

800 5246 1127 5300 cxtimantes
1171 5244 1219 5298 ei
1243 5244 1549 5297 obsidendo
1588 5242 1863 5297 insidiari.
1906 5242 1975 5295 At
2033 5258 2163 5297 vero
2199 5241 2373 5296 Ilera-

770 5338 958 5402 .clins,
992 5354 1116 5390 cum
1154 5352 1279 5391 mox
1311 5352 1406 5391 ver
1432 5337 1780 5399 accessisset,
1808 5336 2090 5405 profectus
2114 5337 2182 5391 de
2209 5336 2375 5390 Alba-

798 5430 889 5484 nia
942 5444 1037 5498 per
1072 5426 1266 5498 thios
1307 5444 1532 5499 campos
1556 5438 1610 5483 et
1649 5431 1794 5484 escis
1829 5431 2051 5499 largiter
2086 5429 2372 5484 afﬂuentes

798 5523 1089 5576 transitum
1134 5522 1186 5574 in
1237 5521 1517 5575 Persidem
1549 5520 1805 5584 faciebat,
1840 5523 1965 5576 licet
1998 5522 2373 5590 longinquitas

799 5614 983 5669 multa:
1016 5615 1251 5683 spatium
1306 5616 1405 5669 via:
1452 5616 1805 5684 transegerit.
1842 5614 2209 5685 Sarablagzgas
2242 5630 2372 5669 vero

801 5723 897 5777 per
928 5707 1149 5761 Arotum
1181 5709 1282 5761 iter
1330 5717 1520 5778 utpote
1578 5710 2031 5774 compendiosum
2063 5709 2369 5779 satagebat,

801 5811 859 5853 ut
885 5811 1432 5870 praeoccupatcteum
1458 5801 1512 5854 in
1544 5800 1785 5856 Persidis
1813 5804 2051 5871 regione.
2081 5800 2371 5856 Ileraclins

803 5893 1250 5947 autemttmnchal
1299 5895 1556 5961 pupulum
1593 5896 1812 5949 «livens:
1851 5893 2118 5955 Varinms,
2150 5902 2366 5962 fratres,

2486 4703 2644 4758 Cadit
2677 4713 2857 4756 autem
2919 4710 2971 4754 et
3021 4700 3383 4768 Sarablaggas
3442 4714 3573 4751 ense
3634 4696 3955 4749 vulneratus
4008 4694 4058 4746 in

2485 4796 2668 4849 dorso.
2696 4794 2759 4847 Et
2777 4810 2899 4848 cum
2921 4795 2971 4846 hi
2989 4796 3131 4847 inter
3153 4806 3354 4859 agones
3378 4799 3582 4849 essent,
3612 4789 3857 4858 pervenit
3884 4788 4046 4839 etiam

2486 4888 2616 4942 Sain
2645 4901 2768 4941 cum
2803 4885 3044 4940 exercitu
3079 4898 3200 4937 suo.
3240 4882 3305 4936 Et
3337 4882 3441 4934 hoc
3474 4895 3635 4934 verso
3664 4880 3978 4949 imperator.
4008 4886 4061 4929 et

2485 4993 2550 5031 ex
2582 4979 2665 5031 his
2706 4975 2893 5030 multis
2924 4975 3148 5037 occisis,
3185 4973 3427 5043 reliquos
3466 4971 3739 5040 fugientes
3771 4968 4056 5037 dispersit.

2485 5070 2639 5138 Cepit
2660 5084 2879 5139 quoque
2905 5078 2959 5123 et
2987 5078 3308 5137 apparatum
3345 5067 3576 5121 sarcina:
3604 5064 3869 5131 ipsorum.
3892 5060 4063 5115 Porro

2485 5161 2817 5214 Sarharazas
2851 5161 3038 5214 unitus
3069 5158 3199 5212 Sain
3229 5159 3449 5225 collegit
3485 5155 3779 5214 Barbaros,
3817 5154 3908 5219 qui
3949 5156 4059 5205 salc

2484 5254 2594 5307 vati
2628 5253 2864 5315 fuerant,
2898 5261 2949 5306 et
2979 5251 3175 5305 iterum
3225 5248 3591 5319 disponebant
3634 5257 3823 5299 contra
3884 5243 4058 5296 Hera-

2485 5348 2650 5402 clium
2684 5345 2981 5416 proficisci.
3014 5345 3114 5397 Ast
3148 5344 3446 5412 imperator
3480 5343 3531 5394 in
3566 5342 3788 5410 regione
3832 5339 4058 5392 Iluunoo

2486 5454 2605 5491 rum
2642 5447 2696 5492 et
2727 5452 2821 5507 per
2840 5437 3034 5491 horum
3062 5436 3180 5488 loca
3211 5434 3449 5488 dillicilia
3482 5432 3779 5486 festinabat
3802 5433 3855 5484 in
3902 5445 4059 5498 aspe-

2484 5528 2561 5582 ris
2586 5528 2719 5582 locis
2750 5542 2812 5579 ac
2845 5526 3043 5589 deviis,
3108 5524 3331 5577 Barbari
3364 5539 3491 5578 vero
3527 5524 3899 5592 sequebantur
3935 5530 4059 5589 post

2484 5636 2632 5675 eum.
2666 5619 2838 5672 Porro
2899 5619 3025 5671 Lazi
3067 5633 3172 5671 una
3234 5633 3357 5671 cum
3413 5616 3646 5685 Abasgis
3697 5616 4057 5669 formidantes

2485 5713 2873 5767 subduxerunt
2928 5728 2987 5766 se
3027 5712 3095 5765 ab
3127 5712 3330 5765 auxilio
3360 5709 3758 5771 Romanorum,
3799 5716 3851 5762 et
3884 5710 3937 5760 in
3972 5722 4059 5759 re-

2482 5807 2699 5876 gionem
2738 5820 2891 5859 suam
2918 5805 3121 5859 reversi
3152 5813 3301 5859 sunt.
3337 5802 3464 5856 Sain
3495 5811 3677 5855 autem
3724 5802 3821 5854 hoc
3857 5799 4052 5852 adver-

2484 5910 2605 5952 trns
2635 5896 2817 5954 furore
2858 5899 3024 5953 multo
3068 5914 3167 5957 una
3196 5912 3317 5950 cum
3355 5896 3589 5951 Sarharn
3625 5892 4057 5965 pct‘scm'chatnr
