4414 6462
400 412 538 478 1305

1184 414 1553 478 HISTORIA
1599 419 2179 481 ElJCI.ESlASTICA
2203 423 2306 485 EX
2345 422 2829 484 THEOPHANE.

3524 417 3665 481 1306

402 528 733 585 Ileraclium.
765 530 908 586 Sane
940 533 1237 603 imperator
1260 542 1482 585 caterva
1531 531 1759 584 collecta
1796 533 1976 586 verbis
2010 540 2049 593 Α
2086 550 2321 605 namque
2356 538 2456 591 vite
2504 537 2608 592 sibi
2660 536 3005 604 adjacebant,
3059 542 3303 604 angustae
3357 546 3421 586 ac
3464 531 3659 592 deviaz,

401 621 501 677 ltos
528 622 854 679 exhortatus
874 634 955 678 est
981 636 1031 678 et
1052 626 1349 679 moniinine
1380 624 1649 685 delinivit,
1676 625 1932 692 inquiens
1960 639 1974 678 :

408 715 692 771 Multitudo
723 736 834 780 vos,
864 720 1082 788 fratres,
1113 719 1447 772 inimicorum
1474 734 1574 771 nou
1616 720 1788 769 turbet
1814 734 1830 770 :
1872 718 1977 773 Deo

398 811 586 879 qrippe
636 811 837 864 volente
887 828 1022 864 unus
1079 821 1420 878 persequetur
1457 810 1622 863 mille.
1676 810 1976 864 Mactemus

400 920 523 969 ergo
582 906 929 971 nosmetipsos
982 920 1076 970 pro
1130 906 1302 957 salute
1346 904 1578 970 fratrum
1639 912 1978 966 nostrorum;

402 1013 673 1051 sumamus
711 1013 958 1049 coronam
1005 1008 1320 1063 martyrum,
1352 1013 1451 1066 quo
1505 1006 1553 1049 et
1609 998 1848 1063 futurum
1885 1013 1979 1049 nos

402 1104 604 1157 tempus
635 1090 812 1142 laudet
843 1102 891 1143 et
921 1090 1058 1144 Deus
1092 1092 1276 1143 reddat
1326 1092 1607 1143 mercedes.
1646 1089 1742 1144 llis
1770 1099 1823 1143 et
1858 1091 1980 1145 aliis

404 1182 652 1248 pluribus
693 1182 873 1235 verbis
905 1182 1194 1235 audaciam
1227 1182 1495 1235 exercitui
1550 1181 1862 1245 conferens,
1900 1182 1982 1234 lti-

402 1274 502 1325 lari
532 1277 678 1326 vultu
734 1275 977 1342 praelium
1020 1274 1262 1326 ordinat.
1300 1276 1365 1327 Et
1421 1272 1696 1327 distantes
1732 1272 1800 1326 ab
1839 1273 1981 1327 invi-

401 1380 519 1418 cem
552 1367 843 1420 intervallo
870 1367 1072 1436 pusillo
1100 1383 1129 1419 a
1182 1382 1341 1420 mane
1376 1383 1554 1435 usque
1598 1366 1663 1420 ad
1695 1382 1979 1436 vesperam

402 1459 641 1526 aggressi
681 1473 787 1511 non
813 1468 941 1513 sunt
981 1460 1034 1512 in
1067 1460 1414 1512 alterutrum.
1452 1457 1693 1527 Vespere
1722 1473 1850 1512 vero
1893 1473 1986 1511 ar-

402 1560 555 1617 repto
588 1551 884 1618 imperator
909 1552 1106 1604 itinere
1134 1552 1417 1621 pergebat.
1457 1550 1686 1606 Barbari
1708 1565 1835 1604 vero
1863 1558 1985 1619 post

399 1658 523 1696 eum
561 1645 756 1696 iterum
815 1645 1213 1713 sequebantur,
1251 1653 1304 1697 et
1364 1652 1781 1698 commutantes
1841 1643 1982 1695 viam

398 1736 545 1787 hunc
571 1751 948 1804 praeoccupare
975 1738 1217 1792 volentes
1252 1736 1503 1790 incidunt
1544 1738 1598 1790 in
1640 1737 1759 1791 loca
1810 1737 1984 1806 palu-

399 1829 553 1890 sti-ia,
598 1836 650 1881 et
684 1828 1002 1882 aberrantes
1048 1832 1103 1883 in
1164 1845 1422 1899 magnttm
1474 1829 1773 1883 discrimen
1818 1829 1982 1882 deve-

402 1918 578 1973 niunt.
606 1919 910 1989 Imperator
938 1938 1065 1975 vero
1090 1925 1371 1977 transiens
1402 1922 1538 1977 lines
1568 1922 1859 1977 Persarum
1889 1936 1985 1990 per

401 2015 716 2067 Armeniam
747 2015 1092 2084 peragrabat.
1124 2015 1259 2071 Cum
1307 2027 1489 2070 autem
1523 2023 1670 2070 terra
1709 2017 1795 2069 illa
1826 2024 1986 2069 tene-

402 2114 551 2159 retur
586 2120 615 2158 a
657 2105 861 2168 Persis,
898 2108 1054 2161 multi
1089 2123 1213 2161 cum
1262 2107 1505 2162 Sarbaro
1557 2118 1983 2177 concurrerunt,

400 2211 464 2252 ac
507 2214 600 2261 per
632 2199 735 2252 ltoe
770 2200 943 2252 crevit
980 2200 1217 2269 populus
1275 2199 1419 2268 ejus.
1476 2197 1748 2255 Praeterea
1807 2200 1986 2257 hieme

401 2289 694 2343 accedente
716 2290 1411 2359 dispersitmultitudinem
1446 2306 1541 2360 per
1562 2292 1681 2346 loca
1711 2292 1984 2362 ipsorum,

402 2389 461 2435 ut
522 2384 937 2451 requiescerent
967 2384 1019 2436 in
1054 2384 1311 2437 domibus
1366 2384 1505 2438 suis.
1552 2383 1673 2451 Quo
1708 2397 1986 2455 comperto

402 2475 688 2531 Heraclius
722 2488 885 2531 noctu
923 2477 1094 2529 lurari
1134 2476 1505 2531 meditabatur
1558 2478 1781 2533 bellum.
1818 2477 1983 2534 Cu'm-

400 2586 506 2638 que
534 2570 695 2624 turbo
729 2570 1080 2638 tempestatis
1109 2569 1323 2624 adesset
1363 2578 1417 2623 et
1459 2568 1699 2625 Sarbaro
1736 2572 1986 2640 suspicio

404 2666 549 2717 nulla
619 2664 988 2723 incumberet,
1026 2662 1216 2716 electis
1276 2661 1685 2717 robustissimis
1725 2663 1884 2731 equis
1933 2670 1987 2718 et

403 2754 728 2809 fortioribus
782 2755 850 2807 ab
890 2754 1164 2815 exercitu,
1226 2753 1526 2823 dupliciter
1580 2754 1680 2809 Iros
1739 2768 1983 2820 armans,

401 2848 669 2914 quosdam
692 2861 757 2900 ex
785 2846 869 2900 bis
896 2845 1211 2914 prazcedere
1236 2853 1430 2899 contra
1467 2844 1765 2899 Sarbarum
1792 2845 1982 2913 jussit,

401 2941 517 3008 ipse
557 2952 686 2990 vero
722 2953 845 2990 cum
878 2936 1000 2988 aliis
1036 2944 1159 3003 post
1189 2951 1284 2990 eos
1314 2937 1650 2990 subsecutus
1676 2942 1781 2988 est.
1813 2935 1985 2989 Acce-

402 3032 706 3086 lerantibus
743 3044 873 3097 ergo
899 3044 993 3097 per
1032 3036 1274 3089 noctem,
1308 3035 1361 3081 et
1413 3027 1862 3095 pervenientibus
1916 3025 1983 3080 ad

402 3123 663 3194 przetlium
707 3121 793 3173 cui
830 3120 1151 3173 vocabulum
1181 3126 1299 3172 erat
1326 3116 1659 3183 Lasbanum,
1701 3119 1834 3171 hora
1881 3132 1983 3171 no-

2086 623 2258 676 altera
2312 624 2532 691 quidem
2589 624 2886 677 Tarantutn
2952 622 3184 682 ducens,
3218 623 3391 675 altera
3452 635 3580 675 vero
3612 621 3670 675 in

2085 722 2285 767 terram
2321 715 2605 785 Syrorum.
2661 715 2858 769 Verum
2890 716 2979 768 illa
3006 730 3125 783 qua:
3157 713 3459 768 Tarantum
3488 714 3673 768 tende-

2084 807 2195 872 bat,
2222 808 2557 862 dilIerentior
2581 809 2799 877 quidem
2827 817 2968 871 erat,
3002 809 3095 862 sed
3123 816 3417 876 egestatem
3445 816 3672 861 cuncta-

2086 914 2204 952 rum
2244 900 2754 954 liabebatescarum
2794 917 2957 970 :qua:
3006 916 3133 952 vero
3182 902 3235 952 in
3278 908 3481 952 terram
3522 901 3672 953 ducit

2088 995 2374 1063 Syrorum,
2440 994 2681 1047 Taurum
2721 996 2919 1048 transit
2965 1006 3017 1048 et
3043 992 3436 1047 abundantiam
3467 1006 3530 1044 ac
3580 993 3672 1044 da-

2088 1088 2384 1159 psilitatern
2414 1096 2643 1157 praestat
2698 1089 3113 1141 alimentorum.
3152 1087 3306 1141 lianc
3369 1086 3671 1156 pra‘leruut

2085 1195 2300 1242 Omnes,
2323 1180 2454 1233 licet
2480 1181 2770 1249 abruptior
2793 1190 2939 1235 esset
2971 1190 3026 1234 et
3056 1181 3177 1234 nive
3198 1180 3367 1233 multa
3394 1182 3661 1234 severior.

2086 1268 2200 1324 Ilac
2248 1270 2433 1339 itaque
2455 1269 2647 1324 labore
2686 1271 2860 1323 multo
2908 1279 3192 1323 transacta
3224 1272 3279 1323 in
3313 1280 3521 1340 septem
3554 1270 3677 1324 die-

2087 1362 2189 1418 bus
2215 1372 2586 1430 pervenerunt
2617 1364 2681 1416 ad
2740 1363 2965 1416 ﬂuvium
2999 1363 3213 1433 Tigrin,
3273 1373 3326 1419 et
3364 1364 3507 1417 hunc
3546 1378 3671 1417 cum

2087 1464 2543 1520 transmeassent,
2572 1458 2801 1509 veniunt
2835 1455 3250 1527 Martyropolim
3304 1467 3357 1509 et
3395 1456 3670 1520 Amidam,

2088 1557 2141 1604 et
2172 1550 2465 1618 quiescunt
2501 1557 2610 1600 tam
2641 1550 2918 1603 exercitus
2964 1565 3126 1617 quam
3172 1548 3495 1617 captivitas.
3533 1546 3674 1600 Hinc

2089 1653 2144 1696 et
2174 1644 2388 1697 litteras
2430 1643 2732 1711 imperator
2762 1642 3086 1712 Byzantium
3131 1644 3309 1710 potuit
3342 1643 3584 1704 mittere,
3620 1649 3674 1696 et

2087 1751 2208 1805 qua:
2239 1736 2385 1790 circa
2416 1752 2475 1790 se
2500 1745 2658 1789 erant
2681 1736 2869 1789 omnia
2893 1736 3165 1796 indicare,
3195 1743 3248 1788 et
3275 1736 3468 1802 ingens
3490 1735 3674 1816 lacere

2092 1828 2351 1897 gaudium
2389 1827 2623 1881 civitati.
2649 1827 2926 1879 Sarbarus
2963 1835 3143 1879 autem
3182 1826 3387 1895 popqu
3428 1840 3549 1889 suo,
3577 1826 3672 1895 qui

2092 1913 2270 1967 luerat
2295 1914 2600 1982 dispersus,
2629 1914 2864 1967 collecto
2907 1913 3208 1969 insurrexit
3248 1916 3302 1967 in
3340 1915 3519 1969 illum.
3546 1914 3672 1969 Ele-

2091 2016 2234 2062 ctam
2279 2023 2412 2061 vero
2453 2008 2751 2075 imperator
2777 2006 2918 2060 alam
2962 2007 3197 2060 militum
3232 2009 3297 2060 ad
3349 2009 3673 2062 custodien-

2090 2098 2189 2152 das
2221 2098 2366 2152 misit
2392 2097 2829 2166 clausuras,quae
2865 2100 2931 2151 ad
2962 2113 3021 2153 se
3058 2098 3353 2163 ducebant,
3380 2108 3433 2153 et
3466 2098 3672 2166 aditus,

2099 2192 2191 2260 qui
2226 2189 2291 2243 ad
2321 2190 2605 2244 Orientem
2636 2198 2815 2244 erant.
2851 2190 2973 2259 Ipse
3011 2190 3337 2246 discurrens
3383 2192 3437 2245 in
3473 2192 3667 2246 faciem

2088 2282 2322 2337 elIicitur
2352 2282 2612 2338 Sarbaro.
2636 2281 2889 2352 Cumque
2919 2292 3322 2339 transmeasset
3355 2282 3668 2355 Nympbion

2090 2390 2333 2440 amnem,
2382 2376 2449 2429 ad
2492 2376 2827 2445 Euphratem
2889 2377 3158 2447 pervenit,
3200 2378 3255 2430 in
3296 2378 3499 2446 quibus
3556 2390 3675 2433 erat

2094 2485 2234 2539 pons
2267 2486 2441 2525 nexus
2482 2486 2547 2524 ex
2588 2470 2817 2525 funibus
2852 2470 3016 2524 simul
3052 2482 3107 2525 et
3146 2471 3401 2525 navibus.
3440 2471 3510 2525 At
3545 2486 3675 2526 vero

2092 2560 2366 2614 Sarbarus
2417 2560 2712 2615 dissolutis
2749 2561 2976 2617 funibus
3008 2563 3195 2631 pontis
3231 2563 3300 2616 ab
3345 2564 3517 2617 altera
3557 2563 3675 2631 ripa

2091 2652 2143 2704 in
2174 2655 2401 2706 alteram
2431 2661 2603 2707 totum
2635 2654 2914 2707 transtulit
2947 2664 3194 2724 pontem.
3226 2654 3473 2721 Cttruque
3503 2655 3675 2724 impe-

2089 2754 2241 2799 rator
2278 2747 2518 2801 venisset
2571 2763 2673 2800 nec
2702 2748 2969 2801 valuisset
3014 2748 3254 2801 transire
3282 2762 3379 2815 per
3420 2756 3670 2813 pontem.

2090 2838 2409 2891 discurrens
2470 2838 2679 2892 invenit
2744 2848 3009 2900 meatum,
3071 2849 3124 2892 et
3182 2839 3329 2892 hunc
3387 2839 3676 2907 inopinate

2089 2928 2290 2982 Martio
2325 2946 2514 2984 mense
2540 2931 2660 2983 sine
2689 2931 3017 2984 discrimine
3046 2931 3452 2994 transl'retavit,
3497 2928 3675 2984 etSa-

2088 3031 2298 3076 mosata
2323 3023 2591 3091 pervenit.
2635 3022 2959 3092 Rursusque
3007 3038 3132 3076 cum
3172 3022 3411 3075 Taurum
3445 3029 3677 3091 praeter-

2089 3116 2264 3178 iisset,
2318 3117 2371 3169 in
2449 3115 2855 3169 Germaniciam
2921 3124 3007 3170 est
3067 3115 3375 3183 prolectus,
3443 3123 3497 3168 et
3545 3128 3697 3189 cum

401 3216 505 3270 etis
537 3228 702 3277 nona,
736 3212 942 3275 Persae,
987 3213 1079 3281 qui
1125 3212 1178 3264 itt
1213 3227 1279 3265 eo
1312 3219 1472 3265 erant
1500 3221 1554 3264 et
1596 3212 1859 3279 impetum
1892 3224 1987 3264 co-
2013 3226 2055 3283 (ς
2090 3209 2402 3262 transiisset
2438 3207 2503 3261 ad
2544 3209 2756 3273 Atlana,
2790 3208 3027 3262 venitad
3060 3222 3273 3261 amnem
3311 3206 3507 3260 Saron.
3537 3204 3671 3259 Sat-

402 3314 724 3375 gnoverant,
793 3305 1220 3358 insurrexerunt
1258 3304 1311 3357 in
1347 3319 1464 3357 eos.
1505 3302 1608 3372 Ipsi
1667 3312 1847 3358 autem
1890 3303 1989 3358 hos

402 3399 823 3460 interfecerunt,
860 3412 971 3450 uno
998 3403 1250 3464 excepto,
1285 3396 1377 3464 qui
1415 3395 1518 3449 hoc
1563 3394 1807 3449 Sarbaro
1846 3411 1989 3449 nun-

403 3491 578 3543 tiavit.
613 3492 679 3542 At
708 3504 839 3543 vero
873 3487 1149 3541 Sarbarus
1200 3502 1426 3556 surgens
1480 3486 1728 3540 ascendit
1760 3503 1986 3557 equum,

401 3594 454 3637 et
479 3585 659 3637 nudus
685 3594 846 3652 atque
875 3581 1247 3635 discalceatus
1273 3579 1395 3650 luga
1434 3580 1668 3634 salutem
1704 3588 1988 3635 mercatus

402 3685 503 3729 est.
556 3674 729 3743 Ilujus
764 3684 943 3726 autem
996 3671 1257 3725 mulieres
1316 3680 1369 3724 et
1437 3684 1651 3725 onmem
1703 3669 1987 3726 Persicum

402 3767 614 3828 ﬂorem,
643 3765 1025 3835 principesque
1064 3778 1127 3817 ac
1158 3770 1410 3831 satrapas
1454 3777 1577 3816 cum
1620 3763 1809 3818 electis
1842 3764 1990 3817 mili-

404 3861 552 3915 tibus
592 3859 684 3926 qui
722 3860 773 3910 in
802 3858 1093 3911 domorum
1129 3863 1272 3910 tecta
1316 3854 1757 3910 conscenderant
1788 3865 1841 3910 et
1872 3856 1990 3911 bel-

403 3952 516 4007 lum
544 3959 736 4006 contra
770 3965 828 4005 se
861 3958 1331 4019 praeparaverant,
1363 3962 1461 4017 per
1491 3948 1668 4015 ignem
1698 3948 1982 4018 deposuit,

405 4052 457 4099 et
483 4043 621 4096 alios
642 4043 864 4110 quidem
886 4040 1114 4101 occidit,
1147 4040 1287 4093 alios
1310 4054 1440 4093 vero
1475 4039 1598 4109 igne
1621 4043 1989 4110 consumpsit,

404 4133 494 4186 alii
521 4140 703 4184 autem
733 4130 964 4183 manicis
993 4139 1046 4184 et
1068 4130 1430 4198 compedibus
1461 4130 1702 4199 colligati
1742 4140 1891 4197 sunt,
1918 4134 1991 4186 ita

404 4235 457 4278 ut
496 4239 629 4294 pene
662 4223 844 4276 nullus
879 4237 945 4275 ex
980 4222 1065 4276 bis
1097 4223 1189 4289 qui
1234 4220 1460 4275 Sarbari
1490 4221 1709 4277 fuerant
1755 4224 1993 4278 salvare-

404 4326 516 4371 tur.
556 4318 903 4385 Acceperunt
937 4324 1119 4368 autem
1157 4322 1210 4368 et
1267 4329 1418 4367 arma
1454 4314 1708 4378 Sarbari,
1762 4331 1990 4369 aureum

405 4410 661 4464 videlicet
715 4408 996 4478 clypeum,
1051 4408 1380 4459 machaeram
1441 4408 1605 4460 etiam
1656 4408 1989 4462 etlaneeam

2094 3298 2262 3353 barus
2302 3306 2481 3350 autem
2521 3310 2684 3366 ponte
2718 3313 2912 3351 rursus
2952 3299 3005 3350 in
3034 3298 3257 3366 proprio
3290 3298 3413 3349 loco
3442 3305 3674 3349 extenso

2094 3391 2303 3461 absque
2354 3390 2637 3444 obstaculo
2672 3389 3056 3444 translretavit
3093 3389 3449 3458 Euphratem,
3492 3396 3545 3440 et
3585 3402 3675 3441 se.

2092 3486 2363 3555 quebatur
2389 3492 2512 3551 post
2546 3498 2693 3537 cum.
2730 3485 2829 3537 Ast
2860 3484 3160 3552 imperator
3211 3495 3333 3534 cum
3378 3480 3676 3533 transisset

2092 3585 2313 3647 pontem
2351 3576 2497 3640 Sari,
2539 3577 2760 3629 inventa
2817 3575 3008 3645 requie
3043 3582 3154 3627 tam
3189 3573 3466 3627 exercitus
3509 3584 3674 3639 quam

2093 3670 2413 3723 animalium
2440 3669 2585 3721 circa
2614 3670 2793 3737 ipsum
2818 3676 3003 3721 castra
3031 3673 3271 3720 metatus
3294 3674 3397 3727 est,
3421 3662 3676 3717 reﬁciens

2094 3775 2208 3816 eos.
2244 3760 2502 3814 Pervenit
2533 3769 2713 3814 autem
2749 3772 2803 3814 et
2826 3758 3102 3813 Sarbarus
3140 3759 3194 3810 in
3228 3766 3439 3826 partem
3468 3769 3589 3825 qua:
3617 3755 3676 3808 in

2094 3863 2289 3910 contra
2321 3870 2443 3909 esse
2464 3871 2527 3909 ex
2556 3854 2732 3907 altera
2766 3861 2919 3922 parte
2934 3852 3251 3906 videbatur.
3286 3850 3519 3903 Invento
3544 3861 3676 3902 vero

2095 3958 2281 4019 ponte,
2316 3958 2367 4000 et
2399 3945 2826 4016 pr0pugnaculis
2862 3960 2984 4013 qua:
3016 3944 3068 3997 in
3127 3943 3248 4011 ipso
3284 3948 3440 3994 erant
3495 3955 3522 3992 a
3559 3939 3677 3993 Ro-

2094 4042 2274 4096 manis
2307 4041 2574 4102 obtentis,
2630 4049 2813 4093 castra
2870 4044 3111 4090 metatus
3162 4044 3268 4089 est.
3304 4032 3678 4086 Excurrentes

2094 4142 2276 4187 autem
2314 4133 2474 4186 multi
2509 4131 2887 4185 Romanorum
2934 4144 3030 4197 per
3078 4136 3300 4197 pontem
3360 4124 3677 4178 inordinate

2093 4240 2218 4279 cum
2254 4226 2435 4279 Persis
2470 4225 2825 4278 contulerunt
2858 4223 3200 4283 conllicrum,
3241 4219 3414 4272 multa
3457 4217 3509 4270 in
3538 4218 3675 4285 ipsis

2094 4319 2241 4373 caede
2274 4318 2594 4372 commissa.
2626 4314 2829 4369 Verum
2882 4316 3183 4383 imperator
3215 4312 3317 4365 bos
3361 4310 3675 4364 inordinate

2096 4412 2417 4482 prohibebat
2448 4410 2783 4475 discurrere,
2815 4423 2882 4461 ne
2917 4398 3190 4461 forte'iter
3220 4404 3367 4458 lieret
3403 4403 3670 4456 adversa-

406 4519 557 4571 mque
589 4516 813 4555 auream
848 4510 901 4554 et
932 4508 1205 4569 comptam
1268 4499 1524 4569 pretiosis
1558 4499 1833 4567 lapidibus
1884 4515 1980 4555 ιο·
2008 4500 2062 4560 D
2090 4506 2187 4559 riis
2213 4519 2333 4557 cum
2353 4504 2462 4556 illis
2486 4500 2847 4555 conveniendi
2880 4499 2944 4552 ad
2973 4507 3192 4567 pontem
3218 4506 3270 4549 et
3295 4496 3498 4563 pariter
3520 4506 3674 4545 com-

406 4610 551 4657 nam,
598 4594 956 4648 nihilominus
1014 4600 1067 4647 et
1123 4594 1493 4646 calceatnenta
1547 4591 1689 4661 ejus.
1747 4591 1867 4663 His;
1907 4592 1981 4646 ita

404 4688 659 4741 omnibus
719 4687 955 4753 sumptis
1018 4685 1264 4754 procedit
1303 4694 1495 4737 contra
1555 4684 1838 4752 dispersos
1888 4699 1985 4753 per

409 4784 585 4847 villas,
611 4782 703 4851 qui
739 4782 952 4835 scilicet
986 4787 1270 4848 comperta
1306 4778 1531 4832 Sarbari
1575 4777 1700 4847 luga
1744 4778 1863 4832 sine
1894 4794 1981 4831 re-

406 4876 647 4929 tentione
690 4873 987 4943 fugiebant.
1032 4872 1150 4941 Ipse
1202 4879 1383 4925 autem
1442 4870 1735 4925 insecutus
1778 4871 1982 4926 multos

405 4982 593 5021 eorum
628 4966 830 5020 occidit
852 4975 903 5019 et
927 4965 1142 5019 vinctos
1172 4964 1383 5033 accepit
1416 4981 1429 5015 :
1464 4963 1659 5032 reliqui
1695 4978 1818 5017 cum
1850 4978 1984 5018 con-

407 5057 621 5111 fusione
666 5057 718 5109 in
747 5054 1028 5109 Persidem
1087 5053 1441 5123 repedarunt.
1487 5052 1983 5123 Porroimperator

404 5150 645 5203 exercitu
678 5164 779 5201 suo
807 5149 1040 5202 collecto
1083 5161 1208 5201 cum
1239 5147 1441 5217 gaudio
1495 5146 1551 5200 in
1594 5145 1732 5201 locis
1766 5145 1875 5200 illis
1902 5146 1985 5201 in-

406 5242 651 5310 trepidus
676 5241 961 5294 hiemavit.

478 5335 663 5389 Mundi
695 5351 841 5389 anno
862 5335 1020 5396 6116.
1052 5336 1251 5390 divina:
1272 5336 1670 5391 incarnationis
1689 5350 1832 5389 anno
1855 5335 1981 5401 616,

408 5430 781 5497 annoimperii
808 5428 1044 5483 lleraclii
1073 5430 1160 5495 l5,
1199 5431 1438 5484 Arabum
1468 5430 1725 5499 princeps
1746 5430 1984 5484 Muamet

409 5521 731 5574 habebatur.
767 5518 1052 5576 Heraclius
1108 5532 1287 5576 autem
1339 5530 1668 5576 coacerVato
1728 5525 1975 5579 exercitu

407 5626 508 5669 suo
534 5612 825 5668 consilium
860 5611 1097 5669 faciebat
1125 5629 1360 5684 quauatn
1395 5614 1476 5668 via
1505 5622 1757 5685 pergeret
1798 5636 1811 5671 :
1857 5615 1981 5671 duas

2087 4593 2323 4648 meandi.
2357 4592 2597 4660 Populus
2646 4600 2825 4643 autem
2876 4604 2981 4641 non
3011 4586 3401 4654 acquiescebat
3437 4584 3675 4650 impera—

2086 4688 2213 4741 tori.
2244 4685 2415 4739 Porro
2436 4683 2732 4755 Sarbarus,
2761 4681 3094 4755 quibusdam
3120 4678 3400 4732 exercitus
3423 4676 3507 4729 sui
3533 4675 3672 4728 clam

2086 4781 2141 4834 in
2178 4779 2310 4833 locis
2340 4780 2541 4831 abditis
2576 4776 2884 4835 collocatis,
2913 4772 3153 4828 ostendit
3174 4786 3233 4825 se
3256 4769 3412 4839 quasi
3453 4767 3673 4837 fugieno

2089 4884 2223 4940 tem,
2260 4892 2323 4931 ac
2357 4876 2437 4932 sic
2493 4875 2766 4930 abstraxit
2803 4873 3005 4927 multos
3037 4872 3315 4926 Rotnanos
3341 4874 3540 4936 pra-ter
3571 4880 3673 4919 vo-

2088 4978 2206 5024 tum
2238 4968 2586 5037 imperatoris
2637 4967 2702 5021 ad
2736 4966 3139 5021 insecutionem
3175 4962 3259 5015 sui
3296 4965 3669 5015 transeuntes.

2090 5061 2369 5116 Reversus
2402 5068 2610 5122 autem,
2647 5069 2699 5114 et
2739 5060 2823 5114 bis
2871 5060 2925 5112 in
2957 5058 3138 5122 fugam
3167 5053 3475 5113 conversis,
3503 5059 3670 5115 quot-

2094 5165 2227 5225 quot
2276 5161 2428 5207 extra
2482 5162 2703 5220 poutetn
2748 5151 3043 5216 occupavit
3084 5149 3312 5207 occidit,
3371 5144 3667 5197 vindictam

2097 5262 2386 5317 perpessos
2421 5245 2824 5300 inobedientiie.
2857 5244 3164 5313 Imperator
3199 5256 3330 5293 vero
3363 5254 3487 5293 cum
3545 5235 3672 5290 bar-

2096 5341 2260 5394 baros
2288 5339 2516 5394 vidisset
2544 5338 2887 5393 insecutione
2922 5337 3146 5391 ordines
3168 5331 3508 5391 dissolviSse,
3531 5337 3669 5381 etex

2093 5432 2356 5497 ﬂotnanis
2388 5430 2664 5485 stantibus
2721 5429 2776 5481 in
2809 5426 3251 5481 antemuralibus
3302 5421 3413 5491 (5t)
3469 5418 3670 5471 inultos

2093 5508 2423 5586 exstinctos,
2459 5533 2650 5576 contra
2685 5536 2782 5575 eos
2820 5519 3100 5588 prolectus
3124 5526 3208 5570 est
3255 5509 3667 5579 l’orquuitlam

2089 5616 2173 5669 vir
2197 5614 2361 5671 Persa
2395 5616 2681 5686 giganteus
2713 5612 3032 5683 imperatori
3081 5621 3381 5663 occurrens
3436 5604 3579 5655 hunc
3610 5600 3666 5653 in

1890 5732 2095 5789 ΝΟΤᾸΕ
2108 5772 2122 5787 .

477 5824 591 5888 (3|)
632 5826 1083 5898 Antemuralilms.
1132 5827 1329 5881 Matth.
1374 5827 1513 5898 Par.
1542 5827 1866 5898 "ist.Angl.
1925 5830 1978 5884 in

415 5893 682 5952 \‘(uio-tmn
716 5897 752 5950 ll
789 5917 798 5947 :
848 5917 862 5947 ι
904 5900 1348 5955 Λιιισξιιιιιιήιίὴιιδ
1387 5897 1686 5955 conft'actis
1718 5893 1969 5969 cogerent

2085 5826 2410 5951 gelensorcs
2472 5825 2615 5883 intra
2648 5840 2833 5881 muros
2887 5821 3178 5879 interiores
3232 5834 3289 5873 sc:
3344 5814 3601 5882 recipere.
3638 5831 3658 5864 ι

2131 5914 2252 5951 ABR.

2131 5914 2252 5954 ABR.
