4414 6462
855 431 986 500 i307

1928 445 2324 509 ANASTASII
2366 451 2984 522 ΒΙΒιΙΟΊἮΞΕΑΒΙῙ
3079 464 3081 467 ’

849 548 1030 599 ιειιιυὶο
1060 546 1262 642 ροηιίς
1289 547 1635 642 aggreditur.
1681 551 1780 642 est
1813 552 2109 623 imperator
2135 561 2238 616 hoc
2279 577 2403 632 per-
2434 578 2481 631 Α
2509 565 2847 622 verberibus.
2879 563 3052 621 Porro
3083 558 3316 622 Chazari
3341 569 3605 639 disruptis
3643 571 3858 642 Caspiis
3892 577 4070 642 portis

848 647 1014 727 cesso
1057 634 1111 686 in
1157 635 1333 727 amnis
1366 634 1566 727 fluenta
1603 634 1857 708 proiecit.
1897 642 2012 699 lloc
2073 663 2182 701 uno
2213 659 2407 706 ruente
2514 650 2796 709 Persidem
2834 656 3040 709 adeunt
3072 656 3126 708 in
3173 656 3449 726 regionem
3489 634 3778 727 Adrahiga':
3803 634 3911 714 una
3938 674 4066 714 enus

849 722 902 774 in
948 721 1129 789 fugam
1158 719 1382 776 Barbari
1418 728 1560 779 versi
1593 739 1740 794 sum,
1773 739 1824 784 et
1849 747 1957 800 pra:
1987 737 2239 804 angustia
2269 753 2403 808 pon-

847 811 916 863 tis
976 818 1032 862 ut
1083 825 1226 864 ranm
1284 827 1342 864 se
1383 813 1436 866 in
1473 811 1694 868 ﬂumine
1752 819 2056 885 iaciebant;
2087 823 2179 876 alii
2221 835 2403 880 autem

843 901 1002 954 etiam
1030 903 1222 970 gladiis
1262 905 1701 960 trucidabantur.
1737 909 1907 965 Porro
1947 911 2241 970 multitudo
2273 917 2401 972 bar-

845 992 1098 1044 barorum
1148 1008 1243 1060 per
1287 994 1525 1050 fluminis
1580 999 1725 1067 ripas
1752 999 1949 1055 tliil'nsa
1993 1006 2285 1073 sagittabat
2338 1022 2404 1062 ac

803 1125 810 1132 .
843 1082 1150 1145 resistebat,
1174 1100 1276 1136 non
1307 1085 1494 1140 sinens
1520 1077 1855 1145 transmeare
1879 1091 2175 1149 Romanos.
2201 1095 2400 1152 Verum

842 1167 1136 1236 imperator
1165 1174 1436 1227 transiens
1464 1175 1694 1229 viriliter
1722 1177 1969 1233 barbaris
2003 1181 2236 1247 resistit,
2273 1198 2398 1238 cum

840 1260 1026 1324 paucis
1059 1262 1382 1327 quibusdam
1419 1266 1696 1322 societatis
1745 1283 1858 1323 suae
1906 1275 2391 1343 superagouiaans,

839 1348 913 1399 ita
946 1361 1004 1402 ut
1048 1352 1212 1404 etiam
1248 1368 1412 1422 super
1442 1356 1542 1410 hoc
1573 1357 1843 1413 Sarbarus
1868 1361 2304 1432 obstupesceret,
2341 1377 2396 1420 et

839 1439 902 1492 ad
931 1440 1188 1495 Cosmam
1221 1447 1510 1511 quemdam
1539 1448 1694 1516 juxta
1740 1465 1799 1504 se
1835 1460 2088 1516 stantem,
2127 1454 2398 1513 Romano-

838 1548 955 1584 rum
982 1533 1272 1604 profugutn
1299 1551 1363 1589 ac
1427 1540 1775 1608 magaritam,
1811 1543 2015 1598 diceret
2050 1562 2064 1600 :
2109 1544 2280 1612 Vides,
2310 1550 2398 1603 in-

833 1623 1049 1688 quiens,
1079 1623 1357 1690 Cmsarem,
1385 1643 1414 1680 ο
1436 1617 1648 1692 Cosme,
1676 1647 1832 1698 quam
1868 1638 2048 1687 audax
2066 1638 2136 1690 ad
2168 1653 2396 1706 pugnam

834 1719 954 1773 stet,
987 1722 1038 1765 et
1062 1726 1245 1767 eoiitra
1282 1725 1482 1769 tantam
1534 1721 1920 1776 multitudinem
1969 1725 2112 1779 solas
2145 1729 2391 1793 decertet,

829 1809 881 1852 et
910 1801 1043 1854 velut
1068 1804 1215 1856 incus
1235 1806 1418 1872 jaeufa
1449 1819 1634 1862 renuat
1658 1812 1682 1864 7
1707 1799 1778 1864 ex
1825 1797 2006 1870 rit-bris
2036 1817 2179 1871 enim
2216 1819 2393 1875 ocreis

2513 751 2743 813 pratore
2773 759 2875 799 suo
2899 740 3132 808 Zibebil,
3164 744 3258 814 qui
3278 745 3540 812 dignitate
3571 748 3845 804 secundus
3869 763 3899 802 a
3933 749 4072 804 cha-

2510 848 2683 900 gauo;
2741 839 2796 886 et
2840 832 2893 886 in
2933 847 3272 903 quaecunque
3334 834 3455 888 loco
3513 838 3899 906 peragrabant,
3949 844 4067 891 tans

2510 921 2703 976 Persas
2722 923 3194 993 deprebendebaut
3221 939 3386 995 quam
3417 925 3668 981 civitates
3689 935 3743 980 et
3773 927 3928 983 villas
3951 928 4070 994 igni

2509 1013 2814 1070 tradebant.
2845 1012 3132 1071 Profectus
3191 1030 3320 1069 vero
3349 1015 3641 1083 imperator
3671 1030 3700 1068 a
3745 1015 3941 1071 Lasica
3976 1017 4069 1071 bis

2508 1104 2769 1158 occurrit.
2802 1103 3015 1160 Zihebil
3038 1114 3218 1159 autem
3266 1105 3370 1159 hoc
3417 1105 3536 1159 viso
3563 1099 3876 1161 accelerans
3911 1122 4067 1160 coni-

2507 1193 2762 1261 plectitur
2784 1193 2984 1262 collnm
3014 1193 3135 1262 ejus
3161 1201 3215 1248 et
3247 1194 3438 1248 adorat
3469 1206 3618 1257 eum,
3664 1193 3845 1249 Persis
3867 1195 4066 1251 civita-

2508 1283 2578 1337 tis
2601 1283 2992 1353 aspicientibus
3026 1301 3042 1338 :
3077 1284 3372 1339 universus
3405 1291 3586 1339 autem
3619 1283 3917 1340 Turcorum
3949 1301 4066 1356 po-

2506 1375 2748 1443 pulusln
2782 1383 2984 1430 terram
3035 1374 3320 1438 cadentes,
3353 1389 3416 1430 ac
3465 1375 3625 1445 proni
3677 1391 3840 1444 super
3865 1378 4064 1433 faciem

2503 1465 2727 1529 extenti,
2760 1465 3143 1534 imperatorem
3162 1465 3434 1519 honorant
3457 1466 3667 1521 honore
3695 1468 3787 1536 qui
3816 1476 3899 1521 est
3919 1467 4065 1536 apud

2503 1553 2734 1624 gentiles
2760 1560 3075 1609 extraneus.
3114 1551 3384 1608 Similiter
3433 1553 3707 1625 principes
3735 1567 3923 1609 eorum
3967 1568 4060 1609 su-

2503 1659 2600 1715 pra
2625 1634 3426 1712 saxafeonseendenlesfcodem
3451 1645 3728 1701 schemate
3754 1646 4066 1714 procidunt.

2499 1737 2901 1793 Obtulitautem
2924 1734 3136 1790 Zihebil
3157 1737 3468 1805 imperatori
3504 1738 3665 1792 etiam
3707 1738 3875 1791 filium
3904 1750 4067 1791 suum

2501 1830 2919 1898 primogenitum
2946 1869 2961 1893 ,
3027 1828 3192 1897 hujus
3234 1828 3584 1884 sermonibus
3629 1827 3960 1891 delectatus,
4005 1837 4067 1880 et

832 1896 1256 1961 agnoscebatur,
1309 1900 1621 1969 multasque
1666 1901 1966 1971 imperator
2000 1909 2205 1979 plagas,
2267 1910 2617 1985 lieetBejus
2662 1896 2773 1972 tam
2834 1919 3045 1973 vultum
3103 1896 3268 1987 quam
3329 1917 3674 1988 prudentiam
3738 1917 4062 1973 admiratus-

830 1988 1031 2039 nuilam
1073 1988 1126 2041 in
1165 1991 1266 2043 hoc
1318 1993 1505 2058 praiio
1559 1997 1942 2062 periculosam.
1988 2001 2218 2071 accepit.
2259 2001 2394 2058 Tota

831 2089 963 2129 vero
992 2076 1082 2131 die
1109 2092 1235 2132 cum
1288 2079 1342 2132 in
1378 2081 1480 2136 hoc
1536 2085 1678 2139 bello
1709 2099 2065 2154 pugnassent,
2102 2093 2399 2150 accedente

834 2177 1059 2254 vespera
1091 2165 1159 2220 ab
1191 2167 1422 2223 invicem
1452 2177 1686 2241 separati
1716 2185 1867 2231 sunt.
1889 2178 1954 2233 Et
1984 2179 2396 2254 Sarbarusqni-

827 2253 949 2307 dem
983 2255 1182 2312 timens
1214 2273 1309 2327 per
1334 2269 1548 2319 noctem
1581 2277 1729 2321 retro
1789 2284 2044 2328 reversus
2076 2281 2180 2339 est,
2221 2253 2399 2346 impe-

831 2351 980 2399 rator
1015 2357 1195 2402 autem
1230 2353 1432 2420 populo
1457 2370 1559 2410 suo
1591 2368 1915 2416 coacervato
1952 2363 2019 2418 ad
2046 2366 2238 2421 urbem
2270 2381 2398 2439 pro-

825 2438 1033 2501 peravit
1056 2437 1382 2508 Sebastiam,
1407 2453 1464 2500 et
1493 2464 1616 2503 cum
1637 2451 1771 2522 Alyn
1807 2451 2034 2511 fluvium
2061 2437 2396 2518 transmeas-

825 2532 931 2592 set,
991 2527 1044 2583 in
1079 2530 1182 2585 hoc
1209 2534 1411 2601 gaudio
1450 2539 1618 2595 totius
1656 2543 1851 2599 hiemis
1878 2552 2121 2617 tempore
2152 2563 2396 2607 commo-

829 2627 982 2672 ratus
1029 2628 1134 2673 est.
1191 2620 1366 2679 Porro
1415 2625 1687 2684 Cliosrocs
1725 2633 1911 2690 furens
1969 2637 2136 2702 misit,
2169 2647 2224 2694 et
2273 2640 2397 2697 tulit

825 2705 1117 2772 thesauros
1151 2723 1477 2769 cunctarum
1505 2720 1860 2775 ecclesiarum
1885 2725 2120 2794 regionis
2142 2743 2262 2796 quae
2293 2731 2396 2784 sub

823 2794 1011 2850 Persis
1042 2809 1128 2854 est
1185 2807 1508 2870 constituta,
1543 2818 1596 2863 et
1627 2813 1856 2878 cogebat
1903 2794 2250 2873 Christianos
2289 2818 2397 2874 Ne-

822 2887 979 2940 storii
1016 2887 1128 2944 fleri
1164 2901 1463 2950 sectatores
1495 2897 1560 2950 ad
1598 2903 2076 2973 perstringendum
2106 2905 2226 2962 sive
2274 2922 2396 2978 pcr-

823 2978 1131 3035 cellendum
1173 2983 1582 3053 imperatorem.

888 3071 1052 3124 Anno
1076 3073 1288 3141 imperii
1324 3075 1559 3135 Heraclii
1593 3081 1658 3136 f6
1690 3081 1963 3141 Chosroes
1987 3085 2276 3144 Persarum
2297 3105 2391 3146 res

817 3175 1014 3216 novam
1045 3162 1175 3218 fecit
1201 3167 1473 3235 militiam,
1496 3163 2030 3242 praelium‘initurus,
2072 3179 2391 3249 peregrinos

820 3266 885 3303 ac
919 3252 1068 3304 cives
1099 3261 1155 3307 et
1176 3270 1366 3312 servos
1402 3274 1468 3312 ex
1501 3262 1649 3315 omni
1683 3264 1904 3319 natione
1930 3243 2087 3320 facta:
2123 3243 2388 3327 electione
2414 3243 2460 3305 C

817 3353 1332 3412 i-oacervatis;qua
1388 3345 1654 3404 electione
1703 3349 1836 3405 Sain
1885 3353 2088 3408 tradita
2141 3362 2385 3425 pratori,

819 3426 926 3477 aha
961 3425 1030 3480 50
1084 3430 1256 3484 ntillia
1300 3446 1364 3486 ex
1405 3433 1677 3506 phalange
1709 3434 1933 3494 Sarbari
1971 3441 2145 3497 electa
2185 3445 2387 3503 tollens

822 3518 952 3572 huic
973 3520 1228 3587 sociavit,
1271 3526 1682 3597 nominavitque
1711 3528 1834 3585 illos
1865 3546 2064 3588 aureos
2114 3535 2387 3603 camulos,

816 3610 990 3666 ethos
1024 3612 1290 3670 adversus
1343 3618 1728 3687 imperatorem
1762 3621 1981 3678 direxit.
2019 3625 2191 3681 Porro
2253 3625 2386 3683 Sar-

819 3703 1011 3758 liarum
1039 3721 1161 3760 cum
1193 3709 1402 3777 reliquo
1424 3713 1665 3767 esercitu
1688 3730 1789 3770 suo
1823 3726 2014 3772 contra
2057 3716 2382 3775 Constanti-

815 3794 1052 3862 nopolim
1108 3798 1275 3863 misit,
1315 3811 1587 3869 quatenus
1649 3806 1900 3872 Hunnus,
1956 3809 2051 3878 qui
2086 3822 2274 3868 essent
2325 3815 2380 3869 in

814 3885 1133 3950 Occidente,
1157 3904 1298 3960 quos
1330 3896 1534 3949 Avarcs
1564 3906 1782 3972 vocant,
1813 3913 1939 3954 cum
1964 3898 2293 3973 Vulgaribus
2328 3914 2383 3961 et

815 3977 1027 4034 Sclavis
1053 3988 1217 4050 atque
1243 3982 1541 4050 Gipedibus
1571 3990 1862 4044 concordia
1905 3993 2164 4062 sociaret,
2193 3996 2382 4066 sicque

815 4071 1078 4125 adversus
1115 4073 1301 4128 urbem
1344 4090 1723 4148 properarent,
1760 4092 1815 4136 et
1848 4083 1992 4140 itane
2047 4085 2383 4142 unanimiter

814 4161 1150 4220 obsiderent.
1185 4163 1320 4220 Cum
1366 4183 1549 4224 autem
1599 4173 1701 4228 hoc
1730 4173 2016 4238 didicisset
2053 4176 2387 4247 imperator,-

809 4255 1108 4308 cxercitum
1138 4271 1298 4311 suum
1326 4260 1525 4327 triplici
1560 4271 1711 4330 parte
1732 4263 1966 4318 divisum
1988 4261 2295 4321 transmisit
2312 4267 2379 4321 ad

810 4348 1230 4404 custodiendum
1274 4348 1488 4417 urbem,
1536 4351 1863 4422 quibusdam
1923 4361 2106 4410 autem
2158 4355 2379 4415 traditis

808 4438 1100 4495 Theodoro
1130 4439 1286 4495 fratri
1327 4457 1430 4496 suo
1461 4450 1657 4497 contra
1687 4441 1814 4498 Sain
1851 4444 2057 4503 bellare
2080 4451 2376 4519 tit-accpit;

809 4528 1091 4585 humiliori
1145 4547 1273 4587 vero
1304 4541 1458 4603 parte
1489 4534 1606 4606 ipse
1635 4542 1862 4607 accepta
1891 4536 1948 4591 in
1975 4534 2228 4593 Lazicam
2253 4555 2380 4610 pro-
2407 4573 2454 4631 υ

808 4632 981 4690 perat,
1035 4632 1089 4679 et
1133 4627 1187 4680 in
1241 4628 1358 4696 ipsa
1387 4629 1591 4699 degens
1623 4628 1832 4687 Turcos
1862 4631 1929 4687 ab
1961 4630 2204 4698 Oriente,
2238 4650 2379 4704 quos

806 4714 1087 4771 Chazaros
1143 4729 1492 4790 nuncupant,
1543 4722 1602 4780 in
1630 4723 1895 4780 auxilium
1951 4725 2212 4780 advocat.
2241 4726 2377 4783 Sain

809 4821 941 4861 vero
964 4822 1216 4883 unalcum
1245 4810 1458 4865 naviter
1481 4812 1658 4868 electo
1689 4817 1934 4873 exercitu
1961 4817 2292 4890 perveniens
2312 4818 2380 4875 ad

809 4899 1034 4954 fratrem
1061 4902 1410 4970 imperatoris
1429 4901 1783 4961 Theodorum
1807 4909 1872 4964 ad
1893 4910 2096 4968 bellum
2123 4913 2377 4967 armavit.

809 4989 918 5048 Deo
941 5001 1123 5050 autem
1152 5009 1249 5066 per
1274 4995 1699 5054 intercessiones
1720 5014 1936 5073 semper
1958 5003 2254 5068 laudabilis
2280 5003 2378 5062 Del

809 5082 1112 5145 Genitricis
1142 5090 1470 5160 opitulante,
1502 5089 1644 5144 bello
1669 5097 1994 5163 commisso,
2029 5101 2239 5170 grando
2280 5099 2380 5156 mi-

805 5176 1055 5235 rabiliter
1114 5190 1307 5236 contra
1337 5180 1607 5236 barbaros
1641 5183 1837 5240 cecidit
1879 5202 2181 5262 eorumque
2215 5191 2382 5262 pluri-

805 5286 927 5326 suos
959 5275 1213 5340 perculit.
1246 5272 1315 5326 At
1348 5288 1479 5330 vero
1508 5276 1654 5330 acies
1681 5277 2053 5336 Romanorum
2102 5284 2378 5357 tranquil.

805 5363 956 5418 litate
1007 5365 1179 5433 potita
1236 5373 1344 5422 est.
1383 5363 1612 5422 Vertunt
1668 5375 1850 5425 autem
1879 5368 2113 5428 Romani
2155 5373 2376 5442 Persas,
2418 5363 2447 5404 ‘

804 5463 857 5507 et
897 5454 1237 5511 interﬁciunt
1271 5456 1681 5515 multitudinem
1718 5463 2022 5532 copiosam.
2059 5461 2173 5521 Hoc
2229 5481 2380 5520 com-

805 5552 960 5614 perto
1006 5546 1282 5605 Chosroes
1325 5549 1582 5606 irascitur
1607 5562 1802 5609 contra
1834 5551 1988 5622 Sain,
2021 5556 2115 5627 qui
2145 5574 2209 5613 ex
2245 5557 2381 5612 mul-

808 5645 863 5689 to
917 5639 1086 5715 animi
1145 5641 1360 5697 defectu
1423 5645 1477 5698 in
1535 5644 1851 5714 languorem
1909 5647 2157 5706 incidens
2204 5651 2378 5705 mori-

807 5728 935 5788 t'ur;
967 5729 1126 5795 cujus
1167 5734 1548 5805 eorpusjussn
1594 5736 1858 5794 Cliosrois
1891 5741 2113 5797 salitum
2159 5742 2224 5798 ad
2250 5758 2375 5797 eum

785 5819 1046 5873 "delatum
1082 5831 1196 5886 est;
1257 5839 1418 5893 quem
1462 5827 1552 5884 ille
1587 5839 1860 5885 mortuum
1896 5833 2081 5889 multis
2123 5833 2376 5892 submisit

2497 2005 2801 2079 Electisqnc
2836 2007 3052 2064 Zibebll
3081 2009 3447 2079 quadraginta
3507 2009 3752 2064 millibus
3811 2010 4063 2063 virorum

2498 2092 2720 2153 fortium
2742 2099 2889 2154 dedit
2912 2114 2972 2154 ea
3003 2098 3057 2153 in
3076 2099 3338 2153 auxilium
3371 2099 3707 2170 imperaturi.
3738 2097 3910 2154 Porro
3941 2100 4064 2167 ipsa

2496 2206 2747 2248 reversus
2779 2203 2866 2246 est
2898 2192 2954 2246 in
3012 2193 3288 2262 regionem
3321 2207 3503 2248 suam.
3547 2193 3646 2249 liis
3679 2200 3860 2249 autem
3896 2209 4062 2248 acca-

2497 2281 2606 2351 ptis
2655 2281 2954 2351 imperator
3005 2289 3197 2336 contra
3225 2281 3506 2338 Cliosroen
3533 2284 3800 2354 procedit.
3833 2286 3901 2338 At
3931 2297 4061 2338 vero

2499 2370 2773 2427 Sarbarus
2817 2370 3217 2429 Chalcedonem
3271 2389 3600 2444 properans,
3655 2376 3971 2443 Avareaque
4028 2388 4061 2427 a

2496 2462 2706 2519 Thrace
2743 2465 2866 2521 urbi
2923 2465 3376 2536 propinquantes,
3408 2467 3552 2522 banc
3600 2466 3920 2538 depopulari
3957 2477 4056 2519 vo-

2497 2555 2638 2618 lunt,
2673 2565 2725 2608 et
2749 2554 2934 2608 multis
2959 2554 3230 2609 machinis
3253 2554 3522 2610 adversus
3573 2569 3694 2608 eam
3740 2554 4062 2620 commotis.

2497 2652 2552 2699 et
2583 2644 2800 2719 navium
2829 2643 3166 2714 sculptarum
3205 2660 3270 2698 ex
3304 2642 3445 2698 Istro
3471 2643 3819 2698 multitudine
3849 2644 4061 2698 intlnita

2497 2749 2592 2786 seu
2620 2734 3002 2789 innumerabili
3036 2733 3239 2801 delata,
3273 2735 3456 2788 sinum
3487 2746 3660 2789 cornu
3693 2735 4054 2804 repleverunt.

2497 2823 2692 2880 Decem
2730 2838 2862 2897 sane
2904 2825 3098 2880 diebus
3136 2825 3327 2880 urbem
3369 2823 3714 2890 obsidentes,
3745 2825 4083 2897 bellumque.

2494 2926 2639 2972 terra
2658 2917 2902 2986 marique
2932 2923 3202 2986 gerentes,
3229 2914 3322 2970 Dei
3355 2915 3556 2970 virtute
3591 2917 3794 2985 pariter
3851 2925 3906 2972 et
3963 2931 4058 2973 co-

2495 3010 2833 3077 operatione,
2880 2989 2981 3062 nec
3010 3023 3118 3063 non
3152 3000 3206 3063 et
3255 3006 3592 3063 intemerata
3633 3005 3729 3063 Dei
3778 3005 3967 3064 latris
4001 3015 4060 3064 et

2498 3097 2734 3169 Virginia
2769 3098 3259 3159 intercessionibus
3309 3100 3557 3169 superati
3592 3106 3742 3155 sunt.
3798 3097 3944 3166 Quin
4002 3107 4058 3157 et

2495 3183 2842 3247 multitudine
2879 3188 3100 3263 copiosa
3131 3206 3358 3247 suorum
3393 3201 3502 3245 tam
3537 3192 3590 3247 in
3629 3172 3972 3263 terra‘qnam
4002 3193 4057 3248 in

2495 3281 2634 3335 mari
2652 3279 2924 3352 deposita,
2955 3297 3080 3338 cum
3108 3282 3318 3351 ingenti
3343 3281 3671 3338 confusione
3713 3282 3780 3337 ad
3801 3281 3922 3338 loca
3955 3297 4056 3340 sua

2500 3370 2707 3424 reversi
2725 3379 2870 3425 sunt.
2901 3355 3074 3426 Porro
3098 3371 3370 3430 Sarbarus
3385 3371 3782 3430 Chalcedonem
3797 3373 4060 3447 obsidens

2494 3473 2605 3513 non
2629 3461 2938 3528 emigravit,
2965 3461 3061 3516 sed
3093 3461 3294 3516 ibidem
3311 3463 3594 3525 hiemavit,
3628 3464 3740 3516 tam
3784 3464 4062 3520 incursio—

2494 3563 2592 3606 nes
2619 3565 2786 3618 agens
2808 3563 3080 3620 quainque
3100 3548 3426 3621 deprtedans
3451 3550 3751 3617 conﬁnaies
3769 3562 3974 3622 partes,
4005 3563 4062 3610 et

2491 3642 2739 3698 civitates
2776 3643 2902 3713 igne
2922 3643 3252 3712 disperdens

2558 3729 2716 3785 Anno
2733 3731 2945 3800 imperii
2972 3732 3054 3786 sui
3083 3730 3150 3784 17
3165 3729 3445 3787 Heraclius
3466 3748 3494 3788 a
3515 3747 3701 3790 mense
3717 3731 4061 3806 Septembris

2485 3819 2766 3891 ingressus
2784 3821 3054 3878 Persidem
3074 3835 3180 3875 una
3198 3837 3321 3876 cum
3338 3821 3538 3881 Turcis
3551 3825 3828 3896 inopinate
3843 3836 4061 3897 propter

2484 3911 2719 3968 biemem
2761 3914 2816 3968 in
2853 3914 3111 3968 ecstasim
3143 3913 3293 3970 misit
3320 3914 3601 3973 Cbosroen
3623 3959 3637 3984 ,
3677 3931 3801 3974 cum
3834 3915 3938 3974 hoc
3968 3917 4085 3980 di-.

2483 4001 2730 4060 dicisset.
2762 4005 2830 4059 At
2855 4020 2984 4060 vero
3014 4003 3183 4062 Turci
3210 4014 3320 4061 tam
3352 4007 3529 4064 hieme
3564 4024 3727 4081 quam
3755 4008 4055 4081 frequenti-

2483 4091 2587 4150 bus
2615 4094 2900 4150 Persarum
2921 4094 3241 4152 incursibus
3258 4097 3662 4167 contemplatis,
3682 4112 3792 4152 non
3821 4097 4057 4155 ferentes

2485 4183 2686 4254 pariter
2713 4198 2838 4239 cum
2873 4182 3229 4255 imperatore,
3273 4185 3528 4240 laborare
3556 4196 3844 4256 cmperunt
3872 4190 4058 4267 paula-

2483 4272 2690 4342 timque
2715 4272 2986 4338 diffluere,
3016 4281 3072 4329 et
3098 4286 3292 4327 omnes
3318 4286 3383 4327 eo
3412 4273 3639 4328 dimisso
3670 4280 3872 4332 reversi
3902 4278 4052 4334 sunt'.

2480 4359 2581 4416 Ast
2609 4361 2908 4432 imperator
2940 4363 3218 4417 allocutus
3245 4370 3333 4416 est
3359 4362 3619 4432 populum
3645 4379 3806 4419 suum
3830 4367 4054 4425 dicens:

2481 4451 2698 4516 Scitote,
2733 4452 2951 4520 fratres,
2972 4452 3100 4521 quia
3130 4468 3283 4506 nemo
3319 4454 3471 4508 nobis
3513 4455 3623 4508 catt
3661 4456 3919 4510 auxiliari
3951 4460 4058 4516 nisi

2481 4544 2627 4598 solus
2652 4543 2810 4606 Deus,
2846 4551 2897 4597 et
2940 4559 3059 4613 qua
3084 4546 3223 4598 Itane
3253 4547 3451 4616 peperit
3485 4547 3601 4600 sine
3632 4547 3828 4600 semine
3858 4547 4052 4615 Mater,

2482 4645 2541 4689 stt
2563 4635 3112 4711 ostendatpotentiam
3142 4653 3315 4702 suam,
3339 4639 3591 4707 alonim
3609 4654 3712 4693 non
3736 4638 3790 4693 in
3816 4639 4056 4694 multitu-

2481 4727 2946 4798 dine,popularttm
2983 4744 3074 4783 res
3115 4745 3387 4784 armorum
3425 4732 3503 4785 est
3533 4730 3703 4795 satas,
3744 4732 3834 4785 sed
3874 4733 3928 4784 in
3965 4747 4053 4784 eos

2480 4818 2570 4887 qui
2584 4830 2794 4886 sperant
2818 4835 2975 4889 super
2998 4819 3364 4875 miserieordia
3378 4822 3514 4892 ejus,
3536 4824 3702 4877 mittit
3719 4823 4053 4894 adjatoriaas

2480 4926 2655 4966 suam.
2687 4912 2757 4967 At
2786 4928 2918 4968 vero
2940 4911 3210 4968 Chaereas
3233 4915 3575 4972 coacervatis
3598 4917 4056 4975 cunctis‘miiitiis

2483 5005 2598 5060 suis
2654 5015 2939 5076 prmtorem
2995 5005 3249 5073 provehit
3313 5021 3479 5077 super
3519 5008 3642 5064 illas
3689 5005 4052 5077 Bhaaantem,

2480 5093 2656 5149 virum
2707 5093 3219 5150 bellicossissimum
3264 5111 3330 5152 ac
3369 5097 3768 5164 fortissimum,
3812 5107 3867 5156 et
3906 5101 4052 5157 hunc

2481 5185 2741 5243 adversus
2771 5185 3080 5243 Heracliutn
3110 5188 3370 5242 destinat.
3391 5189 3775 5261 Atimpcrator
3802 5192 4086 5248 civitates'

2481 5274 2722 5335 Persidis
2758 5286 2922 5349 atque
2950 5278 3172 5334 castella
3203 5279 3319 5351 igni
3358 5280 3603 5345 tradidit,
3643 5292 3696 5337 et
3727 5283 4050 5340 accedentes

2479 5368 2675 5428 Persas
2718 5372 3030 5442 rbompbza
3081 5373 3392 5428 consumit.
3445 5371 3685 5444 Septima
3742 5388 3874 5430 vero
3913 5376 4044 5432 ldus

2479 5462 2731 5522 Octobris
2763 5463 3006 5536 pervenit
3024 5463 3079 5518 in
3117 5467 3394 5536 regionem
3409 5465 3751 5534 Cbamaitha,
3768 5468 4052 5525 etrefocil—

2482 5555 2612 5612 lavit
2638 5557 2898 5629 populum
2927 5570 3025 5626 per
3054 5557 3321 5629 integrat!
3349 5555 3762 5615 hebdomadam.
3778 5557 4050 5616 libantes

2481 5657 2660 5705 atttem
2702 5652 2924 5706 veniens
2954 5647 3303 5705 Ganaachum
3337 5659 3460 5720 post
3506 5666 3631 5706 cum
3674 5650 3850 5710 factus
3883 5661 3966 5707 est
3993 5660 4050 5705 ct

2481 5752 2722 5807 secutus,
2761 5741 3025 5797 Romanis
3056 5749 3182 5799 ante
3213 5744 3568 5814 pergentibus
3593 5753 3646 5799 et
3674 5743 4052 5800 consumend-

2481 5834 2583 5891 bus
2617 5848 2791 5893 escas.
2831 5830 2948 5906 Ipse
2982 5849 3110 5891 vero
3141 5844 3261 5906 post
3291 5841 3542 5906 tergum,‘
3564 5845 3623 5892 ut
3655 5837 3810 5892 eaais
3845 5834 4044 5889 famem
