4414 6462
375 414 511 481 1309
1184 422 1556 484 HISTORIA
1592 426 2169 490 ECCLESIASTICA
2213 433 2313 493 EX
2348 435 2827 495 THEUI’HANE.
3511 434 3647 506 1310

372 534 603 600 patiens,
640 535 725 586 vix
761 534 825 587 de
876 535 1031 587 micis
1069 550 1257 587 eorum
1297 539 1680 603 nutriebatur;
1732 550 1785 593 et
1827 556 1949 592 cum
1981 543 2031 601 Α
2058 559 2115 597 ru

1904 556 1949 592 Ill
1981 543 2031 601 Α
2058 559 2175 597 rum
2216 544 2531 610 Persarum,
2567 563 2629 602 ac
2662 556 2854 601 octava
2886 548 3016 600 liora
3049 550 3224 602 noctis
3255 550 3387 601 muti
3419 549 3647 616 repeda~

374 639 479 677 non
513 624 779 679 inveniret
803 638 1073 695 sumptus,
1102 627 1271 679 multa
1297 645 1360 683 ex
1380 631 1751 685 animantibus
1780 632 1952 698 ipsius
2056 646 2253 693 verunt
2290 638 2356 692 ad
2401 650 2581 693 castra
2614 656 2712 696 sua
2742 682 2755 707 ,
2797 650 2850 695 et
2885 639 2970 695 his
3003 642 3241 709 acceptis
3278 642 3550 706 abierunt,
3594 650 3645 696 et

374 724 694 783 consumpta
724 727 870 771 sunt.
893 716 1152 774 Kalendis
1181 728 1359 775 autem
1394 719 1782 777 Decembribus
1810 724 1954 777 venit
2056 742 2235 785 castra
2268 734 2451 785 metati
2485 742 2614 787 stitit
2645 732 2709 786 ad
2743 733 2935 803 pedem
2971 734 3170 787 montis
3193 734 3369 803 asperi
3397 740 3639 787 metuen-

372 808 670 878 imperator
698 809 763 863 ad
800 808 1023 865 fluvium
1060 828 1315 883 magnum
1346 812 1625 873 Zaban,et
1652 831 1774 868 cum
1808 815 1953 870 hunc
2056 832 2159 879 tes.
2202 824 2401 881 Multas
2432 839 2692 893 przeterca
2728 826 2952 897 spathas
2987 842 3122 880 auro
3150 828 3550 882 circumclusas
3582 834 3639 881 et

369 904 697 969 transiisset,
725 917 908 959 castra
948 914 1189 961 metatus
1222 916 1304 961 est
1338 907 1494 977 juxta
1532 908 1731 963 Ninive
1761 909 1954 963 civita-
2057 933 2225 973 κοηειε
2250 934 2445 973 aureas
2476 934 2602 973 cum
2625 922 2855 989 ςειιιιιιίε
2878 931 2932 975 ει
2960 929 3177 975 scutum
3207 920 3433 974 Rhamu
3465 928 3637 975 totum

370 1007 499 1050 tem.
528 995 690 1052 Venit
740 1008 917 1053 autem
958 998 1235 1055 Rliazates
1278 1017 1445 1071 penes
1484 1003 1683 1055 vadum
1730 1014 1953 1058 secutus
2055 1025 2191 1064 auro
2224 1027 2534 1080 respersum
2584 1025 2935 1081 acceperunt,
2972 1014 3181 1067 habens
3211 1015 3386 1083 petala
3414 1024 3635 1067 centum

367 1106 513 1152 eum.
552 1102 760 1146 etcum
793 1093 1172 1149 descendisset
1217 1097 1393 1150 tribus
1428 1098 1724 1162 milliariis,
1750 1098 1953 1168 reperit
2055 1103 2269 1172 viginti,
2322 1112 2377 1157 et
2438 1104 2663 1157 loricam
2721 1105 2893 1174 ipsius
2938 1122 3003 1159 ex
3048 1123 3182 1160 auro
3221 1115 3555 1169 contextam,
3588 1114 3642 1159 et

370 1185 515 1238 aliud
569 1186 769 1239 vadum
819 1194 875 1241 et
932 1189 1211 1242 transivit.
1265 1188 1365 1244 Ast
1430 1192 1728 1259 imperator
1781 1192 1951 1247 misso
2055 1198 2437 1267 searamaggin
2486 1198 2606 1267 ejus
2658 1198 2975 1252 detulerunt
3021 1214 3146 1253 cum
3206 1199 3386 1268 capite
3443 1198 3637 1267 ipsius,

370 1274 574 1330 Bahani
615 1278 876 1345 magistro
912 1279 1146 1334 militum
1182 1296 1306 1334 cum
1343 1282 1537 1351 paucis
1571 1283 1760 1337 electis
1804 1284 1950 1336 mili-
2055 1298 2219 1359 atque
2264 1290 2533 1345 dextral-ia
2584 1290 2716 1360 (52,,
2750 1298 2805 1346 et
2836 1292 3022 1345 sellam
3064 1300 3231 1344 totam
3277 1307 3341 1347 ex
3387 1306 3521 1346 auro
3564 1289 3645 1344 fa-

370 1369 536 1431 tibus,
571 1369 777 1423 invenit
809 1371 1048 1425 bandum
1075 1371 1393 1439 Persarum,
1418 1384 1468 1428 et
1486 1375 1743 1443 cumejus
1776 1375 1952 1429 comi-
2056 1383 2379 1437 brel’actam,
2439 1384 2609 1438 Porro
2676 1394 2860 1439 tentus
2930 1394 3015 1439 est
3070 1385 3221 1437 vivus
3282 1385 3640 1439 Barznmuscs

373 1473 476 1516 tem
511 1464 826 1529 occidisset,
864 1464 1060 1519 detulit
1091 1474 1255 1535 caput
1285 1467 1406 1535 ejus
1447 1476 1500 1521 et
1529 1477 1696 1521 totam
1726 1483 1948 1523 auream
2054 1475 2309 1544 princeps
2358 1474 2685 1530 Hiberorum
2739 1476 2843 1531 sub
2876 1473 3059 1531 Persis
3086 1476 3422 1545 degentium.
3467 1473 3641 1528 Neu-.0

369 1554 617 1623 spatham
652 1557 847 1624 ipsius,
868 1557 1262 1627 nonnullisque
1290 1562 1587 1629 peremptis
1622 1561 1773 1614 vivos
1794 1560 1951 1614 duxit
2053 1576 2234 1619 autem
2261 1566 2453 1620 recolit
2484 1566 2803 1634 hujusmodi
2852 1568 3053 1621 bellum
3088 1569 3230 1621 inter
3275 1566 3550 1619 Romanos
3588 1573 3642 1618 et

371 1649 436 1703 ad
486 1650 875 1719 imperatorem
912 1667 1005 1706 sex
1044 1667 1098 1707 et
1139 1653 1349 1722 viginti.
1390 1654 1444 1708 lu
1497 1655 1697 1722 quibus
1730 1665 1846 1709 erat
1898 1664 1952 1709 et
2054 1658 2275 1722 Persas,
2313 1659 2455 1727 quod
2496 1659 2749 1713 videlicet
2782 1675 2876 1728 per
2905 1668 3077 1713 totum
3103 1661 3245 1713 diem
3290 1658 3479 1712 habuit
3522 1667 3640 1710 sta-

368 1742 678 1809 spatharius
734 1741 987 1811 Rhazati,
1046 1745 1138 1815 qui
1198 1756 1251 1799 et
1305 1747 1577 1801 nuntiavit
1632 1746 1949 1817 imperatori
2054 1759 2187 1812 tum,
2225 1751 2583 1820 viceruutque
2628 1749 2884 1804 Romani.
2934 1750 3133 1804 Verum
3178 1750 3279 1803 hoc
3313 1748 3512 1818 factum
3557 1756 3640 1801 est

367 1834 512 1902 quod
564 1852 806 1907 pugnare
852 1848 1044 1892 contra
1091 1854 1213 1893 eum
1258 1837 1532 1894 Rbazates
1572 1840 1761 1903 vellet,
1807 1841 1886 1895 sic
1918 1854 1947 1893 a
1986 1901 2023 1912 ﬁ
2055 1842 2171 1896 solo
2201 1842 2294 1896 Dei
2318 1842 2620 1911 juvamine.
2648 1843 2950 1912 Imperator
2972 1859 3101 1898 vero
3128 1859 3155 1895 a
3188 1858 3245 1897 sc
3269 1842 3637 1897 confortatum

363 1927 605 1982 Cliosroe
646 1928 856 1997 jussus.
907 1940 961 1984 et
993 1929 1097 1984 tria
1132 1930 1301 1984 millia
1346 1930 1399 1984 in
1435 1933 1696 1986 auxilium
1736 1940 1943 1987 armata
1983 1901 2027 1955 Β
2055 1933 2354 1986 exercitum
2394 1941 2584 1986 contra
2621 1933 2895 1987 Chosroen
2934 1933 3175 1986 minabat
3201 1934 3334 2001 (55),
3364 1943 3639 1998 quatenus

362 2018 579 2071 miserit
638 2019 708 2083 ei,
758 2036 881 2089 qu:e
941 2032 1069 2076 tunc
1122 2020 1367 2075 nondum
1416 2032 1796 2091 pervenerant.
1849 2024 1946 2079 His
2053 2024 2199 2078 hunc
2261 2025 2579 2079 deterreret.
2642 2024 2808 2077 Porro
2863 2041 2960 2079 χιιι
3019 2023 3285 2078 Kalendas
3344 2023 3638 2078 Ianuarias

360 2110 654 2178 compertis
707 2111 1004 2180 imperator
1039 2116 1303 2183 praemisit
1356 2116 1629 2176 sarcinam
1691 2124 1818 2171 ante
1862 2134 1943 2181 se,
2050 2125 2333 2184 comperto
2360 2116 2658 2184 imperator
2688 2114 2829 2184 quod
2874 2115 3110 2183 populus
3144 2114 3396 2173 tibazati,
3439 2114 3531 2181 qui
3570 2126 3633 2164 ex

361 2204 583 2271 ipseque
618 2204 949 2259 subsecutus
980 2214 1084 2268 est,
1124 2215 1374 2263 tractans
1414 2210 1650 2278 qualiter
1678 2210 1947 2264 inveniret
2053 2206 2154 2259 hoc
2190 2206 2332 2260 bello
2362 2206 2555 2265 evasit,
2590 2207 2771 2258 unitus
2793 2206 2957 2258 fuerit
2985 2206 3158 2256 tribus
3192 2202 3431 2255 millibus
3456 2217 3576 2269 qua:
3608 2214 3635 2251 a

360 2280 542 2348 locimi
578 2297 631 2349 in
665 2312 773 2364 quo
798 2312 1041 2365 pugnare
1080 2299 1323 2364 ueheret,
1368 2301 1686 2370 priusquam
1719 2301 1948 2356 uniren-
2050 2299 2295 2353 Chosroe
2334 2299 2608 2353 destinata
2645 2298 2880 2358 fuerant,
2922 2305 2974 2350 et
3026 2306 3348 2365 sequeretur
3380 2302 3504 2363 post
3556 2308 3635 2357 se,

359 2397 446 2438 tur
479 2386 560 2440 eis
599 2386 687 2440 illa
733 2388 835 2441 tria
873 2389 1061 2444 millia.
1091 2387 1444 2461 Repertoque
1487 2408 1682 2460 campo
1712 2400 1840 2462 apto
1876 2393 1943 2448 ad
2048 2391 2403 2461 ceperintque
2449 2391 2664 2453 Ninivc,
2718 2399 3064 2443 transmeans
3120 2402 3374 2457 magnum
3427 2384 3634 2448 Zabau,

359 2480 627 2546 praelium,
668 2480 941 2534 allocutus
983 2483 1241 2550 populum
1269 2483 1438 2536 aciem
1473 2483 1766 2537 ordinavit.
1796 2477 1943 2536 lilia-
2049 2486 2219 2539 mittit
2266 2484 2557 2553 Georgium
2600 2482 2951 2535 tnrmarclien
2980 2494 3106 2534 cum
3147 2478 3294 2532 mille
3344 2477 3634 2535 tttiiililuts,

358 2581 507 2625 lates
535 2588 662 2625 vero
686 2587 806 2626 cum
846 2575 1200 2642 pervenisset,
1236 2582 1291 2629 et
1323 2576 1438 2644 ipse
1470 2575 1716 2644 praelium
1755 2576 1942 2645 dirigit
2053 2594 2163 2648 quo
2218 2587 2467 2633 curreret
2500 2576 2565 2631 ad
2594 2577 2938 2632 retinendum
2972 2584 3165 2644 pontes
3195 2571 3421 2624 minoris
3452 2568 3635 2621 Zaban

356 2666 411 2720 in
442 2669 633 2720 cuneis
665 2668 861 2729 tribtts,
901 2676 954 2720 et
982 2678 1176 2721 contra
1220 2668 1609 2737 imperatorem
1642 2670 1939 2738 processit.
2049 2671 2365 2739 priusquam
2410 2670 2459 2721 id
2513 2669 2791 2721 Chosroes
2826 2671 3207 2736 cognosceret.
3258 2662 3506 2732 Cumque
3539 2676 3635 2714 cu-

354 2756 537 2811 l’ridie
576 2773 707 2811 sane
755 2759 882 2813 ldus
913 2759 1225 2815 Decembris
1271 2770 1484 2831 gestum
1522 2771 1604 2815 est
1634 2762 1860 2827 bellum,
1891 2772 1944 2816 et
2047 2761 2313 2814 currisset
2371 2759 2643 2827 Georgius
2700 2766 2864 2811 noctu
2939 2756 3212 2810 milliariis
3267 2752 3634 2822 quadraginta

357 2858 483 2903 ante
532 2864 724 2903 omnes
759 2851 1054 2918 prosiliens
1090 2853 1387 2921 imperator
1426 2853 1772 2922 principique
1814 2853 1946 2908 l’er-
2046 2863 2190 2915 octo,
2226 2852 2400 2905 tenuit
2436 2862 2672 2921 quatuor
2710 2861 2901 2918 pontes
2952 2849 3181 2901 minoris
3216 2847 3398 2899 Zaban
3423 2887 3436 2909 ,
3471 2853 3523 2898 et
3555 2844 3638 2897 in-

354 2958 536 2995 sarum
590 2957 909 3006 occurrens,
948 2945 1132 2997 divina
1178 2945 1377 2998 virtute
1408 2945 1615 3015 Deique
1648 2945 1942 3000 Genitricis
2046 2954 2236 2997 ventos
2269 2943 2321 2995 in
2355 2942 2594 2996 caSIellis
2623 2941 2815 2994 Persas
2842 2938 3100 2993 obtinuit.
3154 2937 3373 2991 Decimo
3396 2944 3627 3006 praeter-

354 3034 716 3101 opitulatione
766 3038 911 3089 hunc
952 3035 1171 3104 dejecit,
1213 3046 1265 3090 et
1314 3037 1407 3107 qui
1450 3051 1574 3091 cum
1624 3037 1746 3106 ipso
1783 3044 1941 3091 erant
2045 3051 2107 3089 ea
2154 3034 2516 3088 Kalendarum
2561 3033 2946 3087 Januariarum
2979 3034 3304 3101 perveniens
3340 3032 3636 3099 imperator

353 3128 676 3181 exsilientes
699 3136 858 3181 antea
878 3127 1493 3198 fugeruntﬂursusque
1517 3130 1814 3200 imperator
1842 3130 1937 3183 alii
2046 3129 2111 3181 ad
2142 3137 2336 3196 pontes
2384 3125 2785 3189 transfretavit,
2820 3132 2873 3177 et
2902 3123 3120 3176 divertit
3152 3124 3204 3175 in
3245 3123 3435 3175 domos
3480 3121 3637 3175 Ilies-

354 3235 652 3272 occurrens
690 3229 743 3272 et
781 3220 927 3275 hunc
956 3236 1177 3291 quoque
1221 3222 1497 3291 deposuit.
1550 3223 1713 3277 lrruit
1757 3231 1938 3276 autem
1970 3238 2013 3294 ε
2048 3219 2194 3283 dem,
2244 3226 2296 3271 et
2352 3218 2539 3269 refecit
2580 3224 2687 3269 tam
2737 3215 3036 3268 exercitum
3082 3228 3244 3284 quam
3294 3213 3593 3266 animantia
3621 3250 3635 3275 ,

355 3311 618 3365 adversus
653 3327 776 3365 cum
804 3314 968 3367 etiam
1001 3315 1222 3379 tertius,
1261 3316 1353 3383 qui
1401 3314 1551 3369 dedit
1580 3316 1629 3368 ei
1658 3330 1784 3369 cum
1819 3332 1940 3369 mu-
2048 3311 2286 3379 fecitque
2320 3308 2633 3361 Nativitatis
2679 3307 2882 3361 Christi
2938 3306 3287 3360 festivitatem
3341 3306 3392 3358 in
3444 3304 3632 3358 eodem

354 3426 367 3452 ι
391 3416 522 3457 rone
546 3405 599 3457 in
628 3404 827 3458 Iabium
866 3415 920 3459 et
959 3406 1060 3460 hoc
1091 3406 1167 3460 illi
1211 3407 1421 3476 plagam
1454 3408 1669 3463 inﬂixit.
1708 3414 1806 3463 Ast
1839 3408 1940 3461 im-
2045 3405 2183 3457 loco.
2225 3402 2513 3469 Comperto
2551 3415 2678 3453 vero
2710 3399 2983 3453 Chosroes
3027 3397 3172 3467 quod
3214 3396 3447 3451 Romani
3486 3407 3637 3452 tene-

355 3503 571 3559 perator
624 3505 678 3550 et
727 3496 871 3552 hunc
929 3498 1209 3554 exstinxit.
1248 3499 1314 3552 Et
1359 3500 1504 3554 tubis
1559 3500 1939 3569 clangentibus
2044 3511 2098 3548 τε

1895 3518 1939 3556 is
2044 3503 2162 3548 rent
2210 3502 2401 3563 pontes
2439 3494 2667 3546 minoris
2718 3490 2899 3555 Zaba',
2938 3491 3085 3545 misit
3115 3490 3178 3543 ad
3231 3491 3507 3545 Persicum
3542 3508 3638 3562 po-

354 3602 660 3655 rongressze
694 3600 821 3643 sunt
853 3591 906 3644 in
937 3592 1167 3646 invicem
1202 3602 1382 3661 partes
1416 3607 1679 3664 utrmque.
1704 3596 1768 3648 Et
1812 3610 1936 3650 cum
2048 3604 2097 3657 tu

1892 3610 1936 3648 ιη
2048 3588 2258 3657 pulum,
2293 3586 2380 3639 cui
2416 3586 2685 3639 lihazates
2711 3592 2962 3654 praeerat,
2996 3594 3054 3636 ut
3084 3583 3284 3653 Oppido
3315 3583 3635 3640 festinantes

354 3696 532 3749 pugna
565 3681 741 3733 valida
782 3691 1084 3751 gereretur,
1128 3685 1282 3753 plaga
1324 3686 1644 3740 vulneratus
1674 3697 1755 3741 est
1784 3702 1812 3739 a
1844 3701 1938 3755 pe.
2047 3679 2412 3751 pra:venirent
2461 3678 2846 3747 imperatorem
2886 3685 2940 3731 et
2988 3676 3055 3731 ad
3093 3678 3269 3746 ipsum
3324 3686 3633 3747 pergerent.

352 3773 559 3826 ditibus
610 3771 815 3825 Plialba
862 3774 1211 3842 imperatoris
1262 3791 1461 3843 equus,
1514 3775 1607 3845 qui
1647 3778 1937 3831 dicebatur
2042 3772 2424 3825 Accelerantes
2462 3778 2641 3823 autem
2696 3770 2793 3831 illi,
2837 3780 2888 3823 et
2923 3778 3321 3824 transmeantes
3353 3770 3620 3825 minorem

356 3864 584 3925 ltorcon,
622 3864 675 3917 in
720 3863 925 3918 feruore
965 3865 1169 3919 lancea:
1216 3866 1325 3919 ictu
1376 3882 1694 3935 percussus.
1739 3866 1937 3925 Multas
2044 3862 2228 3916 Zaban
2256 3862 2308 3916 in
2338 3861 3637 3932 aliislocis,przevcneruntimperatorematque

347 3960 527 4005 autem
559 3961 609 4006 et
643 3956 963 4021 spatbarum
994 3952 1047 4006 in
1087 3952 1223 4007 facie
1288 3957 1676 4023 percussiones
1704 3957 1936 4026 accepit,
2046 3954 2329 4021 pradbant.
2386 3952 2634 4021 Cumque
2684 3952 2981 4020 imperator
3014 3953 3274 4022 palatium
3306 3951 3451 4022 quod
3480 3952 3633 4007 dice-

349 4044 444 4098 scd
498 4043 679 4098 ferens
740 4054 953 4113 tegmen
1002 4061 1063 4099 ex
1131 4047 1311 4099 nervis
1359 4054 1673 4101 contextum
1724 4050 1935 4118 plagam
2043 4047 2205 4100 bitur
2233 4043 2528 4098 Dezeridan
2561 4045 2815 4112 cepisset.
2854 4046 2955 4097 hoe
2992 4043 3262 4096 destruxit
3292 4052 3454 4113 atque
3480 4058 3634 4099 com-

352 4134 685 4190 mortiferam
721 4151 828 4190 non
863 4138 1137 4191 sumebat.
1170 4137 1326 4191 Cadit
1360 4147 1542 4193 autem
1576 4140 1630 4194 in
1666 4140 1768 4193 hoc
1798 4141 1939 4196 bello
2044 4138 2238 4192 bussit.
2272 4138 2340 4190 At
2373 4152 2499 4191 vero
2535 4134 2714 4190 Persa:
2742 4152 2865 4189 cum
2908 4146 3127 4205 pontem
3159 4135 3354 4191 Torna:
3382 4136 3627 4190 ﬂuminis

353 4224 622 4281 liliazates
654 4237 705 4281 et
749 4237 861 4283 tres
893 4229 1223 4283 turmarclue
1252 4228 1543 4285 Persarum
1578 4241 1631 4286 et
1662 4233 1937 4302 principes
2043 4231 2492 4302 pertransissent,
2535 4229 2731 4283 ibidem
2764 4240 2944 4282 castra
2979 4228 3164 4282 metati
3197 4237 3346 4285 sunt.
3391 4230 3489 4283 Ast
3522 4228 3631 4283 im-v

354 4322 464 4371 fere
507 4320 686 4372 cuncti
728 4327 892 4388 atque
934 4334 1061 4388 pars
1112 4320 1286 4388 major
1328 4322 1605 4377 exercitus
1666 4324 1933 4391 ipsorum.
2042 4330 2262 4389 perator
2304 4319 2703 4388 comprehenso
2750 4318 2855 4371 alio
2909 4319 3112 4388 palatio
3150 4317 3435 4383 Chosrois,
3484 4318 3631 4388 quod

351 4412 528 4465 Occisi
568 4420 748 4464 autem
790 4419 919 4465 sunt
943 4400 1105 4465 etiam
1131 4409 1361 4467 Romani
1399 4429 1628 4467 numero
1655 4416 1931 4484 quinqua-
2044 4413 2338 4466 vocabatur
2382 4410 2548 4475 Rusa,
2595 4420 2648 4465 et
2702 4411 2803 4463 hoc
2854 4411 3141 4465 subvertit.
3175 4412 3443 4465 Caeterum
3477 4426 3635 4465 vere—

349 4506 518 4563 ιςίιιια,
577 4508 631 4554 et
689 4502 956 4556 vulnerati
1012 4502 1284 4565 nonnulli,
1345 4502 1408 4556 ex
1467 4502 1668 4572 quibus
1725 4505 1935 4560 scilicet
1968 4536 2015 4594 ι)
2047 4507 2205 4559 batur
2249 4502 2397 4574 quod
2431 4504 2483 4556 in
2528 4512 2691 4571 ponte
2722 4501 2918 4556 Tornaa
2948 4501 3189 4557 ﬂuminis
3223 4505 3407 4557 hostes
3453 4502 3633 4557 forent

351 4592 550 4645 mortui
608 4602 736 4645 sunt
787 4591 997 4646 decem.
1059 4590 1234 4647 Porro
1286 4593 1485 4647 bellum
1533 4603 1743 4663 gestum
1777 4604 1860 4648 est
1906 4610 1935 4649 a
1968 4590 1999 4594 ⁷
2048 4605 2239 4652 contra
2298 4612 2357 4651 se
2403 4594 2678 4648 bellaturi.
2721 4593 2825 4647 Sed
2867 4592 2969 4647 hoc
3024 4591 3103 4646 illi
3150 4593 3388 4647 scientes
3439 4594 3631 4647 relicto

352 4703 509 4741 mane
555 4702 727 4756 usque
774 4685 838 4738 ad
894 4686 1082 4739 horam
1146 4701 1369 4741 nonam.
1413 4686 1684 4741 Tulerunt
1730 4686 1936 4742 interea
2047 4699 2212 4763 ponte
2243 4688 2521 4759 fugerunt.
2565 4687 2776 4741 Interea
2817 4687 3117 4755 imperator
3151 4701 3274 4739 cum
3306 4686 3425 4740 sine
3460 4685 3631 4752 impe-

350 4774 580 4832 Romani
618 4779 792 4831 banda
830 4778 1123 4832 Persarum
1165 4778 1354 4848 viginti
1386 4788 1535 4843 octo,
1576 4780 1821 4849 exceptis
1850 4780 1937 4836 his
2045 4784 2291 4838 dimento
2346 4781 2688 4842 transiisset,
2750 4778 3110 4849 apprehendit
3160 4778 3307 4832 aliud
3364 4777 3626 4848 palatium

349 4882 470 4932 qine
499 4866 780 4919 confracta
817 4878 964 4929 sunt,
995 4875 1048 4919 et
1085 4866 1396 4934 dispoliatis
1440 4868 1673 4923 mortuis
1705 4883 1931 4937 accepe-
2045 4884 2407 4942 cognomento
2441 4871 2659 4935 Becbal,
2699 4871 2788 4925 ubi
2823 4879 2877 4925 et
2908 4871 3349 4940 hippodroniium
3392 4870 3633 4924 aedifica-

352 4966 477 5010 runt
518 4956 717 5012 loricas
749 4974 938 5012 eorum
985 4966 1039 5012 et
1071 4959 1337 5023 cassides,
1372 4974 1470 5013 nec
1503 4976 1612 5014 non
1658 4970 1711 5015 et
1740 4977 1935 5019 omnes
2041 4972 2212 5018 verat.
2240 4960 2346 5017 Sed
2377 4970 2431 5017 et
2458 4960 2589 5016 illud
2621 4961 2772 5016 casui
2806 4960 2974 5015 dedit.
3021 4959 3166 5014 Sane
3197 4962 3420 5030 quidam
3446 4960 3631 5016 Arnie-

349 5066 546 5105 currus
592 5054 856 5119 ipsorum.
894 5049 958 5103 Et
993 5062 1315 5105 manserunt
1356 5053 1425 5107 ab
1464 5053 1695 5107 invicem
1730 5070 1929 5123 seque-
2045 5057 2287 5121 niorum,
2320 5054 2412 5124 qui
2450 5068 2574 5107 cum
2616 5051 2799 5107 Persis
2841 5054 3388 5116 aderant,-venerunt
3418 5050 3486 5106 ad
3524 5054 3631 5107 im-

348 5142 505 5195 strati
557 5156 819 5212 quantum
878 5152 964 5196 est
1025 5142 1219 5212 duplex
1270 5144 1481 5213 sagittae
1527 5144 1753 5213 jactus:
1806 5146 1929 5218 fuga
2040 5158 2343 5219 peratorem
2367 5144 3103 5201 noctudicenteszC/tosroes
3124 5162 3239 5198 cum
3264 5145 3626 5212 dep/tantibus

351 5248 583 5301 namque
624 5231 764 5286 facta
807 5248 916 5287 non
956 5244 1056 5288 est.
1109 5232 1498 5292 Verumtamen
1536 5234 1763 5290 Romani
1813 5244 1930 5293 ani-
2038 5250 2086 5293 et
2107 5239 2338 5292 exercitu
2358 5254 2451 5291 suo
2480 5238 2703 5306 quinque
2732 5235 2970 5289 millibus
3001 5238 3134 5289 citra
3156 5237 3413 5304 palatium
3449 5254 3626 5300 suum,

350 5324 550 5376 mantia
583 5340 681 5378 sua
732 5333 891 5379 nocte
927 5332 979 5379 et
1029 5326 1445 5396 adaquaverunt
1478 5336 1531 5383 et
1571 5341 1921 5399 acceperunt.
2036 5331 2287 5385 vocabulo
2329 5328 2647 5398 Dastagerd,
2680 5329 2732 5381 in
2791 5328 2904 5381 loco
2952 5339 3251 5398 nuncupata
3304 5328 3606 5381 Barasrach

350 5417 573 5485 Equites
623 5431 753 5471 vero
786 5418 875 5486 qui
926 5421 1069 5472 ultra
1115 5420 1292 5482 erant.
1339 5430 1609 5475 steterunt
1644 5438 1817 5493 usque
1858 5427 1924 5479 ad
2033 5432 2558 5483 castramctatusest,
2596 5432 2645 5474 et
2691 5421 2956 5474 mandarit
3009 5421 3303 5475 totnmillic
3339 5422 3623 5471 ρληυντὲιιιη

346 5510 630 5579 septimam
663 5510 851 5563 horam
879 5513 1057 5566 noctis
1090 5527 1254 5581 super
1292 5514 1642 5568 tabernacula
1680 5529 1924 5571 mortuo-
2038 5521 2331 5586 convenire,
2367 5527 2419 5570 ut
2451 5518 2700 5571 adversus
2729 5527 2774 5569 lc
2802 5517 3075 5583 prwlietur
3107 5533 3125 5570 :
3166 5525 3243 5570 est
3267 5517 3403 5569 enim
3443 5516 3554 5569 illic
3574 5523 3629 5570 cf.

1820 5658 2057 5717 NOTAE.

419 5742 1075 5822 (Bgipexlraliaﬁlosste
1100 5745 1290 5822 lsiilori
1322 5768 1333 5802 :
1365 5748 1924 5822 dextt‘gliaJrachia-
2034 5774 2139 5810 eos.
2203 5746 2389 5811 Utitur
2432 5761 2587 5813 vetus
2639 5750 2918 5810 Juvenalis
2974 5752 3147 5810 schol.
3193 5752 3249 5807 ν.
3297 5752 3516 5822 Ιδιιρῖίιηι
3564 5743 3616 5797 ill

350 5816 625 5899 ’!v:..é.lqt"
662 5813 955 5899 Flodoard.‘
987 5815 1127 5899 Hist.
1160 5815 1303 5899 Rem.
1334 5836 1391 5881 ll,
1424 5819 1670 5899 ϐεξκερ.
1764 5895 1772 5899 _
1890 5896 1896 5899 _
2032 5830 2291 5899 Abigcus.
2324 5826 2397 5881 In.

449 5886 531 5935 ὅδ’
568 5884 804 5938 Μιηαὺηι
864 5888 981 5941 Att.
1024 5888 1214 5958 Apost.
1250 5906 1401 5954 xt‘ttt,
1450 5892 1550 5945 lli;
1607 5892 1669 5944 Et
1705 5895 1919 5947 minati!
