4414 6462
413 429 549 501 1313

1191 432 1562 498 HISTORIA
1603 436 2176 503 ECCLESIASTICA
2207 442 2308 505 EX
2346 444 2841 514 THEUPHANE.

3547 471 3682 540 13M

407 559 586 605 autem
614 548 737 605 huic
769 550 1019 620 cpistola,
1049 567 1212 624 quam
1244 552 1516 612 Chosrocs
1541 557 1604 610 ad
1633 555 1986 630 Cardarigam
2020 563 2063 620 Α
2094 555 2270 614 εει-ειη
2303 570 2352 615 et
2372 562 2534 618 alitrm
2552 564 2856 637 ﬁliumejus
2882 568 2992 624 Auli
3021 572 3467 647 ,‘primogenitum
3501 597 3680 643 autem

406 641 647 709 miserat,
685 642 904 710 tradita,
938 645 1218 717 missoque
1243 654 1492 715 ostenso,
1521 646 1651 718 legit
1676 650 1986 720 epistolam.

400 733 471 786 At
491 731 576 786 ille
599 740 781 789 certus
798 735 1025 792 veritate
1049 737 1125 793 rei
1144 736 1390 801 etTectns.
1409 741 1673 796 continuo
1689 755 1989 800 conversus

403 822 604 877 foedera
635 839 757 879 cum
796 824 906 880 lilio
950 826 1213 898 principis
1245 838 1295 884 et
1339 830 1644 900 patriarcha
1673 830 1801 887 fecit
1837 848 1852 900 ;
1893 835 1985 905 qui

310 933 315 938 τ
399 913 534 969 falsa
565 913 827 971 Chosrois
846 919 1075 988 epistula
1103 920 1268 988 laeta,
1301 921 1451 976 addit
1483 923 1536 976 in
1567 939 1628 978 ea
1654 925 1823 979 etiam
1847 926 1985 983 alios

397 1005 831 1076 quadringentos
862 1018 1113 1081 satrapas
1142 1020 1195 1066 et
1232 1014 1508 1085 principes
1541 1026 1595 1070 et
1635 1017 1890 1074 tribunos
1929 1027 1984 1075 et

396 1099 746 1154 centuriones
792 1101 1225 1169 interimendos,
1287 1113 1340 1159 et
1391 1105 1646 1176 imposito
1699 1109 1983 1181 ingeniose

395 1191 688 1246 adinvento
747 1191 1077 1263 signaculo,
1130 1199 1583 1269 congregatisque
1639 1202 1872 1259 ducibus
1927 1212 1982 1260 et

395 1280 515 1351 ipso
541 1283 858 1354 Cardariga,
905 1295 958 1340 et
989 1288 1123 1342 lecta
1151 1289 1382 1358 epistola
1409 1332 1422 1354 ,
1455 1292 1592 1346 dixit
1621 1293 1686 1348 ad
1729 1295 1982 1352 Cardari-

390 1387 513 1443 gam
550 1392 562 1428 :
617 1374 881 1444 Pcrspicis
935 1388 993 1432 ut
1039 1380 1136 1434 ltoc
1177 1381 1371 1448 facias.
1424 1383 1493 1437 At
1534 1400 1662 1441 vero
1702 1389 1980 1460 principes

390 1461 579 1521 furore
615 1469 822 1528 referti.
858 1468 1110 1526 abdicato
1139 1474 1386 1530 Chosroe
1416 1517 1430 1542 ,
1476 1476 1786 1548 imperatori
1827 1483 1979 1550 paci-

389 1553 487 1608 ﬁca
521 1567 676 1626 pacta
703 1569 1008 1628 patrarunt,
1045 1571 1100 1618 et
1127 1575 1318 1621 mutuo
1348 1568 1484 1622 inito
1510 1572 1743 1625 consilio
1770 1572 1977 1641 placuit

391 1655 447 1698 ut
466 1645 813 1704 Chalcedone
837 1650 1184 1709 discederent
1209 1665 1263 1710 et
1293 1658 1355 1712 ad
1381 1661 1601 1730 propria
1628 1662 1970 1732 repedarent,

388 1738 521 1790 nihil
581 1745 1022 1801 exterminaturi.
1089 1745 1362 1805 Praeterea
1418 1749 1704 1808 Heraclius
1749 1755 1972 1825 scripsit

384 1827 652 1884 Cltosroi:
706 1832 816 1903 Ego
862 1836 1145 1909 persequor
1182 1851 1232 1894 et
1289 1842 1357 1895 ad
1402 1859 1584 1910 pacem
1634 1862 1833 1901 curro:
1868 1865 1969 1900 non

384 1925 518 1975 enim
574 1926 904 1984 voluntarius
933 1932 1068 2000 igne
1111 1949 1362 1988 consumo
1403 1936 1694 2003 Persidem,
1738 1940 1828 1992 sed
1871 1941 1970 1992 vim

380 2029 570 2080 passus
607 2018 698 2070 abs
745 2032 810 2072 te.
851 2020 1208 2091 l’rojiciamus
1239 2043 1361 2096 ergo
1392 2029 1578 2082 saltent
1621 2047 1758 2084 nunc
1793 2049 1966 2098 arma,

379 2115 427 2156 et
447 2123 628 2173 pacem
676 2111 1075 2176 amplectamur.
1131 2115 1749 2190 Exstmguamusjgnem
1789 2126 1967 2191 prius-

377 2214 534 2266 quam
563 2201 802 2253 universa
826 2203 1138 2271 inflammet.
1165 2207 1411 2278 Cumque
1431 2211 1702 2267 Chosroes
1736 2216 1834 2268 ioc
1860 2231 1966 2270 non

379 2289 714 2354 admisisset,
749 2307 1075 2361 magnopere
1100 2296 1282 2350 odium
1319 2300 1501 2367 pepuli
1529 2299 1768 2357 Persidis
1796 2307 1968 2357 crevit

378 2361 643 2434 adversus
677 2400 823 2436 cum.
863 2385 1028 2438 Movit
1058 2404 1187 2457 ergo
1223 2388 1499 2446 Chosrocs
1535 2392 1786 2449 homines
1818 2396 1967 2464 prin-

376 2475 555 2541 cipnm
616 2492 839 2530 suorum
896 2462 1156 2535 et'omne
1217 2482 1544 2552 obsequium
1595 2502 1754 2540 suum
1804 2488 1964 2558 atqtie

377 2567 666 2620 mulierum
712 2585 960 2634 suarum,
997 2581 1048 2625 et
1087 2574 1187 2628 hos
1219 2562 1460 2630 armatos
1499 2589 1728 2635 cunctos
1764 2580 1963 2635 direxit

375 2661 639 2712 exercitui
685 2664 951 2717 unicndos
983 2664 1234 2728 Rhazati.
1278 2681 1331 2722 et
1372 2680 1611 2727 Staturos
1647 2675 1789 2743 apud
1822 2675 1962 2729 Nar-

374 2747 737 2803 bamﬂuvium
791 2753 1080 2832 duodecim
1131 2759 1375 2814 millibus
1419 2776 1449 2814 a
1506 2761 1850 2832 Ct‘isiphonte
1881 2767 1963 2820 di-

374 2849 631 2902 stantem.
657 2851 709 2897 et
729 2830 895 2907 jussit
920 2848 1000 2900 eis
1029 2858 1108 2912 ut,
1137 2851 1262 2902 dum
1284 2867 1496 2906 amnem
1519 2856 1775 2909 transiret
1797 2859 1964 2926 impe-

373 2942 542 2995 ratnr,
607 2936 916 2991 inciderent
969 2953 1183 3009 pontes.
1236 2947 1332 2997 Ast
1386 2932 1683 3014 imperator
1725 2952 1960 3018 septimo

372 3025 500 3080 ldus
549 3026 841 3086 Januarias
890 3043 1072 3087 motus
1119 3051 1148 3088 a
1192 3036 1515 3108 Dastagerd,
1558 3056 1681 3095 cum
1735 3045 1962 3100 abiisset

371 3119 547 3171 tribus
571 3120 784 3181 diebus.
809 3133 990 3178 castra
1025 3135 1261 3181 metatus
1279 3138 1362 3183 est
1391 3131 1682 3186 duodecim
1715 3116 1958 3191 millibus

373 3195 562 3280 procul
599 3228 626 3264 a
664 3213 842 3266 .\'nrba
872 3215 1116 3282 ﬂumine,
1150 3221 1242 3274 ubi
1279 3233 1393 3277 erat
1423 3222 1715 3280 Persarum
1748 3232 1958 3284 exerci-

366 3311 476 3367 tus,
521 3305 664 3359 inter
703 3323 842 3376 quos
882 3310 1160 3366 habebant
1189 3317 1352 3369 etiam
1395 3328 1448 3372 et
1483 3315 1816 3390 elephantes
1855 3326 1956 3378 du-

366 3408 577 3450 centos.
613 3398 677 3451 Et
726 3401 876 3454 misit
917 3403 1215 3472 imperator
1251 3406 1547 3478 Georgium
1599 3415 1951 3469 turmarchen

364 3489 837 3554 Armeniacorum,
861 3502 917 3546 ut
950 3495 1053 3546 iret
1083 3512 1255 3564 usque
1286 3499 1353 3552 ad
1383 3498 1608 3563 ﬂutncn,
1632 3511 1684 3556 et
1712 3504 1954 3560 disceret

366 3588 548 3632 utrum
595 3581 803 3637 Nat-bas
847 3585 1046 3639 vadum
1097 3588 1340 3644 haberet.
1377 3592 1443 3646 Et
1479 3609 1603 3648 cum
1646 3586 1961 3665 invenisset.

362 3673 508 3742 quod
554 3684 751 3742 pontes
801 3678 1123 3733 incidissent
1173 3692 1226 3736 et
1262 3680 1458 3738 vadum
1512 3704 1621 3742 non
1664 3701 1830 3755 esset,
1880 3695 1948 3747 ad

361 3762 747 3832 imperatorem
808 3772 1011 3824 reversi
1059 3782 1234 3838 sunt;
1285 3775 1378 3845 qui
1443 3787 1625 3835 motus
1675 3781 1944 3838 Siazuron

357 3854 493 3916 adit.
521 3858 864 3912 etcircuibat
909 3861 1202 3920 incendens
1250 3869 1526 3934 regionem
1565 3879 1618 3925 et
1648 3873 1808 3929 urbes
1848 3893 1946 3946 per

361 3956 530 4002 totum
561 3947 925 4006 Februarium
953 3971 1216 4011 mensem.
1241 3958 1435 4016 Martio
1458 3979 1587 4019 vero
1610 3981 1797 4022 mense
1818 3985 1941 4023 cum

357 4042 595 4095 Venisset
632 4043 686 4096 in
729 4046 991 4114 prsidium
1027 4049 1174 4116 quod
1211 4051 1494 4108 dicebatur
1527 4055 1759 4126 Barzan,
1796 4062 1943 4118 lace-

357 4147 414 4185 re
444 4132 556 4197 (56)
591 4144 797 4203 septem
831 4136 948 4192 dies
976 4177 988 4199 .
1023 4149 1077 4193 et
1110 4140 1258 4195 misit
1290 4142 1607 4200 Mezeticum
1652 4159 1939 4219 primorem

355 4223 410 4277 in
459 4241 706 4288 cursum,
739 4237 792 4279 et
831 4230 1122 4296 adjunctus
1160 4242 1243 4286 est
1286 4237 1334 4289 ei
1375 4236 1790 4298 Gundabundas
1821 4245 1940 4298 chi—

342 4315 599 4368 ‘liarcltus
633 4317 839 4370 militia:
870 4315 1092 4373 Barbari
1138 4339 1261 4376 cum
1301 4325 1428 4378 aliis
1470 4329 1734 4398 quinque,
1765 4333 1939 4387 tribus

352 4406 572 4471 quidem
606 4409 924 4471 comitibus,
957 4410 1173 4466 duobus
1199 4430 1326 4468 vero
1352 4417 1700 4474 axiomaticis
1722 4423 1857 4494 (57),
1885 4433 1938 4479 et

352 4501 508 4552 duxit
547 4516 642 4554 eos
685 4503 749 4554 ad
801 4503 1207 4573 imperatorem.
1260 4507 1385 4573 Qui,
1415 4513 1672 4567 videlicet
1713 4516 1934 4571 Cunda-

349 4590 584 4655 bundas,
615 4588 723 4647 'res
787 4599 1134 4651 necessarias
1191 4599 1509 4669 imperatori
1557 4610 1931 4678 annuntiavit,
1968 4591 2010 4645 ί)

349 4682 538 4736 dicens
575 4700 587 4734 :
637 4682 859 4749 Quando
889 4687 1022 4756 fugit
1053 4688 1307 4745 Cliosroes
1339 4710 1372 4747 a
1400 4693 1695 4766 Dastagerd
1721 4712 1768 4753 et
1797 4703 1931 4756 adiit

347 4769 729 4838 Ctisipltontem
795 4788 948 4847 atque
989 4778 1318 4850 Seleuciam,
1360 4787 1672 4856 dysenteria:
1707 4792 1929 4864 languo-

296 4900 302 4901 γ
347 4881 458 4917 rem
496 4868 738 4929 incurrit,
767 4881 812 4922 et
848 4873 1007 4924 voluit
1038 4875 1210 4942 ﬁlium
1245 4894 1397 4931 suum
1438 4881 1744 4948 Merdasan,
1772 4903 1924 4956 quem

345 4957 521 5025 genuit
579 4972 642 5009 ea:
696 4958 839 5020 Scre.
888 4979 1160 5020 coronare.
1205 4972 1371 5038 Atque
1419 4989 1686 5039 regressus
1735 4980 1925 5033 iterant

342 5059 550 5097 amnem
609 5049 873 5115 transivit,
915 5063 961 5103 et
1014 5069 1185 5105 secum
1230 5059 1380 5110 duxit
1436 5060 1726 5118 Merdasan
1773 5079 1926 5138 atque

2095 650 2265 720 filium
2312 653 2534 711 Siro/tcn
2576 667 2624 712 et
2658 659 2854 727 fratres
2897 663 3042 733 ejus.
3073 682 3165 722 nec
3200 680 3301 725 non
3351 682 3400 728 et
3435 679 3680 737 mulieres

2093 759 2238 809 suas,
2294 745 2497 802 dimisit
2555 751 2695 806 ultra
2749 752 2968 822 flumen.
3027 757 3406 835 Compsa-taque
3464 767 3678 828 Sit-altos

2090 838 2229 906 quod
2265 838 2551 919 .llerdasatt
2583 861 2840 902 coronare
2875 849 3045 912 vellet.
3083 859 3329 912 turbatus
3377 870 3475 919 est.
3501 873 3550 916 et
3579 865 3679 918 mi-

2089 930 2157 982 sit
2198 918 2582 990 collactaneum
2618 955 2773 993 suum
2829 941 2895 994 ad
2934 939 3367 1010 Gundabnndan.
3416 955 3676 1011 mandans

2086 1024 2134 1076 ei
2164 1040 2224 1076 ac
2249 1024 2476 1081 dicens-:
2524 1046 2543 1079 ι
2595 1028 2722 1084 Vrtti
2759 1033 2835 1086 cis
2868 1029 3083 1102 ﬂumen,
3119 1039 3381 1110 utloqunr
3416 1055 3606 1103 tecum.
3655 1069 3673 1102 ι

2088 1116 2155 1168 At
2188 1116 2276 1169 ille
2311 1118 2489 1173 timuit
2517 1119 2810 1187 Cltosroen,
2840 1136 2888 1179 et
2925 1135 3310 1200 nontransivit,
3342 1140 3431 1190 sed
3456 1142 3676 1196 mandat

2085 1208 2132 1260 ei
2173 1225 2183 1261 :
2229 1227 2246 1260 t
2301 1209 2504 1278 Scribe,
2533 1216 2796 1284 inquiens,
2819 1219 2947 1273 milii
2970 1238 3062 1290 per
3091 1226 3475 1285 colluctaneum
3501 1250 3675 1291 meum

2084 1299 2338 1369 quidquid
2378 1305 2627 1360 volueris.
2668 1326 2686 1358 ι
2728 1308 2797 1362 Et
2837 1315 3063 1382 scripsit_
3090 1317 3138 1370 ei
3174 1317 3380 1375 Sirohis
3425 1329 3674 1395 quoniam

2086 1389 2247 1446 Noui
2268 1395 2497 1464 qualiter
2517 1413 2596 1452 res
2635 1401 2843 1469 publica
2887 1396 3172 1462 Persarum
3213 1427 3302 1478 per
3329 1389 3548 1484 nequam
3579 1421 3675 1475 Ito-

2081 1484 2269 1537 minem
2302 1487 2460 1540 islunt
2493 1487 2766 1547 Cliosroen
2798 1509 2994 1562 pereat,
3023 1510 3070 1554 et
3104 1501 3207 1554 vnlt
3242 1521 3494 1562 coronare
3524 1509 3673 1565 Her-

2079 1579 2272 1640 tlasan,
2312 1589 2361 1632 et
2402 1598 2482 1635 me
2511 1584 2925 1656 primogenitum
2960 1608 3112 1645 suum
3147 1604 3478 1670 contempsit.
3513 1601 3584 1658 Et
3622 1607 3670 1660 si

2079 1668 2344 1724 allocutus
2376 1671 2539 1740 fueris
2576 1679 2864 1733 exercitum
2903 1692 2959 1734 ut
3000 1688 3259 1751 recipiant
3305 1709 3400 1754 me,
3441 1705 3487 1747 et
3515 1712 3669 1766 rogas

2075 1774 2255 1812 eorum
2285 1763 2504 1832 augebo,
2535 1777 2584 1819 et
2615 1783 2794 1834 pacem
2816 1787 2932 1825 cum
2962 1772 3320 1833 Romanorum
3349 1783 3669 1851 imperatore

2076 1867 2138 1903 ac
2192 1852 2376 1909 Turcis
2436 1858 2654 1926 faciam,
2711 1872 2761 1915 et
2805 1864 2932 1918 bene
2966 1869 3213 1925 vivemus.
3248 1873 3312 1926 Et
3349 1881 3503 1932 stude
3548 1897 3666 1934 cum

2073 1947 2265 2014 populo
2292 1959 2381 2003 tuo
2424 1962 2476 2003 ut
2506 1969 2598 2020 ego
2629 1971 2857 2024 regnent,
2887 1970 2934 2012 et
2966 1979 3141 2017 omnes
3180 1982 3264 2019 ros
3308 1971 3584 2033 prore/tam
3616 1986 3665 2028 et

2073 2041 2400 2106 auriliab‘or,
2432 2054 2481 2097 et
2507 2049 2770 2114 pra’cipue
2798 2061 2864 2104 te.
2883 2052 3236 2111 Gundabusas
3259 2073 3432 2114 autem
3460 2068 3662 2122 remisit

2070 2132 2118 2183 ei
2146 2148 2237 2199 per
2265 2136 2648 2191 collactaneum
2677 2159 2828 2195 suum
2859 2147 3037 2199 dicens
3062 2164 3079 2200 :
3103 2168 3120 2198 ε
3157 2151 3422 2221 Quidquid
3447 2173 3662 2223 possunt

2071 2223 2259 2294 loquar
2288 2235 2679 2296 cum'prtetore,
2715 2248 2761 2287 et
2791 2238 3055 2292 sollicitus
3089 2241 3186 2306 fui,
3224 2256 3271 2296 et
3303 2246 3509 2302 locutus
3543 2268 3658 2305 sum

2069 2333 2185 2369 cum
2228 2320 2411 2388 viginti
2440 2322 2645 2377 duobus
2681 2330 2980 2393 comitibus,
3013 2342 3060 2384 et
3086 2334 3185 2400 feci
3210 2352 3296 2390 eos
3324 2356 3449 2392 metu
3476 2342 3660 2397 volun-

2070 2412 2196 2464 tatis
2227 2429 2340 2465 esse
2367 2431 2386 2476 ;
2416 2420 2503 2468 sed
2528 2427 2576 2470 et
2602 2419 2739 2473 alios
2778 2419 3041 2487 principes
3070 2439 3116 2479 et
3153 2430 3346 2482 milites
3376 2437 3590 2489 multos.
3633 2457 3652 2490 ι

2071 2503 2135 2554 Et
2158 2505 2268 2557 Ita'c
2294 2507 2500 2574 quidem
2539 2509 2894 2568 Gundnbusas
2937 2519 3209 2573 mandavit
3247 2521 3445 2578 Sirolti.
3475 2528 3540 2578 At
3567 2529 3656 2582 ille

2068 2599 2267 2649 remisit
2296 2600 2344 2651 ei
2379 2599 2558 2655 dicens
2603 2614 2659 2655 ut
2688 2604 2891 2660 decimo
2928 2611 3292 2667 Kalendarum
3323 2619 3654 2676 Apriliarum

2065 2699 2293 2742 sumeret
2312 2690 2576 2758 juniores,
2608 2705 2656 2747 et
2693 2701 2835 2765 apud
2875 2713 3085 2764 pontem
3115 2707 3163 2757 ei
3214 2705 3444 2776 Tigridis
3468 2728 3654 2765 occur-

2064 2792 2198 2833 reret
2250 2783 2512 2849 fluminis,
2558 2795 2612 2838 ut
2661 2790 2987 2856 susciperent
3033 2812 3149 2848 eum
3189 2799 3241 2850 in
3283 2806 3571 2857 exercitum
3601 2816 3651 2859 et

2065 2886 2395 2925 moverentur
2423 2874 2671 2931 adversus
2698 2879 2982 2938 Cltosroen.
3018 2884 3294 2954 Referebat
3319 2904 3490 2946 autent
3513 2896 3650 2965 quod

2063 2979 2180 3015 cum
2239 2965 2615 3022 Siro/tiesseut
2679 2975 2841 3027 etiam
2901 2977 3005 3031 duo
3059 2982 3162 3048 ﬁlii
3213 2982 3556 3042 Sarbarazan
3601 3001 3649 3044 et

2062 3057 2208 3125 ﬁlius
2261 3060 2510 3114 Iliesclem
2547 3074 2595 3116 et
2642 3065 2741 3118 alii
2781 3069 2934 3122 multi
2978 3075 3274 3142 principum
3337 3080 3438 3146 ﬁlii
3494 3092 3651 3150 atque

2062 3147 2208 3215 ﬁlius
2236 3154 2424 3211 Aram.
2453 3170 2628 3207 omnes
2651 3158 2823 3220 electi,
2851 3171 2899 3213 et
2927 3165 3064 3230 quod
3095 3169 3354 3236 siquidem
3383 3177 3648 3240 potuerint

1985 3247 2026 3305 (ζ
2063 3241 2327 3298 Cltosrocu
2361 3248 2636 3315 perimere,
2668 3251 2791 3307 bene
2805 3266 2851 3308 et
2875 3260 3103 3324 optime:
3135 3262 3214 3313 sin
3236 3247 3442 3327 autem,
3471 3285 3646 3322 omnes

2055 3349 2171 3386 cum
2216 3336 2398 3391 Sirolti
2444 3343 2709 3408 con/luent
2745 3347 2813 3398 ad
2850 3350 3244 3416 imperatorem.
3276 3354 3344 3410 Et
3383 3360 3525 3412 misit
3567 3379 3648 3416 me

2054 3425 2264 3481 Sirohis
2299 3431 2370 3483 ad
2407 3441 2474 3495 te,
2515 3434 2727 3490 domine
2755 3454 2773 3491 :
2803 3452 3009 3513 veretur
3036 3446 3176 3509 enim
3209 3448 3488 3516 imperium
3532 3452 3642 3506 liu-

2054 3533 2352 3587 manorum,
2399 3529 2682 3594 quoniam,
2732 3531 2997 3599 inquiens,
3046 3537 3316 3593 Citosroen
3373 3546 3638 3611 quondam

2051 3611 2296 3678 salvavit,
2327 3627 2375 3669 et
2398 3620 2564 3672 multa
2597 3637 2661 3673 ex
2690 3639 2749 3675 co
2782 3627 2926 3679 mala
2968 3628 3324 3686 Romanorum
3358 3645 3500 3690 terra
3523 3656 3645 3704 per-

2047 3718 2199 3769 pessa
2213 3715 2314 3768 est,
2338 3717 2388 3760 et
2405 3712 2529 3776 quia
2548 3726 2758 3781 propter
2778 3717 2922 3772 illius
2947 3721 3378 3789 ingratitudincm
3399 3747 3490 3782 nec
3512 3732 3642 3785 milii

2049 3798 2257 3850 credere
2281 3799 2435 3854 habet
2460 3803 2769 3872 imperator.
2793 3808 2990 3864 Verum
3024 3814 3114 3869 ille
3138 3815 3283 3873 hunc
3313 3819 3380 3875 ad
3410 3823 3638 3882 Sirobin

2048 3906 2243 3946 rursus
2273 3893 2532 3956 absolvit,
2561 3900 2828 3955 mandans
2857 3903 2905 3956 ei
2940 3913 2996 3956 ut
3025 3920 3278 3964 carceres
3307 3915 3561 3981 aperiret,
3585 3932 3640 3971 et

2047 3989 2289 4036 retentos
2316 3985 2370 4038 in
2402 3987 2482 4041 eis
2514 3986 2792 4044 Rmnanos
2826 3994 3087 4051 educeret
3115 4040 3129 4063 ,
3163 4011 3217 4054 et
3250 4017 3401 4057 arma
3430 4007 3509 4061 eis
3541 4009 3638 4061 Iri-

2045 4072 2256 4140 hueret,
2291 4076 2480 4146 sicque
2509 4090 2698 4134 contra
2724 4084 3005 4140 Chnsrocn
3033 4104 3152 4145 sese
3176 4107 3439 4150 moveret.
3464 4095 3636 4154 Porro

2046 4163 2259 4220 Sirohis
2289 4168 2553 4226 obediens
2586 4171 2926 4242 imperatori,
2963 4184 3196 4237 retrusis
3226 4185 3462 4254 eductis,
3497 4206 3630 4259 pro-

2044 4258 2255 4322 peravit
2289 4269 2479 4313 contra
2522 4267 2846 4330 patricidam
2881 4281 3089 4339 patrem
3111 4313 3129 4340 ,
3160 4275 3444 4333 Cliosroen
3477 4283 3629 4335 scili-

2041 4356 2149 4402 cet.
2198 4351 2443 4420 Cumque
2493 4355 2582 4409 ille
2630 4356 2818 4425 fugere
2873 4370 3140 4419 tentasset
3189 4383 3288 4422 nec
3340 4372 3628 4439 valuisset,

2042 4426 2228 4495 tentus
2259 4453 2313 4497 et
2341 4447 2518 4501 valide
2549 4449 2768 4505 vinctus
2799 4452 2992 4509 lcrreis
3020 4465 3104 4510 est
3127 4463 3486 4530 compedibus
3519 4477 3626 4519 tam

2039 4542 2162 4599 post
2197 4543 2405 4603 tergum
2436 4539 2694 4594 manibus
2723 4557 2889 4609 quam
2925 4545 3156 4612 pedibus
3188 4551 3507 4619 colligatis;
3536 4559 3622 4609 cui

2039 4629 2087 4674 et
2123 4622 2272 4676 circa
2314 4626 2514 4679 collum
2549 4630 2790 4696 pondera
2840 4633 3012 4687 ferrea
3047 4636 3364 4702 imponunt,
3413 4652 3467 4695 et
3501 4647 3628 4699 mit-

2043 4717 2162 4762 tunt
2185 4725 2310 4764 eum
2337 4713 2648 4769 indomum
2673 4723 3044 4788 tenebrarum,
3069 4742 3230 4793 quam
3253 4730 3368 4798 ipse
3394 4735 3627 4790 munivit

2036 4816 2066 4854 a
2110 4803 2351 4856 novitate
2393 4818 2717 4863 construens
2757 4811 2823 4865 ad
2895 4818 3273 4873 recondendus
3326 4825 3619 4893 peeunias,

2035 4895 2306 4962 panisque
2339 4912 2530 4965 parum
2567 4903 2615 4952 ei
2663 4913 2717 4954 et
2763 4899 2920 4972 aqua:
2957 4909 3265 4964 tribuentes
3297 4912 3443 4968 hunc
3477 4915 3621 4972 fame

2036 4984 2302 5036 necabant
2335 5003 2347 5037 :
2387 4987 2462 5039 ait
2493 4990 2638 5041 enim
2669 4990 2880 5064 Sirohis
2909 5012 2920 5047 :
2960 4995 3210 5052 (Iomedat
3236 5019 3450 5069 aurum,
3479 5008 3620 5074 quod

2035 5077 2304 5130 incassum
2329 5080 2637 5149 collegit,.et
2663 5095 2878 5153 propter
2900 5089 3037 5156 quod
3067 5093 3229 5145 etiam
3259 5101 3452 5150 multos
3475 5098 3617 5167 fame

1863 5241 2095 5295 ΝΟΤίΕ.

411 5333 524 5421 (56.)
558 5333 791 5421 ,ξανξνῇ
837 5335 1170 5421 Papinianus
1205 5343 1257 5398 in
1311 5345 1345 5398 Ι.
1375 5347 1530 5401 miles
1570 5351 1635 5404 ad
1666 5354 1767 5421 leg.
1809 5355 1919 5409 Jul.

340 5406 414 5460 De
443 5405 660 5491 alluit...‘
695 5424 712 5486 ς
749 5405 825 5459 Ne
872 5410 975 5491 sibi
1033 5424 1480 5491 computarentnr
1506 5421 1622 5491 dies
1670 5405 1918 5491 qiius'

338 5476 584 5551 ruetodia
613 5477 851 5551 fecisset.
880 5496 899 5527 ›
923 5478 1108 5548 Lupus
1135 5476 1295 5551 epist.
1323 5486 1392 5537 20
1417 5505 1429 5539 :
1469 5508 1484 5538 ε
1511 5476 1712 5546 Facere
1734 5476 1920 5550 nobis;

336 5562 461 5600 cum
501 5545 617 5629 dias
651 5548 868 5629 aliquot
899 5545 1105 5628 valeas.
1132 5571 1150 5604 ι
1172 5545 1423 5629 ’Βυίίμιυε
1457 5545 1722 5629 interpres
1747 5545 1916 5620 Euse-

334 5617 517 5690 hiitt.
548 5613 614 5668 Ε.
655 5633 688 5690 κΔ
717 5613 797 5668 είς
830 5619 1085 5690 Quinque
1119 5638 1293 5678 annos
1318 5627 1460 5680 inter
1483 5613 1913 5690 cate'cliunie—tios

335 5685 558 5738 faciant.
605 5687 797 5764 s_Acta
852 5685 1139 5764 [fructuosi
1187 5697 1356 5764 episc.
1399 5695 1696 5756 Tarracon.

333 5758 579 5840 [θίγε-ατη
628 5758 943 5840 in.ca'rce're
985 5762 1102 5840 dies
1152 5758 1268 5820 sei.
1299 5785 1319 5818 ι
1370 5766 1540 5840 Υεῑηε
1581 5758 1907 5840 ἱηεςτὶβιίόέ

336 5847 355 5876 ι
387 5825 525 5881 Cum
555 5843 661 5894 qua
689 5826 819 5900 fecit
857 5843 1030 5887 annos
1063 5833 1096 5887 9
1126 5837 1390 5892 mensesG
1418 5839 1535 5894 dies
1566 5825 1659 5898 25:
1683 5825 1717 5895 ἶ
1740 5825 1862 5900 Alia
1893 5825 1906 5899 ξ

336 5921 356 5950 ι
394 5901 527 5952 Cum
567 5898 761 5953 marito
793 5898 920 5955 fecit
954 5917 1026 5959 tn.
1057 5905 1089 5959 5
1118 5905 1173 5960 d.
1209 5905 1300 5963 20.
1336 5928 1354 5962 ι
1398 5909 1454 5964 S.
1487 5898 1909 5974 Athanasiusia

2036 5355 2234 5437 Vitas.
2264 5363 2485 5441 Antonii
2523 5381 2536 5414 :
2571 5365 2717 5427 Ἐξω
2751 5365 3022 5441 πολλάκις
3045 5371 3256 5441 ἡμέρας
3290 5375 3382 5427 καὶ
3410 5376 3611 5441 νύκτας

2029 5428 2328 5511 ποιῖὖνττξ.
2356 5431 2416 5484 ν.
2442 5434 2574 5487 Acta
2605 5448 2780 5504 apost.
2817 5453 2969 5502 xvni,
3123 5428 3177 5496 ei.
3206 5428 3366 5511 epist.
3420 5428 3608 5503 Jacobi

2025 5513 2102 5557 tv,
2137 5499 2220 5554 l5.
2258 5500 2425 5554 FABB.

2100 5570 2211 5639 (57)
2245 5573 2617 5651 Axiomaticis.
2673 5577 3013 5648 Glossarium
3057 5599 3070 5633 :
3111 5583 3482 5651 ἀξιωματικός
3514 5589 3608 5644 lto-

2025 5645 2303 5703 norarius,
2338 5643 2434 5716 qni
2466 5644 2735 5699 honorem
2762 5652 2922 5716 gerit.
2979 5652 3139 5704 Aliud
3161 5643 3174 5647 ⁷
3200 5643 3603 5714 Glossariunr:

2021 5711 2316 5790 dignitosus
2349 5713 2740 5781 ἀξιωματικός,
2766 5711 2862 5785 qui
2898 5722 2951 5772 in
2978 5721 3242 5790 dignitate
3272 5711 3605 5785 constitutus

2020 5780 2666 5860 est._Utitur_postremo
2714 5780 2877 5843 verbo
2923 5780 3279 5860 Aidlieltnus,
3328 5780 3402 5852 De

2021 5853 2256 5920 virginit.
2278 5869 2328 5933 ς’.
2354 5853 2426 5907 28
2451 5873 2513 5940 is
2543 5853 2770 5937 Propter
2790 5862 3117 5940 dignitosam
3140 5853 3467 5940 ittpocetttia
3491 5853 3603 5940 pai;

2019 5937 2188 5989 niam,
2225 5943 2242 5976 ι
2278 5924 2313 5978 i.
2344 5939 2396 5981 e.
2432 5924 2746 5996 dignatione
2774 5924 3159 5987 venerandam.
3198 5933 3278 5989 lo.
