4414 6462
829 436 958 504 1315

1925 440 2022 502 AN
2033 440 2326 500 ASTASII
2361 440 2433 499 III
2444 439 2978 500 BLIO'I‘HECARII

3904 437 4043 501 1316

824 548 1022 602 necarit
1062 546 1408 613 ηιωεάιιηιᾳιισ
1437 547 1645 600 delevit.
1685 548 1854 602 Porro
1885 550 2032 605 misit
2070 549 2283 607 Sirohis
2319 567 2384 604 au
2416 555 2458 608 Α
2490 550 2720 604 dendum
2750 565 2974 606 suasum
2999 549 3293 619 baptizavit
3321 549 3375 604 in
3403 549 3567 604 domo
3589 548 3866 604 Eustachii
3900 546 4043 603 lies-

825 653 948 691 cum
969 647 1208 703 satrapas
1228 638 1368 690 hunc
1391 638 1605 704 injuriis
1624 639 1989 706 irnpctendum
2013 651 2068 696 ct
2085 657 2386 710 conspuen-

823 727 971 778 dum.
1005 726 1065 777 Et
1083 726 1370 779 adductum
1387 727 1674 780 Merdasau
1703 729 1867 782 ﬁlium
1888 729 2028 797 ejus,
2045 746 2204 799 quem
2229 745 2387 784 coru-

825 833 953 871 nare
987 819 1216 880 volebat,
1245 831 1370 872 ante
1394 834 1451 871 se
1472 822 1694 882 occidit,
1726 831 1779 874 et
1811 821 2049 888 reliquos
2091 823 2232 875 lilios
2268 822 2388 889 ejus

822 923 1045 966 cunctos
1087 914 1138 965 in
1186 921 1481 980 conspectu
1525 914 1643 980 ejus
1685 915 2100 977 interemerunt,
2144 923 2198 967 et
2242 914 2389 966 misit

821 1019 1032 1057 omnem
1071 1004 1348 1057 inimicum
1379 1006 1496 1071 ejus
1529 1004 1744 1080 injuriis
1773 1005 2057 1059 cumulare
2092 1014 2146 1058 et
2192 1019 2386 1072 percu-

822 1103 933 1147 tere
958 1102 1011 1146 et
1037 1109 1337 1162 conspuere
1368 1094 1541 1146 illum.
1580 1094 1824 1161 Denique
1856 1109 1950 1163 per
1995 1095 2240 1163 quinque
2271 1096 2389 1148 dies

823 1186 923 1238 hoc
957 1185 1117 1248 iacto,
1149 1185 1316 1252 jussit
1345 1185 1560 1238 Sirohis
1591 1185 1735 1237 hunc
1769 1185 2006 1238 arcubus
2037 1186 2343 1238 interﬁcere
2372 1222 2389 1248 ,

823 1275 1009 1343 sicque
1050 1276 1307 1343 paulatim
1345 1277 1397 1326 in
1435 1274 1592 1328 malis
1618 1275 2008 1342 nequissimam
2040 1290 2194 1328 suam
2217 1275 2391 1327 traili-

821 1365 899 1419 dit
938 1368 1193 1420 animam.
1250 1366 1404 1418 Tunc
1445 1365 1658 1418 Siroltis
1711 1365 1934 1432 scripsit
1970 1365 2035 1418 ad
2080 1364 2390 1418 Heraclium

823 1459 1200 1526 evangelizans
1223 1459 1270 1509 ei
1292 1457 1539 1509 scelerati
1571 1455 1833 1510 Chosrois
1857 1456 2154 1518 interitum,
2177 1471 2394 1523 pacem-

822 1563 926 1616 que
955 1550 1136 1614 jugem
1166 1561 1288 1599 cum
1312 1560 1375 1598 eo
1402 1561 1462 1600 ac
1494 1546 1855 1599 ﬁrmissimam
1883 1545 2106 1614 pepigit,
2133 1548 2390 1602 omnibus

823 1636 1189 1696 Christianis,
1241 1635 1330 1703 qui
1391 1635 1443 1688 in
1499 1637 1817 1688 carceribus
1870 1647 1924 1688 et
1970 1637 2118 1690 omni
2170 1635 2390 1690 Perside

823 1726 1022 1793 captivi
1057 1727 1402 1788 tenebantur,
1443 1725 1492 1779 ei
1530 1725 1798 1790 remissis,
1827 1740 1934 1779 una
1974 1741 2095 1782 cum
2126 1726 2390 1781 Zacharia

823 1814 1316 1885 Hierosolymitano
1367 1817 1595 1884 prmsule
1638 1832 1705 1872 ac
1776 1819 2030 1886 pretiosis
2072 1827 2126 1872 et
2161 1819 2389 1873 viviﬁcis

2489 638 2744 706 politani,
2807 641 2902 708 qui
2955 648 3011 694 et
3066 642 3214 707 ipse,
3265 655 3392 695 cum
3455 638 3803 693 Christianus
3856 649 4043 699 esset,

2488 728 2871 795 imperatorem
2910 730 3142 795 excepit.
3189 727 3475 795 Ingressus
3521 729 3704 794 itaque
3751 729 4046 797 imperator

2491 815 2939 889 Hierosolymam,
2999 821 3256 873 restituto
3323 826 3432 871 tam
3483 817 3746 871 Zacharia
3795 819 4047 888 pontiﬁce

2489 922 2648 975 quam
2678 909 2835 962 alma:
2861 910 3045 963 crucis
3077 910 3412 964 bonorandis
3436 924 3500 962 ac
3530 909 3763 964 viviﬁcis
3792 911 3950 978 lignis
3991 911 4044 962 in

2489 998 2766 1064 prepriutn
2789 997 2989 1060 locum,
3011 999 3272 1068 plurimas
3289 999 3400 1053 Deo
3416 1006 3597 1068 grates
3619 1000 3752 1068 egit.
3769 1000 4050 1068 pulsisque

2492 1087 2562 1140 ab
2579 1090 2714 1142 urbe
2735 1100 2924 1142 sancta
2947 1089 3186 1145 Hebreis
3205 1092 3369 1159 jussit
3393 1105 3500 1144 non
3527 1089 3726 1144 habere
3750 1091 3873 1143 illos
3895 1100 4051 1155 pote-

2494 1186 2688 1232 atatem
2725 1180 2945 1248 propius
2979 1182 3137 1236 alma
3175 1182 3384 1236 civitati
3409 1197 3571 1250 quam
3603 1182 3775 1235 tribus
3807 1181 4053 1236 millibus

2495 1269 2993 1337 ορρτορίιιίιιιρωιί.
3043 1271 3180 1326 Cum
3219 1283 3402 1326 autem
3447 1273 3788 1342 pervenisset
3826 1271 3892 1325 ad
3943 1270 4050 1324 Ile-

2494 1359 2732 1420 dessam,
2791 1361 3110 1416 orthodoxis
3167 1365 3458 1418 ecclesiam
3521 1365 3798 1428 reddidit,
3844 1379 3965 1432 qua
4019 1382 4048 1414 ει

2493 1445 2833 1504 Nestorianis
2887 1466 2917 1504 a
2975 1449 3236 1507 Chosrois
3301 1463 3548 1522 tempore
3611 1456 3918 1512 tenebatur.
3985 1453 4051 1507 Et

2495 1544 2726 1597 veniens
2763 1542 3095 1613 Hierapolim
3130 1545 3340 1600 audivit
3368 1546 3514 1616 quod
3548 1546 3762 1602 Sirohis
3798 1562 3889 1600 rex
3919 1545 4052 1600 Per—

2494 1648 2676 1686 sarum
2713 1635 2851 1688 diem
2882 1636 3171 1691 clausisset
3205 1647 3533 1698 extremum,
3573 1645 3628 1691 et
3663 1637 3860 1693 Adesir
3888 1636 4056 1704 hujus

2493 1721 2635 1777 ﬁlius
2675 1724 2723 1778 ei
2756 1725 2810 1778 in
2848 1727 3000 1795 regni
3049 1727 3316 1797 regimine
3359 1728 3744 1783 successisset.
3784 1727 3886 1793 Qui
3931 1742 4054 1782 cum

2493 1825 2698 1882 septem
2729 1818 3015 1871 mensibus
3049 1819 3316 1872 tenuisset
3337 1819 3728 1886 principatum,
3762 1818 4060 1872 insurrexit

821 1907 1005 1977 lignis,
1039 1923 1157 1977 quae
1194 1909 1408 1961 fuerant
1437 1925 1500 1961 ex
1538 1907 1929 1977 Hierosolymis
1964 1924 1992 1960 a
2027 1906 2388 1972 Sarbarazan,
2421 1901 2463 1956 Β
2492 1907 2756 1961 adversus
2816 1923 2939 1961 eum
2978 1907 3332 1972 Sarbarazas,
3367 1910 3460 1976 qui
3491 1923 3557 1962 eo
3591 1922 3854 1978 percusso
3888 1909 4060 1977 impc-

819 2013 942 2054 Cutn
981 1997 1278 2052 Jerusalem
1317 2001 1567 2066 cepisset.
1603 1999 1804 2052 ablata.

891 2089 1047 2141 Anno
1079 2088 1290 2156 imperii
1336 2086 1564 2140 lleraclii
1602 2088 1812 2142 decimo
1840 2095 2035 2142 octavo
2069 2104 2164 2141 rex
2222 2088 2392 2141 liabe-

822 2189 911 2232 tur
962 2178 1253 2231 Persarum
1313 2177 1544 2238 Sirohis,
1605 2178 1695 2247 qui
1757 2193 1902 2231 anno
1958 2179 2201 2247 regnavit
2259 2195 2388 2241 uno,

819 2271 1042 2340 quando
1104 2278 1157 2323 et
1222 2269 1464 2322 Moamcd
1527 2270 1764 2322 Arabum
1834 2284 1929 2323 seu
1992 2274 2389 2324 Saracenorum

824 2363 1081 2429 princeps
1116 2361 1218 2413 sub
1249 2359 1432 2414 I‘ersis
1461 2360 1664 2430 degens
1691 2370 1902 2415 sextum
1937 2360 2388 2431 agebatiaunum,

821 2460 1180 2519 perventurus
1235 2450 1301 2503 ad
1349 2465 1572 2504 nonum.
1615 2452 1828 2503 Interea
1873 2451 2015 2503 facta
2075 2464 2205 2520 pace
2264 2465 2387 2504 cum

823 2540 1005 2596 I’etsis
1047 2553 1208 2609 atque
1243 2539 1526 2600 Romanis.
1557 2541 1762 2594 direxit
1805 2543 2102 2609 imperator
2132 2539 2387 2594 Theodo-

822 2647 942 2684 rum
971 2631 1195 2684 l‘iatrem
1230 2646 1388 2684 suum
1427 2647 1549 2683 cum
1589 2632 1785 2684 litteris
1815 2639 1868 2684 et
1897 2629 2208 2684 hominibus
2240 2627 2391 2682 Siro-

825 2725 907 2777 bis
938 2724 1079 2791 regis
1119 2721 1428 2781 Persarum.
1475 2735 1749 2790 quatenus
1780 2721 1976 2784 Persas,
2006 2721 2098 2790 qui
2135 2722 2188 2773 in
2224 2719 2394 2774 Palae-

823 2815 968 2865 stina
1002 2821 1056 2866 et
1089 2811 1291 2866 Edessa
1320 2819 1373 2862 et
1412 2810 1805 2880 Hierosolymis
1835 2819 1888 2865 et
1920 2811 2133 2865 ceteris
2164 2811 2392 2866 urbibus

822 2901 1194 2955 Romanorum
1250 2907 1453 2964 essent,
1503 2914 1627 2952 cum
1687 2915 1822 2968 pace
1872 2906 2281 2954 reverterentur
2337 2898 2391 2952 iu

819 2991 1099 3048 Persidem
1144 3003 1198 3046 et
1252 2991 1486 3045 innocue
1539 3001 1740 3046 terram
1792 2993 2162 3046 Romanorum
2211 2999 2392 3046 trans-

821 3087 983 3140 irent.
1010 3086 1296 3140 Postremo
1331 3087 1627 3150 imperator
1653 3099 1774 3139 cum
1801 3098 1896 3137 sex
1924 3085 2083 3138 annis
2109 3083 2389 3138 Persidem

819 3184 1217 3244 expugnasset,
1283 3177 1516 3243 septimo
1567 3189 1712 3228 anno
1770 3189 1902 3243 pace
1957 3183 2209 3242 percepta
2264 3190 2388 3228 cum

825 3267 1030 3335 ingenti
1064 3266 1263 3334 gaudio
1296 3265 1828 3333 Constantinopolim
1876 3269 2156 3324 remeavit,
2198 3269 2391 3334 mysti-

824 3369 946 3406 cam
981 3353 1034 3404 in
1069 3355 1168 3405 hoc
1202 3353 1494 3418 quamdam
1539 3354 1807 3404 tbcoriam
1856 3355 2176 3422 adimplens.
2212 3354 2268 3405 In
2303 3371 2392 3408 si-x

823 3443 1028 3509 quippe
1089 3440 1284 3493 diebus
1341 3439 1484 3494 Deus
1548 3441 1804 3496 universa
1865 3442 2084 3495 condita
2147 3452 2395 3495 creatura

823 3532 1111 3600 septimam
1143 3532 1346 3601 requiei
1376 3531 1522 3586 diem
1557 3534 1770 3587 vocavit
1799 3550 1812 3585 :
1848 3534 1919 3586 ita
1963 3541 2016 3586 et
2062 3534 2177 3602 ipse
2211 3533 2262 3587 in
2302 3549 2394 3587 sex

822 3625 1003 3686 annis,
1046 3627 1228 3680 multis
1278 3627 1543 3696 impensis
1602 3627 1904 3690 laboribus,
1958 3627 2194 3696 septimo
2249 3641 2394 3679 anno

823 3730 1075 3770 reversus
1098 3719 1163 3770 ad
1197 3719 1387 3771 urbem
1415 3733 1539 3770 cum
1567 3733 1701 3788 pace
1733 3734 1794 3771 ac
1823 3718 2063 3787 tripudio
2096 3719 2388 3788 requievit.

821 3806 995 3862 Porro
1043 3809 1274 3877 populus
1337 3810 1596 3874 civitatis,
1653 3809 1885 3863 adventu
1951 3811 2121 3878 ipsius
2187 3809 2392 3873 audito,

823 3899 1159 3954 intolerabili
1190 3902 1370 3953 cuncti
1401 3899 1677 3954 desiderio
1702 3902 1755 3954 in
1790 3899 2027 3956 Hieriam
2059 3902 2275 3956 obviam
2315 3903 2394 3958 illi

821 4005 931 4043 una
985 4005 1109 4043 cum
1169 3991 1478 4058 patriarcha
1532 3999 1587 4045 et
1642 3993 2006 4046 Constantino
2060 3993 2395 4062 imperatore

825 4081 937 4133 tilio
967 4081 1087 4148 ejus
1135 4082 1340 4151 egressi
1388 4095 1540 4147 sunt,
1573 4091 1855 4153 portantes
1899 4099 2084 4140 ramos
2125 4086 2393 4139 olivarum

823 4179 872 4221 et
910 4167 1208 4237 lampades,
1247 4171 1534 4225 laudantes
1563 4187 1688 4226 cum
1721 4174 2092 4242 gratulatione
2125 4189 2187 4228 ac
2215 4178 2393 4246 lacry—

824 4256 950 4312 mis.
981 4260 1260 4316 Accedens
1299 4269 1480 4314 autem
1519 4261 1659 4316 ﬁlius
1710 4263 1832 4330 ejus
1884 4262 2085 4315 cecidit
2131 4261 2194 4314 ad
2231 4263 2395 4330 pedes

824 4347 1022 4418 ipsius,
1065 4362 1276 4404 etcum
1312 4351 1654 4420 amplexatus
1699 4363 1848 4404 esset
1896 4366 2043 4417 eum,
2077 4351 2396 4407 infuderunt

822 4445 988 4496 ambo
1011 4442 1271 4514 lacrymis
1306 4453 1530 4496 terram.
1577 4441 1690 4496 Iloc
1729 4451 1910 4496 autem
1941 4443 2176 4513 populus
2210 4444 2394 4513 inspe-

2494 1995 2860 2070 ravit_Persis
2905 1999 3189 2051 mensibus
3236 1999 3473 2052 duobus.
3505 1996 3620 2052 IIoe
3667 2007 3849 2053 autem
3878 1995 4061 2053 Persa:

2492 2085 2778 2140 interfecto
2826 2085 3058 2140 Baranitt
3111 2089 3467 2156 pratulerunt
3514 2090 3571 2142 in
3627 2102 3833 2157 regem,
3885 2086 4056 2142 ﬂlitttu

2492 2175 2773 2240 Cltosrois,
2827 2178 2922 2246 qui
2975 2191 3203 2246 regnum
3256 2177 3547 2234 Persarum
3609 2187 3819 2249 septem
3881 2182 4052 2234 tenuit

2493 2269 2792 2323 mensibus.
2825 2267 2996 2323 Porro
3020 2271 3146 2324 huic
3188 2274 3458 2327 successit
3490 2271 3834 2333 ﬂormisdas,
3877 2285 3984 2340 quo
4027 2287 4060 2323 a

2490 2357 2775 2413 Saracenis
2823 2361 2987 2428 pulso
3019 2359 3218 2414 factum
3258 2371 3343 2416 est
3374 2376 3604 2433 regnum
3633 2359 3922 2416 Persarum
3956 2359 4063 2414 sub

2489 2451 2764 2506 Arabibus
2797 2468 2972 2520 usque
3004 2453 3058 2507 in
3094 2454 3420 2509 hodiernum
3449 2455 3616 2509 diem.

2563 2538 2742 2593 hlnmli
2767 2558 2910 2595 anno
2934 2541 3066 2594 (iiii
3083 2584 3095 2605 ,
3115 2543 3316 2596 divine.
3344 2542 3747 2597 incarnationis
3769 2557 3913 2596 anno
3931 2539 4060 2604 621,

2492 2643 2636 2683 anno
2688 2632 2903 2699 imperii
2960 2631 3198 2686 Iieraclii
3251 2633 3324 2686 20
3375 2631 3698 2686 Hormisdas
3754 2639 3942 2698 regnat
3996 2631 4056 2683 in

2492 2717 2696 2773 Persis.
2735 2720 2870 2774 Cum
2910 2732 3091 2776 autem
3138 2721 3421 2776 IIeraclius
3451 2721 3766 2789 essetapud
3798 2719 4065 2790 Hierapo-

2493 2807 2607 2871 lim,
2648 2809 2792 2860 venit
2839 2809 2904 2862 ad
2948 2824 3073 2863 eum
3110 2809 3446 2862 Athanasius
3487 2809 3799 2878 patriarcha
3835 2806 4060 2864 Jacobi-

2494 2907 2696 2963 tarum,
2755 2901 2840 2952 vir
2897 2899 3040 2952 acris
3097 2907 3152 2954 et
3207 2913 3441 2967 nequam
3500 2899 3726 2966 ingenii,
3800 2896 4063 2968 Syrorum

2493 2988 2695 3043 inditas
2739 2989 3011 3043 versutias
3063 2988 3350 3058 possidens
3380 3005 3394 3042 :
3425 3000 3476 3043 et
3525 2999 3676 3042 moto
3728 2989 3795 3042 de
3848 2989 3950 3042 ﬁde
3993 2990 4061 3040 ad

2493 3081 2878 3151 imperatorem
2915 3096 3192 3142 sermone.
3240 3082 3556 3152 repromisit
3590 3084 3638 3136 ei
3675 3078 3980 3142 Heraclius.
4013 3081 4060 3135 si

2493 3171 2998 3230 Chalcedonensein
3061 3174 3330 3246 synodum
3385 3175 3776 3245 suscepisset,
3823 3173 4064 3244 patriar-

2495 3266 2657 3318 cham
2703 3265 2857 3318 illum
2911 3266 3214 3319 Antiochia:
3255 3281 3316 3320 se
3367 3264 3485 3320 fore
3526 3263 3824 3319 facturum.
3869 3265 3938 3318 At
3974 3261 4067 3319 ille

2498 3356 2749 3408 simulate
2785 3358 3028 3424 suscepit
3062 3358 3356 3426 synodum,
3387 3355 3658 3410 conﬁtens
3695 3356 3836 3410 duas
3882 3355 4066 3410 unitas

2499 3445 2552 3493 in
2567 3444 2789 3496 Christo
2815 3456 3063 3498 naturas.
3089 3444 3450 3512 Interrogavit
3469 3453 3650 3497 autem
3676 3445 4063 3512 imperatorem

2498 3531 2565 3586 de
2603 3533 2923 3601 operatione
2971 3549 3034 3586 ac
3081 3535 3474 3595 voluntatibus,
3505 3536 3745 3602 qualiter
3787 3542 4068 3600 oporteret

2498 3626 2550 3677 in
2587 3622 2810 3679 Christo
2836 3624 2942 3679 dici
2978 3625 3171 3693 duplas
3221 3633 3316 3677 aut
3349 3624 3598 3693 simplas.
3632 3621 3770 3677 Tum
3823 3625 4067 3695 impera-

2498 3727 2585 3769 tor
2637 3716 2789 3771 vocis
2848 3715 3090 3770 novitate
3143 3722 3570 3774 consternatus,
3624 3714 3820 3766 scribit
3874 3714 4067 3783 Sergio

2495 3806 3058 3876 Constantinopoleos
3123 3806 3404 3876 episcopo.
3483 3801 3730 3858 Advocat
3783 3803 3950 3856 etiam
4011 3811 4067 3857 ct

2494 3899 2700 3970 Cyrum
2760 3900 3017 3956 Phasidis
3065 3901 3405 3962 antistitem,
3459 3905 3514 3953 et
3563 3898 3666 3952 hoc
3731 3897 4067 3967 interrogato

2496 3993 2703 4062 reperit
2727 4007 2851 4046 eum
2885 3993 3321 4047 consentientem
3364 3990 3558 4061 Sergio
3585 3989 3640 4044 in
3676 4005 3838 4044 unam
3872 3990 4066 4044 volun-

2498 4091 2664 4138 tatem
2699 4095 2751 4139 ct
2777 4100 2940 4137 unam
2975 4084 3377 4153 operationem.
3413 4082 3640 4150 Sergius
3679 4082 3848 4144 enim,
3880 4089 4068 4151 utpote

2499 4176 2676 4244 Syrus
2724 4189 2924 4244 genere
2981 4189 3044 4228 ac
3092 4173 3412 4243 parentibus
3454 4169 3722 4224 Jacobitis
3772 4173 4064 4238 exsistens,

2500 4282 2662 4319 unam
2691 4268 3001 4320 naturalem
3028 4267 3365 4348 volun’tatern
3404 4270 3459 4316 et
3490 4278 3654 4316 unam
3687 4265 4066 4332 operationem

2499 4356 2552 4409 in
2606 4356 2828 4409 Christo
2884 4356 3168 4421 rescripsit
3227 4363 3393 4421 atque
3446 4353 3734 4411 confessus
3798 4367 3904 4412 est.
3967 4359 4068 4413 Ast

2499 4447 2796 4513 imperator
2846 4445 3136 4513 utriusque
3186 4447 3544 4514 acquiescens
3587 4447 3823 4500 consilio
3865 4451 4070 4516 reperit

823 4539 932 4594 cto,
991 4533 1231 4588 universi
1280 4532 1392 4588 Deo
1445 4535 1679 4605 hymnos
1726 4534 2007 4604 gratiﬁcos
2061 4535 2388 4590 retulerunt.
2421 4547 2552 4606 Det
2599 4536 2962 4590 Athanasium
3008 4535 3090 4589 eis
3135 4539 3612 4592 consentientem:
3651 4549 3876 4591 noverat
3919 4539 4065 4592 enim

826 4621 1028 4690 Sicque
1060 4625 1277 4678 demum
1312 4635 1571 4697 suscepto
1606 4627 1943 4696 imperatore
1981 4629 2173 4682 urbem
2207 4627 2396 4682 exsul-

827 4719 1005 4767 tantes
1027 4714 1261 4783 ingrcssi
1295 4726 1445 4771 sunt.

897 4809 1053 4857 Anno
1097 4807 1314 4874 imperii
1348 4807 1580 4862 lleraclii
1609 4811 1673 4864 I9
1708 4809 1894 4866 Persis
1937 4827 2031 4866 rex
2078 4811 2273 4868 Adesir
2309 4829 2397 4868 se-

781 4925 787 4932 -
825 4903 970 4964 ptent
1007 4897 1288 4948 mensibus
1323 4897 1558 4964 prefuit.
1587 4899 1886 4967 Imperator
1908 4912 2089 4956 autem
2114 4903 2394 4973 profectus

826 5003 856 5040 a
897 4989 1046 5056 regia
1088 4987 1240 5049 urbe,
1283 5003 1407 5040 cum
1464 5004 1586 5041 mox
1626 5005 1720 5044 ver
1752 4995 2098 5055 accessisset,
2135 4993 2394 5048 Hieroso-

828 5080 1024 5148 lymam
1095 5075 1306 5136 tendit,
1369 5077 1606 5145 pretiosa
1665 5079 1792 5134 illuc
1858 5091 1912 5134 et
1975 5082 2185 5134 viviﬁca
2254 5083 2395 5152 ligna

824 5179 1114 5239 reportans
1153 5169 1218 5221 ad
1266 5171 1564 5237 gratiarum
1618 5169 1728 5222 Dco
1781 5172 2022 5225 actiones
2066 5172 2391 5229 reddendas.

821 5263 1070 5332 Cumque
1125 5260 1473 5315 Tiberiadem
1529 5261 1795 5324 adiisset,
1851 5277 2182 5319 accusavere
2239 5266 2398 5320 Chri-

822 5359 985 5411 stiani
1022 5355 1308 5427 Benjamin
1339 5355 1629 5426 quemdam
1663 5355 1882 5410 nomine
1912 5357 2069 5419 quasi
2111 5358 2250 5411 mala
2281 5358 2386 5414 sibi

822 5449 1110 5506 facientem
1144 5472 1158 5506 ;
1190 5461 1306 5507 erat
1361 5451 1508 5505 enim
1569 5447 1860 5504 admodum
1916 5450 2248 5518 opulentus;
2300 5451 2395 5518 qui

823 5544 1065 5614 suscepit
1099 5544 1487 5614 imperatorem
1533 5551 1589 5598 et
1633 5542 1935 5596 exercitum
1977 5541 2124 5612 ejus.
2157 5545 2256 5597 Ast
2289 5541 2392 5597 im-

824 5644 1038 5700 perator
1097 5636 1377 5690 damnavit
1430 5651 1555 5689 eum
1594 5652 1605 5688 :
1643 5631 2036 5698 Quaniobrsm,
2098 5634 2391 5703 inquiens,

824 5723 1070 5776 molestus
1103 5739 1157 5777 ea
1189 5723 1561 5780 Christianis?
1594 5723 1685 5794 qni
1720 5721 1797 5774 ait
1832 5740 1843 5774 :
1887 5717 1952 5774 Ut
1995 5722 2225 5778 inimicis
2265 5719 2393 5792 ﬁdei

821 5827 971 5867 «ira.
1004 5811 1156 5870 Tunc
1185 5817 1482 5885 imperator
1521 5814 1863 5870 admonitum
1897 5811 2041 5868 hunc
2076 5823 2125 5870 et
2167 5815 2231 5871 ad
2266 5828 2387 5871 cre—

2499 4630 2645 4701 quod
2681 4628 2756 4683 ibi
2787 4642 2893 4696 una
2921 4630 3166 4697 operatio
3196 4633 3486 4700 reperitur,
3521 4629 3610 4683 ubi
3637 4637 3691 4683 ct
3725 4645 3829 4682 una
3868 4638 4062 4684 natura

2499 4720 2872 4792 cognoscitur.
2926 4719 3125 4772 Certus
3166 4731 3345 4774 autem
3393 4722 3692 4791 imperator
3743 4736 3908 4790 super
3961 4721 4062 4774 hoc

2500 4815 2679 4869 Iactus
2714 4811 2908 4867 scribit
2946 4810 3012 4862 ad
3047 4809 3311 4867 Joannem
3355 4829 3551 4884 papam
3590 4815 3894 4867 Romanum
3922 4827 4059 4881 pra:-

2499 4905 2771 4960 dictorum
2819 4903 3182 4969 sententiam;
3220 4908 3310 4975 qui
3362 4923 3552 4961 eorum
3587 4920 3930 4977 nequaquam
3977 4919 4067 4959 se-

2501 5010 2643 5054 Ctam
2679 4999 2922 5053 admisit.
2958 4997 3130 5051 Porro
3153 4996 3388 5068 Georgio
3413 5001 3782 5055 Alexandrino
3809 4998 4069 5056 defuncto

2499 5090 2739 5144 mittitur
2764 5089 2939 5161 Cyrus
2973 5087 3264 5156 episcopus
3293 5091 3637 5145 Alexandria
3667 5091 4064 5159 praeferendus,

2499 5183 2593 5250 qui
2620 5184 2807 5237 unitus
2840 5178 3132 5234 Theodoro
3169 5183 3426 5253 episcopo
3468 5181 3645 5236 Faran
3679 5181 3809 5236 fecit
3838 5183 4061 5238 decoloo

2501 5283 2672 5326 ratam
2727 5271 2955 5344 hydram
3008 5270 3156 5323 illam
3222 5274 3511 5335 unitatem,
3578 5271 3689 5323 imo
3747 5271 4068 5340 vanitatem,

2498 5377 2664 5416 unam
2717 5371 2772 5417 et
2824 5362 2930 5432 ipsi
2990 5359 3294 5418 scribentes
3365 5363 3420 5416 in
3481 5360 3704 5416 Christo
3757 5363 4066 5419 naturalem

2500 5455 2894 5522 operationem.
2955 5450 3050 5508 llis
3118 5455 3193 5509 ita
3245 5453 3708 5525 prosequentibus
3764 5454 3820 5508 in
3877 5457 4068 5525 Ingens

2499 5547 2854 5614 opprobrium
2889 5544 3340 5601 Chalcedoncuse
3387 5545 3680 5599 concilium
3717 5554 3769 5598 et
3799 5546 4065 5601 catholica

2497 5639 2708 5692 eorruit
2745 5636 2988 5692 Ecclesia
3025 5654 3038 5689 :
3082 5638 3459 5706 gloriabantur
3507 5634 3652 5689 enim
3697 5633 3961 5692 Jacobitc
3999 5651 4066 5688 ac.

2498 5727 2890 5790 Theodosiam',
2940 5731 3292 5798 pcrbibentcs
3344 5727 3475 5797 quia
3507 5725 3726 5797 Synodo
3758 5726 4064 5783 Chalcedo-

2498 5821 2653 5876 nensi
2691 5833 2797 5878 non
2831 5835 2951 5887 nos,
2984 5821 3079 5876 sed
3107 5822 3288 5892 potius
3315 5819 3788 5876 Chalcedonensis
3820 5819 4064 5891 synodus
