4414 6462
364 460 499 527 13η

366 580 527 635 nobis
599 576 1024 633 communicavit
1058 619 1071 643 ,

365 688 532 729 unam
572 671 886 726 conﬁtendo
934 679 1189 725 naturam
1234 669 1466 725 Christi.
1498 671 1646 724 Inter
1685 668 1803 724 base
1840 671 1942 724 So-

365 764 633 835 phronins
680 772 1043 818 consecratur
1071 762 1364 833 cpiscopus
1393 762 1943 834 Hierosolymitanus,

366 856 485 923 qui,
515 856 869 926 congregatis
909 855 1014 909 sub
1055 871 1114 911 se
1147 854 1476 925 degentibus
1512 855 1789 925 episcopis
1844 857 1949 909 im-

366 950 515 1017 pium
564 948 1073 1014 mouothelitarum,
1127 948 1179 1003 id
1236 959 1320 1005 est
1387 963 1552 1002 unam
1609 949 1948 1002 voluntatem

367 1041 890 1111 dogmatizautium,
969 1042 1169 1111 dogma
1246 1056 1511 1096 mucrone
1574 1043 1948 1097 anathematis

367 1134 619 1204 perculit,
672 1143 726 1188 et
773 1133 1037 1203 synodica
1089 1133 1283 1201 Sergio
1329 1134 1949 1207 Constantinopolitano

370 1234 421 1278 ct
470 1221 668 1279 Joanni
730 1223 981 1278 Romano
1054 1238 1209 1295 papa:
1275 1226 1606 1281 transmisit.
1662 1227 1760 1281 His
1820 1242 1950 1297 ergo

370 1316 574 1371 auditis
619 1315 909 1371 lleraclius
945 1318 1216 1372 confusus
1259 1327 1366 1384 est,
1414 1329 1468 1374 et
1512 1320 1801 1376 destruere
1830 1322 1950 1391 qui-

370 1407 492 1463 dem
544 1409 766 1477 propria
819 1408 1063 1473 nolebat,
1105 1419 1159 1463 et
1200 1425 1395 1465 rursus
1439 1412 1797 1484 opprobrium
1842 1429 1948 1466 non

371 1500 598 1553 ferehat.
632 1499 786 1553 Tunc
821 1515 952 1570 ergo
983 1500 1295 1564 Heraclitus,
1331 1512 1391 1557 ut
1428 1519 1684 1574 magnum
1728 1506 1949 1575 quidem

374 1592 551 1646 facere
578 1592 879 1659 arbitrans,
910 1598 1139 1663 exponit
1172 1597 1439 1666 scriptum
1474 1596 1605 1651 illttd
1632 1598 1779 1666 quod
1810 1614 1951 1651 nun-

373 1693 611 1752 cupatur
658 1684 921 1749 edictum,
978 1687 1271 1743 continens
1321 1704 1500 1758 neque
1554 1706 1717 1745 unam
1774 1708 1950 1762 neque

368 1776 508 1829 duas
542 1776 594 1827 in
633 1776 857 1832 Christo
884 1779 1235 1847 operationes
1261 1780 1539 1837 dicendas.
1574 1782 1694 1850 Quo
1721 1784 1861 1839 lecto
1894 1786 1947 1841 hi

371 1869 464 1937 qui
507 1885 627 1938 qua:
655 1869 840 1925 Severi
876 1880 1008 1925 sunt
1043 1874 1291 1943 sapiunt,
1336 1874 1388 1930 in
1418 1878 1637 1947 popinis
1661 1889 1712 1932 et
1741 1879 1949 1949 balneis

368 1936 659 2014 catholica:
690 1961 1053 2017 detrahebant
1090 1963 1368 2032 Ecclesiae,
1400 1936 1748 2038 per-bibentes
1776 1988 1791 2026 :
1820 1939 1947 2025 P‘ri-
1980 1936 2025 1995 Β

372 2070 513 2105 mum
542 2055 752 2121 quidem
782 2071 900 2124 quc
940 2068 1063 2109 sunt
1106 2054 1349 2113 Nestorii
1391 2060 1786 2117 Chalcedonita:
1832 2080 1948 2118 sert-

373 2144 553 2197 tientes
585 2146 936 2213 resipuerunt,
983 2149 1052 2199 ad
1094 2150 1368 2205 veritatem
1422 2154 1679 2219 conuersi,
1725 2165 1772 2210 et
1810 2157 1949 2209 uniti

371 2236 519 2287 nobis
546 2252 636 2303 per
669 2254 830 2291 unam
869 2242 1229 2307 operationem
1261 2253 1310 2297 et
1354 2261 1514 2299 unam
1549 2246 1750 2302 Christi
1796 2260 1947 2302 natu-

372 2343 503 2380 rmn.
546 2327 701 2381 Anne
737 2340 913 2382 autem
947 2334 1256 2397 ptenitentes
1293 2351 1446 2402 super
1476 2338 1599 2391 bene
1643 2355 1696 2391 se
1728 2339 1945 2395 habente

366 2436 517 2472 sensu
551 2423 839 2474 amiserunt
880 2434 1185 2495 utrumque,
1217 2444 1381 2498 neque
1416 2448 1576 2484 unam
1606 2450 1769 2502 neque
1807 2435 1943 2488 ditas

367 2515 421 2565 in
467 2512 677 2568 Christo
723 2518 1059 2586 conﬁtentes.
1110 2520 1237 2576 Post
1292 2534 1526 2579 mortem
1589 2543 1719 2581 vero
1768 2530 1942 2600 Sergii

369 2603 608 2673 Pyrrhus
639 2606 1313 2678 Constantinopolitanum
1361 2617 1605 2687 suscepit
1655 2620 1940 2686 thronum,

365 2698 455 2763 qui
492 2712 612 2765 quze
661 2700 918 2768 praedicta
973 2710 1099 2757 sunt
1152 2720 1181 2757 a
1227 2705 1418 2776 Sergio
1472 2724 1535 2763 ac
1585 2712 1726 2782 Cyro
1780 2714 1943 2782 impie

369 2788 665 2841 roboravit.
706 2790 962 2846 Heraclio
1008 2804 1191 2849 autem
1242 2809 1478 2863 mortuo,
1514 2817 1636 2856 cum
1672 2805 1940 2860 Constan-

368 2882 511 2933 tinus
568 2884 712 2936 illius
767 2884 886 2948 ejus
950 2886 1286 2955 imperaret,
1351 2890 1596 2962 Pyrrhus
1651 2914 1753 2950 una
1815 2915 1939 2953 eum

368 2971 596 3024 Martina
628 2990 839 3027 veneno
878 2978 1025 3033 hunc
1074 2981 1376 3044 interfecit,
1408 2994 1463 3038 et
1507 2988 1738 3057 imperat
1771 2990 1941 3044 Hera-

363 3064 550 3116 t'iOltﬂS
576 3065 831 3121 Martinze
865 3070 1025 3124 lilius.
1058 3072 1230 3126 Porro
1263 3084 1492 3132 senatus
1524 3088 1577 3133 et
1600 3090 1710 3133 tota
1747 3084 1939 3137 civitas

363 3153 631 3225 Pyrrhum
684 3171 740 3211 ut
800 3161 1029 3232 impium
1082 3183 1205 3220 eum
1256 3168 1495 3225 Martina
1550 3183 1606 3225 et
1656 3176 1766 3229 lilio
1818 3179 1940 3247 ejus

1171 458 1551 520 HISTORIA
1590 455 2163 517 ECCIESIASTICA
2204 455 2303 515 EX
2338 456 2815 519 THEt'lPHANE.

1152 593 1247 646 per
1325 594 1489 632 unam
1564 577 1943 647 operationem
1978 584 2019 632 Α
2053 589 2217 627 manu
2250 574 2652 643 depositionem
2688 575 2877 645 Pyrrhi
2912 581 2965 629 et
3014 574 3061 630 ei
3107 576 3637 634 communicantiuni

3498 458 3636 523 1318

2058 666 2211 722 facit.
2283 666 2553 723 Praeterea
2613 667 2858 738 Pyrrhus
2914 681 3037 721 cmn
3100 667 3639 740 Constantinopolim

2058 761 2419 831 pervenisset,
2454 762 2691 815 obeunte
2738 760 2910 814 Paulo
2954 762 3191 817 audaces
3228 763 3470 818 haeretici
3504 763 3640 836 Pyr-

2058 853 2218 907 rhum
2245 853 2428 907 denuo
2449 853 2650 907 throno
2670 852 3286 922 Constantinopolitano
3311 855 3639 923 praeﬁciunt.

2057 943 2351 999 Theodoro
2392 954 2572 999 autem
2612 958 2750 1013 papa
2795 942 3061 998 defuncto
3091 943 3362 1001 Martinus
3403 950 3642 1004 sanctis-

2058 1038 2237 1091 simus
2293 1035 2478 1090 Romae
2536 1045 2899 1090 consecratur
2952 1036 3205 1091 antistes.
3261 1038 3398 1091 Cum
3457 1049 3638 1095 autem

2059 1128 2329 1184 Maximus
2354 1130 2424 1183 ab
2449 1127 2636 1182 Africa
2670 1127 2900 1183 Romam
2929 1132 3296 1199 pervenisset,
3334 1146 3640 1202 papamquo

2059 1220 2355 1275 Martinum
2416 1220 2484 1274 ad
2547 1222 2954 1275 aemulationem
3004 1223 3373 1288 accendisset,
3428 1224 3641 1290 synodo

2060 1325 2280 1368 centum
2309 1320 2364 1368 et
2389 1314 2574 1368 decem
2595 1315 2982 1385 episcoporum
3013 1315 3242 1370 collecta
3277 1315 3550 1387 Sergium,
3584 1326 3640 1372 et

2060 1406 2352 1479 Pyrrhum,
2376 1415 2429 1461 et
2464 1405 2689 1478 Cyrum,
2720 1414 2775 1461 et
2805 1407 3033 1462 Paulum
3082 1409 3638 1476 anathematizarunt,

2058 1500 2308 1568 duasque
2376 1501 2691 1555 voluntates
2752 1511 2807 1556 et
2873 1505 3221 1570 operationes
3274 1502 3480 1557 Christi
3543 1504 3637 1557 Dci

2060 1594 2233 1646 nostri
2291 1593 2613 1664 expressius
2668 1594 3035 1662 prtedicaruut
3098 1603 3263 1663 atque
3325 1595 3634 1650 firmarunt.

2058 1684 2331 1738 Caeterum
2375 1699 2524 1738 nono
2556 1698 2707 1739 anno
2757 1686 2970 1754 imperii
3023 1687 3109 1739 sui
3153 1686 3431 1741 Constans
3466 1702 3635 1757 nepos

2063 1775 2323 1836 lleraclii.
2361 1777 2666 1833 indictione
2701 1787 2919 1840 octava,
2970 1780 3053 1833 his
3085 1780 3286 1848 agnitis
3319 1779 3505 1834 furore
3555 1795 3639 1833 re-

2058 1869 2259 1937 pletus,
2286 1867 2389 1924 SS.
2425 1869 2718 1924 Martinum
2751 1880 2805 1925 et
2842 1871 3137 1926 Maximum
3165 1873 3635 1942 ConSIantinopo-

2056 1965 2146 2019 lim
2195 1966 2395 2021 ductos
2440 1973 2496 2019 et
2544 1968 2819 2022 cruciatos
2869 1968 3014 2038 apud
3046 1967 3381 2024 Chersonam
3423 1981 3475 2024 et
3526 1972 3634 2024 alia

2055 2059 2276 2113 climata
2319 2060 2514 2114 exsilio
2560 2061 2840 2131 relegavit,
2891 2061 3095 2116 multos
3138 2064 3302 2115 etiam
3341 2062 3635 2131 Hesperia-

2055 2166 2174 2205 rutn
2234 2150 2622 2222 episcoporum
2682 2152 2914 2223 punivit.
2972 2152 3073 2219 Qui
3119 2154 3230 2221 (58)
3282 2162 3464 2207 motus
3518 2154 3635 2208 zelo

2056 2240 2172 2304 Dei,
2213 2242 2425 2311 synodo
2455 2256 2616 2296 sacra
2648 2251 2703 2295 et
2739 2244 2857 2312 ipse
2889 2254 3212 2306 convocata,
3247 2245 3633 2299 monothelita~

2057 2350 2176 2387 rum
2216 2336 2465 2390 haeresim
2510 2336 2811 2403 abdicavit,
2850 2338 2987 2391 duas
3014 2338 3322 2393 voluntates
3349 2347 3402 2393 et
3431 2353 3631 2409 opera-

2054 2430 2232 2486 tiones
2282 2432 2609 2501 explanatis.
2647 2430 2854 2486 Taliter
2903 2448 3036 2501 ergo
3091 2432 3334 2488 Ecclesia
3364 2440 3495 2487 tunc
3539 2448 3633 2502 per

2053 2523 2418 2593 imperatores
2452 2533 2505 2576 et
2534 2525 2733 2594 impios
2766 2527 3087 2581 sacerdotes
3119 2527 3360 2589 turbata,
3392 2526 3633 2580 surrexit

2050 2613 2420 2667 desolatorius
2452 2615 2673 2669 Amalec
2714 2615 2919 2669 feriens
2965 2632 3066 2670 nos
3096 2617 3356 2686 populum
3395 2615 3625 2677 Christi,

2050 2719 2104 2761 et
2139 2707 2195 2759 lit
2235 2694 2413 2776 prima
2448 2710 2603 2761 ruina
2645 2710 2913 2765 terribilis
2943 2702 3174 2764 Romani
3204 2712 3504 2774 exercitus,
3539 2712 3628 2764 illa

2054 2801 2259 2856 scilicet
2304 2818 2423 2869 quae
2457 2804 2763 2857 secundum
2797 2803 3045 2857 Gabatan
3079 2814 3132 2858 et
3173 2804 3524 2859 Hermuchan
3566 2820 3629 2859 ac

2054 2894 2485 2948 Datliemitarum
2517 2895 2627 2963 (59)
2667 2894 2933 2950 etlusione
2965 2899 3249 2966 sanguinis
3290 2908 3375 2952 est
3411 2898 3626 2963 effecta,

2049 2994 2169 3052 post
2199 3001 2364 3053 quant
2412 2986 2828 3039 Paltrstinarum
2868 2998 2918 3040 et
2950 2987 3372 3042 Ctesariensium
3405 3004 3465 3042 ac
3503 2988 3630 3042 Ilie-

2053 3078 2456 3147 rosolymarum
2488 3080 2722 3143 excidia,
2768 3080 2890 3132 dein
2933 3080 3223 3151 .‘ligyptius
3257 3083 3541 3153 interitus,
3563 3097 3627 3136 ac

2049 3170 2314 3240 deinceps
2343 3170 2873 3226 mediterrancorum
2908 3181 2962 3225 et
2992 3174 3322 3239 insularum,
3350 3176 3627 3245 totiusque

364 3250 696 3315 repulerunt.
728 3250 792 3304 Et
820 3255 1053 3323 imperat
1084 3258 1361 3316 Constans
1389 3264 1533 3319 titius
1567 3265 1936 3332 Comtantini,
1968 3303 2011 3360 ο
2052 3260 2329 3317 Romanim
2363 3264 2473 3331 (60)
2500 3266 2836 3332 ‘captivatio,
2879 3269 2972 3319 sed
3017 3274 3070 3319 et
3120 3277 3331 3335 patrata
3375 3269 3429 3321 in
3463 3268 3625 3322 th-

359 3348 411 3392 et
438 3354 799 3397 consecratur
817 3345 1023 3402 Paulus
1045 3351 1341 3421 epise0pns
1360 3354 1937 3429 ConstantinOpoleos,

359 3438 411 3480 et
446 3432 560 3497 ipse
591 3432 902 3490 haereticus.
922 3436 1161 3493 Jonnnes
1189 3451 1367 3496 autem
1396 3443 1678 3504 Romanus
1713 3455 1940 3519 przrsul,

359 3524 589 3576 collecto
615 3526 998 3596 episcoporum
1016 3534 1275 3600 concilio,
1310 3540 1796 3597 monothelitarum
1832 3546 1941 3600 luc-

362 3616 521 3668 resim
587 3622 1094 3678 anathematizavit.
1162 3626 1430 3685 Similiter
1499 3645 1553 3688 et
1612 3636 1664 3691 in
1720 3640 1938 3704 Africa,

360 3721 525 3773 penes
565 3710 856 3779 Byzacium
910 3717 1171 3774 videlicet
1220 3721 1532 3780 Numidiam
1577 3737 1631 3782 et
1679 3730 1931 3786 Maurita-

361 3798 505 3849 niam
554 3800 1053 3877 diversi'episc0pi
1105 3816 1499 3871 convenientes
1550 3824 1939 3881 monothelitas

356 3889 704 3943 anathemate
762 3897 1138 3960 perculerunt.
1192 3900 1405 3959 Joanne
1452 3922 1584 3962 sane
1634 3911 1937 3969 dormiente

358 3974 686 4033 Theodorus
725 3996 1087 4040 consecratur
1124 4006 1223 4059 pro
1254 4008 1319 4048 eo
1344 4012 1504 4065 papa.
1536 3998 1781 4070 Pyrrhus
1807 4021 1935 4058 vero

355 4083 479 4121 eum
512 4076 854 4138 pervenisset
886 4078 951 4130 ad
986 4079 1251 4145 Africam,
1287 4089 1493 4142 mutuis
1537 4104 1661 4145 cmn
1699 4099 1934 4152 sanctis-

358 4163 499 4213 simo
531 4161 768 4218 Maximo
800 4167 1021 4223 videtur
1064 4177 1405 4244 aspectibus,
1449 4182 1647 4239 abbate
1679 4186 1936 4243 videlicet

358 4251 770 4322 religiosiSsimo
822 4260 875 4313 in
932 4267 1280 4322 monachicis
1327 4277 1797 4345 correptionibus,
1836 4298 1935 4337 nec

356 4358 460 4397 nan
503 4355 557 4398 et
605 4348 915 4423 divinorum
970 4353 1082 4410 illic
1135 4361 1561 4419 consistentium
1608 4373 1928 4438 pontificum

353 4447 718 4500 praesentatur
759 4444 1067 4509 obtutibus,
1117 4452 1209 4519 qui
1276 4453 1423 4509 hunc
1479 4460 1832 4532 redargutum
1878 4479 1931 4523 et

355 4540 675 4593 persuasum
708 4530 933 4588 [tantum
962 4539 1025 4591 ad
1053 4556 1245 4611 papam
1275 4545 1624 4605 Theodorum
1646 4530 1927 4626 direxere;

2047 3357 2167 3408 nice
2211 3356 2529 3409 omnimoda
2580 3355 2808 3408 Romani
2850 3358 3130 3412 exercitus
3167 3368 3220 3413 et
3260 3360 3456 3414 classis
3503 3375 3615 3429 pcr-

2045 3448 2203 3511 tlitio,
2253 3448 2614 3517 omniumque
2659 3448 3105 3503 Christianorum
3160 3451 3405 3520 prmlium
3460 3461 3622 3521 atque

2043 3535 2289 3590 locorqu
2346 3538 2692 3599 destructio,
2763 3554 2885 3607 quae
2968 3556 3074 3594 non
3141 3542 3379 3596 cessavit
3449 3543 3619 3597 donec

2044 3627 2301 3681 Ecclesiae
2337 3641 2655 3696 persecutor
2684 3630 2735 3683 in
2773 3632 2961 3685 Sicilia
2999 3634 3138 3685 male
3173 3647 3489 3704 peremptus
3514 3647 3621 3691 est.

2114 3718 2292 3772 Mundi
2323 3734 2468 3773 anno
2486 3718 2647 3785 6122,
2671 3720 2869 3775 divina:
2898 3723 3294 3779 incarnationis
3324 3741 3467 3779 anno
3484 3726 3614 3790 6'22,

2042 3827 2186 3866 anno
2245 3811 2461 3879 imperii
2508 3810 2747 3866 lleraelii
2778 3812 2839 3865 2|
2876 3812 3121 3869 Joannes
3156 3832 3294 3886 papa
3342 3817 3619 3874 Romanus

2044 3905 2296 3958 habetur.
2344 3904 2456 3958 l-loc
2501 3906 2665 3959 etiam
2709 3920 2855 3960 anno
2888 3907 3158 3961 Maometh
3193 3910 3618 3977 Saracenorum,

2042 3996 2133 4063 qui
2171 4003 2224 4048 et
2255 3997 2495 4048 Arabum
2538 3995 2794 4064 princeps
2832 4005 2885 4050 et
2913 4000 3413 4068 pscmlopropheta,
3446 4004 3615 4056 mori-

2041 4096 2152 4151 tur,
2192 4096 2445 4153 promoto
2472 4088 2838 4141 Abubacharo
2865 4101 3099 4159 Cognato
3123 4106 3225 4146 Stto
3248 4094 3313 4144 ad
3342 4094 3615 4163 principa-

2039 4189 2153 4234 tum
2191 4196 2375 4235 suum.
2417 4180 2655 4249 ipsoque
2686 4190 2932 4251 tempore
2963 4185 3111 4236 venit
3138 4184 3349 4238 auditio
3379 4185 3532 4251 ejus,
3562 4194 3616 4239 ct

2036 4290 2226 4328 omnes
2278 4274 2673 4332 exlimuerunt.
2740 4275 2807 4328 At
2858 4291 2985 4329 vero
3024 4276 3240 4346 decepti
3294 4276 3502 4331 Πρω-,υἱ
3560 4279 3612 4331 in

2040 4366 2313 4435 principio
2352 4366 2622 4422 adventus
2657 4369 2779 4437 ejus
2816 4368 3272 4424 existimaverunt
3298 4386 3420 4425 esse
3458 4372 3611 4426 illum

2034 4459 2126 4528 qui
2154 4460 2221 4514 ab
2252 4461 2332 4515 eis
2377 4472 2730 4529 exspectatur
2760 4464 3038 4527 Christus.
3074 4466 3146 4519 ita
3176 4473 3235 4519 ut
3264 4466 3486 4536 quidam
3520 4481 3602 4521 eo—

2034 4568 2180 4615 rum,
2222 4554 2317 4624 qui
2370 4554 2729 4610 intendebant
2761 4558 2831 4623 ei,
2896 4559 3221 4614 accederent
3253 4561 3319 4614 ad
3352 4561 3529 4629 ipsum
3559 4567 3611 4614 et

349 4618 441 4685 «ιυί
475 4621 818 4723 (ξιίιιοάυςὶτο
851 4629 1035 4683 libello
1068 4636 1271 4690 tradito
1300 4654 1453 4708 papa:
1484 4643 1552 4697 ab
1574 4661 1640 4699 eo
1673 4618 1927 4721 receptus
1959 4644 2007 4703 D
2037 4647 2157 4716 ejus
2187 4648 2510 4716 religionem
2540 4650 2909 4719 susciperent,
2931 4649 3134 4720 Moysis
3167 4652 3499 4723 inspectoris
3518 4654 3608 4709 Dei

347 4721 451 4762 est.
490 4710 698 4770 Interea
734 4735 858 4774 cum
906 4722 1078 4780 Roma
1114 4727 1467 4789 discessisset
1500 4710 1927 4816 Ravennatnque

351 4808 712 4874 pervenisset,
744 4823 801 4866 ut
829 4817 983 4871 canis
1026 4819 1093 4872 ad
1124 4825 1389 4880 vomitum
1416 4843 1577 4886 suum
1622 4808 1925 4897 conversus

345 4902 453 4947 est.
503 4895 625 4960 Quo
663 4916 801 4997 papa
857 4904 1180 4968 Theodorus
1231 4930 1537 4991 comperto,
1588 4895 1925 4997 plenitudine

346 5000 651 5045 convocata
700 4993 961 5053 Ecclesia?
993 5002 1058 5056 ad
1099 5009 1411 5075 sepulcrum
1444 4993 1665 5075 verticis
1707 5036 1926 5094 aposto-

348 5078 523 5133 lorum
557 5088 817 5153 accessit,
851 5101 906 5145 et
933 5093 1121 5149 divino
1159 5101 1331 5155 calice
1370 5092 1647 5172 postulato
1676 5078 1757 5167 ex.
1783 5119 1921 5172 vivi-

348 5167 449 5223 lico
499 5176 766 5243 sanguine
816 5188 1126 5237 atramento
1186 5167 1432 5256 stillavit,
1484 5205 1536 5248 et
1594 5196 1665 5250 ita
1701 5167 1919 5274 propria

2034 4741 2287 4797 dimissa.
2319 4739 2491 4795 Erant
2519 4754 2701 4797 autem
2733 4758 2963 4797 numero
2991 4744 3203 4809 decem,
3246 4747 3340 4816 qui
3389 4745 3493 4800 huc
3531 4747 3609 4800 fa-

2034 4837 2274 4897 ciebant,
2316 4852 2441 4890 cum
2475 4838 2598 4907 ipso
2640 4853 2859 4907 quoque
2891 4838 3161 4907 degebant
3190 4854 3363 4907 usque
3396 4840 3462 4892 ad
3504 4856 3609 4895 cae-

2029 4931 2153 4985 dem
2213 4932 2357 5000 ejus.
2387 4928 2558 4984 Porro
2589 4946 2712 4985 cum
2741 4932 3058 4999 aspicerent
3083 4946 3206 4985 eum
3232 4931 3605 4986 cornedentem

2032 5020 2101 5074 de
2129 5020 2360 5083 camelo,
2392 5027 2774 5088 cognoverunt
2813 5019 2959 5089 quod
2998 5036 3102 5074 non
3134 5027 3278 5074 esset
3308 5036 3465 5090 quem
3497 5022 3607 5075 exi-

2036 5113 2351 5175 stimabant,
2413 5124 2466 5166 et
2495 5113 2822 5167 haesitabant
2849 5114 2981 5182 quid
3023 5122 3266 5182 agerent,
3301 5122 3355 5167 et
3389 5113 3605 5181 religio-

2035 5223 2159 5263 nem
2183 5207 2301 5276 ejus
2329 5206 2606 5261 dimittere
2634 5206 2993 5261 formidantes
3029 5205 3213 5259 miseri
3248 5204 3444 5259 docent
3474 5218 3600 5257 eum

1853 5296 2095 5357 NO'UE.

418 5352 1057 5451 gang‘uizlﬁ-sgderunt
1102 5367 1218 5424 haec
1249 5374 1456 5451 :_1lle:a
1500 5378 1556 5451 et
1585 5379 1683 5451 τὴν
1710 5352 1927 5451 ἐξορίαᾲ

343 5421 621 5543 gentium
688 5428 933 5495 Ἀγάθων
995 5421 1923 5527 [agor-ovem;"caiisa';u"PXj:;;2

340 5562 984 5700 aegijofaltgemitarum
1045 5577 1251 5635 factum
1283 5600 1408 5641 esse
1442 5590 1660 5647 videtur
1701 5612 1765 5651 ex

357 5703 1080 5813 -p‘..‘f.‘.’2..£°'z‘:fi‘f;.fit“
1354 5725 1516 5811 ,λυομ-
1547 5734 1581 5787 ε
1608 5733 1915 5813 attonsa

669 5781 1073 5872 ξπῇγεσιὲὶσατο.
1122 5791 1401 5872 Ῥωμςινία
1455 5772 1913 5872 ἱιιιόετίυιῖινᾟίιὲ

346 5857 602 5920 lintrium,
675 5851 826 5905 orbis
889 5851 1906 5944 Romanus.‘Interduni“imperi-ti};

343 5908 637 5965 Orzeutale.
686 5918 888 5965 Illnlina
944 5928 995 5965 in
1044 5927 1221 5965 F...i.'.
1272 5940 1455 5965 -.......I
1513 5959 1523 5965 .
1570 5963 1579 5965 ξ
1624 5944 1680 5965 ιν
1778 5964 1781 5965 ,

390 5917 637 5971 rieutale.
685 5918 888 5978 ldatius
944 5928 995 5982 in
1041 5927 1221 5988 Fastis
1268 5917 1579 5995 constt—lii":

1815 5601 1917 5671 τὴν

2039 5394 2263 5470 (_Tusco_
2291 5402 2345 5446 et
2381 5391 2683 5470 Annu_l_ir_i_o)
2723 5390 3025 5470 Carporum
3060 5406 3195 5470 gens
3245 5389 3499 5470 universa
3548 5390 3599 5442 in

2037 5462 2302 5518 Bouiania
2347 5480 2406 5518 se
2435 5458 2679 5518 tradidit.
2716 5481 2734 5513 ι
2784 5458 2916 5516 item
2952 5478 2965 5514 :
3002 5480 3021 5513 ι
3059 5461 3154 5515 His
3177 5476 3322 5513 coss.
3351 5458 3600 5525 (Valente

2034 5536 2176 5600 Aug.
2200 5544 2252 5587 et
2279 5533 2662 5587 Valentiniano
2686 5532 2809 5601 jun.
2834 5534 2997 5601 Aug.)
3024 5534 3147 5585 victi
3166 5533 3445 5599 etexpulsi
3472 5538 3600 5601 sunt

2032 5604 2193 5658 Gorhi
2227 5619 2255 5657 a
2292 5616 2452 5674 gente
2483 5600 2826 5666 llunnorum,
2862 5600 3187 5671 et’suseepti
3225 5617 3353 5674 sunt
3394 5602 3446 5654 in
3489 5600 3599 5653 llu-

2034 5677 2213 5728 mania
2248 5672 2347 5744 pro
2376 5674 2753 5730 misericordia
2793 5676 3041 5741 jussione
3082 5677 3221 5741 Aug.
3260 5672 3533 5744 Valen_tis._
3574 5690 3592 5721 ι

2032 5740 2321 5800 Balsambn
2368 5747 2433 5799 ad
2479 5760 2605 5799 can.
2658 5744 2725 5799 1‘
2763 5740 2990 5801 Concilii
3024 5740 3354 5797 Chalcedon.
3398 5740 3457 5796 ν.
3508 5740 3593 5795 .Ιυ.

2027 5817 2241 5871 Seldcni
2318 5818 2783 5870 Commentarium
2854 5818 2915 5871 ad
2983 5814 3231 5885 Entychii
3313 5814 3592 5881 trigines,

2024 5904 2072 5955 p.
2114 5888 2210 5940 Ιῖίὸ
2238 5897 2289 5943 ct
2316 5886 2433 5940 {59.
2462 5887 2539 5940 lo.
