4414 6462
392 371 523 435 13°21

1201 364 1571 425 HISTORIA
1611 356 2189 421 ECCLESIASTICA
2226 356 2321 415 EX
2365 356 2847 416 THEUI‘HANE.

3497 362 3518 422 ι
3535 360 3635 423 322

462 490 619 540 Anno
649 484 859 554 imperii
909 479 1142 535 lleraclii
1171 478 1241 532 24
1270 474 1676 530 Alexandrinus
1706 472 1883 540 Cyrus
1912 478 1963 520 et
1996 475 2036 528 Α
2070 484 2207 529 sum,
2239 470 2519 538 inquiens,
2584 469 2753 540 Cyrus
2811 471 3048 529 inermis.
3106 484 3159 524 ut
3230 473 3429 524 tributa
3490 477 3635 527 colus

389 584 563 634 almus
601 577 947 647 SOphronius
994 572 1524 640 lliernsolymitanus
1555 567 1828 619 habentur
1877 579 1941 613 an

389 675 615 728 tistites.
649 673 768 736 Quo
792 684 938 722 anno
970 665 1369 720 Abubacharus
1394 661 1643 715 moritur.
1691 657 1783 726 qui
1816 656 1936 723 prin

387 768 607 833 cipatus
638 772 721 817 est
751 761 913 814 annis
956 758 1174 812 duobus
1208 768 1371 825 atque
1402 753 1658 810 dimidio,
1694 759 1748 803 et
1801 749 1966 800 sumit

394 858 758 926 principatum
784 852 1075 912 Hamarus,
1112 850 1204 918 qui
1234 850 1477 902 destinat
1519 846 1820 899 exercitum
1867 843 1966 893 ad-

394 963 586 1001 versus
627 944 909 1004 Arabiam.
972 945 1234 1011 capitque
1282 941 1474 994 Rostra
1524 938 1804 991 civitatem
1860 950 1965 986 una

393 1055 516 1093 cum
549 1039 672 1092 aliis
716 1034 1060 1090 civitatibus.
1099 1032 1338 1085 Profecti
1387 1039 1517 1084 sunt
1573 1039 1755 1082 autem
1793 1040 1968 1095 usque

393 1133 661 1186 Gabetha.
724 1130 860 1182 Cum
912 1127 998 1179 his
1045 1125 1243 1179 bellum
1296 1138 1590 1193 aggressus
1641 1120 1967 1173 Theodorus

395 1222 746 1290 imperatoris
804 1217 1039 1272 lleraclii
1074 1215 1241 1269 frater
1270 1216 1450 1269 victus
1474 1224 1578 1277 est,
1612 1221 1664 1265 et
1695 1214 1761 1265 ad
1797 1212 1968 1275 impc-

394 1322 630 1367 ratorcm
668 1310 961 1367 Iledessam
1012 1311 1176 1362 venit.
1233 1310 1333 1360 Ast
1392 1308 1692 1372 imperator
1750 1302 1969 1355 ordinat

395 1402 562 1455 alium
621 1412 905 1470 prietorem
939 1402 1159 1453 nomine
1194 1397 1492 1456 liahanem.
1521 1405 1574 1449 et
1614 1393 1965 1477 '_l‘heodorum

395 1493 738 1545 saccilarium
771 1510 895 1545 cum
926 1494 1125 1544 virtute
1160 1489 1416 1542 Romaica
1457 1496 1511 1539 et
1540 1489 1800 1537 adversus
1831 1484 1968 1535 Ara-

395 1588 493 1640 bes
547 1584 732 1637 mittit.
787 1582 1033 1652 Cumque
1084 1582 1323 1634 vcnisset
1388 1578 1622 1632 Emesan
1655 1620 1669 1641 ,
1728 1574 1969 1628 occurrit

396 1678 690 1732 multitudo
752 1676 1181 1735 Saracenorum,
1216 1673 1423 1741 quibus
1454 1671 1651 1725 occisis
1696 1686 1803 1723 una
1842 1684 1965 1721 cum

394 1786 460 1824 eo
496 1771 588 1838 qui
633 1768 1038 1837 principabatur
1076 1767 1127 1819 in
1160 1768 1263 1828 eis,
1314 1766 1555 1833 reliquos
1584 1764 1755 1832 abigit
1791 1777 1965 1831 usque

398 1858 958 1923 Damascum,eti|lic
998 1859 1157 1925 juxta
1190 1856 1584 1910 Bardanesium
1630 1854 1852 1907 ﬂuvium
1890 1855 1966 1907 la-

399 1953 581 2005 tebras
632 1952 799 2005 fovet.
854 1949 1141 2005 lleraclius
1193 1961 1375 2003 autem
1420 1949 1577 2019 Syria
1617 1948 1875 2002 derelicta
1914 1948 1966 1999 in

395 2045 833 2112 desperationem
876 2060 1061 2105 ruens,
1090 2043 1324 2095 sublatis
1353 2057 1573 2111 quoque
1616 2041 1870 2108 pretiosis
1902 2040 1967 2092 li-

396 2139 518 2206 gnis
550 2136 617 2189 ab
655 2134 958 2191 JeruSaIem
1003 2134 1742 2202 Coustautinopolim‘abiit.
1797 2132 1970 2184 Baba-

400 2243 497 2280 nes
533 2236 710 2279 autem
748 2241 776 2276 a
817 2225 1081 2278 Damasco
1125 2221 1432 2277 Ilemcsiam
1484 2222 1623 2276 redit
1680 2236 1785 2274 una
1842 2236 1964 2272 eum

399 2317 689 2372 Theodoro
732 2317 1044 2377 sacellario.
1091 2331 1217 2369 cum
1253 2316 1477 2369 haberet
1528 2314 1799 2371 exercitus
1829 2329 1967 2383 qna-

398 2409 645 2476 tlraginta
679 2410 874 2473 millia;
909 2419 963 2463 et
1002 2409 1371 2477 insequuntur
1407 2408 1614 2461 Arabes
1644 2407 1714 2460 ab
1741 2405 1967 2466 llemesa

401 2518 574 2571 usqtte
607 2500 956 2555 Damascum.

468 2595 628 2645 Anno
655 2608 782 2645 vero
818 2592 1027 2661 imperii
1085 2593 1319 2646 Hei-aelii
1351 2593 1421 2646 25
1480 2591 1739 2646 Saraceni
1795 2591 1967 2645 aciem

399 2684 717 2736 dilexerunt
746 2684 800 2737 in
831 2685 1086 2737 Arabiam
1117 2696 1307 2737 contra
1332 2694 1517 2753 partes
1552 2683 1826 2747 Damasci,
1846 2698 1967 2735 cum

399 2786 581 2830 essent
608 2778 974 2830 initititudinis
997 2777 1241 2829 inﬁnitae.
1267 2776 1385 2840 Quo
1413 2775 1660 2828 Babanes
1688 2784 1968 2842 comperto

400 2868 464 2919 ad
495 2870 829 2936 iinperialem
876 2867 1222 2920 sacellarium
1283 2868 1471 2929 mittit,
1516 2876 1574 2918 ut
1608 2867 1813 2920 veniret
1843 2881 1966 2918 cum

397 2962 642 3013 exercitu
676 2976 776 3013 suo
811 2961 862 3011 in
897 2960 1160 3011 auxilium
1222 2960 1348 3021 sibi,
1398 2974 1522 3011 cum
1556 2960 1786 3027 plurima
1822 2968 1969 3012 esset

401 3057 639 3105 Arabum
674 3050 1019 3117 copia.\'enit
1049 3068 1177 3121 ergo
1209 3052 1528 3104 sacellarius
1564 3052 1627 3103 ad
1650 3050 1924 3103 Baltanem
1955 3069 1966 3111 ;

2064 565 2348 629 prmbeam.
2373 564 2462 615 sed
2493 579 2585 631 ego
2626 573 2866 616 armatus
2895 581 3009 615 sum
3066 566 3309 634 Cumth
3344 566 3435 618 isti
3467 567 3633 619 abiis-

2066 662 2210 715 sent.
2239 654 2528 709 confestim
2569 665 2854 709 armantur
2882 655 3136 707 Saraceni
3165 658 3432 709 adversus
3472 656 3639 725 Λεω-

2068 753 2241 814 ptum,
2267 758 2319 799 et
2351 745 2603 800 Manuelo
2656 747 2795 799 bello
2841 749 2995 800 illato
3031 749 3175 801 hune
3227 753 3475 820 abigunt.
3522 751 3641 821 Ipse

2068 853 2199 892 vero
2225 856 2347 891 cum
2380 840 2572 909 paucis
2603 841 2934 909 quibusdam
2974 843 3311 897 Alcsanilrize
3339 847 3523 899 salvus
3555 863 3642 900 re-

2068 933 2287 1001 cipitur.
2324 931 2478 987 Tunc
2521 933 2781 988 Saraceni
2822 934 3114 1004 zEgyptum
3145 937 3248 989 sub
3282 938 3487 990 tributo
3519 940 3643 991 red-

2068 1024 2348 1078 diderunt.
2412 1027 2511 1079 Ast
2551 1026 2846 1095 imperator
2882 1028 3081 1080 auditis
3135 1045 3255 1096 qua:
3290 1039 3434 1093 gesta
3487 1041 3637 1094 sunt,

2073 1120 2221 1173 misit
2250 1120 2450 1189 Cyrum
2484 1119 2551 1172 ad
2581 1121 3019 1189 persuademlum
3051 1124 3132 1173 eis
3160 1123 3227 1173 ah
3265 1121 3501 1193 A‘Zgypto
3539 1129 3641 1177 sub

2074 1213 2239 1279 priori
2275 1212 2477 1279 placito
2512 1214 2818 1267 recedendi.
2852 1214 2912 1266 iit
2939 1216 3128 1267 abiens
3162 1218 3338 1285 tlyrus
3365 1217 3429 1269 ad
3457 1226 3639 1270 eastra

2072 1304 2475 1356 Saracenorum
2508 1306 2773 1358 rationem
2821 1306 3022 1370 reddit,
3083 1323 3203 1360 esse
3257 1326 3315 1361 se
3350 1311 3643 1376 perliilzens

2074 1396 2539 1464 praevaricationis
2592 1398 2898 1456 innoxium.
2958 1410 3011 1451 et
3062 1401 3104 1452 si
3152 1400 3368 1462 vellent,
3407 1403 3640 1469 priorem

2072 1487 2424 1540 concordiam
2449 1487 2778 1555 juramentis
2811 1490 3230 1543 allii-maturum.
3262 1490 3430 1543 Porro
3477 1492 3643 1546 Sara-

2072 1579 2194 1632 ceni
2249 1580 2562 1632 nullatenus
2621 1582 2703 1633 his
2756 1584 3166 1648 aequievernnt,
3224 1585 3469 1637 dicentes
3530 1588 3645 1653 epi-

2072 1683 2237 1737 seopo
2269 1686 2280 1721 :
2318 1669 2469 1722 Potes
2512 1671 2646 1722 lianc
2694 1673 2979 1722 maximam
3012 1673 3309 1724 columnam
3344 1674 3595 1728 devorare
3620 1677 3647 1729 .’

2072 1761 2176 1827 Qui
2219 1764 2329 1814 ait:
2369 1760 2489 1813 Non
2535 1774 2700 1830 potest
2753 1764 2890 1830 ﬁeri.
2930 1765 2999 1817 At
3033 1765 3109 1815 illi
3148 1782 3158 1813 :
3197 1763 3307 1815 Nec
3346 1766 3517 1829 nobis,
3565 1771 3647 1820 in-

2074 1855 2291 1923 quiunt,
2320 1854 2573 1921 possibile
2599 1865 2674 1907 est
2698 1856 2919 1906 ulterius
2949 1857 3010 1907 ab
3040 1854 3273 1924 .‘Egypto
3312 1860 3570 1911 recedere.

2143 1947 2298 2000 Anno
2326 1946 2536 2014 imperii
2571 1946 2807 2000 lleraclii
2842 1946 2909 1999 26
2933 1949 3104 1999 aciem
3134 1950 3331 2002 direxit
3370 1949 3644 2006 llumarus

2072 2049 2261 2091 contra
2288 2038 2657 2103 Palaestinam,
2698 2050 2752 2091 et.
2782 2039 3043 2093 obsidens
3075 2050 3323 2093 sanetam
3366 2045 3643 2095 civitatem

2074 2132 2277 2185 biennii
2345 2139 2590 2201 tempore
2632 2134 2778 2199 cepit
2842 2148 2960 2187 earn
3027 2134 3215 2187 verbo.
3301 2135 3647 2203 Sophronius

2074 2237 2327 2291 namque.
2362 2221 2891 2293 Hicrosolymitanus
2934 2241 3183 2281 sunmus
3212 2228 3492 2287 sacerdos.
3530 2245 3647 2282 ver-

2072 2315 2200 2368 bum
2258 2317 2464 2382 accepit
2530 2316 2596 2369 ad
2656 2319 2825 2370 totius
2887 2315 3193 2371 Paliestina:
3266 2323 3643 2378 sei-irritatam.

2071 2407 2318 2476 Cumque
2376 2407 2649 2463 llumarus
2702 2410 2755 2462 iri
2815 2418 3064 2463 sanetam
3115 2412 3312 2465 fuisset
3367 2415 3645 2469 civitatem

2073 2500 2379 2570 ingressus.
2430 2501 2672 2556 cilicinis
2733 2517 2798 2555 ex
2849 2505 3075 2557 camelis
3118 2516 3169 2556 et
3202 2506 3442 2559 sordidis
3479 2508 3643 2561 indu-

2075 2593 2275 2645 mentis
2344 2593 2617 2656 amictus,
2713 2593 3235 2666 simulationemque
3326 2596 3644 2652 Satauicam

2071 2691 2374 2747 ostentans,
2439 2685 2702 2752 templum
2766 2686 3052 2753 requisivit
3105 2685 3439 2753 Judreornm,
3499 2694 3646 2759 quod

2072 2783 2457 2828 construxerat
2508 2775 2787 2838 Salomon,
2844 2776 2911 2828 ad
2964 2776 3274 2830 Iaciendum
3318 2780 3529 2831 scilicet
3594 2782 3646 2833 id

2072 2865 2425 2933 blasphemia:
2469 2880 2580 2917 suic
2622 2866 3018 2919 adoratorium.
3064 2866 3179 2921 Hoc
3221 2870 3511 2924 advertens
3548 2870 3648 2923 So-

2074 2955 2339 3024 phronius
2367 2957 2439 3006 ait
2470 2973 2482 3008 :
2520 2954 2585 3007 In
2617 2958 2835 3009 raritate
2860 2959 2992 3009 illiut
3027 2970 3104 3011 est
3138 2960 3465 3014 abominatio
3496 2964 3647 3015 deso-

2075 3048 2312 3110 latiouis,
2365 3064 2480 3115 qua:
2532 3049 2677 3100 dicta
2723 3060 2799 3101 est
2842 3064 2935 3113 per
2995 3049 3266 3104 Ilauielem
3313 3056 3644 3120 prophetam,

398 3162 489 3210 qui
547 3144 771 3209 proiecti
822 3143 889 3193 ab
946 3141 1173 3194 lleinesa
1230 3151 1539 3194 occurrunt
1573 3141 1866 3193 Arabibus.
1906 3140 1969 3192 lit
2001 3157 2039 3210 ς
2075 3151 2227 3192 stans
2257 3140 2308 3191 in
2334 3138 2452 3192 loco
2480 3152 2693 3199 sancto.
2721 3142 3015 3211 multisque
3048 3144 3305 3213 laerymis
3341 3146 3425 3201 hic
3476 3148 3648 3216 pieta-

400 3237 641 3288 consilio
701 3239 844 3288 Iacto
873 3235 1045 3302 prima
1077 3235 1183 3293 die,
1231 3249 1354 3300 qua!
1389 3235 1544 3287 tertia
1599 3233 1730 3286 feria
1768 3232 1962 3285 hebdo-

402 3327 576 3377 madis
617 3333 754 3383 erat.
792 3324 999 3376 mensis
1027 3322 1117 3374 Loi
1147 3325 1233 3374 die
1274 3312 1529 3391 vig'esima
1567 3325 1747 3382 tertia,
1802 3338 1964 3389 supe-

400 3424 594 3466 rantur
647 3416 696 3466 hi
740 3418 832 3482 qui
882 3416 1028 3465 circa
1071 3414 1418 3465 sacellarium
1455 3423 1583 3466 sunt
1614 3414 1837 3464 inventi.
1880 3413 1966 3465 Si-

402 3506 628 3557 multate
689 3518 868 3556 autem
933 3507 1093 3564 laeta,
1132 3506 1182 3556 hi
1233 3505 1326 3572 qui
1376 3520 1501 3556 cum
1548 3502 1765 3556 Bahane
1812 3513 1970 3557 erant

403 3595 681 3648 Baliarium
752 3599 1057 3661 provehunt
1115 3596 1499 3662 imperatorem
1558 3604 1611 3647 et
1660 3593 1966 3647 lleraclimn

403 3694 691 3753 respuunt.
726 3685 877 3738 Tune
924 3687 972 3737 hi
1004 3686 1096 3754 qui
1128 3700 1251 3737 cum
1284 3685 1574 3739 sacellario
1604 3684 1819 3737 fuerant
1857 3685 1973 3739 dis-

398 3786 709 3837 cesserunt,
734 3788 785 3829 et
816 3779 1074 3828 Saraceni
1100 3776 1248 3828 aditu
1279 3788 1499 3844 reperto
1530 3777 1725 3829 bellum
1755 3776 1967 3829 ineunt.

403 3869 546 3920 Inter
599 3869 711 3920 inec
768 3880 926 3920 vetito
978 3878 1109 3919 noto
1151 3878 1341 3920 contra
1381 3869 1654 3921 ltomanos
1703 3868 1967 3937 spirante,

400 3976 509 4013 non
544 3961 786 4013 valentes
825 3960 1062 4013 inimicis
1119 3961 1169 4012 in
1218 3950 1355 4013 facie
1402 3976 1692 4014 occurrere
1751 3970 1973 4030 propter

403 4055 703 4119 pulverem.
733 4064 1083 4120 separantur,
1115 4060 1167 4105 et
1202 4062 1376 4105 semet
1418 4054 1566 4121 ipsos
1618 4053 1973 4107 immittcntes

399 4144 453 4197 in
484 4156 632 4197 artas
673 4145 791 4197 vias
850 4144 1252 4197 ilicrmuchthti
1312 4144 1553 4196 llnininis
1598 4145 1707 4196 illic
1758 4146 1974 4210 penitus

402 4238 703 4305 perierunt.
747 4236 915 4289 Erant
965 4247 1142 4288 autem
1178 4236 1465 4305 utriusque
1521 4238 1768 4304 prmtoris
1802 4238 1970 4291 millia

397 4326 778 4396 quadraginta.
813 4325 967 4378 Tune,
992 4328 1261 4379 Saraceni
1298 4329 1580 4395 splendide
1630 4328 1961 4396 triumphan-

398 4431 479 4470 tes
510 4426 701 4470 cnntra
735 4416 1058 4469 Damascum
1101 4419 1350 4481 Veniunt,
1381 4428 1435 4471 et
1486 4419 1625 4470 hanc
1658 4419 1881 4486 capiunt
1915 4427 1967 4471 et

400 4509 651 4579 regiones
684 4506 983 4564 Pluenicis.
1037 4518 1089 4561 et
1123 4508 1373 4561 habitant
1406 4509 1539 4570 illic,
1594 4519 1644 4559 et
1690 4509 1742 4561 in
1800 4508 1967 4579 Egy-

398 4614 550 4671 ptum
582 4602 755 4654 aciem
810 4601 1073 4670 dirigunt.
1134 4600 1311 4672 Cyrus
1344 4611 1523 4655 autem
1559 4604 1968 4657 Alexandrinus

394 4696 709 4760 episcOpus,
739 4711 862 4745 eum
896 4695 1089 4744 horum
1133 4694 1393 4759 impetum
1439 4696 1809 4762 cognovisset,
1841 4711 1971 4763 ope-

401 4802 513 4836 iam
549 4785 719 4847 dedit,
776 4796 825 4836 et
878 4785 1053 4851 pactis
1109 4785 1338 4837 ﬁrmatis
1403 4786 1714 4851 pollicetur,
1770 4786 1969 4839 timens

400 4876 687 4927 avaritiam
743 4890 957 4933 eorum.
1001 4876 1239 4928 ducenta
1273 4875 1440 4925 millia
1485 4875 1831 4929 denariorum
1878 4893 1969 4945 per

400 4968 645 5032 singulos
700 4981 874 5017 annos
913 4967 1240 5016 t'ullalttt'altt
1292 4964 1400 5016 illis
1440 4961 1755 5033 Egyptum.
1791 4968 1883 5019 sed
1916 4976 1970 5020 ct

402 5057 756 5109 dilIinitarum
780 5057 859 5109 eis
895 5055 1235 5109 induciarum
1268 5055 1381 5109 fore
1415 5071 1609 5108 aurum
1635 5058 1966 5121 missurum;

398 5148 601 5216 quibus
626 5148 884 5215 praestitis
916 5163 1010 5214 per
1048 5154 1159 5197 tres
1191 5161 1369 5200 annos
1399 5143 1693 5215 Egyptum
1740 5148 1966 5203 liberam

400 5243 467 5307 ab
487 5238 817 5292 exterminio
836 5239 1051 5291 statuit.
1071 5238 1378 5291 Accusatur
1398 5238 1607 5291 interea
1630 5239 1804 5308 Cyrus
1825 5242 1967 5308 apud

402 5330 817 5397 imperatorem,
848 5328 992 5395 quod
1020 5344 1215 5381 aurum
1268 5327 1490 5398 Egypti
1547 5330 1837 5383 Saracenis
1874 5334 1971 5384 tri-

403 5423 613 5482 buerit;
644 5423 735 5489 qui
770 5436 894 5473 cum
930 5421 1101 5474 iratus
1155 5421 1414 5482 misisset,
1464 5422 1609 5475 hunc
1644 5422 1886 5476 aceersiv
1916 5433 1967 5487 t,

401 5511 710 5566 Manuelum
760 5523 940 5567 autem
990 5511 1321 5582 quemdam,
1378 5516 1695 5567 Armenium
1749 5531 1966 5583 genere.

399 5606 639 5658 destinat
663 5607 1039 5672 Augustalem.
1058 5604 1199 5678 'Cum
1224 5616 1404 5658 autem
1433 5619 1613 5659 annus
1638 5606 1967 5674 adimpletus

398 5704 567 5753 t‘SSCl.
618 5694 1016 5746 Saracenorum
1068 5703 1285 5749 ΞΙΓιΟΓυὸ
1330 5704 1593 5749 venerunt
1634 5712 1827 5749 aurum
1874 5713 1967 5751 (IC-

400 5788 604 5855 cipere.
654 5787 751 5840 Ast
804 5785 1013 5839 Maurici
1051 5778 1356 5841 ineﬂieaees
1405 5805 1499 5841 eos
1533 5791 1747 5857 expellit
1787 5806 1800 5841 :
1844 5791 1959 5843 Non

680 5880 946 5939 Pnuoc.
993 5881 1106 5939 Gn.
1143 5883 1357 5944 Ct'lll.

2077 3229 2145 3280 tis
2176 3238 2547 3299 propugnator
2570 3230 2943 3285 Christianam
2978 3233 3210 3286 deﬂebat
3245 3238 3477 3305 plebem.
3512 3238 3645 3292 Dum

2074 3333 2199 3371 vero
2236 3319 2345 3371 illic
2379 3318 2655 3375 Hurnarus
2701 3332 2869 3385 esset,
2915 3327 3126 3393 rogavit
3176 3343 3300 3379 cuin
3351 3329 3647 3399 episeopus

2074 3411 2322 3476 accipere
2363 3424 2391 3461 a
2424 3427 2482 3463 se
2520 3412 2809 3466 sindonem
2846 3430 2967 3467 cum
3016 3418 3332 3471 indumento
3378 3428 3431 3471 et
3472 3422 3645 3475 indui.

2072 3500 2140 3552 At
2174 3500 2263 3552 ille
2287 3516 2392 3553 non
2421 3503 2732 3570 patiebatur
2757 3520 2818 3557 ea
2842 3516 3082 3574 portare.
3126 3507 3222 3561 Vix
3252 3526 3383 3575 ergo
3413 3527 3640 3578 persua-

2073 3594 2142 3645 sit
2190 3594 2272 3645 his
2326 3594 2537 3655 vestiri,
2580 3594 2754 3649 donec
2805 3611 2904 3650 sua
2961 3598 3295 3663 lavarentur,
3343 3612 3395 3653 et
3448 3604 3643 3654 iterum

2075 3683 2252 3736 reddit
2286 3700 2348 3737 ea
2388 3686 2720 3753 Sophronia,
2757 3696 2809 3740 et
2854 3691 3085 3742 vestitus
3115 3700 3198 3744 est
3252 3694 3508 3760 pmpriis.
3549 3694 3646 3746 \‘e—

2074 3792 2192 3828 rum
2221 3779 2362 3828 inter
2397 3777 2510 3830 lucc
2541 3777 2889 3847 Sophronius
2930 3780 3088 3842 olsiit,
3122 3782 3213 3847 qui
3244 3786 3409 3833 verbo
3437 3790 3489 3835 et
3521 3794 3645 3836 actu

2076 3868 2629 3937 Ilierosolymitanam
2680 3872 2969 3937 adornavit
3013 3873 3323 3933 ecclesiam.
3370 3884 3422 3927 et
3454 3886 3646 3928 contra

2078 3944 2308 4010 lleraclii
2351 3965 2398 4010 et
2451 3956 2726 4012 fautorum
2759 3961 2879 4027 ejus
2928 3963 3435 4025 Inonotlielitarum,
3470 3964 3643 4034 Sergii

2076 4049 2284 4101 scilicet
2311 4058 2362 4101 et
2397 4047 2618 4119 Pyrrhi,
2664 4051 2965 4104 deeertavit
3017 4069 3280 4106 errorem.
3337 4057 3647 4125 Eodemque

2076 4153 2220 4190 anno
2248 4140 2392 4192 misit
2414 4130 2625 4193 Illumar
2654 4140 2886 4195 Iliadum
2944 4146 2994 4196 in
3030 4144 3267 4214 Syriam,
3314 4159 3387 4201 et.
3430 4150 3647 4218 subegit

2076 4239 2242 4283 totam
2277 4229 2486 4301 Syriam
2523 4232 2832 4286 Saracenis.

2144 4321 2301 4373 Anno
2338 4321 2551 4388 imperii
2588 4320 2818 4375 lleraclii
2847 4322 2914 4375 Ἡ
2967 4325 3111 4379 venit
3162 4323 3404 4381 Joannes
3439 4344 3642 4398 eoguo~

2080 4421 2262 4464 mento
2297 4413 2492 4466 (lateas
2545 4427 2870 4483 procurator
2922 4418 3181 4473 USroenae
3221 4419 3287 4472 ad
3326 4420 3460 4475 Iliad
3497 4426 3640 4490 apud

2084 4502 2417 4566 Chalcidem,
2467 4516 2519 4559 et
2550 4509 2963 4574 spopomlerunt
2997 4510 3044 4561 ei
3097 4512 3227 4564 dare
3264 4527 3359 4578 per
3396 4514 3644 4579 singulos

2079 4611 2270 4648 annos-
2305 4607 2521 4649 centum
2580 4599 2749 4651 millia
2794 4602 3210 4666 numisniatuin,
3258 4618 3325 4657 ne
3382 4605 3644 4657 transiret

2076 4686 2431 4755 Euphratem.
2465 4705 2640 4757 neque
2671 4691 2742 4768 ad
2772 4708 2957 4758 pacem
3002 4708 3179 4762 neque
3220 4695 3286 4747 ad
3318 4696 3517 4748 bellmu
3554 4713 3645 4749 ar-

2076 4789 2286 4840 matus,
2355 4797 2642 4851 quousque
2699 4787 3064 4852 quantitatem
3125 4787 3245 4840 auri
3305 4789 3642 4855 persolvant.

2074 4871 2340 4927 Pi'mterea
2392 4876 2630 4929 Joannes
2687 4876 2981 4931 Hedessam
3033 4880 3216 4943 rediit,
3285 4890 3341 4934 et
3396 4897 3638 4936 annumn

2074 4982 2300 5019 censum
2333 4969 2568 5022 delatum
2620 4971 2685 5024 ad
2733 4970 2963 5024 Iliadum
2994 4975 3321 5028 transmisit.
3353 4974 3642 5030 Hei-aelios

2074 5068 2250 5110 autem
2288 5060 2389 5113 hoc
2436 5060 2625 5114 audito
2690 5062 2991 5117 obnoxium
3042 5065 3312 5133 judicavit
3348 5065 3639 5128 Joannem,

2075 5149 2217 5217 quod
2249 5153 2455 5220 alisque
2486 5153 2760 5232 imperiali
2806 5155 2906 5207 hoc
2950 5154 3139 5209 fecerit
3187 5156 3442 5222 notione;
3478 5175 3639 5225 queui

2076 5242 2405 5295 accersitum
2472 5244 2667 5297 exsilio
2713 5246 3122 5301 condemnavit.
3186 5246 3357 5300 Porro
3412 5264 3511 5314 pro
3575 5268 3641 5298 eo

2074 5336 2309 5387 destinat
2339 5333 2689 5391 Ptolomaeum
2712 5338 3003 5406 quemdam
3028 5341 3351 5407 magistrum
3384 5342 3640 5393 militum.

2145 5426 2302 5479 Anno
2334 5428 2548 5494 imperii
2587 5426 2819 5481 lleraclii
2856 5427 2925 5480 ΞΒ
2960 5437 3225 5496 ceperunt
3265 5431 3473 5485 Arabes
3529 5435 3642 5483 An-

2075 5517 2355 5575 littt'ittattt.
2395 5528 2448 5569 et
2483 5518 2685 5571 missus
2719 5526 2801 5570 est
2836 5516 3087 5571 Mauhias
3120 5521 3188 5572 ab
3218 5518 3459 5573 llnmaro
3507 5536 3640 5588 pra-.-

2075 5618 2159 5660 tnr
2196 5620 2246 5660 et
2290 5626 2506 5661 ameras
2533 5610 2700 5661 totius
2734 5609 2994 5676 regionis,
3055 5627 3172 5678 qum
3206 5612 3308 5664 sub
3349 5610 3639 5664 Saracenis

2074 5711 2213 5761 erat,
2245 5701 2313 5753 ab
2346 5699 2580 5769 Egyptu
2611 5700 2861 5753 videlicet
2896 5716 3071 5769 usque
3098 5703 3162 5754 ad
3215 5700 3564 5771 Euphratem.

2140 5796 2294 5848 Anno
2330 5811 2454 5847 vero
2491 5795 2701 5863 imperii
2756 5796 2988 5847 lleraclii
3019 5796 3087 5846 ‘29
3134 5796 3486 5848 transmoavit
3541 5796 3640 5848 ιιι-

3088 5888 3161 5948 ἰδὲ
