4414 6462
818 395 955 458 I323

1998 402 2399 464 ANASTASII
2437 406 2504 463 BI
2522 406 3064 471 BLIOTIIECARII

3945 419 4083 482 1324

815 510 921 561 dus
991 524 1115 560 cum
1156 506 1304 561 omni
1373 506 1561 561 militia
1591 521 1690 561 sua
1724 507 2102 579 Euphratem,
2160 523 2213 568 et
2256 516 2469 577 venitA
2498 517 2768 571 mdiﬁrare
2810 522 3070 589 templmn
3128 520 3180 574 in
3229 519 3580 590 Jerusalem;
3635 534 3689 581 et
3727 544 3832 583 non
3865 538 4065 594 stabat.

815 599 1135 654 tledessam.
1166 599 1462 653 tledesseni
1502 607 1683 653 autem
1711 601 2022 669 aperientes
2054 615 2389 675 acceperunt

814 694 1037 745 verbum
1066 706 1175 743 una
1204 705 1326 743 cum
1366 691 1589 759 regione
1622 692 1998 762 magistroque
2030 695 2265 749 militum
2321 712 2387 752 ac

814 783 1105 844 Romanis,
1137 784 1228 852 qui
1274 798 1397 835 cum
1432 784 1549 851 ipso
1583 795 1761 838 erant.
1799 786 1867 839 At
1895 786 1970 839 illi
2001 786 2383 842 Constantiam

810 876 1048 936 abeunt,
1084 874 1592 944 depopulantesquc
1642 877 1787 927 iilam
1823 880 2100 948 accipiunt
2138 882 2301 945 bello,
2332 890 2386 937 ct

808 976 1087 1020 trecentos
1117 965 1393 1020 Romanos
1446 967 1771 1021 interimunt
1809 987 1821 1022 :
1864 977 1918 1023 et
1984 971 2134 1026 illinc
2204 976 2386 1028 ahierc

807 1055 988 1119 Dalas,
1022 1066 1077 1110 et
1101 1056 1240 1111 bello
1266 1056 1407 1109 hanc
1440 1059 1942 1126 comprehendunt,
1969 1072 2023 1115 et
2062 1064 2113 1115 in
2146 1064 2234 1115 illa
2265 1064 2385 1134 plu-

803 1148 973 1203 rimus
1016 1148 1309 1217 perdunt,
1365 1149 1654 1220 taliterque
1716 1158 1883 1204 totam
1938 1152 2381 1225 Mesopotamiam

801 1235 1035 1291 Jahidns
1066 1238 1229 1306 repit.

873 1331 1029 1383 Auno
1064 1331 1275 1400 imperii
1311 1330 1544 1385 l-leraclii
1573 1331 1643 1385 50
1667 1331 1928 1389 Saraceni
1961 1336 2133 1391 aciem
2159 1337 2378 1394 direxe-

802 1430 927 1473 runt
960 1423 1012 1472 in
1057 1420 1359 1483 Persidem,
1391 1431 1445 1475 et
1474 1423 1667 1475 ineunt
1704 1440 1827 1477 rum
1853 1426 1933 1480 eis
1999 1428 2222 1494 bellum,
2279 1446 2378 1500 po-

799 1507 1088 1580 tcnterqd’e
1144 1513 1424 1567 vincentes
1471 1528 1663 1568 omnes
1714 1515 1820 1570 sibi
1874 1516 2069 1573 Persas
2124 1522 2377 1579 subditos

723 1660 729 1669 δ
799 1603 1057 1657 reddunt.
1090 1602 1409 1657 llormisdas
1455 1615 1671 1671 autem,
1696 1611 1787 1676 qui
1819 1606 2007 1663 Persis
2042 1611 2373 1679 imperabat,

796 1695 863 1749 ad
892 1696 1184 1749 interiores
1215 1694 1414 1751 Persas
1477 1696 1605 1766 fuga
1661 1700 1845 1769 lapsus
1903 1700 2114 1757 dimisit
2147 1706 2371 1773 regalia.

794 1788 859 1838 At
900 1800 1028 1839 vero
1092 1787 1357 1841 Saraceni
1389 1790 1636 1857 captivas
1666 1789 1871 1845 duxere
1918 1791 2183 1850 Chosrois
2231 1796 2371 1853 ﬁlias

792 1892 916 1931 eum
949 1877 1099 1931 omni
1126 1879 1276 1947 regio
1310 1891 1599 1949 apparatu,
1627 1891 1681 1935 et
1720 1881 2034 1940 detulerunt
2072 1886 2139 1939 ad
2168 1886 2372 1943 Huma-
2408 1862 2447 1915 Β

790 1978 936 2022 rum.
978 1968 1292 2040 Eodemque
1339 1986 1487 2027 anno
1560 1972 1731 2042 jussit
1801 1972 2009 2029 Humar
2049 1979 2367 2035 universum

791 2061 1030 2116 describi
1062 2063 1277 2128 orbem,
1322 2064 1418 2133 qui
1451 2066 1553 2119 sub
1587 2067 1707 2135 ipso
1732 2076 1869 2120 erat.
1918 2066 2085 2123 Facta
2132 2080 2218 2124 est
2269 2086 2369 2125 au-

791 2161 896 2205 tem
931 2153 1232 2223 descriptio
1265 2163 1373 2207 tam
1408 2157 1691 2211 hominum
1717 2174 1881 2228 quam
1909 2158 2286 2225 jumentorum
2313 2172 2369 2218 et

790 2243 1034 2312 frugum.

859 2337 1018 2388 Anno
1051 2336 1263 2406 imperii
1294 2337 1380 2393 sui
1410 2338 1471 2392 5t
1514 2337 1803 2395 lleraclius
1855 2343 2090 2397 moritur
2126 2344 2367 2415 impera-

788 2436 877 2479 tor
907 2427 1240 2498 hydropicus
1276 2428 1475 2495 factus,
1505 2447 1630 2484 cum
1686 2432 2014 2502 imperasset
2057 2437 2217 2493 annis
2270 2440 2369 2493 tri-

785 2522 960 2574 cenis.

854 2611 1092 2681 Imperat
1142 2621 1323 2667 autem
1374 2628 1498 2683 post
1570 2630 1695 2669 eum
1745 2614 2146 2675 Constantinus
2216 2621 2363 2678 ﬁlius

785 2703 905 2770 ejus
931 2706 1214 2759 mensibus
1246 2715 1488 2774 quatuor
1520 2746 1535 2770 ,
1598 2721 1923 2777 venenoque
1975 2713 2298 2781 prOpinatus
2333 2730 2360 2767 a

787 2794 1018 2849 Martina
1050 2811 1284 2850 noverca
1314 2812 1413 2851 sua
1444 2808 1499 2850 et
1521 2796 1731 2866 Pyrrho
1764 2803 2074 2869 patriarcha
2108 2806 2362 2871 moritur,

782 2894 837 2939 rt
872 2888 1102 2953 imperat
1150 2887 1483 2943 lleraclonas
1544 2888 1793 2946 Martium
1836 2892 1977 2949 ﬁlius
2007 2910 2132 2949 cum
2191 2907 2365 2954 matre

786 2980 1041 3033 Martitta.

853 3076 1014 3129 Anno
1045 3074 1262 3146 imperii
1309 3075 1628 3133 Heraclonte
1670 3081 1850 3151 primo
1908 3087 2055 3155 capit
2115 3084 2361 3143 Mauhias

2496 608 2588 662 sed
2621 611 2812 663 ruebat
2843 620 3142 668 structura.
3176 614 3493 670 Sciscitanti
3522 626 3702 672 autem
3736 622 3783 675 ei
3830 638 4075 683 causam.

2491 698 2678 754 dixere
2706 699 2878 755 Judaei
2930 703 3057 771 quia
3114 704 3217 759 nisi
3255 722 3412 771 crux,
3448 723 3569 778 qua:
3601 721 3686 764 est
3733 727 3896 782 supra
3931 726 4074 770 tem-

2486 792 2635 860 plum
2678 794 2880 848 montis
2900 794 3196 862 Olivarum,
3237 799 3481 862 tollatur,
3540 802 3681 855 haud
3725 807 3891 860 stahit
3924 817 4078 863 stru-

2494 892 2668 934 ctura.
2710 881 2772 934 Et
2814 893 3034 955 propter
3079 885 3221 939 hanc
3279 904 3499 942 causam
3541 893 3757 948 sublata
3801 906 3886 950 est
3934 914 4071 955 crux

2493 975 2663 1037 illinc,
2693 984 2745 1030 ct
2781 977 2853 1029 ita
2886 980 3137 1032 constitit
3164 980 3275 1033 illic
3303 982 3618 1038 atdiﬁcium.
3658 986 3886 1059 Propter
3930 993 4070 1049 hanc

2488 1066 2655 1119 etiam
2690 1083 2916 1122 causam
2978 1072 3179 1124 multas
3230 1087 3426 1129 cruces
3460 1076 3834 1147 deposuerunt
3885 1084 3934 1137 hi
3972 1088 4067 1153 qui

2488 1158 2718 1212 oderant
2753 1161 3061 1215 Christum.

2554 1250 2713 1304 Anno
2787 1253 2999 1321 imperii
3085 1256 3406 1310 Constantis
3506 1263 3666 1316 tertio
3739 1266 4063 1321 seditionem

2486 1343 2748 1397 excitavit
2806 1344 3229 1402 Valentinianus
3274 1351 3558 1417 patrii-ius,
3588 1355 3918 1426 inittensque
3964 1360 4066 1411 im-

2483 1444 2702 1500 perator
2750 1435 2897 1489 hunc
2938 1437 3244 1503 occidit,et
3289 1441 3548 1509 populum
3595 1446 3659 1497 ad
3711 1450 3795 1499 sui
3854 1450 4064 1501 reduxit

2480 1523 2934 1582 benevolentiam.
2969 1529 3283 1601 Eodemque
3303 1547 3449 1587 anno
3491 1533 3686 1593 Petrus
3719 1541 4063 1594 Alexandria-

2480 1616 2712 1671 habetur
2759 1621 3011 1675 antistes.

2558 1716 2717 1772 Anno
2748 1718 2961 1787 imperii
3008 1718 3324 1779 Constantis
3352 1735 3550 1795 quarto
3596 1726 3788 1783 fraude
3842 1733 4059 1785 oet-ise:

2477 1815 2564 1860 est
2609 1804 2817 1861 llumar
2878 1807 3281 1867 Saracenorum
3336 1816 3447 1870 dux
3508 1833 3535 1869 a
3599 1819 3833 1887 quodam
3891 1821 4056 1876 Pt'tszt

2477 1899 2740 1967 magarita
2777 1917 2789 1952 :
2840 1900 3078 1972 denique
3110 1905 3389 1960 inventum
3433 1924 3555 1962 cum
3579 1909 3851 1974 adoraret,
3881 1930 4057 1984 pupu-

2471 1987 2550 2056 git
2578 2002 2701 2041 eum
2727 1990 2780 2044 iu
2812 2000 3003 2048 ventre
3029 1995 3211 2065 gladio
3240 1997 3432 2063 inﬁxo,
3467 2011 3517 2054 et
3549 2004 3627 2056 sic
3659 2004 3837 2057 vivere
3865 2006 4017 2059 desiit
4037 2048 4053 2068 ,

2467 2096 2592 2134 cum
2632 2084 2836 2140 amiras
2877 2087 3071 2142 luisset
3103 2090 3264 2144 annis
3300 2092 3401 2159 12;
3434 2102 3487 2146 et
3515 2107 3629 2162 post
3653 2112 3777 2149 eum
3797 2099 4055 2153 statuitur

2470 2170 2741 2228 Huthman
2774 2177 2938 2245 hujus
2976 2190 3267 2249 cognatus,
3311 2184 3455 2239 lilius
3486 2183 3737 2255 Tuphan.

2540 2266 2700 2319 Anno
2736 2267 2947 2336 imperii
2976 2258 3301 2326 Constantis
3354 2277 3549 2342 quinto
3601 2274 3876 2332 Hnthman
3910 2282 4049 2332 Ara-

2466 2353 2595 2407 bum
2646 2358 2898 2427 princeps
2953 2360 3205 2429 habetnr,
3258 2373 3311 2418 et
3379 2366 3710 2421 simultatem
3746 2372 4041 2426 concinnat

2468 2445 2761 2517 Gregorius
2792 2452 3059 2521 patricius
3096 2454 3292 2510 Africa:
3329 2472 3434 2510 una
3466 2474 3589 2513 cum
3622 2460 3791 2517 Afris.

2536 2538 2693 2591 Anno
2724 2539 2936 2610 imperii
2970 2542 3293 2600 Constantis
3333 2556 3487 2602 sexto
3518 2547 3695 2606 faitus
3724 2554 3875 2607 estin
3898 2563 4041 2608 terra

2471 2637 2669 2684 ventus
2701 2630 3017 2694 vehemens,
3072 2633 3166 2703 qui
3204 2635 3374 2688 multa
3422 2637 3666 2705 germina
3699 2640 3896 2694 evulsit
3954 2656 4043 2693 ar-

2467 2721 2737 2792 boresque
2776 2723 3023 2794 ingentes
3052 2727 3313 2783 radicitus
3341 2730 3687 2799 exstirpavit,
3707 2739 3868 2801 atque
3898 2734 4037 2786 mul-

2469 2822 2553 2867 tos
2587 2815 3024 2870 colunmatorum
3053 2816 3307 2888 deposuit
3344 2823 3757 2878 monachorum.

2543 2902 2745 2958 Eodem
2780 2920 2911 2960 vero
2961 2920 3106 2960 anno
3150 2909 3413 2963 Saraceni
3465 2911 3742 2967 hostiliter
3798 2914 4039 2969 Africam

2467 2991 2736 3056 adierunt,
2766 3003 2822 3047 et
2865 2994 3117 3050 conﬂictu
3165 2999 3369 3067 agitato
3423 3001 3687 3055 adversus
3746 3011 4036 3074 tyranuum

2459 3080 2781 3151 Gregorium
2810 3084 2955 3139 hunc
2989 3088 3041 3140 in
3074 3086 3253 3156 fugam
3283 3101 3526 3153 vertunt,
3565 3100 3617 3145 et
3650 3108 3746 3146 eos
3774 3094 3865 3161 qui
3912 3110 4037 3147 cum

780 3167 1089 3222 Caesaream
1123 3169 1425 3225 Palaestinae
1468 3186 1593 3242 post
1652 3177 1999 3244 scpteunium
2052 3180 2361 3236 obsidionis
2387 3203 2432 3264 ρ
2466 3174 2585 3244 ipso
2617 3188 2772 3230 erant
2818 3178 3161 3244 inlel‘imunl.
3212 3192 3266 3234 ει
3298 3182 3440 3237 hunc
3472 3190 3540 3237 ab
3566 3186 3748 3239 Africa
3809 3189 4037 3254 pellunt.

782 3256 922 3324 ejus,
958 3268 1008 3309 et
1036 3257 1236 3311 occidit
1271 3258 1327 3312 in
1392 3274 1454 3313 ea
1499 3270 1705 3328 septem
1760 3264 1928 3316 millia
1960 3261 2361 3320 Romanorum.

784 3344 987 3400 Eodem
1020 3363 1166 3401 anno
1190 3358 1416 3403 senatus
1452 3354 1655 3421 repulit
1696 3352 2056 3407 lleraclonam
2084 3372 2189 3409 una
2235 3372 2360 3410 cum

785 3438 1017 3505 Murtiua
1057 3446 1231 3493 matre
1259 3439 1408 3494 illius
1440 3456 1503 3495 ac
1563 3441 1870 3505 Valentino,
1908 3446 2089 3515 lingua
2122 3446 2365 3501 Martium

778 3538 832 3581 et
863 3545 997 3583 naso
1050 3528 1367 3585 lleraclonaz
1414 3533 1707 3600 abscissis;
1771 3536 1963 3606 eisque
2018 3539 2071 3591 in
2104 3540 2357 3594 exsilium

780 3619 1070 3673 de:tinatis
1149 3622 1215 3673 ad
1303 3622 1668 3692 principatum
1741 3624 2095 3680 Constantem
2189 3631 2358 3682 tilium

784 3712 1158 3776 Constantini,
1215 3724 1467 3782 nepotem
1529 3713 1798 3778 lieraclii,
1867 3721 2196 3786 provehunt,
2266 3723 2358 3789 qni

778 3804 1066 3873 imperavit
1122 3806 1280 3860 annis
1334 3805 1423 3862 27.
1454 3805 1599 3861 Sane
1658 3807 1865 3875 Pyrrho
1917 3811 1984 3863 ab
2039 3813 2356 3880 episcopatu

778 3896 1011 3963 dcjecto,
1053 3906 1415 3952 consecratus
1454 3906 1539 3953 est
1588 3897 1792 3953 Paulus
1846 3899 2357 3971 Constantinopoli-

780 4001 943 4046 tanus
977 3995 1293 4062 episcopus,
1350 3997 1442 4063 qui
1483 3996 1768 4065 presbyter
1799 3995 1974 4050 fuerat
2016 4010 2064 4051 et
2125 4014 2353 4053 (nt-ouo-

779 4098 899 4137 mus
954 4084 1224 4147 ecclesiae,
1278 4087 1482 4154 qiique
1549 4086 1724 4139 tenuit
1815 4089 2190 4156 epiSt-opatum
2258 4105 2356 4142 an-

780 4177 865 4229 nis
894 4174 981 4228 12.

851 4267 1042 4321 Mundi
1095 4284 1238 4322 anno
1296 4269 1475 4335 6135,
1536 4269 1735 4324 divina:
1792 4270 2192 4352 incarnationis
2252 4288 2351 4326 au-

784 4376 856 4415 no
885 4361 1010 4423 655,
1056 4377 1201 4415 anno
1253 4379 1383 4417 vero
1442 4364 1657 4433 imperii
1698 4364 1782 4418 sui
1821 4365 2019 4433 primo,
2052 4381 2176 4418 cum
2208 4366 2354 4419 vidc-

790 4454 915 4505 licet
949 4467 1175 4522 regnare
1226 4456 1503 4523 impisset,
1537 4453 1811 4525 Constans
1848 4455 2067 4509 dicebat
2094 4456 2160 4508 ad
2212 4454 2348 4527 'sy'n-'

2469 3270 2632 3330 atque
2662 3264 2883 3317 tributis
2907 3282 3031 3319 cum
3059 3265 3207 3321 Afris
3239 3269 3507 3321 ordinatis
3537 3283 3589 3323 et
3618 3273 3791 3340 pactis
3839 3278 4037 3327 reversi

2467 3365 2613 3408 sunt.

2505 3446 2696 3498 .Anno
2727 3446 2938 3516 imperii
2968 3448 3289 3503 Consmntis
3320 3452 3551 3519 septimo
3586 3455 3884 3506 exercitum
3914 3470 4035 3507 mo-

2469 3537 2543 3589 vit
2572 3536 2818 3592 Mauhias
2861 3554 2957 3608 per
2990 3555 3141 3595 mare
3175 3541 3441 3598 adversus
3491 3546 3750 3613 Cyprum.
3791 3546 4039 3600 llabebat

2463 3636 2644 3681 autem
2666 3631 2895 3698 scaphas
2924 3632 3069 3686 mille
3104 3634 3495 3704 septingentos,
3525 3647 3578 3690 et
3602 3639 3744 3706 cepit
3766 3638 4039 3693 Constan-

2464 3720 2592 3772 tiam
2614 3735 2736 3773 cum
2766 3721 2942 3775 insula
2967 3732 3097 3776 tota.
3119 3724 3252 3777 Cum
3272 3743 3397 3780 vero
3419 3730 3556 3781 hanc
3582 3731 3837 3797 cepisset.
3857 3742 4039 3785 exter-

2464 3810 2689 3863 minavit
2716 3826 2857 3866 eam.
2895 3811 3068 3867 Porro
3105 3813 3333 3869 audiens
3385 3817 3709 3871 Cacoriznm
3756 3821 4037 3873 cubicula-

2461 3901 2600 3954 rium
2625 3912 2813 3955 contra
2848 3918 3056 3957 secum
3113 3907 3347 3974 piurima
3416 3909 3617 3963 virtuae
3670 3907 3911 3964 Romana
3955 3927 4039 3965 ve-

2460 3993 2720 4056 nientem,
2755 3995 3030 4062 navigavit
3081 3998 3346 4050 adversus
3383 3997 3649 4059 Aradum,
3677 4003 4036 4068 etapplicans

2457 4099 2582 4137 cum
2622 4086 2839 4156 navigio
2876 4101 2977 4139 suo
3005 4087 3146 4155 apud
3188 4089 3543 4159 inunicipium
3588 4091 4035 4145 insulascastrum

2456 4178 2757 4231 eonabatur
2816 4196 3032 4250 capere,
3088 4183 3258 4236 variis
3315 4185 3774 4239 n‘iachinamentis
3811 4186 4033 4239 abusus.

2454 4270 2591 4323 Cum
2644 4282 2823 4325 autem
2872 4273 3005 4326 nihil
3040 4289 3201 4342 agere
3258 4275 3518 4331 valuisset
3557 4316 3571 4336 ,
3620 4280 3785 4331 mittit
3845 4280 3910 4333 ad
3941 4297 4038 4334 eos

2453 4363 2767 4432 episcopum
2798 4365 3089 4432 quemdam
3123 4364 3510 4420 Thomaricum
3543 4370 3763 4421 nomine
3785 4407 3800 4429 ,
3852 4368 4032 4421 deter-

2454 4450 2580 4506 rens
2597 4469 2713 4519 eos,
2735 4471 2845 4523 quo
2868 4456 3206 4509 dimitterent
3224 4457 3495 4510 civitatem
3511 4467 3557 4510 et
3588 4458 3688 4511 sub
3704 4458 3908 4513 [cedere
3932 4474 4034 4513 suo

788 4545 975 4598 clitum
1009 4561 1023 4598 :
1055 4543 1239 4598 Patris
1274 4546 1376 4599 mei
1411 4544 1772 4609 Constantini,
1798 4546 1888 4615 qui
1912 4561 1991 4598 me
2022 4546 2201 4614 genuit
2237 4548 2355 4616 qui-
2384 4559 2429 4615 ι)
2457 4552 2664 4608 essent,
2714 4543 3036 4613 exirentque
3089 4543 3158 4597 ab
3204 4543 3405 4599 insula.
3431 4543 3563 4597 Cum
3609 4546 3790 4615 itaque
3840 4547 3905 4599 ad
3936 4562 4033 4599 eos

788 4650 889 4700 que
920 4634 975 4685 in
1005 4636 1111 4687 rita
1152 4637 1355 4705 proprii
1384 4636 1662 4706 genitoris,
1692 4635 1778 4689 avi
1814 4636 2053 4711 videlicet
2090 4637 2192 4688 mei
2255 4635 2363 4690 He-

777 4724 954 4785 raclii,
1012 4724 1289 4793 sufﬁcienti
1334 4741 1455 4778 cum
1505 4742 1564 4779 eo
1623 4736 1857 4794 tempore
1894 4726 2362 4793 imperavit,*~post

783 4817 922 4868 hunc
959 4834 1077 4870 rrro
1128 4819 1289 4871 etiam
1362 4818 1517 4872 nimis
1576 4817 1745 4882 brevi,
1787 4818 2160 4872 suavissimam
2211 4834 2354 4884 spem

788 4906 1041 4962 Martinw
1080 4925 1311 4963 noverca:
1344 4910 1506 4977 ipsius
1536 4908 1737 4963 invidia
1778 4907 2056 4962 concidens
2100 4909 2210 4962 vita
2248 4911 2359 4975 pri-

790 5000 946 5062 rarit,
980 5010 1028 5053 et
1069 5001 1165 5054 hoc
1192 5012 1404 5068 propter
1438 4999 1788 5054 lleraclonam
1812 5002 1902 5069 qui
1926 5016 1991 5055 ex
2018 5016 2079 5054 ea
2106 5010 2156 5054 et
2184 5000 2359 5054 Hera-

771 5090 874 5144 clio
931 5092 1132 5158 nefarie
1183 5094 1359 5160 [actus
1399 5102 1540 5154 erat,
1575 5108 1733 5159 quam
1786 5097 2012 5145 niaxime
2068 5108 2186 5144 cum
2232 5102 2357 5147 nato

771 5192 998 5236 vestrum
1028 5199 1145 5235 cum
1180 5183 1286 5237 Deo
1302 5184 1566 5238 decretum
1585 5184 1707 5252 jure
1759 5183 1822 5235 ab
1874 5184 2093 5250 imperio
2122 5184 2351 5251 repulit,

776 5290 842 5327 ne
908 5274 1103 5326 videret
1181 5284 1289 5327 tam
1342 5291 1565 5345 nsquam
1621 5273 1979 5328 Romanorum
2055 5277 2352 5346 imperium,

770 5362 920 5416 υαιιιε
938 5365 1161 5431 provida
1203 5380 1321 5417 cum
1356 5375 1487 5419 esset
1537 5365 1867 5433 amplissima
1916 5374 2085 5420 rostra
2116 5377 2164 5421 et
2205 5367 2354 5422 Itone.

788 5466 873 5506 sta
925 5456 1343 5524 magnificentia.
1393 5456 1619 5524 Propter
1645 5456 1784 5526 quod
1834 5473 1960 5527 rogo
2024 5474 2110 5512 nos
2164 5458 2353 5515 habere

782 5547 1121 5600 consiliarios
1151 5556 1199 5599 et
1230 5548 1428 5615 peritas
1454 5563 1517 5601 ea:
1552 5548 1816 5602 communi
1837 5548 2165 5603 subditorum
2201 5550 2351 5605 obse-

772 5634 997 5700 quio.Et
1031 5639 1113 5689 his
1145 5637 1311 5691 dictis
1362 5637 1567 5692 dimisit
1617 5647 1889 5703 senatum,
1918 5638 2078 5695 donis
2119 5640 2345 5708 dapsili-

772 5725 875 5777 bus
916 5726 1060 5781 hunc
1095 5726 1398 5783 honorans.

850 5816 1009 5869 Anno
1040 5818 1253 5884 imperii
1286 5817 1605 5875 Constantis
1648 5819 1891 5876 secundo
1921 5823 2087 5879 canit
2138 5821 2343 5878 llumar

2465 4636 2761 4705 episcopus
2795 4636 3077 4707 ingressus
3111 4636 3644 4701 fuisset,tenuerunt
3678 4653 3826 4691 eum.
3860 4638 4036 4692 Porro

2464 4727 2696 4783 Mauhia:
2733 4730 2932 4783 cedere
2963 4730 3274 4784 noluerunt.
3311 4727 3477 4798 Igitur
3526 4730 3832 4794 obsidione,
3866 4744 4030 4799 quam

2464 4822 2731 4876 adversus
2781 4820 3022 4875 Aradum
3066 4832 3469 4885 construxerat,
3517 4823 3723 4876 nullius
3773 4824 4031 4877 momenti

2460 4915 2674 4981 eﬁerta,
2702 4916 3022 4972 Damascum
3050 4932 3312 4971 reversus
3335 4925 3454 4972 est:
3485 4932 3608 4970 nam
3646 4921 3819 4972 hiems
3846 4934 4029 4974 acces-

2460 5015 2627 5061 serat.

2533 5101 2695 5150 Anno
2725 5098 2935 5168 imperii
2963 5098 3284 5155 Constantis
3324 5100 3358 5153 8
3386 5100 3554 5151 movit
3594 5097 3841 5153 Mauhias
3866 5116 4025 5155 exere

2458 5188 2626 5243 citum
2654 5190 2903 5244 valenter
2948 5189 3212 5245 adversus
3267 5191 3504 5244 Aradum
3559 5191 3921 5258 praeliaturus.
3973 5204 4027 5245 et

2459 5281 2600 5334 hanc
2640 5281 2879 5335 obtinuit
2908 5281 3075 5335 verbo
3102 5282 3170 5335 ad
3219 5281 3636 5336 inhabitantium
3695 5282 3847 5337 cives
3899 5283 4025 5337 ubi-

2455 5385 2673 5442 cnnque
2724 5372 3050 5427 voluissent.
3082 5373 3368 5428 Civitatem
3401 5388 3528 5426 vero
3566 5372 3741 5427 muris
3790 5373 4026 5427 dissolu-

2454 5463 2526 5519 tis
2550 5464 2816 5529 incendit,
2839 5476 2887 5520 et
2917 5465 3153 5520 insulam
3179 5480 3354 5535 usque
3393 5466 3447 5519 in
3470 5479 3712 5534 presens
3760 5464 4030 5519 inhabita-

2451 5550 2615 5606 bilem
2668 5555 2883 5609 statuit.
2936 5554 3137 5609 Eodem
3176 5569 3320 5608 anno
3364 5554 3500 5608 facta
3533 5562 3616 5607 est
3651 5551 3835 5607 Romae
3867 5569 4029 5623 syno-

2449 5643 2553 5698 dus
2576 5658 2606 5697 a
2644 5643 2881 5697 Martino
2914 5660 3054 5715 papa
3087 5654 3279 5699 contra
3313 5644 3729 5698 monethelitas.

2514 5732 2676 5787 Anno
2705 5734 2919 5805 imperii
2945 5734 3267 5789 Constantis
3298 5735 3331 5790 9
3363 5733 3542 5789 Busur
3571 5734 3826 5804 princeps
3872 5747 4029 5787 exer-

2444 5822 2588 5879 citus
2632 5839 2739 5879 una
2784 5841 2909 5880 cum
2965 5826 3239 5882 Arabibus
3290 5826 3440 5881 acies
3482 5823 3683 5879 direxit
3762 5824 4027 5879 adversus
