4414 6462
391 408 526 471 1325

1201 405 1569 467 HISTORIA
1609 407 2181 467 ECCLESIASTICA
2214 407 2312 466 EX
2344 404 2825 499 TIIEOPHANE.

3511 408 3645 471 1326

388 523 674 583 Isauriam,
705 530 755 573 ct
786 518 987 573 occisis
1034 517 1223 573 multis
1268 534 1391 574 cum
1451 520 1694 590 quinque
1728 521 1972 574 millibus
2002 527 2044 579 Α
2082 527 2359 588 arreptum
2393 524 2447 572 et
2473 518 2526 571 in
2552 517 2715 571 aliam
2747 516 2927 571 navim
2963 516 3339 570 transductum
3374 517 3649 587 inopinate.

386 615 723 683 captivorum
760 627 1016 667 reversus
1054 619 1161 666 est.
1215 610 1380 665 Mittit
1438 623 1621 666 autem
1675 614 1970 679 imperator

385 706 659 760 Constans
690 691 1013 775 Procopium
1056 707 1347 774 quemdam
1390 704 1458 758 ad
1490 704 1759 757 Mauhiam
1785 744 1800 763 ,
1825 719 1970 772 qua:-

389 814 512 852 rens
544 812 726 866 pacem
776 797 952 865 ;quod
1004 805 1058 850 et
1109 796 1314 850 factum
1375 807 1461 852 est
1518 799 1677 850 annis
1729 798 2009 863 duohtts,‘

386 890 707 960 Gregorium
763 889 931 941 lilium
982 886 1254 942 Theodori
1318 898 1569 944 sumente
1603 890 1818 944 Mauhia
1850 891 1970 946 loco

387 982 626 1050 pignoris
652 982 702 1034 in
741 980 1089 1035 Damascum.

460 1074 616 1125 Anno
660 1070 874 1138 imperii
906 1071 1228 1126 Constantis
1268 1072 1330 1125 l0
1362 1073 1701 1126 simultatem
1765 1073 1972 1124 excita-

393 1164 465 1215 vit
522 1162 839 1231 imperatori
898 1160 1268 1232 Pasaguathes
1356 1164 1738 1216 Armenioruru
1805 1164 1972 1232 patri-

391 1257 531 1318 cius;
563 1265 615 1308 et
673 1255 874 1308 hedera
926 1256 1134 1324 pepigit
1173 1270 1298 1308 cum
1364 1254 1603 1318 Manilia,
1642 1256 1782 1309 dans
1830 1255 1878 1309 ei
1919 1264 1973 1310 et

393 1347 560 1400 filiu-u
595 1362 775 1399 suum.
823 1344 941 1411 Quo
1000 1347 1188 1400 audito
1243 1348 1544 1415 imperator
1606 1348 1752 1399 venit
1797 1361 1971 1415 usque

389 1438 696 1491 Ctesaream
751 1438 1112 1507 Cappadociae
1134 1479 1149 1503 ,
1183 1447 1236 1492 et
1262 1438 1587 1507 de5peratus
1614 1440 1680 1491 ab
1713 1438 1968 1493 Armenia

393 1528 578 1584 rediit.

461 1619 645 1673 Mundi
675 1634 821 1674 anno
877 1618 1049 1685 6144,
1102 1620 1306 1675 divina:
1359 1620 1762 1674 incarnationis
1822 1635 1969 1673 anno

393 1708 516 1765 6H.
552 1726 694 1763 anno
725 1725 854 1765 vero
887 1712 1100 1780 imperii
1142 1712 1458 1766 Constantis
1497 1713 1581 1774 11,
1621 1712 1763 1766 cinis
1790 1728 1819 1766 e
1851 1727 1968 1766 co:-

401 1805 453 1856 lo
492 1803 794 1867 descendit,
826 1814 880 1859 et
913 1807 1081 1859 timor
1120 1822 1352 1876 magnus
1388 1821 1552 1874 super
1581 1807 1829 1859 homines
1878 1821 1968 1858 ee-

2075 611 2328 664 salvavit.
2371 607 2546 662 Porro
2596 609 2713 677 ipse
2750 604 3089 660 fortissimus
3125 605 3359 659 viriliter
3386 606 3650 663 insistens

2074 702 2443 771 imperatoria:
2466 701 2588 754 navi
2615 701 2815 754 multos
2829 698 3050 760 occidit,
3079 709 3249 752 semet
3270 701 3433 753 morti
3470 702 3667 771 ipsum

2075 808 2173 862 pro
2208 795 2537 862 imperatore
2564 791 2915 844 contradens.
2962 790 3120 844 Hune
3159 799 3419 858 praeterea
3457 792 3647 847 hostes

2074 884 2483 937 circumdantes
2537 895 2589 937 et
2654 883 2705 934 iu
2762 883 2938 935 medio
3010 882 3309 936 retinentes
3382 885 3650 953 putabant

2077 978 2254 1045 ipsmn
2281 992 2405 1030 esse
2437 977 2840 1045 imperatorem.
2877 974 3174 1043 Postquam
3207 984 3389 1029 autem
3450 978 3651 1032 multos

2076 1067 2472 1121 interfecerunt
2504 1068 2709 1126 hostes.
2739 1066 3061 1119 occiderunt
3092 1075 3147 1120 et
3182 1069 3359 1136 ipsum
3391 1085 3499 1122 una
3525 1088 3647 1124 cunt

2072 1175 2140 1215 eo
2164 1162 2259 1229 qui
2292 1159 2543 1229 portabat
2574 1169 2778 1213 vestem
2816 1159 3250 1226 imperatoriam.
3281 1160 3379 1215 Ast
3415 1162 3651 1231 impera-

2075 1262 2161 1307 tor
2186 1254 2368 1307 taliter
2416 1254 2467 1306 in
2519 1252 2700 1322 fugam
2735 1267 2931 1306 versus
2986 1254 3252 1316 salvatur,
3285 1266 3338 1308 et
3370 1257 3653 1311 derelictis

2073 1346 2328 1399 omnibus
2352 1344 3192 1414 navigavitConstantinopolim.

2145 1443 2304 1492 Auno
2349 1438 2559 1508 imperii
2611 1438 2933 1492 Constantis
2982 1439 3045 1491 14
3108 1439 3235 1493 dolo
3278 1451 3506 1495 necatus
3568 1455 3653 1497 est

2074 1530 2350 1584 Iluthman
2402 1530 2642 1583 Arabum
2681 1532 2807 1594 dux,
2865 1547 2988 1583 cum
3034 1532 3241 1588 amiras
3290 1536 3475 1587 decem
3513 1533 3652 1587 fuis-

2073 1634 2152 1676 set
2173 1623 2349 1675 annis.
2375 1621 2459 1675 Fit
2488 1622 2691 1674 interea
2731 1623 3033 1691 perduellio
3072 1625 3124 1677 in
3157 1625 3336 1679 medio
3367 1628 3607 1695 ipsorum
3636 1646 3649 1679 :

2072 1723 2317 1784 quoquot
2347 1715 2492 1767 enim
2538 1728 2703 1781 penes
2757 1728 3001 1766 eremum
3052 1722 3230 1774 erant,
3279 1716 3361 1767 Ali
3400 1717 3655 1770 Volebant

2073 1807 2485 1867 censohrinutn,
2521 1821 2775 1874 generum
2800 1807 3153 1861 exsistentem
3187 1808 3462 1875 quondam
3509 1808 3655 1860 Mae-

394 1895 544 1950 eidit.
590 1894 757 1950 Paulo
779 1913 1000 1966 quoque
1060 1898 1300 1951 obennte
1353 1896 1594 1968 Pyrrhus
1652 1898 1966 1953 restituitur
2005 1884 2044 1937 Β
2078 1902 2243 1955 metli.
2281 1899 2343 1953 lli
2397 1914 2525 1952 vero
2577 1900 2669 1968 qui
2700 1899 2752 1951 in
2792 1898 2949 1968 Syria
2995 1908 3047 1951 et
3080 1898 3338 1969 Egypto,
3380 1900 3651 1954 Mauhiatu

397 1988 674 2043 mensibus
703 2002 939 2058 quatuor
978 2001 1034 2044 et
1057 1990 1254 2043 diebus
1289 1992 1374 2044 23.
1550 2042 1553 2045 .

464 2083 622 2132 Anno
687 2082 905 2149 imperii
956 2082 1273 2135 Constantis
1335 2082 1396 2135 f2
1449 2081 1970 2137 Matiltiasltimdtittt

396 2174 585 2227 adiens
616 2174 887 2226 destruxit
928 2175 1209 2229 colossuut
1242 2175 1383 2243 ejus,
1417 2182 1538 2241 post
1588 2174 1727 2227 ίῖιιὸυ
1769 2174 1974 2227 stabili-

398 2264 526 2315 tatis
560 2261 733 2329 ipsius
784 2277 995 2328 annos;
1043 2278 1205 2331 quem
1274 2278 1399 2315 cum
1461 2259 1680 2314 Judtcus
1752 2264 1970 2329 quidam

401 2354 686 2408 Etuesinus
731 2356 1041 2423 negotiator
1067 2354 1444 2420 emisset,90tt
1467 2357 1706 2408 camelos
1738 2373 1803 2408 ex
1852 2356 1972 2421 ejus

397 2463 501 2499 :ere
528 2446 799 2499 oneravit.
1674 2492 1677 2495 λ

470 2536 673 2590 Eodem
723 2551 867 2591 anno
924 2536 1137 2591 Abidus
1168 2536 1412 2590 Arabum
1463 2547 1665 2605 praeter
1708 2536 1972 2590 adversus

398 2632 711 2685 Armeniam
747 2629 1048 2685 exercitum
1074 2631 1263 2694 movit,
1312 2630 1404 2699 qui
1456 2640 1789 2684 consecutus
1826 2628 1974 2681 Matt-

402 2726 613 2778 rianum
640 2732 920 2794 praetorem
947 2723 1224 2776 insecutus
1253 2734 1337 2776 est
1368 2739 1493 2776 eum
1527 2739 1702 2789 usque
1732 2722 1797 2774 ad
1833 2722 1973 2774 Cau-

400 2830 589 2870 caseos
625 2824 862 2877 montes,
892 2824 945 2866 et
980 2813 1258 2883 regionem
1286 2813 1633 2880 depraedatus
1658 2826 1761 2865 est.

471 2909 628 2960 Anno
687 2904 902 2974 imperii
932 2903 1253 2959 Constantis
1315 2905 1377 2957 15
1424 2905 1680 2973 przecepit
1725 2904 1973 2957 Manliias

401 3006 736 3051 armaturam
771 2997 885 3050 fieri
930 2997 1147 3049 navium
1186 3012 1459 3068 magnam,
1498 3014 1606 3065 quo
1652 2998 1975 3050 ascenderet

408 3096 598 3149 urbem
638 3094 838 3164 regiam
870 3093 1070 3147 classis
1120 3108 1331 3146 eorum.
1365 3091 1557 3145 O.uuis
1590 3103 1771 3145 autem
1799 3107 1972 3161 appa-

2075 1994 2390 2062 cupiebant,
2421 1992 2512 2060 qui
2550 2000 2603 2045 et
2638 1991 2767 2043 vicit
2797 1998 2849 2043 et
2879 1990 3119 2044 obtinuit
3157 1993 3316 2043 annis
3343 1992 3434 2045 24.

2145 2088 2305 2141 Anno
2335 2087 2551 2155 imperii
2608 2086 2930 2138 Constantis
2988 2086 3054 2138 15
3108 2087 3347 2139 Arabum
3397 2086 3654 2155 princeps

2078 2175 2326 2229 Mauhias
2357 2175 2609 2237 habetur,
2637 2176 2726 2243 qui
2758 2184 2810 2228 et
2848 2176 3156 2229 exercitum
3186 2177 3355 2229 movit
3380 2177 3652 2230 adversus

2019 2340 2023 2347 .
2079 2267 2280 2325 "alim.
2335 2278 2389 2320 et
2426 2278 2833 2347 congregantur
2882 2267 3043 2320 ambo
3095 2272 3235 2320 inter
3281 2268 3653 2324 Barbalissuiu

2073 2361 2229 2429 juxta
2266 2360 2622 2429 Euphratem.
2661 2361 2721 2411 lli
2753 2375 2881 2413 vero
2914 2360 3005 2428 qui
3032 2370 3189 2413 erant
3231 2360 3486 2422 Mauliize.
3526 2378 3650 2416 eum

2075 2464 2259 2508 essent
2285 2452 2600 2513 validiores,
2618 2467 2812 2520 aquam
2838 2454 3215 2511 obtinuerunt.
3251 2453 3405 2508 Unde
3433 2456 3484 2508 in
3504 2457 3653 2509 sitim

2081 2547 2372 2600 venientes
2404 2545 2454 2598 hi
2512 2547 2602 2616 qui
2635 2554 2799 2599 erant
2853 2545 3050 2611 “alim,
3108 2547 3444 2603 delecerunt.
3486 2548 3656 2602 Porro

2078 2636 2324 2690 Matthias
2342 2637 2541 2690 bellare
2556 2637 2749 2697 noluit,
2766 2637 2858 2691 sed
2879 2636 2996 2690 sine
3013 2638 3193 2691 labore
3210 2638 3491 2693 victoriam
3509 2640 3653 2693 tulit.

2146 2727 2304 2781 Anno
2334 2725 2541 2792 imperii
2571 2724 2893 2779 Constantis
2922 2728 2982 2779 16
3009 2736 3313 2779 exercitum
3360 2730 3528 2782 movit
3553 2731 3656 2782 im-
3690 2785 3693 2788 _

2077 2824 2295 2886 perator
2322 2823 2510 2867 contra
2544 2810 2903 2886 Selaviniam,
2936 2824 2991 2868 et
3031 2818 3277 2883 captivos
3308 2818 3463 2870 duxit
3487 2819 3657 2887 pluri-

2079 2921 2197 2960 mos
2227 2914 2281 2958 et
2309 2905 2547 2973 subegit.
2582 2903 2784 2958 Eodem
2811 2920 2957 2958 anno
2988 2914 3039 2959 et
3073 2907 3161 2959 illa
3192 2921 3343 2976 gesta
3387 2922 3515 2963 sunt
3536 2926 3659 2977 quin

2076 3010 2268 3051 contra
2293 2998 2345 3049 S.
2380 2996 2675 3050 Maximum
2707 3006 2761 3051 et
2791 2998 3096 3066 discipulos
3128 3000 3301 3067 ipsius
3349 3010 3478 3053 sunt
3510 3011 3656 3063 acta,

2077 3093 2157 3146 eis
2198 3107 2296 3161 pro
2336 3092 2564 3145 veritate
2621 3103 2809 3145 contra
2853 3094 3251 3148 monotltclitas
3315 3096 3661 3164 agonizanti-

402 3197 555 3241 ratus
581 3185 726 3255 apud
759 3184 1025 3254 Tripolim
1052 3183 1345 3237 thniciaa
1374 3184 1736 3237 consistebat.
1769 3182 1971 3237 Verum
2002 3223 2045 3280 C
2082 3186 2218 3246 bus;
2272 3200 2413 3252 quos
2457 3185 2729 3239 Constans
2758 3187 2824 3238 ad
2880 3202 3100 3255 pravam
3138 3188 3452 3255 opinionem
3503 3204 3658 3243 suam

404 3281 505 3333 hoc
542 3279 660 3331 viso
685 3278 795 3331 duo
820 3276 1020 3330 fratres
1060 3276 1279 3344 quidem
1312 3273 1517 3327 Christi
1553 3275 1738 3335 amici,
1766 3274 1973 3342 Tripoli

403 3377 706 3429 manentes,
746 3367 839 3418 lilii
898 3364 1274 3418 buccinaturis
1319 3364 1653 3430 cujusdam,
1718 3366 1837 3416 zelo
1888 3362 1979 3415 Dei

400 3479 428 3518 ε
449 3462 634 3517 iuciazi
662 3464 726 3515 ad
753 3475 1031 3515 carcerem
1064 3460 1302 3514 civitatis
1321 3475 1445 3512 eum
1473 3460 1677 3527 impetu
1699 3458 1977 3511 abierunt.

405 3553 646 3608 Habebat
678 3562 859 3605 autem
896 3553 1298 3605 multitudinem
1328 3549 1699 3603 Romanorum
1728 3550 1980 3603 vincula-

402 3654 605 3708 torum,
636 3656 688 3698 et
712 3644 945 3713 diruptis
974 3645 1148 3711 portis
1187 3645 1494 3710 vinetisque
1528 3643 1727 3696 solutis
1757 3643 1808 3694 in
1844 3642 1981 3694 ami-

406 3755 521 3793 ram
579 3740 880 3791 irruerunt.
911 3736 1031 3801 Quo
1080 3744 1358 3805 perempto
1417 3749 1523 3787 una
1586 3750 1708 3788 cum
1765 3734 1850 3787 his
1886 3733 1978 3799 qui

404 3846 532 3884 cum
570 3845 636 3883 eo
668 3839 847 3891 erant,
880 3840 1368 3898 praeparatur-aque
1418 3828 1567 3881 omni
1605 3828 1714 3896 igni
1754 3827 1980 3879 manda-

403 3930 478 3980 ta,
523 3921 574 3972 in
619 3918 942 3972 Ruinaniatu
995 3919 1212 3986 navigio
1264 3918 1627 3972 transierunt.
1687 3916 1979 3970 Verumta-

406 4030 527 4067 men
558 4029 655 4067 nec
687 4014 767 4066 sic
807 4012 881 4065 illi
914 4013 982 4064 ab
1004 4012 1191 4064 eadem
1214 4021 1583 4080 pt'mparatura
1610 4010 1978 4064 construenda

404 4114 785 4158 cessaverunt.
825 4103 930 4158 Sed
982 4103 1229 4157 Mauhias
1260 4103 1481 4171 quidem
1537 4103 1733 4155 militat
1784 4110 1975 4156 contra

404 4196 707 4249 Caesariani
755 4194 1132 4263 Cappadociae,
1198 4194 1504 4253 Abulathar
1563 4210 1689 4246 vero
1760 4194 1973 4246 fabrum

406 4288 614 4338 navalis
656 4287 953 4339 structura
983 4287 1293 4347 constituit,
1321 4287 1413 4354 qui
1445 4289 1668 4339 veniens
1706 4288 1757 4339 in
1794 4287 1974 4340 locum

404 4377 669 4430 vocabulo
699 4377 970 4430 Foanieeni
1004 4376 1203 4447 Lycia),
1232 4380 1320 4431 ubi
1349 4388 1465 4431 erat
1504 4377 1780 4432 Constans
1803 4384 1975 4447 impen

405 4482 553 4523 rator
586 4467 748 4537 atque
806 4470 1099 4522 Romaicus
1151 4471 1348 4528 Stolus,
1406 4470 1677 4538 paraliter
1726 4486 1849 4522 cum
1910 4484 1976 4522 eo
2018 4508 2023 4513 ρ

2085 3277 2385 3330 transferre
2414 3292 2522 3329 non
2557 3280 2768 3338 valens,
2804 3278 3075 3332 divinitus
3104 3280 3405 3346 sapientein
3439 3291 3491 3333 et
3517 3282 3661 3349 peri-

2086 3368 2352 3423 tissimaiu
2398 3370 2636 3438 linguam
2669 3385 2792 3424 cum
2826 3373 3047 3424 dextera
3085 3386 3247 3424 manu
3302 3374 3422 3439 ejus
3475 3376 3689 3455 abaci;

2084 3461 2183 3522 dit,
2228 3476 2294 3513 eo
2345 3462 2487 3529 quod
2536 3463 2829 3529 plurimum
2895 3472 3084 3514 contra
3135 3463 3465 3531 impietatem
3502 3481 3656 3518 suam

2087 3566 2191 3603 una
2253 3566 2373 3602 cum
2433 3548 2723 3619 discipulis
2791 3550 2907 3603 suis
2968 3550 3280 3603 Anastasiis
3352 3555 3497 3617 scrip
3532 3554 3657 3607 erit.

2084 3655 2315 3708 quicque
2353 3655 2450 3708 per
2486 3641 2739 3692 ordinem
2779 3641 2864 3693 isti
2893 3643 3295 3708 conscripsisse
3328 3644 3654 3710 probantur,

2083 3732 2226 3785 sicut
2256 3732 2417 3783 amici
2456 3731 2703 3785 discendi
2749 3746 2855 3784 non
2893 3734 3170 3785 nesciunt.
3490 3716 3493 3719 Ἴ

2074 3890 2087 3899 Α
2154 3823 2312 3876 Αιιιιο
2355 3825 2567 3887 imperii
2600 3824 2925 3879 Constantis
2968 3827 3023 3877 I7
3061 3829 3354 3880 conventio
3396 3827 3533 3882 facta
3576 3846 3659 3880 es.

2083 3917 2225 3969 inter
2249 3914 2528 3968 llcmanos
2558 3924 2610 3967 et
2633 3918 2860 3978 Arabes,
2902 3916 3112 3969 Maultia
3148 3920 3470 3981 legationem
3532 3923 3657 3973 utit-

2039 4000 2044 4009 ’
2083 4018 2230 4063 tente
2271 4008 2341 4061 ob
2373 4008 2752 4071 rebellionem,
2787 4017 2841 4059 ιιι
2869 4008 3112 4060 tribuant
3141 4010 3416 4065 Romanis
3444 4014 3652 4065 Arabes

2081 4117 2176 4169 per
2205 4102 2453 4170 singulo§
2475 4102 2590 4155 dies
2621 4104 2949 4153 nttmisntata
2982 4104 3128 4154 mille
3156 4114 3207 4154 et
3233 4120 3433 4171 equum
3465 4117 3516 4158 et
3547 4124 3653 4158 ser-

2082 4210 2227 4247 vum.
2267 4194 2464 4248 Eodem
2499 4210 2624 4247 vero
2656 4210 2800 4246 anno
2831 4196 3024 4247 exsilio
3053 4198 3248 4249 tinctus
3274 4208 3357 4249 est
3390 4198 3654 4250 Martinus

2080 4288 2464 4341 sanctissimus
2497 4302 2629 4355 papa
2675 4286 2979 4340 Romanus.
3020 4304 3116 4352 pro
3156 4292 3385 4341 veritate
3438 4292 3652 4341 fortiter

2081 4383 2396 4452 agonizans,
2416 4390 2468 4435 et
2494 4381 2779 4433 confessor
2814 4380 2991 4434 factus
3026 4398 3075 4433 III
3100 4382 3418 4435 climatihus
3458 4382 3653 4435 Orien-

2085 4474 2154 4527 tis
2179 4473 2469 4527 del'unctus
2506 4484 2606 4525 est.

405 4563 955 4636 pugnavit.Cumqire
975 4563 1221 4616 futurum
1256 4573 1405 4618 esset
1434 4572 1493 4617 ut
1530 4564 1831 4632 imperator
1851 4569 1975 4618 cum
2011 4556 2055 4611 Ι)
2153 4563 2339 4618 Mundi
2359 4564 2900 4628 annoiil5l,divina3
2934 4565 3329 4618 ineat-nationis
3364 4581 3509 4618 anno
3526 4566 3645 4625 65L

404 4660 524 4727 ipso
548 4658 765 4726 navigio
781 4656 1141 4724 przeliarelur,
1161 4656 1566 4731 contemplatur
1598 4664 1757 4709 nocte
1790 4654 1880 4707 illa
1899 4654 1979 4707 vi-

405 4767 549 4812 sum,
584 4766 706 4806 esse
734 4749 982 4803 videlicet
1014 4750 1156 4817 apud
1177 4747 1628 4803 Thessalonicen.
1659 4748 1834 4803 Porro
1850 4764 1982 4821 nar:

405 4845 543 4896 ravit
571 4843 787 4895 cuidam
836 4841 1134 4909 conjectori
1180 4842 1517 4894 somniorum
1558 4844 1979 4910 expergefactus

408 4933 694 4995 visionem,
724 4932 817 5000 qui
852 4932 959 4984 ait:
999 4928 1321 4998 Imperator,
1356 4934 1562 4983 utinam
1586 4948 1675 4984 nec
1698 4932 1984 4986 dormisse:

407 5040 497 5075 nec
529 5025 790 5076 somnium
836 5027 1132 5088 aspexisses
1184 5039 1200 5077 :
1244 5040 1367 5077 nam
1422 5040 1533 5077 esse
1590 5025 1980 5080 Tltessulmtica!

406 5114 495 5176 θὲς
534 5115 678 5184 ἄλλῳ
710 5115 867 5182 νίκην
922 5117 1130 5177 innuit,
1174 5117 1309 5184 quod
1369 5118 1744 5184 interpretatur
1776 5162 1791 5185 ,
1851 5136 1982 5184 pone

406 5205 504 5258 alii
536 5206 830 5268 victoriam,
891 5206 946 5258 id
1006 5217 1107 5268 est,
1144 5207 1213 5258 ad
1256 5208 1529 5261 inimicum
1566 5220 1712 5262 tuum
1756 5212 1977 5265 victoria

406 5296 642 5349 rertitur.
678 5297 821 5351 Sane
853 5298 1148 5367 imperator
1201 5300 1334 5352 nihil
1374 5302 1656 5356 inveniens
1723 5304 1790 5356 ad
1845 5320 1985 5373 pra:-

408 5390 538 5443 lium
603 5390 825 5455 navalis,
876 5405 1103 5460 pugnae,
1162 5390 1533 5445 Romanorum
1586 5395 1791 5449 classes
1849 5412 1986 5465 pra:-

407 5482 608 5537 struxit
689 5483 755 5533 ad
834 5481 1056 5537 bellum.
1116 5481 1329 5550 Quibus
1398 5485 1452 5539 in
1524 5485 1840 5541 alterutram
1911 5491 1985 5541 ir-

409 5576 693 5631 ruentibus
724 5584 1054 5645 superantur
1107 5576 1363 5640 Romani,
1402 5587 1456 5633 et
1485 5580 1831 5635 commistum
1865 5580 1981 5635 em-

408 5667 553 5721 citur
601 5682 751 5721 mare
797 5670 1064 5736 sanguine
1116 5667 1511 5724 Romanorum.
1566 5669 1747 5724 Induit
1798 5680 1981 5727 autem

410 5761 706 5827 imperator
737 5760 903 5812 alium
948 5771 1095 5815 veste
1124 5776 1219 5815 sua
1242 5803 1257 5827 ,
1287 5772 1342 5817 et
1367 5761 1617 5817 insiliens
1680 5760 1979 5831 praedictus

409 5853 553 5907 filias
574 5851 945 5905 buceinatoris
968 5836 1029 5905 in
1050 5855 1254 5923 regiam
1297 5852 1558 5923 scapham
1589 5852 1973 5922 imperatorem

2085 4673 2229 4713 anno
2271 4659 2483 4729 imperii
2510 4659 2592 4711 sui
2632 4658 2693 4712 18
2735 4656 3011 4718 Constans
3042 4657 3246 4712 occidit
3282 4656 3653 4711 Theodosium

2088 4751 2370 4819 proprium
2424 4750 2647 4802 fratrem
2680 4764 2863 4801 suum.
2888 4746 3021 4801 Cum
3042 4757 3222 4802 autem
3241 4757 3426 4802 essent
3450 4748 3656 4802 Arabes

2088 4844 2227 4912 apud
2270 4843 2498 4913 Saphin,
2531 4843 2658 4895 dolo
2694 4853 2921 4896 necatus
2975 4854 3060 4895 est
3120 4842 3413 4910 praedictus
3454 4840 3654 4905 Ilalim,

2087 4947 2143 4992 et
2175 4937 2525 5007 singulariter
2573 4936 2808 5004 imperat
2860 4934 3132 4997 Mauhias,
3170 4934 3316 5003 regio
3346 4949 3495 4987 more
3552 4934 3656 4986 Da-

2086 5044 2328 5083 mascum
2368 5027 2678 5080 inhabitans
2709 5038 2763 5081 et
2796 5028 3152 5096 pecuniarum
3198 5027 3309 5081 illic
3365 5027 3657 5081 thesauros

2086 5121 2409 5174 recondens.

2157 5211 2314 5263 Anno
2345 5211 2559 5279 imperii
2620 5209 2942 5264 Constantis
2998 5210 3063 5263 19
3117 5212 3373 5279 apparuit
3431 5210 3657 5264 haeresis

2088 5305 2349 5367 Arabum,
2389 5319 2581 5357 eorum
2620 5303 2872 5357 videlicet
2901 5303 2994 5370 qui
3045 5302 3308 5357 dicuntur
3353 5302 3658 5370 Cliarurgi-

2086 5409 2171 5451 tte.
2225 5396 2472 5451 Mauhias
2526 5405 2704 5449 autem
2736 5395 2835 5448 hos
2873 5410 3192 5463 aggressus,
3221 5411 3316 5448 eos
3363 5396 3457 5463 qui
3500 5405 3658 5447 erant

2086 5491 2140 5544 in
2194 5488 2413 5544 Perside
2449 5488 2774 5549 huutiliavit,
2815 5502 2912 5542 eos
2948 5503 3080 5542 vero
3110 5489 3201 5557 qui
3233 5490 3284 5541 in
3317 5488 3472 5558 Syria
3502 5502 3658 5541 erant

2086 5580 2363 5643 exaltavit,
2395 5588 2449 5635 et
2485 5581 2624 5634 alios
2656 5580 2876 5649 quidem
2917 5582 3134 5635 vocavit
3164 5580 3485 5643 llisamitas,
3516 5584 3657 5634 alios

2083 5683 2264 5728 autem
2312 5672 2639 5738 lieraclitas,
2671 5684 2725 5727 et
2772 5673 3161 5729 ilisamitarum
3217 5674 3436 5743 quidem
3483 5675 3654 5726 dona-

2082 5765 2193 5819 tiva
2224 5766 2538 5820 sublimavit
2566 5782 2741 5836 usque
2763 5768 2827 5819 ad
2853 5766 3087 5821 ducenta
3108 5767 3461 5827 nomismata,
3487 5781 3656 5834 porto

2081 5856 2475 5915 Heraclitarum
2512 5860 2766 5928 deposuit
2820 5875 2991 5927 usque.
3039 5860 3103 5911 ad
3138 5860 3367 5911 tricena.
