4414 6462
789 426 804 483 ι
828 426 925 485 3'27

1924 425 2321 484 ANASTASII
2358 422 2984 483 BlBI.lOTIlEC.\RII

3909 419 4048 483 1333

856 510 1011 593 Auno
1044 537 1357 606 imperiiSni
1396 536 1463 589 '20
1494 537 1770 591 Constans
1792 537 2052 592 derelicta
2088 538 2359 591 Consmn-
2387 542 2437 598 Α
2465 536 2560 589 tibi
2592 536 2775 604 fuerit,
2818 554 2932 606 age.
2984 537 3049 590 Et
3082 536 3167 589 his
3209 534 3374 588 dictis
3422 533 3670 587 Andreas
3731 533 3916 596 tacuit.
3970 534 4039 587 At

786 632 1014 702 ttnopoli
1068 631 1199 683 abiit
1231 627 1584 698 Syracusani,
1620 630 1895 683 civitatem
1926 627 2145 693 Siciliae,
2181 630 2367 683 volens

784 727 1072 792 Luperium
1104 722 1157 775 itt
1195 722 1384 775 urbem
1414 720 1641 774 Romam
1664 720 1985 782 transferre,
2017 732 2070 774 et
2100 720 2267 773 ntittit
2297 719 2364 772 ad

777 816 1150 872 adducendant
1177 830 1398 868 uxorem
1439 829 1594 869 suam
1634 824 1687 868 et
1728 821 1841 868 tres
1872 812 2048 876 lilios,
2086 811 2364 866 Constan-

780 911 979 973 tinum,
1005 906 1339 971 lleraclinm,
1364 914 1414 960 et
1447 903 1747 958 Tiberium.
1777 902 1945 958 Porro
1975 902 2219 973 Byzantii
2256 919 2361 953 non

772 1001 1106 1053 dimiserunt
1152 1014 1267 1052 eos.

851 1119 1009 1168 Atttrc
1047 1112 1259 1180 imperti
1288 1110 1608 1165 Constantis
1641 1111 1703 1163 21
1740 1108 2041 1163 exercitum
2070 1117 2362 1160 moverunt

775 1210 983 1261 Arabes
1055 1214 1245 1259 contra
1309 1203 1655 1268 llomaniam,
1702 1215 1755 1258 et
1817 1204 2019 1257 multos
2062 1200 2358 1271 depratdati

776 1308 924 1362 sunt,
962 1307 1014 1351 et
1053 1298 1166 1349 loca
1212 1299 1474 1349 nonnttlla
1526 1296 1860 1366 depopulati.

845 1411 1000 1463 Anno
1037 1410 1247 1477 intperii
1300 1409 1617 1464 Constantis
1656 1411 1727 1463 ‘22
1751 1412 1944 1480 praeda:
1977 1412 2155 1480 patuit
2208 1408 2347 1464 Sici-

786 1495 871 1548 lia:
908 1509 1056 1562 pars.
1121 1503 1175 1547 et
1198 1493 1584 1547 habitaverunt
1612 1492 1859 1548 Damasci
1889 1496 2169 1549 voluntate
2230 1509 2353 1547 sua.

849 1588 1008 1638 Anno
1078 1586 1289 1649 itnperii
1340 1584 1660 1640 Constantis
1690 1586 1761 1640 9.5
1827 1589 2009 1641 factus
2061 1598 2143 1641 est
2199 1602 2356 1641 error

771 1680 1155 1749 jejuniorum,
1209 1688 1262 1730 et.
1326 1680 1628 1732 exercitum
1706 1680 1876 1731 movit
1940 1680 2354 1733 Abderachman

772 1771 1003 1827 Cttalcdi
1070 1770 1335 1823 adversus
1371 1768 1721 1833 Romaniam,
1758 1771 1891 1823 etin
1961 1786 2024 1824 ea
2072 1760 2351 1833 hiemavit,

772 1875 828 1922 ct
877 1866 1075 1919 multas
1108 1866 1405 1928 demolitus
1437 1874 1520 1919 est
1553 1866 1825 1934 regiones.
1868 1864 2042 1918 Porro
2101 1864 2349 1918 Sclavini
2382 1878 2429 1936 Β

768 1959 848 2011 ad
892 1961 1038 2012 hunc
1092 1958 1432 2011 continentes
1493 1972 1617 2010 eum
1668 1959 1785 2025 ipso
1838 1957 2239 2010 descenderunt
2295 1956 2347 2007 in

774 2053 1013 2123 Syriam,
1055 2065 1284 2103 numero
1347 2051 1591 2119 quinque
1624 2049 1819 2113 millia,
1862 2057 1915 2103 et
1967 2049 2351 2102 habitaverunt

770 2144 828 2197 in
878 2142 1289 2212 Apamicnsium
1343 2142 1565 2210 regione
1614 2141 1667 2193 itt
1712 2141 1939 2194 castello
1973 2140 2349 2195 Selcucoberi.

827 2240 984 2290 Atttto
1044 2236 1257 2303 imperii
1296 2234 1616 2287 Constantis
1653 2234 1724 2287 24
1780 2232 2023 2287 Thomas
2074 2233 2347 2286 Constan-

771 2326 1164 2395 tinopolitanus
1194 2326 1422 2377 habetur
1449 2325 1698 2377 antistes.
1757 2324 1934 2377 Busur
1966 2335 2144 2376 autem
2186 2338 2347 2376 exer-

772 2418 941 2471 citum
978 2417 1029 2469 in
1071 2415 1394 2468 Rom-auiam
1431 2418 1624 2478 movit,
1658 2424 1711 2469 et
1735 2424 1988 2469 mortuus
2038 2424 2121 2467 est
2170 2414 2350 2467 Thau-

779 2513 1023 2563 tnat'icus
1084 2510 1379 2577 episcopus
1412 2508 1671 2576 Apatnize,
1703 2519 1755 2561 et
1800 2509 2059 2563 incensus
2109 2520 2192 2562 est
2241 2498 2349 2578 cpi-

770 2618 979 2672 scopus
1011 2602 1320 2680 Emisenus.

846 2716 1031 2770 Mundi
1068 2730 1219 2769 anno
1272 2714 1457 2781 6l58,
1508 2692 1707 2770 divina:
1776 2716 2173 2771 incarnationis
2237 2733 2339 2770 an.

775 2825 845 2862 no
875 2808 1000 2871 (358,
1038 2820 1184 2860 anno
1216 2822 1353 2861 .vero
1406 2808 1619 2877 imperii
1662 2807 1980 2862 Constantis
2009 2806 2103 2861 25'
2137 2809 2348 2862 exerci-

775 2912 888 2953 tum
928 2892 1142 2954 rursus“
1176 2900 1409 2953 armavit
1442 2897 1622 2954 Busur
1680 2909 1874 2953 contra
1927 2897 2273 2964 Romaniam,
2297 2909 2349 2954 et

773 2992 1161 3047 exterminavit
1195 3002 1381 3062 partes
1419 2991 1764 3062 Hexapoleos
1811 3001 1864 3047 et
1901 2990 2174 3055 Phadalaa,
2202 2993 2349 3047 illic-

775 3103 879 3155 que
913 3087 1188 3141 hiemavit.

848 3184 1004 3233 Anno
1036 3178 1246 3248 imperii
1277 3178 1590 3233 Constantis
1624 3178 1693 3232 26
1725 3179 2176 3233 Armeniacorum
2209 3194 2346 3247 praes

779 3284 865 3327 tor
898 3274 1182 3335 Saborius,
1210 3271 1375 3327 Persa
1408 3287 1623 3341 genere,
1655 3273 2020 3326 tumultuatus
2048 3282 2131 3327 cst
2158 3281 2348 3325 contra

776 3370 1125 3433 Constantem
1165 3365 1552 3433 imperatorem
1615 3364 1890 3434 mittitque
1947 3362 2015 3416 ad
2073 3362 2348 3417 Mauhiam

778 3460 1032 3526 Sergiuttt
1100 3458 1423 3526 magistrum
1478 3456 1736 3520 militum,
1804 3457 2067 3526 pollicens
2122 3456 2353 3511 Maultia:

776 3553 1066 3624 subjugare
1085 3552 1424 3617 ltomaniam,
1447 3552 1491 3607 si
1513 3552 1628 3621 ipse
1651 3552 1754 3606 siai
1776 3553 2139 3606 auxiliaretur
2162 3552 2351 3605 adver-

777 3662 869 3698 sus
902 3647 1308 3713 imperatorem.
1329 3642 1447 3707 Quo
1470 3652 1750 3712 Comperto
1780 3642 2172 3697 Constantinus
2205 3643 2349 3697 lilius

776 3736 1138 3805 imperatoris
1174 3735 1341 3786 mittit
1369 3742 1422 3786 et
1452 3736 1568 3802 ipse
1624 3736 1692 3787 ad
1742 3732 2015 3787 Mauhiam
2070 3734 2346 3788 Andream

774 3828 1173 3881 cubicularium
1229 3841 1353 3880 cum
1389 3826 1727 3891 muneribus,
1761 3843 1830 3882 ne
1884 3828 2071 3882 rebelli
2103 3829 2345 3882 cederet.

773 3918 1021 3989 Cumque
1058 3918 1296 3972 venisset
1325 3916 1573 3972 Andreas
1605 3917 1948 3983 Damascum,
1980 3921 2183 3988 reperit
2217 3919 2346 3973 Ser-

774 4015 923 4084 gium
976 4010 1332 4080 praevenissc.
1366 4012 1435 4063 At
1491 4026 1622 4064 vero
1680 4010 1925 4067 Manhias
1981 4014 2347 4068 simulabatur

774 4103 1090 4172 imperatori
1155 4103 1388 4171 cumpati
1417 4102 1551 4172 (6:2).
1592 4100 1827 4157 Sedebat
1894 4115 2076 4159 autent
2115 4105 2341 4174 Sergius

773 4207 898 4249 ante
932 4194 1228 4256 Mauhiam,
1258 4202 1458 4247 etcum
1501 4196 1784 4265 ingressus
1831 4195 2028 4250 fuisset
2076 4198 2343 4264 Andreas,

774 4288 1002 4343 intuitus
1048 4303 1171 4341 eum
1230 4286 1457 4354 Sergius
1488 4287 1747 4341 surrexit.
1800 4286 1870 4340 At
1915 4303 2044 4343 vero
2098 4289 2346 4343 Maultias

775 4379 1024 4449 Sergium
1083 4377 1454 4446 reprehendit,
1516 4378 1706 4432 dicens
1745 4377 1925 4444 :Quid
1980 4378 2347 4446 formidasti?

773 4472 876 4533 Qui
910 4469 1190 4537 respondit
1227 4484 1288 4522 se
1327 4467 1482 4536 juxta
1517 4484 1725 4523 morem
1772 4470 1991 4524 fecisse.
2022 4470 2341 4528 Conversus

2474 643 2601 682 vero
2631 628 2876 683 Maultias
2906 629 2982 682 ait
3009 646 3022 683 :
3087 627 3350 692 Iractabo
3381 642 3534 693 super
3570 628 3687 689 hoc,
3721 632 3775 679 et
3831 634 4075 687 utrum-_

2470 735 2576 789 que
2622 720 2787 788 jussit
2856 721 3028 774 exire.
3106 718 3278 773 Porro
3342 714 3608 771 advocato
3656 715 3845 785 Sergio
3900 716 4055 770 dixit

2467 811 2514 865 ei
2556 829 2569 864 :
2621 809 2705 864 Ne
2748 812 2971 865 ulterius
3010 810 3197 865 adores
3247 810 3515 863 Andream
3564 825 3583 862 .'
3634 808 3866 877 alioquin
3910 809 4044 861 nihil

2466 903 2747 971 proﬁcies;
2794 904 2852 957 in
2882 907 3185 959 crastinum
3223 904 3405 972 itaque
3437 903 3777 973 prmvcniens
3815 902 4041 972 Sergius

2465 996 2738 1050 Andream
2771 1012 2954 1049 coram
2988 996 3210 1050 Mauhia
3259 996 3505 1059 sedebat,
3540 1004 3594 1048 ct
3636 996 3883 1064 ingresso
3929 997 4041 1046 An-

2464 1087 2595 1141 drca
2638 1103 2745 1142 non
2781 1090 2829 1142 ci
2865 1088 3170 1142 assurrexit
3216 1096 3277 1141 ut
3317 1086 3431 1141 heri
3465 1102 3478 1138 :
3513 1085 3760 1139 Andreas
3794 1100 3919 1139 vero
3958 1086 4043 1138 in-

2466 1178 2635 1233 tuitus
2668 1179 2921 1253 Sergitht
2958 1180 3105 1233 hunc
3138 1179 3403 1233 conviciis
3437 1178 3695 1232 laceravit
3720 1188 3771 1231 et
3804 1178 4037 1231 commi-

2439 1277 2627 1323 ~natus
2665 1277 2772 1332 est,
2815 1270 3003 1323 dicens
3032 1286 3046 1323 :
3082 1268 3143 1323 Si
3164 1270 3363 1330 vixero,
3391 1267 3889 1321 demonstrabo‘tibi
3919 1269 4038 1335 quis

2462 1365 2582 1417 sint.
2630 1364 2728 1419 Cui
2770 1363 2996 1434 Sergius
3034 1382 3047 1417 :
3086 1363 3228 1427 Non,
3266 1363 3479 1433 inquit,
3511 1378 3731 1431 assurgo
3767 1361 3880 1423 tibi,
3913 1362 4039 1430 quia

2461 1474 2563 1510 non
2588 1474 2641 1511 es
2687 1460 2766 1511 vir
2800 1474 2962 1527 neque
2988 1458 3207 1527 femina.
3245 1457 3416 1512 Porro
3462 1456 3709 1510 Mauhias
3743 1465 4041 1522 utruntque

2460 1566 2815 1619 compescens
2852 1550 3083 1605 Andreae
3136 1550 3271 1603 dixit
3308 1551 3579 1603 assentire
3612 1549 3742 1600 dare
3776 1548 4040 1614 quemad-

2461 1640 2683 1691 modum
2722 1639 2950 1709 Sergius
2979 1639 3091 1691 tlat.
3137 1636 3201 1689 Et
3223 1649 3478 1706 quantum
3504 1646 3578 1689 est
3604 1637 3627 1687 ἱ)
3662 1637 3734 1687 ait
3765 1635 4034 1687 Andreas.

2461 1731 2676 1785 Manhia
2715 1747 2848 1786 vero
2898 1731 3198 1785 illationent
3233 1730 3574 1796 publicorum
3609 1728 3848 1795 pra-bere
3896 1727 4037 1779 Ara-

2461 1823 2638 1877 bibus.
2673 1824 2771 1878 Ast
2801 1824 3047 1876 Andreas
3086 1837 3099 1873 :
3142 1820 3232 1875 Vw
3263 1821 3377 1882 tibi,
3423 1823 3531 1881 ait,
3554 1818 3806 1886 )lauhia.
3842 1818 4035 1872 Consi-

2461 1918 2590 1968 lium
2615 1918 2806 1969 tribuis
2828 1933 3013 1983 corpus
3035 1913 3201 1967 dandi
3223 1925 3270 1967 et
3290 1915 3458 1967 solum
3483 1916 3723 1965 umbram
3753 1912 4031 1989 retinendi.

2462 2009 2943 2077 Quomodocunque
2989 2010 3236 2070 colueris,
3287 2024 3405 2059 cum
3438 2006 3625 2076 Sergio
3660 2007 3870 2060 ronreui
3895 2021 3912 2058 :
3940 2022 4033 2074 ego

2452 2101 2591 2152 enim
2622 2100 2719 2153 hoc
2752 2102 2967 2154 minime
2996 2102 3155 2170 facio.
3211 2100 3579 2154 Verumtamen
3620 2111 3665 2152 te
3696 2100 3912 2151 dimisso
3961 2100 4031 2148 ad

2456 2190 2643 2255 Deum,
2675 2193 2764 2261 qui
2796 2204 2845 2245 te
2890 2194 3152 2260 potentior
3181 2203 3279 2253 est,
3335 2204 3389 2243 ut
3416 2193 3427 2206 ‘
3450 2190 3713 2255 Romanis
3743 2191 4033 2256 opituletur

2450 2282 2807 2350 confugimus,
2838 2293 2883 2335 et
2928 2284 2983 2335 in
3036 2301 3094 2336 eo
3137 2298 3278 2351 spem
3311 2298 3545 2335 nosn'am
3600 2282 3892 2343 iosuimus.
3936 2280 4030 2338 ll.s

2451 2375 2613 2429 dictis
2638 2374 2867 2429 Maniliae
2900 2378 3019 2429 iniit
3046 2377 3217 2441 salve,
3249 2388 3298 2430 et
3323 2376 3491 2430 exivit
3524 2393 3551 2428 a
3581 2374 4026 2430 Damascensiutn

2451 2468 2691 2529 civitate.
2722 2478 2773 2523 et
2796 2470 2929 2537 abiit
2966 2469 3291 2530 Melitenem,
3326 2486 3390 2524 eo
3416 2470 3559 2538 quod
3594 2480 3857 2539 tyrannus
3883 2476 4029 2523 esset

2455 2562 2505 2612 in
2542 2562 2792 2629 partibus
2846 2563 2975 2625 illis,
3013 2564 3078 2616 ad
3117 2579 3254 2631 quas
3307 2575 3360 2616 et
3402 2562 3625 2631 Sergius
3674 2574 3791 2617 crat
3825 2564 4025 2616 iturus:

2451 2652 2699 2721 Cumque
2741 2653 2967 2707 adiisset
3024 2643 3385 2718 Arabessnm,
3451 2654 3683 2709 incurrit
3740 2656 4023 2707 clausura-

2450 2761 2572 2800 ruut
2619 2748 2903 2802 custodem
2938 2767 2951 2803 :
2990 2766 3096 2803 non
3128 2751 3273 2803 enim
3308 2749 3599 2803 cohibebat
3629 2751 3738 2818 (65)
3771 2763 4024 2820 tyranno.

2453 2836 2592 2891 lluic
2633 2855 2764 2908 ergo
2789 2842 3047 2909 praecepit
3076 2842 3367 2895 observare
3396 2841 3645 2910 Sergium
3683 2850 4024 2903 redeuntem,

2453 2940 2511 2981 ut
2554 2929 2852 2984 adduceret
2882 2932 3033 2986 illunt
3065 2933 3130 2984 ad
3159 2948 3237 2987 se.
3276 2934 3396 3001 ipse
3428 2948 3557 2986 vero
3594 2948 3700 2987 non
3742 2934 4028 2986 immemor

2453 3020 2733 3089 pergebat,
2798 3020 3047 3091 Sergium
3114 3025 3476 3091 prtestolans;
3538 3039 3657 3092 qute
3707 3039 3833 3076 vero
3876 3035 4025 3091 gesta

2453 3121 2604 3176 sunt,
2665 3114 2940 3167 nuntiavit
2986 3115 3322 3183 imperatori.
3372 3116 3577 3170 Interea
3633 3116 3854 3184 Sergius
3902 3134 4024 3169 tllltl

2380 3235 2421 3291 ο
2457 3202 2712 3268 Maultia,
2771 3220 2891 3272 qua:
2940 3206 3055 3259 visa
3100 3206 3310 3260 fuerant
3367 3209 3598 3275 peractis
3663 3207 3801 3267 (‘33).
3872 3222 4026 3261 περ·

2458 3289 2534 3358 pit
2572 3288 2867 3343 Phaladam
2905 3300 3187 3361 prmtorem
3225 3296 3462 3347 Arahunt
3516 3311 3636 3349 cum
3691 3314 3792 3364 ope
3834 3298 4025 3350 barba-

2457 3384 2569 3435 rica
2611 3393 3057 3437 muccrtaturnm
3110 3394 3163 3438 et
3211 3388 3603 3441 auxiliaturum
3655 3388 3848 3443 Sabor.
3886 3391 4021 3443 Cum

2454 3484 2636 3530 antem
2681 3476 3013 3545 praecederet
3068 3476 3291 3547 Sergius
3329 3479 3622 3532 Phadalam
3662 3490 3714 3535 et
3751 3482 3813 3534 ad
3846 3481 4023 3533 Sabor

2453 3567 2799 3637 gratulattter
2830 3550 3029 3629 altirizt,
3073 3571 3291 3625 devenit
3320 3572 3384 3623 ad
3418 3572 3707 3636 clausuras
3733 3583 3785 3626 et
3834 3574 4025 3627 incutit

2451 3659 2506 3712 itt
2544 3661 2775 3716 Andreae
2813 3652 3021 3729 turbas,
3056 3673 3109 3719 et
3151 3667 3294 3717 hunc
3341 3666 3636 3720 retinentes
3672 3667 3909 3719 vinctum
3959 3669 4023 3721 ad

2450 3751 2721 3806 Andream
2756 3754 3053 3809 adducunt.
3090 3757 3157 3808 At
3198 3772 3328 3810 vero
3380 3756 3605 3826 Sergius
3639 3758 3755 3811 viso
3806 3758 4022 3811 Andrei

2446 3842 2613 3911 jactat
2647 3855 2819 3899 semet
2844 3846 2908 3898 ad
2944 3847 3119 3916 pedes
3152 3848 3293 3915 ejus,
3326 3849 3621 3903 obsecrans
3644 3864 3864 3917 parcere
3897 3851 4020 3902 sibi.

2451 3934 2545 3988 Ille
2576 3944 2756 3989 autem
2814 3938 2879 3991 ad
2925 3953 3097 3992 eunt:
3142 3936 3241 4001 Tu,
3282 3939 3477 4007 inquit,
3533 3955 3585 3991 es
3642 3937 3877 4007 Sergius.
3935 3941 4025 4008 qui

2447 4027 2768 4096 gloriaburis
2804 4030 2857 4081 in
2888 4031 3128 4084 virilibus
3182 4046 3362 4083 coram
3407 4029 3645 4086 Man/tia.
3686 4048 3859 4098 meque
3905 4049 4020 4083 mu-

2450 4117 2722 4172 lierculam
2757 4121 3081 4187 appellabas.
3114 4120 3243 4174 Ecce
3271 4122 3460 4174 amodo
3480 4122 3590 4183 (65)
3620 4123 3792 4174 ririlia
3819 4137 3904 4174 Ittu
3929 4126 4021 4175 tibi

2450 4211 2583 4263 nihil
2610 4212 2924 4277 proderunt,
2959 4212 3087 4281 quin
3118 4212 3293 4280 potius
3343 4220 3391 4263 et
3440 4222 3604 4264 morte
3635 4213 3891 4279 afﬁnem.
3929 4212 4023 4268 llis

2450 4300 2618 4355 dictis
2662 4302 2919 4371 prmcepit
2974 4302 3155 4355 virilia
3190 4302 3311 4370 ejus
3368 4303 3598 4364 abscidi,
3633 4315 3681 4357 et
3733 4309 4022 4374 susp-mit

2449 4407 2571 4447 eum
2600 4392 2653 4446 itt
2683 4394 2846 4463 ligno.
2877 4394 3278 4449 Constantinus
3306 4404 3485 4447 autem
3517 4396 3703 4448 audito
3725 4394 4019 4449 Phadaidis

2451 4484 2686 4538 adventu
2723 4486 2775 4538 in
2811 4486 3037 4539 Saboris
3065 4486 3327 4538 auxilium
3386 4484 3753 4553 Nicephmum
3787 4487 4018 4539 destinat

772 4571 1035 4630 prmtcrea
1059 4558 1303 4614 Mauhias
1351 4560 1485 4613 dicit
1509 4559 1773 4615 Andreae:
1812 4560 1952 4627 Quid
1984 4565 2218 4632 quaeris?
2240 4564 2345 4631 Qui
2380 4581 2422 4635 ι)
2454 4591 2515 4645 pa

2273 4564 2345 4631 illi
2380 4581 2422 4635 ῐ)
2454 4575 2745 4645 patricium
2778 4591 2900 4630 cum
2934 4576 3177 4631 Romana
3208 4578 3406 4629 virtute
3443 4576 3733 4631 resistendi
3770 4574 4016 4630 Saborio.

772 4655 848 4706 ait
873 4672 885 4706 :
921 4650 986 4706 Ut
1017 4654 1105 4705 des
1125 4652 1384 4705 auxilium
1403 4661 1588 4705 contra
1610 4653 1872 4709 rebellem.
1900 4655 1969 4708 At
1990 4656 2080 4710 ille
2110 4676 2122 4710 :
2148 4657 2337 4723 Ambo,

774 4746 969 4815 inquit,
999 4745 1199 4797 inimici
1228 4744 1376 4809 estis,
1430 4744 1519 4796 sed
1547 4760 1639 4814 ego
1664 4746 1710 4797 ei
1740 4746 1830 4815 qui
1860 4744 2002 4815 ’plus
2058 4750 2341 4817 prwb‘uerit

771 4836 930 4890 dabo.
964 4836 1027 4888 Et
1054 4837 1300 4892 Andreas
1328 4836 1393 4889 ad
1416 4852 1539 4890 eum
1574 4855 1585 4889 :
1626 4835 1708 4890 Ne
1737 4837 1997 4907 ambigas,
2035 4840 2174 4905 iniit,
2207 4844 2343 4896 ami-

773 4947 855 4991 ra,
893 4931 1141 4997 quoniam
1204 4943 1375 4995 pauca
1430 4928 1522 4981 tibi
1555 4928 1890 4996 imperatoris
1945 4932 2166 4986 meliora
2224 4945 2349 4989 sunt

770 5036 928 5087 quam
977 5020 1131 5087 plura
1184 5019 1409 5102 rebellis.
1446 5017 1835 5080 Verumtamen,
1869 5022 2005 5083 quod
2062 5026 2347 5080 amabilius

2452 4666 2584 4719 Erat
2638 4677 2815 4720 autent
2858 4668 3035 4722 Sabor
3074 4667 3465 4739 Hadrianopoli
3505 4660 3707 4736 de'gens
3733 4710 3747 4733 ,
3800 4680 3851 4721 et
3899 4670 4019 4721 cum

2453 4757 2820 4826 Nicephorum
2854 4760 2919 4812 ad
2975 4775 3033 4814 se
3079 4760 3267 4814 venire
3320 4763 3704 4829 comperisset,
3733 4763 4023 4814 exercebat

2456 4858 2630 4903 semet
2668 4850 2731 4902 ad
2777 4852 3046 4918 prarliutn.
3106 4850 3304 4906 Verum
3364 4851 3453 4906 die
3512 4851 3747 4920 quadam
3797 4852 4022 4919 contigit

2457 4941 2603 4997 hunc
2652 4946 2949 4998 secundum
2985 4945 3434 4999 consuetudinem
3484 4959 3638 4998 suam
3689 4942 3755 4997 de
3803 4946 4023 4997 civitate

2458 5050 2621 5105 super
2646 5052 2845 5106 equum
2896 5036 3174 5091 sedentem
3211 5038 3381 5091 exire.
3416 5037 3661 5104 Cumque
3696 5049 3862 5105 porta:
3889 5035 4022 5089 civi-

2260 5139 2486 5200 NOTAE.

846 5228 958 5297 (62)
990 5227 1251 5295 Compati.
1281 5226 1620 5281 Glossarium
1646 5244 1659 5279 :
1684 5226 1990 5297 συμπάσχω
2012 5234 2333 5298 eompatior.

773 5302 924 5361 lzem,
974 5301 1303 5366 compatitur
1362 5300 1697 5364 συμπάσχει.
1738 5298 2100 5362 Flodoardus,
2132 5302 2332 5361 utﬁt):

776 5389 795 5419 ι
839 5368 1193 5436 Compatiens
1218 5368 1660 5439 trtbttlatipuibus
1698 5367 1892 5436 ipsius.
1932 5385 1950 5417 ι
1981 5368 2229 5439 Compati
2254 5384 2337 5427 est

775 5440 1149 5492 tniSericordia
1190 5438 1414 5490 moveri.
1450 5436 1615 5490 FABR.
1872 5487 1883 5495 ,

848 5509 959 5578 (65)
998 5507 1303 5562 Cohibebat.
1347 5508 1577 5578 Auctor‘
1605 5506 1879 5578 Miscellae,
1931 5507 2333 5563 consentiebat-

778 5576 1067 5631 Facundus
1102 5578 1530 5641 llcrtttianensis,
1564 5576 1604 5630 Ι.
1636 5578 1672 5631 2
1713 5594 1726 5629 :
1766 5594 1783 5626 ι
1814 5576 2015 5648 Sancta
2046 5580 2135 5631 illa
2166 5594 2331 5648 syno-

774 5651 875 5702 dus
931 5649 1124 5702 haeresi
1171 5648 1504 5701 stmriatta:
1567 5648 1835 5701 cohibuit.
1873 5667 1889 5697 ι
1929 5647 1993 5699 Et
2021 5647 2333 5703 cohibentia

775 5720 916 5786 apud
948 5718 1198 5772 eumdem
1239 5718 1437 5786 passim
1495 5718 1755 5771 occurrit.
1819 5716 2223 5787 Gregoru'l‘nr.
2263 5720 2330 5774 Η.

778 5807 821 5837 tv
858 5808 867 5839 :
909 5809 924 5837 ι
977 5791 1249 5841 Habentes
1295 5788 1723 5841 conniventiam.
1768 5807 1785 5839 t
1818 5787 1919 5841 Ms.
1954 5788 2326 5843 cohibentiam.

772 5857 977 5914 Glossze
1008 5860 1241 5913 ltiisitltci
1288 5875 1299 5911 ;
1351 5859 1606 5923 conibere,
1662 5860 1971 5928 consentire,
2010 5859 2327 5925 conibentia,

2444 5256 2745 5293 consensus.
2782 5239 3106 5295 llincmarus
3146 5240 3341 5295 Rhein.
3366 5240 3437 5293 De
3479 5238 3788 5293 Pra'destin.
3825 5253 3836 5287 :

2453 5325 2573 5362 meo
2602 5326 2668 5365 ne
2697 5312 2995 5364 cotthibere
3024 5313 3095 5366 sit
3129 5312 3228 5365 hoc
3263 5320 3460 5363 tacere.
3499 5329 3515 5360 ›
3560 5312 3636 5362 in.

2522 5379 2632 5447 (64)
2691 5377 2953 5432 Peractis.
2986 5379 3129 5450 Lege
3178 5392 3383 5448 pactus.
3420 5381 3660 5447 Στοιχεῖν
3691 5392 3771 5433 est
3800 5379 4015 5450 prima}

2449 5445 2580 5501 Vide
2623 5452 2881 5505 let-tiones
2905 5445 3279 5505 Tlteoc'riticas
3316 5445 3621 5503 Casauboni
3649 5466 3696 5503 c.
3735 5450 3813 5501 l0.
3850 5445 4013 5501 Fusa.

2517 5519 2884 5591 (65).Amodo.
2921 5521 3219 5591 Gregorius
3259 5518 3393 5573 Tur.
3425 5518 3489 5572 Η.
3526 5535 3606 5581 ιιι,
3639 5519 3670 5572 5
3709 5536 3718 5569 :
3770 5537 3784 5567 ι
3816 5518 4016 5585 Plange

2443 5588 2664 5652 amodo,
2701 5591 2790 5658 qui
2824 5606 2920 5659 per
2942 5588 3231 5646 consilium
3276 5604 3506 5655 nequam
3543 5594 3716 5644 tactus
3756 5604 3813 5659 es
3843 5591 4020 5659 parti-

2451 5659 2570 5711 eida
2607 5658 2969 5715 saevissimus.
3036 5679 3053 5712 ι
3114 5660 3487 5716 Onomasticon
3526 5675 3542 5712 :
3580 5679 3597 5710 ‹
3646 5658 3855 5714 Amodo
3914 5658 4018 5709 ἁπό

3873 5259 3886 5288 ι
3928 5236 4021 5292 Ti-

2440 5728 2657 5802 ςούτου.
2697 5729 2879 5786 Utitur
2907 5732 3177 5802 interpres
3206 5731 3323 5786 Yet.
3360 5728 3687 5786 Testamenti
3718 5740 3769 5784 et
3793 5728 3947 5783 Novi.
3992 5746 4011 5779 ›

2444 5796 2525 5854 lo.
