4414 6462
397 379 530 450 1328

1186 395 1543 455 HISTORIA
1570 396 2131 460 ECCLESIASTICA
2172 402 2269 461 EX
2303 401 2776 463 ΤΙΙΕΟΡΠΑΧΕ.

3447 409 3576 472 mo

395 495 523 545 tatis
561 491 1093 559 appropinquasset,
1128 508 1326 563 equum
1374 497 1584 566 ﬂagello
1617 503 1888 568 percussit
1919 521 1932 566 ;
1967 510 2007 562 Α
2037 512 2148 556 tum
2207 506 2280 569 in,
2317 506 2573 571 Africam,
2623 517 2676 563 et
2731 508 2939 576 captiva
2974 510 3240 566 duxerunt
3313 521 3501 583 millia,
3532 539 3580 572 ιιο

394 580 486 646 qui
516 579 784 647 iactanter
810 580 1010 633 saliens
1038 589 1091 634 et
1116 583 1234 650 ejus
1264 596 1424 652 caput
1460 587 1512 640 in
1558 597 1768 657 portam
1817 592 1932 644 alli-

392 670 530 723 dcns
574 670 716 723 lume-
749 670 888 723 male
935 672 1044 723 vita
1107 675 1355 740 privavit,
1383 685 1436 728 et
1465 680 1543 732 sic
1575 678 1717 734 Deus
1763 682 1935 751 impe-

394 761 562 812 ratori
593 759 869 811 victoriam
903 762 1154 814 contulit.
1189 761 1453 819 Phadaias
1497 777 1676 822 autem
1710 774 1935 828 veniens

394 848 446 900 in
477 847 748 916 Esapoiini
781 859 832 902 et
862 849 975 904 haec
1012 853 1191 905 omnia
1221 853 1440 910 discens
1471 859 1722 915 turbatus
1751 871 1855 925 est,
1880 873 1933 915 et

393 936 540 989 misit
575 939 640 988 ad
695 935 964 990 Mauhiam
1005 942 1284 1006 postulans
1314 944 1664 1011 adjutorinm,
1692 964 1756 1002 eo
1789 951 1931 1018 quod

390 1023 614 1077 Romani
651 1026 716 1077 ad
740 1028 1086 1079 concordiam
1124 1035 1528 1087 convenissent.
1563 1036 1723 1090 Mittit
1749 1048 1931 1093 autem

388 1113 437 1164 ei
489 1111 734 1168 Mauhias
769 1117 938 1168 illium
982 1131 1137 1170 suum
1176 1117 1350 1182 llirid,
1380 1135 1599 1178 armans
1637 1142 1758 1180 enni
1807 1141 1930 1180 cum

389 1200 732 1255 multitudine
760 1200 1150 1258 Romanorum.
1179 1208 1562 1265 Convenerunt
1592 1223 1772 1269 autem
1797 1219 1933 1270 utri-

385 1305 492 1358 que
513 1291 650 1358 apud
686 1291 1104 1359 Chalcedonam,
1133 1304 1186 1349 et
1222 1300 1464 1366 captivos
1489 1302 1764 1358 duxerunt
1795 1310 1930 1360 mul-

389 1389 472 1432 tos
527 1397 541 1431 :
591 1389 851 1446 ceperunt
915 1394 1095 1436 autem
1140 1397 1192 1438 et
1229 1389 1510 1444 Amoriutn
1567 1391 1828 1463 Phrygiae,
1875 1411 1930 1451 et

383 1468 622 1536 quinque
656 1470 901 1524 millibus
934 1484 1266 1529 armatorum
1303 1481 1542 1534 virorum
1572 1483 1814 1541 dimissis
1870 1489 1924 1542 in

387 1557 687 1610 custodiant
719 1560 840 1627 ejus
867 1561 1206 1618 diverterunt
1241 1569 1292 1619 in
1328 1569 1559 1638 Syriam.
1588 1572 1720 1626 Cum
1749 1586 1924 1631 autem

383 1644 554 1698 hiems
592 1651 932 1714 accessisset,
973 1655 1135 1708 mittit
1189 1657 1481 1725 imperator
1525 1664 1772 1718 eumdem
1815 1669 1925 1720 Au-

380 1734 566 1788 dream
611 1738 1049 1808 cubicularium;
1107 1754 1159 1798 et
1218 1763 1341 1800 cum
1393 1753 1484 1804 nix
1537 1765 1680 1808 esset
1733 1759 1920 1820 multa,

2043 595 2261 660 ferunt,
2311 598 2644 665 octuaginta.
2718 599 2890 653 Porro
2959 602 3010 653 hi
3075 605 3164 670 qui
3225 604 3576 663 “fit‘lilllluili

2039 698 2192 740 erant
2226 689 2648 756 provinciarum,
2678 690 3054 760 Chrysopolim
3085 706 3352 748 venrrnnt
3393 701 3575 753 dicen-

2036 783 2157 829 tes:
2196 776 2255 830 Si
2292 779 2344 830 in
2378 777 2686 830 Trinitatem
2741 783 3018 842 credimus,
3053 795 3152 835 (rer
3180 788 3336 838 etiam
3369 807 3576 844 corone-

2036 880 2168 917 mus.
2205 864 2470 918 Turbatus
2492 882 2617 935 ergo
2656 878 2732 920 est
2766 868 3155 926 Constantianus
3179 891 3240 927 eo
3269 879 3412 943 quod
3467 880 3578 946 ipse

2036 954 2184 1006 solus
2221 955 2501 1009 redimitus
2532 967 2708 1021 esset;
2741 959 2935 1014 fratres
2983 973 3160 1015 autem
3208 965 3324 1024 eius
3379 971 3576 1023 nuliam

2031 1041 2350 1109 dignitatem
2401 1043 2688 1098 habebant.
2726 1046 2787 1099 Et
2834 1050 2995 1102 misso
3030 1051 3312 1104 'i'heodnro
3351 1061 3578 1123 patricio

2030 1130 2269 1185 Colonia:
2326 1134 2591 1200 mitigavit
2636 1151 2749 1197 eos.
2803 1140 3193 1206 superlandans
3232 1146 3365 1206 illos,
3411 1158 3461 1200 rt
3494 1163 3573 1200 as-

2027 1220 2257 1287 sun'ptis
2301 1235 2366 1274 ex
2396 1224 2475 1276 eis
2499 1213 2794 1290 majoribus
2831 1237 2978 1286 natu,
3019 1237 3076 1280 ut
3109 1232 3292 1283 urhe-n
3335 1233 3579 1300 ingrede-

2032 1313 2224 1360 rentur
2247 1316 2302 1362 et
2343 1323 2464 1363 cuni
2506 1321 2698 1364 senatu
2751 1313 2946 1367 inirent
2989 1319 3313 1370 consilium.
3342 1331 3399 1373 nt
3430 1321 3578 1377 ﬁeret

2030 1397 2286 1451 voluntas
2335 1414 2548 1452 eorum.
2605 1401 2901 1468 imperator
2946 1406 3122 1459 taliter
3175 1407 3268 1460 Iros
3325 1410 3578 1478 deceptos

2029 1482 2317 1539 confestim
2366 1486 2417 1539 in
2460 1489 2703 1555 patibulo
2756 1493 3058 1560 suspendit,
3111 1504 3261 1548 trans
3297 1507 3491 1550 it'etmn
3525 1500 3576 1551 in

2032 1571 2223 1642 εγω..
2275 1575 2344 1626 At
2398 1576 2471 1628 illi
2525 1578 2626 1630 hoc
2659 1581 2774 1632 viso
2804 1581 3014 1634 confusi
3045 1585 3291 1638 abierunt
3333 1588 3580 1641 dolenter

2032 1665 2096 1715 ad
2128 1666 2348 1734 propria
2378 1685 2390 1720 :
2426 1668 2721 1735 imperator
2755 1683 2931 1724 autem
2961 1672 3185 1727 fratrum
3210 1693 3430 1729 suorum
3461 1697 3580 1734 tou-

2026 1753 2176 1808 tinuo
2214 1770 2379 1810 nasos
2417 1760 2670 1812 abscidit.

382 1833 543 1880 noctu
575 1831 743 1892 venit,
776 1840 827 1885 et
863 1849 957 1901 per
993 1836 1194 1904 lignum
1245 1845 1543 1897 ascendunt
1590 1847 1643 1900 in
1688 1866 1923 1914 murum,
1961 1816 2001 1869 Β
2108 1845 2265 1900 Anno
2322 1851 2530 1917 imperii
2579 1850 2917 1905 Constantini
2979 1857 3215 1911 seiundo
3285 1867 3576 1925 tempestas

379 1925 432 1970 et
471 1917 851 1986 ingrediuntur
898 1924 1176 1980 Amorinm
1206 1969 1220 1992 ,
1272 1941 1326 1984 et
1376 1949 1565 1990 omnes
1600 1939 1927 1996 interficiunt

383 2005 607 2071 Arabes,
636 2010 714 2083 rita
765 2021 823 2064 ut
850 2029 914 2066 ex
943 2015 1182 2095 quinque
1213 2021 1450 2076 millibus
1486 2025 1595 2079 illic
1621 2029 1804 2082 nullus
1832 2044 1928 2099 pe-

384 2094 532 2150 nitus
558 2111 885 2158 remaneret.

453 2184 633 2241 Mnndi
676 2204 820 2248 anno
879 2193 1040 2259 6-160,
1090 2199 1289 2252 divina:
1342 2204 1734 2263 incarnationis
1785 2216 1925 2266 anno

378 2274 501 2340 660,
530 2291 671 2332 anno
691 2296 818 2336 vero
840 2285 1047 2354 imperii
1073 2289 1262 2353 sni27,
1295 2291 1566 2350 Constans
1597 2302 1810 2355 occisus
1841 2313 1926 2358 est

377 2369 505 2426 dolo
530 2370 582 2425 in
619 2371 806 2427 Sicilia
837 2379 975 2446 apud
1011 2378 1338 2446 Syracusani
1371 2388 1422 2440 in
1454 2388 1669 2456 balneo,
1697 2395 1782 2445 cui
1828 2410 1925 2448 no-

381 2475 501 2515 men
549 2472 669 2518 erat
705 2467 924 2537 Daphne
959 2487 972 2522 :
1005 2471 1179 2526 fuerat
1211 2485 1386 2531 autem
1416 2495 1580 2534 causa
1637 2484 1767 2538 lure.
1800 2487 1927 2542 Post

377 2550 846 2625 interemptionem
890 2558 1180 2618 Theodosii
1235 2567 1424 2624 fratris
1459 2573 1631 2640 ipsius
1672 2576 1800 2630 odio
1832 2578 1925 2630 ha-

379 2643 525 2700 bitus
553 2659 636 2702 est
669 2667 696 2700 a
735 2648 1030 2720 Byzantiis,
1051 2663 1103 2707 et
1132 2659 1363 2714 maxime
1396 2663 1520 2728 quia
1550 2675 1600 2717 et
1635 2664 1922 2720 Martinnm

378 2740 789 2795 sanctissimum
831 2739 1020 2812 papam
1053 2745 1357 2804 Romanum
1394 2755 1753 2823 ignominiose
1778 2759 1922 2814 Con-

378 2827 785 2897 stantinopolim
809 2831 960 2887 duxit
989 2844 1039 2887 et
1063 2839 1252 2894 exsilio
1290 2843 1542 2913 relegavit
1569 2834 1732 2915 penes
1760 2850 1926 2905 Cher-

376 2917 530 2969 sonis
561 2919 800 2985 climata,
840 2931 891 2974 et
947 2923 1163 2978 Maximi
1204 2932 1590 2999 sapientissimi
1631 2948 1682 2991 et
1709 2943 1925 2996 conies~

377 3007 519 3061 soris
569 3008 803 3078 linguam
844 3028 1169 3085 manmnque
1195 3025 1483 3087 truncavit,
1515 3036 1568 3081 ct
1603 3030 1800 3086 multos
1829 3048 1923 3085 or-

375 3093 737 3150 thodoxorum
789 3102 1110 3159 verberibus
1145 3116 1199 3159 et
1230 3110 1440 3163 exsiliis
1488 3122 1543 3166 et
1578 3120 1924 3186 proscriptio-
1947 3135 1992 3190 ο

373 3183 555 3250 nibus,
599 3201 664 3239 eo
715 3191 861 3256 quod
895 3194 1082 3248 haeresi
1115 3211 1225 3250 sua:
1272 3200 1578 3259 nullatenus
1607 3183 1921 3277 acquiesce-

375 3284 514 3334 rent.
553 3277 971 3345 condemnavit;
1024 3287 1155 3354 quin
1183 3296 1237 3342 et
1271 3288 1407 3345 duos
1455 3295 1791 3363 Anastasios,
1828 3302 1922 3370 qui

374 3366 625 3435 discipuli
660 3369 874 3425 fuerant
917 3366 1131 3430 Maximi
1165 3381 1500 3440 confessoris
1547 3396 1601 3441 et
1646 3366 1919 3462 martyris,

371 3461 658 3516 tormentis
692 3471 744 3518 et
793 3465 1001 3523 exsiliis
1060 3469 1302 3526 tradidit.
1354 3475 1578 3552 Propter
1617 3481 1742 3535 talia
1791 3461 1923 3553 ergo

372 3564 572 3604 exosus
598 3555 809 3609 cunctis
842 3557 1071 3614 eﬂ'ectus
1099 3571 1202 3616 est.
1234 3563 1367 3617 Cum
1400 3578 1576 3620 autem
1623 3572 1777 3625 valde
1809 3589 1922 3632 me-

374 3649 570 3706 tueret,
598 3645 767 3697 volvit
813 3647 1098 3715 imperium
1156 3652 1206 3702 iri
1253 3653 1436 3706 urbem
1479 3656 1703 3710 Romam
1742 3669 1920 3719 trans:

372 3727 734 3793 ferrerunde
776 3744 829 3789 et
874 3737 1272 3804 imperatrieem
1329 3751 1549 3812 tresque
1602 3749 1739 3804 ﬁlios
1791 3767 1931 3810 suos.

372 3820 560 3874 tollere
587 3834 614 3872 a
649 3820 909 3891 Byzantio
963 3829 1150 3890 voluit,
1214 3832 1316 3884 nisi
1354 3836 1594 3892 Andreas
1638 3841 1918 3903 cubienla-

374 3909 488 3962 rius
545 3918 598 3963 et
637 3909 1225 3973 TheodorusColonize
1285 3923 1448 3992 hujus
1516 3929 1919 3996 prohibuissent

371 3999 686 4055 consilium.
734 4002 880 4059 Sane
928 4008 990 4059 ein
1032 4008 1217 4064 Sicilia
1255 4013 1383 4068 iecit
1432 4031 1604 4073 annos
1631 4035 1743 4074 sex.
1782 4022 1916 4078 Cum

372 4095 554 4142 autem
607 4093 922 4160 przmlictum
964 4084 1216 4155 balneum
1259 4105 1537 4174 ingressus
1574 4109 1784 4176 fuisset,
1835 4116 1919 4169 in-

371 4179 554 4233 troivit
588 4196 710 4236 cum
742 4199 805 4238 eo
845 4187 1061 4256 quidam
1088 4192 1333 4256 Andreas
1366 4196 1506 4254 filius
1534 4199 1724 4269 Troili,
1759 4205 1919 4259 obse-

367 4270 612 4327 cundans
644 4274 755 4340 illi;
801 4287 854 4331 et
890 4296 1013 4334 cum
1054 4287 1311 4354 rmpisset
1341 4305 1544 4359 sapone
1571 4295 1779 4351 Galliro
1804 4298 1916 4366 {66)

369 4357 606 4427 deliniri,
633 4379 853 4420 sumens
886 4368 1129 4424 Andreas
1156 4374 1377 4429 situlam
1406 4357 1548 4434 dedit
1580 4398 1698 4436 eam
1724 4385 1776 4438 in
1804 4401 1916 4438 vcr-

2028 1950 2220 2004 niagna
2249 1936 2439 1991 ell’ecta
2463 1949 2566 2004 est,
2602 1952 2657 1992 et
2694 1943 2848 1994 multi
2878 1945 3159 2010 periclitati
3194 1958 3316 1999 sunt
3347 1957 3450 2000 tam
3480 1950 3574 2000 Iw-

2027 2025 2198 2080 mines
2237 2043 2396 2095 quam
2435 2029 2634 2084 bestiae.
2669 2029 2932 2088 Phadaias
2958 2045 3135 2089 autem
3178 2038 3404 2092 hiemem
3437 2042 3574 2108 apud

2025 2114 2278 2183 Cyzicum
2319 2119 2465 2171 fecit.

2093 2203 2250 2255 Anno
2285 2205 2494 2272 imperii
2525 2205 2865 2263 Constantini
2901 2213 3058 2266 tertio
3101 2215 3271 2269 anttr
3313 2232 3435 2268 cum
3477 2220 3575 2272 hov

2026 2292 2135 2346 stili
2174 2293 2445 2361 profectus
2490 2305 2575 2351 est
2626 2310 2908 2367 apparatu,
2965 2315 3018 2356 et
3063 2305 3316 2372 plurimis.
3349 2311 3577 2376 captivis

2025 2383 2205 2440 ductis
2238 2401 2482 2441 reversus
2510 2396 2615 2442 est.

2094 2472 2278 2528 Mundi
2338 2491 2480 2531 anno
2540 2479 2702 2544 6164,
2736 2481 2932 2537 divina:
2985 2485 3375 2541 incarnationis
3433 2505 3575 2540 anno

2026 2563 2148 2628 661,
2189 2580 2331 2622 anno
2362 2584 2487 2622 vero
2511 2569 2728 2640 imperii
2770 2573 3113 2629 Constantini
3170 2590 3364 2646 quarto
3412 2595 3578 2649 appa-

2029 2657 2138 2708 ruit
2175 2656 2274 2710 lris
2301 2658 2352 2710 in
2403 2661 2542 2715 caelo
2587 2677 2772 2718 mense
2805 2663 3018 2729 Martio,
3053 2677 3105 2721 et
3138 2673 3358 2722 tremuit
3401 2673 3574 2726 omnis

2027 2759 2178 2809 caro,
2232 2749 2304 2800 ita
2369 2758 2429 2801 ut
2482 2751 2726 2806 dicerent
2776 2769 2966 2809 omnes
3009 2756 3148 2823 quod
3183 2760 3574 2811 consummatio

2024 2843 2129 2889 est.
2162 2835 2358 2890 Eodem
2381 2855 2524 2892 anno
2554 2843 2697 2894 stolo
2719 2856 2915 2908 magno
2942 2854 3255 2898 constructo
3291 2855 3572 2912 negatores

2025 2920 2226 2976 Christi
2259 2922 2505 2979 Muamed
2557 2937 2612 2979 et
2663 2928 2858 2982 Caisus
2908 2933 3296 2999 navigaverunt
3344 2935 3394 2984 in
3441 2934 3569 2985 Cili-

2023 3010 2183 3076 ciam,
2210 3022 2263 3066 et
2293 3014 2664 3069 liiemaverunt
2709 3033 2872 3086 penes
2908 3019 3214 3089 Smyrnam,
3244 3022 3482 3075 Cilnium
3519 3032 3571 3075 el-

2025 3097 2264 3171 Lyciam,
2299 3113 2352 3157 et
2387 3103 2523 3158 facta
2554 3115 2638 3162 est
2672 3111 2976 3164 mortalitas
3006 3112 3060 3165 in
3090 3099 3343 3182 Algypto.
3371 3115 3568 3169 Missus

2026 3201 2201 3246 autem
2237 3203 2318 3266 est
2352 3210 2527 3251 saevus
2554 3199 2791 3254 amireus
2821 3216 2943 3254 cum
2972 3203 3076 3257 alio
3110 3220 3321 3273 quoque
3350 3207 3486 3260 siulo
3515 3209 3566 3259 in

2024 3282 2283 3337 auxilium
2303 3286 2565 3354 ipsorum,
2585 3297 2771 3360 utpote
2785 3295 3309 3361 congrticutissitnns
3328 3307 3378 3348 et
3396 3299 3530 3351 anda
3544 3316 3568 3349 r.

2026 3375 2093 3429 ad
2146 3377 2409 3446 praelium.
2438 3380 2508 3434 At
2539 3398 2669 3436 vero
2698 3385 2961 3453 'praelatus
3002 3385 3396 3439 Constantinus
3417 3427 3431 3450 ,
3469 3390 3564 3442 ltu-

2021 3465 2255 3532 jnsmodi
2290 3469 2454 3522 Deum
2505 3472 2933 3541 impugnantiutn
2978 3475 3242 3528 adversus
3289 3474 3570 3531 Constanv

2025 3555 2305 3622 tin0polim
2338 3566 2482 3608 motu
2537 3569 2839 3625 comperto,
2871 3565 3180 3614 construxit
3220 3571 3271 3613 ct
3306 3564 3421 3630 ipse
3455 3567 3567 3620 bie-

2022 3657 2109 3696 res
2159 3644 2314 3697 mire
2374 3641 2800 3715 magnitudinis,
2843 3651 3016 3719 ignem
3072 3651 3344 3714 ferentes,
3406 3663 3566 3723 atque

2021 3731 2330 3785 dromones.

2090 3821 2259 3876 Anno
2323 3823 2532 3892 imperii
2611 3826 2951 3884 Constantini
3023 3834 3214 3900 quinto
3269 3840 3597 3903 praedictus.

2023 3909 2190 3964 Deum
2224 3915 2654 3984 impugnantium
2688 3920 2859 3975 stolus
2894 3925 3192 3982 ascendens
3218 3931 3479 3996 applicuit
3513 3933 3564 3985 in

2020 4002 2424 4061 Thracensibns
2488 4009 2734 4077 partibus
2774 4054 2787 4074 ,
2859 4029 2885 4064 a
2932 4020 3242 4071 summitate
3319 4023 3563 4078 videlicet

2025 4097 2270 4166 Septimi,
2308 4116 2427 4170 quae
2455 4105 2625 4172 vergit
2653 4105 2717 4157 ad
2741 4107 3096 4174 occidentem,
3123 4109 3174 4163 id
3203 4123 3305 4175 est,
3347 4128 3373 4164 a
3407 4115 3567 4168 domn

2022 4203 2144 4257 quae
2183 4187 2475 4259 Magnaura
2502 4191 2721 4256 dicitur,
2760 4204 2811 4250 et
2843 4212 3034 4253 rursus
3064 4215 3234 4270 usque
3277 4202 3342 4255 ad
3392 4219 3566 4259 arcem

2024 4294 2184 4347 quam
2211 4278 2756 4351 Cyrlohiumdicunt,
2783 4303 3011 4358 qumque
3048 4301 3254 4361 spectat
3285 4294 3347 4347 ad
3379 4294 3568 4350 Orien-

2024 4379 2156 4426 tem.
2211 4371 2311 4426 Per
2377 4383 2544 4426 totum
2603 4378 2782 4446 itaque
2820 4379 2984 4434 diem
3065 4389 3375 4455 congre..siu
3448 4390 3566 4440 helu

366 4449 527 4502 licem
556 4457 919 4520 imperatoris.
947 4469 1000 4511 et
1030 4463 1276 4526 protinus
1307 4466 1461 4534 fugit.
1496 4471 1589 4523 Ast
1627 4473 1920 4541 imperator
1950 4450 1995 4506 θ
2024 4474 2109 4514 ιθπ

1824 4480 1920 4525 ὶιο.»
1950 4450 1995 4506 1)
2024 4463 2329 4525 tenebatur,
2361 4464 2412 4514 id
2439 4475 2523 4518 est
2563 4481 2592 4516 a
2652 4482 2809 4521 mane
2862 4485 3031 4539 usque
3081 4476 3143 4527 ad
3205 4490 3503 4542 vesperam.
3542 4494 3567 4529 τι

367 4553 492 4591 cum
526 4541 838 4622 tarilaretur
892 4547 942 4598 in
989 4549 1223 4613 balneo,
1269 4557 1516 4610 insiliunt
1573 4560 1626 4612 hi
1662 4563 1748 4628 qui
1785 4560 1916 4619 foris

365 4638 561 4691 erant,
612 4617 666 4683 et
719 4635 997 4700 reperiunt
1053 4637 1435 4706 imperatorem
1476 4648 1741 4701 occisum.
1799 4652 1917 4714 Quo

366 4719 577 4784 sepulto
606 4718 822 4775 Minium
868 4727 1153 4788 quemdam
1184 4731 1500 4788 Armenium
1539 4736 1913 4804 imperatorem

368 4807 635 4877 fecerunt,
688 4816 739 4866 vi
780 4823 1035 4884 cogentes
1079 4817 1225 4874 hunc
1259 4832 1418 4877 :erat
1451 4827 1594 4879 enim
1635 4827 1786 4879 valde
1818 4830 1914 4881 de-

363 4915 528 4957 corus
558 4911 612 4958 et
648 4907 951 4974 speciosus.
978 4910 1180 4984 Audito
1218 4924 1479 4980 praeterea
1519 4917 1912 4975 Constantinus

367 4996 539 5055 patris
574 4997 724 5052 obitu
761 5015 883 5052 cum
931 5000 1100 5054 multo
1134 5005 1350 5073 navigio
1383 5008 1435 5060 in
1472 5006 1712 5062 Siciliam
1751 5011 1913 5075 venit,

364 5088 418 5130 vt
459 5097 747 5152 aggressus
781 5088 996 5143 Minium
1033 5091 1172 5147 hunc
1207 5092 1478 5150 interfecit
1503 5113 1626 5150 cum
1670 5100 1915 5153 occciso-

366 5173 518 5225 ribus
544 5177 712 5240 patris
755 5181 860 5242 sui,
894 5190 945 5234 et
986 5183 1250 5238 ordinatis
1294 5183 1572 5256 Hesperiis
1601 5187 1914 5242 Constanti.

367 5264 601 5325 izupolim
631 5268 808 5334 rediit,
849 5281 904 5326 et
957 5275 1216 5329 Romanis
1263 5293 1367 5330 una
1420 5294 1542 5332 cum
1599 5278 1814 5333 Tiberio
1862 5290 1916 5333 et

362 5350 613 5408 Heraclio
645 5358 903 5415 fratribus
937 5365 1183 5432 imperat.

435 5446 590 5499 Anno
627 5451 800 5514 primo
852 5449 1062 5522 imperii
1107 5457 1449 5512 Constantini
1502 5462 1687 5516 decem
1737 5471 1788 5514 et
1835 5477 1915 5516 se-

366 5547 508 5599 ptem
540 5538 696 5590 annis
726 5540 1046 5606 imperantis
1077 5560 1362 5602 moverunt
1407 5551 1661 5607 Saraceni
1709 5554 1912 5606 exerci-

2024 4549 2331 4612 Braehialio
2365 4565 2540 4605 aurea:
2586 4564 2752 4620 [δοῖ-ιω
2799 4573 2968 4628 usque
3013 4563 3451 4631 ad‘Cyclobinm,
3490 4570 3567 4621 in-

2024 4643 2195 4695 vicem
2249 4652 2473 4709 utraque
2528 4655 2685 4709 parte
2739 4662 2883 4701 nunc
2936 4650 3163 4721 impulsa
3207 4671 3347 4706 nunc.
3387 4659 3571 4727 λεηρεί,

2023 4729 2185 4782 lente.
2244 4729 2298 4780 In
2354 4729 2434 4780 his
2493 4729 2660 4797 igitur
2700 4731 3004 4801 deguerunt
3059 4741 3127 4794 ab
3177 4742 3344 4811 Aprili
3391 4760 3571 4799 mense

2024 4835 2198 4887 usque
2251 4818 2316 4871 ad
2367 4817 2791 4886 Septembrium,
2819 4831 2875 4877 et
2916 4830 3115 4881 reversi
3161 4829 3414 4900 Cyzicum
3453 4849 3570 4898 per-

2023 4925 2176 4981 gunt,
2209 4920 2262 4965 et
2300 4911 2398 4963 hac
2428 4913 2822 4979 comprehensa
2862 4917 2970 4970 illic
2996 4918 3391 4982 hicmal:ant.ct
3425 4928 3567 4978 omni

2021 5019 2147 5058 vere
2177 5001 2474 5070 ascendens
2501 5001 2750 5055 similiter
2784 5019 2877 5070 per
2919 5022 3065 5065 mare
3098 5015 3407 5066 continuum
3443 5031 3562 5069 cuni

2021 5067 2345 5148 Christianis
2399 5091 2650 5145 habebat.
2703 5067 2807 5145 Per
2865 5104 3066 5164 septem
3101 5115 3230 5152 Sane
3280 5119 3447 5154 annos
3483 5106 3566 5159 his

2019 5187 2221 5241 eisdem
2276 5184 2466 5254 gestis,
2512 5191 2566 5236 et
2625 5184 2807 5237 divina
2866 5185 3066 5256 Deique
3118 5190 3408 5246 Genitricis
3469 5209 3568 5262 ope

2021 5277 2366 5331 multitudine
2400 5274 2640 5328 virorum
2690 5273 3074 5331 bellicosorum
3105 5283 3328 5344 amissa,
3359 5296 3409 5335 et
3451 5286 3568 5336 vul-

2024 5372 2303 5426 neratione
2353 5368 2584 5418 maxima
2641 5367 2693 5419 in
2732 5370 2811 5420 eis
2853 5369 3069 5434 effecta,
3103 5374 3316 5428 confusi
3365 5377 3566 5429 reversi

2023 5474 2148 5518 sunt
2177 5478 2297 5515 cum
2325 5459 2526 5530 ingenti
2559 5460 2834 5511 Intestitia.
2860 5460 2992 5514 Cum
3018 5475 3196 5516 autem
3226 5467 3572 5521 discessisset

2022 5549 2160 5610 idem
2191 5550 2582 5620 demergcndus
2631 5561 2660 5598 a
2697 5545 2800 5601 Deo
2832 5554 3022 5614 stolus,
3057 5555 3124 5606 ah
3171 5555 3384 5607 hiemali
3435 5567 3567 5612 Es“;

1842 5662 2070 5721 ΝΟΉΕ.

434 5739 545 5804 466)
584 5742 816 5813 Saponis
868 5745 1082 5811 Gallici,
1117 5765 1224 5819 quo
1257 5753 1549 5811 utebantur
1581 5756 1634 5809 in
1679 5755 1907 5823 balneis,
1952 5759 2195 5816 meminit
2233 5759 2624 5824 Tlieolnpestns
2672 5758 2937 5828 Hippiatr.
2990 5774 3026 5820 ι,
3065 5759 3154 5815 ‘20.
3195 5759 3356 5815 ann.
