4414 6462
768 386 897 452 1331

1819 385 2221 447 ANASTASII
2262 387 2894 452 BIBLIOTHECARII

3882 393 4018 459 1332

763 512 815 553 et
847 501 1045 570 spiritu
1092 498 1452 570 procellarum
1511 498 1657 553 circa
1715 505 1901 568 partes
1962 496 2142 569 Sylltei
2181 511 2334 552 com-
2362 501 2411 558 Δ
2439 514 2629 556 mosus
2650 503 2735 556 vir
2764 501 2831 555 ad
2861 502 3246 572 imperatorem
3288 517 3415 557 cum
3449 503 3769 557 muneribus
3795 520 4014 574 quoque

764 594 1142 663 prehenditur,
1177 600 1231 648 et
1270 593 1541 648 contritus
1576 601 1725 646 totus
1772 590 2104 647 omnimodis
2154 590 2332 660 periit.

770 686 1037 757 Suphiam
1094 693 1275 739 autem
1341 686 1483 739 ﬁlius
1538 682 1757 753 Hauph,
1809 682 2088 739 secundus
2140 682 2333 746 frater,

762 779 1039 833 commisit
1076 778 1272 831 bellum
1307 792 1431 831 cum
1454 776 1616 831 Floro
1644 787 1696 831 et
1724 775 1955 831 Petrona
1979 785 2032 831 et
2063 775 2336 846 Cypriauo

763 869 1096 925 habentibus
1168 870 1426 923 virtutem
1485 868 1844 933 Romaicam,
1894 877 1949 922 et
2002 869 2335 922 occiduntur

758 960 1000 1013 Arabum
1044 960 1263 1029 triginta
1322 958 1511 1011 millia.
1577 956 1731 1011 Tunc
1791 957 2092 1011 Callinicus
2150 957 2335 1010 archi-

762 1061 940 1105 tectus
987 1051 1053 1104 ab
1088 1051 1354 1119 llcliopoli
1403 1050 1575 1121 Syria
1633 1050 1698 1102 ad
1751 1048 2029 1104 Romanos
2070 1053 2336 1119 profugus

762 1144 947 1208 venit,
1000 1145 1092 1213 qui
1153 1144 1365 1197 marino
1423 1144 1546 1213 igne
1591 1142 1843 1197 confecto
1908 1158 2037 1197 vasa
2090 1143 2332 1197 Arabum

764 1236 975 1291 exussit
999 1248 1053 1291 et
1084 1251 1189 1290 una
1220 1250 1342 1290 cum
1370 1235 1656 1290 animabus
1693 1251 1919 1304 prorsus
1952 1237 2217 1289 incendit.
2259 1236 2334 1289 lta

763 1327 996 1383 Romani
1027 1344 1153 1382 cum
1195 1329 1472 1397 triumpho
1520 1331 1721 1382 reversi
1782 1336 1946 1391 sunt,
2004 1328 2127 1399 igne
2179 1328 2333 1382 adin-

764 1430 928 1475 venlo
970 1422 1206 1477 marino.

830 1509 1015 1565 Mundi
1079 1525 1225 1564 anno
1282 1509 1443 1575 6l66,
1470 1511 1672 1565 divinae
1726 1511 2133 1565 incarnationis
2192 1525 2336 1563 anno

762 1603 883 1663 666.
918 1618 1064 1658 anno
1114 1619 1244 1658 vero
1308 1604 1521 1674 imperii
1576 1604 1923 1659 Constantini
1984 1614 2141 1659 sexto
2187 1604 2335 1659 Con-

761 1691 1034 1747 stantinus
1089 1691 1357 1756 habetur,
1418 1694 1509 1762 qui
1569 1694 2196 1764 Constantinopolitante
2242 1711 2338 1765 per

760 1788 900 1837 duos
923 1800 1098 1839 annos
1127 1785 1381 1839 Ecclesiae
1407 1785 1507 1839 fuit
1534 1787 1794 1851 antistes;
1815 1786 2165 1857 Abdelasque
2195 1787 2339 1840 ﬁlius

2441 593 2631 647 multis
2663 608 2919 649 reversus
2949 602 3055 650 est.
3084 594 3221 649 Cum
3248 602 3431 649 autem
3463 594 3577 648 haec
3603 594 3939 649 didicissent
3960 598 4010 649 hi

2439 686 2532 753 qui
2563 684 2857 754 Hesperias
2882 695 3068 757 partes
3097 685 3431 745 inhabitant.
3454 694 3565 739 tam
3600 686 3848 741 videlicet
3876 688 4010 740 cha-

2438 788 2613 842 ganus
2644 776 2883 828 Avarum
2923 784 2978 829 et
3001 775 3292 830 ulteriores
3327 791 3483 845 reges
3512 793 3675 846 quam
3710 778 3929 831 exarchi
3959 788 4012 831 et

2438 864 2691 927 castaldi,
2732 880 2829 918 nec
2869 882 2975 919 non
3006 873 3059 919 et
3092 866 3369 935 principes
3398 867 3678 920 nationum
3714 868 3779 920 ad
3814 868 4011 921 Orien-

2440 965 2545 1009 tem
2588 958 2843 1019 sitarum,
2903 973 2999 1026 per
3060 958 3270 1027 legatos
3322 958 3641 1012 muneribus
3701 959 4015 1026 imperatori

2446 1049 2787 1103 transmissis
2824 1050 3106 1118 paciﬁcam
3153 1065 3279 1118 erga
3348 1066 3405 1105 se
3452 1050 3799 1105 dilectionem
3841 1067 4013 1121 popo-

2439 1156 2592 1195 scere
2625 1143 2968 1195 ﬁrmandam.
2996 1145 3260 1198 Annuens
3291 1144 3471 1213 itaque
3497 1145 3793 1213 imperator
3828 1158 4012 1213 postu-

2441 1234 2741 1289 latiouibus
2794 1251 3028 1301 eorum,
3066 1237 3415 1291 conﬁrmavit
3461 1242 3625 1291 etiam
3676 1241 3821 1291 circa
3891 1238 4015 1289 illos

2440 1326 2786 1380 donatoriam
2829 1342 3052 1397 pacem;
3088 1337 3142 1382 et
3173 1329 3315 1382 iacta
3365 1340 3448 1383 est
3497 1331 3769 1383 securitas
3818 1347 4012 1398 magna

2440 1418 2495 1470 in
2529 1418 2781 1484 Oriente,
2829 1435 2929 1474 ne“,
2963 1436 3073 1474 non
3109 1421 3162 1474 in
3208 1418 3526 1475 Occidente.

2512 1510 2671 1564 Anno
2727 1513 2937 1581 imperii
2996 1513 3345 1567 Constantini
3419 1512 3632 1566 decimo
3706 1512 3881 1566 factus
3930 1525 4016 1566 est

2437 1610 2601 1656 terrae
2647 1613 2827 1658 motus
2872 1618 3101 1672 magnus
3129 1619 3224 1674 per
3258 1604 3728 1674 Mesopotamiam,
3764 1623 3870 1674 quo
3907 1609 4016 1659 init

2440 1693 2767 1749 lledessenae
2822 1710 3090 1749 ascensus
3147 1705 3201 1749 et
3243 1698 3442 1750 trullus
3468 1697 3750 1758 ecclesiae;
3788 1709 3837 1750 (ι
3882 1715 4016 1751 coti-

2442 1787 2645 1839 struxit
2688 1801 2807 1841 eam
2860 1785 3107 1841 Mauhias
3143 1788 3328 1842 studio
3373 1788 3835 1843 Christianorum.

769 1876 914 1929 Caisi
944 1885 998 1931 et
1023 1876 1287 1930 Phadalas
1322 1878 1499 1931 hieme
1532 1878 1673 1948 apud
1712 1877 1925 1933 Cretam
1957 1878 2148 1933 morati
2186 1886 2333 1934 sunt.
2371 1863 2412 1918 Β
2511 1878 2671 1932 Αιιιιο
2703 1878 2917 1947 imperii
2944 1878 3293 1933 Constantini
3332 1882 3621 1935 undecimo
3649 1892 3898 1935 mortuus
3929 1893 4015 1934 est

843 1966 1002 2021 Auno
1039 1967 1250 2036 imperii
1306 1966 1653 2021 Constantini
1701 1969 1936 2037 septimo
1975 1970 2229 2040 apparuit
2261 1971 2333 2025 si-

760 2075 925 2130 gnum
968 2060 1019 2111 io
1058 2060 1201 2114 ('usio
1244 2060 1332 2112 die
1366 2059 1627 2114 Sabbato.

832 2152 991 2203 Anno
1060 2150 1276 2218 imperii
1333 2150 1683 2205 Constantini
1751 2161 1946 2208 octavo
2011 2152 2336 2211 Theodorus

759 2241 1393 2310 Constantinopolitanus
1426 2244 1657 2297 habetur
1684 2246 1935 2309 antistes,
1980 2249 2070 2316 qui
2118 2250 2335 2302 iluolms

759 2331 920 2382 annis
942 2329 1201 2385 Ecclesiae
1231 2331 1464 2401 praefuit.
1494 2333 1613 2399 Quo
1640 2348 1785 2388 anno
1814 2335 1953 2388 facta
1995 2347 2076 2391 est
2121 2338 2331 2392 locusta

761 2437 958 2487 magna
992 2438 1086 2492 per
1115 2422 1325 2493 Syriam
1359 2431 1412 2478 et
1440 2426 1913 2496 MesOpotamiam.

835 2517 993 2567 Anno
1056 2515 1269 2584 imperii
1343 2516 1690 2571 Constantini
1735 2535 1878 2572 nono
1936 2522 2164 2589 ingressi
2210 2531 2337 2577 sunt

763 2603 1037 2659 Mardaita:
1068 2604 1358 2669 Libanum,
1409 2618 1463 2662 et
1497 2617 1794 2663 tenuerunt
1844 2626 1871 2662 a
1911 2610 2098 2666 Mauro
2152 2622 2337 2667 monte

763 2708 937 2761 usque
967 2694 1032 2746 ad
1065 2703 1312 2747 sanctam
1344 2698 1638 2762 civitatem,
1666 2708 1718 2751 et
1750 2710 2013 2767 ceperunt
2047 2704 2333 2756 cacumina

766 2782 979 2849 Libani,
1012 2795 1064 2837 et
1093 2786 1247 2837 inulti
1277 2786 1419 2841 servi
1442 2795 1497 2839 et
1517 2788 1716 2857 captivi
1751 2791 1957 2858 pariter
1983 2802 2037 2845 et
2069 2792 2336 2862 indigenae

761 2876 1129 2944 confugerunt
1161 2880 1228 2931 ad
1264 2893 1381 2941 eos,
1419 2880 1493 2934 ita
1534 2888 1593 2934 ut
1642 2882 1698 2935 in
1760 2883 1909 2937 brevi
1970 2895 2216 2953 tempore
2278 2886 2333 2940 in

765 2970 935 3025 multa
972 2971 1141 3025 millia
1174 2974 1388 3026 tierent.
1426 2972 1638 3039 Quibus
1669 2977 1965 3045 compertis
2002 2976 2249 3032 Mauhias
2284 2986 2337 3031 et

763 3060 1066 3115 consiliarii
1125 3060 1248 3129 ejus
1288 3061 1592 3117 timuerunt
1622 3063 1799 3126 valde,
1842 3064 2160 3134 colligentes
2192 3066 2335 3135 quod

764 3155 1055 3223 imperium
1125 3155 1492 3210 Romanorum
1548 3155 1817 3211 divinitus
1885 3159 2213 3213 muniretur.
2271 3158 2337 3213 Et

764 3247 953 3317 dirigit
990 3247 1200 3317 legatos
1222 3249 1289 3302 ad
1324 3249 1629 3319 principem
1668 3232 2113 3313 Constantinum,
2145 3259 2336 3321 postu-

763 3339 886 3394 lans
927 3354 1149 3409 pacem,
1211 3350 1265 3396 et
1313 3340 1587 3410 pollicitus
1618 3343 1875 3396 annualia
1927 3358 1987 3399 se
2020 3344 2333 3413 imperatori

764 3439 922 3500 pacta
952 3432 1212 3486 laturum.
1262 3433 1362 3488 Ast
1394 3432 1693 3503 imperator
1738 3434 2114 3503 hujuscemodi
2147 3436 2337 3503 legatis

764 3522 1061 3592 susceptis,
1092 3538 1395 3592 eorumque
1435 3524 1697 3591 petitione
1755 3525 1941 3580 audita
1968 3566 1983 3591 ,
2040 3527 2336 3582 destinavit

763 3629 890 3668 cum
941 3616 1022 3669 eis
1066 3615 1119 3669 in
1174 3614 1389 3686 Syriam
1447 3615 1713 3671 Joannem
1761 3618 2077 3686 patricium,
2131 3633 2337 3689 cogno-

767 3712 953 3758 mento
990 3702 1358 3775 Pitzigandin,
1392 3717 1651 3777 tanquam
1692 3710 1930 3778 antiquae
1960 3712 2227 3779 prosapiae
2259 3711 2335 3765 rei

767 3797 999 3864 publica:
1031 3799 1206 3852 virum
1235 3808 1289 3854 et
1318 3803 1657 3869 negotiorum
1694 3805 1989 3857 multoan
2028 3813 2335 3873 expertum,

766 3900 933 3960 atque
970 3906 1222 3962 magnam
1255 3903 1613 3949 consecutum
1660 3897 2008 3965 prudentiam
2056 3898 2121 3953 ad
2152 3898 2340 3967 dispu-

766 3981 993 4034 tandum
1050 3984 1337 4051 aptissime
1376 4001 1501 4038 cum
1552 3986 1852 4052 Arabibus,
1903 3997 1957 4043 et
2009 4004 2130 4058 quae
2187 3991 2341 4060 pacis

770 4086 901 4127 sunt
935 4089 1192 4129 consona:
1219 4078 1676 4145 praestruendum.
1712 4079 1817 4145 Qui
1861 4097 1983 4134 cum
2016 4082 2259 4137 venisset
2286 4083 2338 4135 in

770 4165 1004 4235 Syriam,
1036 4170 1452 4226 coacervatione
1506 4169 1755 4227 Mauhias
1816 4182 1924 4226 tam
1981 4175 2339 4228 Amineorum

767 4274 933 4327 quam
966 4258 1356 4316 Corasinorum
1402 4262 1593 4319 ell'ecta
1642 4265 1886 4334 suscepit
1914 4281 2040 4321 eum
2080 4281 2202 4321 cum
2239 4269 2339 4321 h0~

768 4366 904 4405 nore
935 4366 1156 4421 magno.
1191 4352 1376 4409 Multis
1413 4370 1545 4426 ergo
1593 4356 1736 4411 inter
1758 4372 1853 4411 eos
1882 4356 2124 4427 paciﬁcis
2158 4358 2339 4413 verbis

765 4444 983 4507 edictis,
1018 4446 1275 4498 convenit
1310 4447 1451 4501 inter
1503 4455 1767 4517 utrosque
1824 4450 1879 4501 in
1938 4448 2335 4517 scriptis'ﬁeri

2436 1969 2687 2024 Mauhias
2754 1970 3152 2025 Saracenorum
3208 1972 3690 2042 protosymholus,
3747 1976 3839 2042 qui
3908 1975 4013 2027 iuit

2440 2073 2644 2136 praetor
2679 2066 2840 2120 anuis
2870 2065 2940 2119 20
2969 2073 3023 2119 et
3053 2065 3241 2118 amira:
3274 2064 3494 2118 {intactus
3517 2064 3695 2119 oﬁicio
3729 2066 3883 2117 annis
3908 2064 4011 2127 εκ

2438 2166 2491 2213 et
2526 2157 2823 2227 principari
2872 2158 3042 2228 cmpit
3089 2156 3245 2211 llirid
3292 2157 3435 2212 ﬁlius
3476 2158 3615 2227 ejus.
3650 2157 3761 2212 Hoc
3796 2172 4013 2226 quoque

2438 2264 2583 2304 anno
2616 2247 2911 2319 Vulgarum
2946 2264 3080 2319 gens
3108 2248 3423 2317 supervenit
3464 2248 3515 2301 in
3561 2247 3868 2300 Thraciam.
3909 2245 4014 2300 Ve-

2440 2359 2560 2397 rum
2606 2343 2750 2397 inter
2789 2344 2903 2399 haec
2964 2343 3335 2398 necessarium
3376 2352 3458 2397 est
3514 2342 3695 2397 dicere
3753 2344 3818 2397 de
3872 2344 4016 2397 autio

2438 2435 2647 2504 quitate
2677 2449 2894 2505 quoque
2926 2433 3481 2503 Onogundnrensium
3533 2434 3733 2502 Ynlgar
3768 2446 3819 2487 ιιι
3856 2436 4003 2490 Con-

2438 2540 2576 2592 ttag.
2611 2526 2668 2579 In
2703 2526 3229 2596 septentrionalibus
3271 2540 3506 2594 namque
3535 2527 3781 2593 partibus
3813 2526 4009 2581 Euxini

2437 2619 2622 2679 Ponti,
2654 2634 2777 2687 qua:
2818 2618 3079 2673 meabiles
3115 2628 3267 2682 sunt,
3328 2619 3382 2672 in
3438 2618 3729 2687 paludibus
3761 2635 3880 2688 quae
3926 2620 4011 2672 di-

2438 2722 2638 2765 cuntur
2668 2710 2965 2773 Mteotides,
3003 2712 3056 2765 in
3102 2725 3241 2780 quas
3270 2710 3521 2765 videlicet
3554 2712 3870 2765 immittitur
3907 2710 4014 2765 ﬁtt-

2438 2802 2563 2857 vius
2595 2802 2866 2857 maximus
2899 2802 2963 2853 ah
2996 2803 3213 2856 Oceano
3268 2816 3364 2872 per
3392 2800 3767 2856 Sarmatarum
3812 2813 4011 2857 terram

2438 2893 2717 2964 delapsus,
2766 2893 2987 2949 nomine
3040 2894 3180 2958 Atei,
3215 2892 3421 2950 Tanais
3479 2897 3656 2950 amnis
3708 2905 3759 2950 et
3801 2896 3915 2965 ipse
3945 2895 4014 2949 ab

2440 2985 2713 3041 Hibericis
2747 2986 2918 3056 portis
2957 2986 3168 3051 exiens,
3220 3001 3343 3055 quae
3393 2987 3447 3040 in
3482 2986 3777 3042 Caucaseis
3810 2986 4012 3041 monti-

2440 3075 2542 3131 bus
2565 3090 2688 3131 esse
2726 3075 2998 3141 feruntur,
3032 3076 3085 3130 in
3118 3076 3369 3131 eumdem
3400 3077 3519 3131 Atel
3551 3076 3724 3130 ﬁuens
3759 3076 4009 3129 infertur.

2364 3200 2407 3258 ε
2439 3167 2484 3221 Α
2538 3169 2768 3223 mistura
2813 3182 2943 3222 vero
2980 3166 3246 3223 Tanaidis
3277 3168 3347 3236 [et
3392 3169 3535 3233 Alel,
3588 3184 3708 3238 qua:
3757 3170 3811 3221 ﬁt
3845 3183 4009 3237 supra

2436 3258 2547 3328 jam
2581 3260 2761 3315 dictas
2793 3259 3072 3314 Mreotides
3114 3261 3363 3329 paludes,
3397 3261 3526 3315 dum
3568 3262 3841 3316 scinditur
3866 3261 4009 3325 Atei,

2441 3352 2593 3405 venit
2651 3352 2696 3407 is
2745 3352 2840 3421 qui
2898 3352 3101 3405 dicitur
3133 3352 3367 3407 Cucheis
3399 3352 3602 3408 ﬂuvius
3642 3353 3696 3406 in
3732 3351 4012 3405 Blwotides

2443 3442 2690 3511 paludes,
2719 3451 2772 3495 et
2808 3442 2949 3496 redit
2991 3443 3043 3495 in
3079 3444 3370 3496 terminum
3410 3443 3618 3497 Pontici
3654 3444 3821 3497 maris
3856 3444 4012 3511 juxta

2440 3529 2744 3601 Necropyla
2778 3530 2832 3584 in
2866 3546 3108 3593 acroma,
3159 3530 3306 3599 quod
3350 3530 3554 3584 dicitur
3584 3533 3769 3585 arietis
3822 3531 4009 3585 facies.

2442 3624 2485 3676 A
2516 3623 2862 3693 praesignatis
2910 3637 3038 3676 vero
3071 3622 3359 3691 paludibus
3391 3624 3572 3679 simile
3617 3623 3827 3677 ﬁumini
3866 3638 4013 3678 mare

2440 3724 2544 3779 est,
2597 3726 2651 3768 et
2703 3714 2877 3768 fertur
2926 3713 2980 3767 in
3030 3713 3224 3768 Euxini
3265 3714 3419 3768 Ponti
3471 3730 3619 3770 mare
3678 3731 3773 3784 per
3815 3728 4011 3770 terram

2442 3804 2705 3874 1105phori
2735 3804 3035 3866 Cimmerii,
3067 3820 3127 3858 ex
3154 3820 3263 3873 quo
3294 3804 3523 3861 ﬂumine
3548 3808 3762 3875 capitur
3788 3808 3835 3859 id
3868 3806 4011 3873 quod

2444 3898 2646 3953 dicitur
2701 3898 2974 3952 Murzulin
3029 3908 3083 3951 et
3135 3898 3267 3951 huic
3320 3898 3541 3960 similia,
3576 3898 3723 3952 etin
3770 3900 4012 3963 partibus

2443 3988 2664 4057 quidem
2702 3986 3068 4055 adiacentium
3136 3986 3392 4057 paludum
3427 4025 3443 4049 ,
3494 4003 3613 4055 qua:
3652 3998 3901 4053 Spectant
3947 3988 4012 4039 ad

2442 4079 2720 4133 Orientem
2758 4094 2935 4147 usque.
2983 4079 3049 4132 ad
3096 4077 3427 4131 Phauoriatn
3467 4094 3561 4133 seu
3602 4078 3877 4135 Hebraeos.
3915 4080 4009 4147 qui

2447 4171 2647 4225 ibidem
2681 4181 2830 4231 sunt,
2883 4172 3131 4239 plurima:
3162 4172 3413 4224 nationes
3446 4172 3778 4226 consistunt.
3804 4172 3883 4223 Ab
3909 4172 4016 4225 eis-

2445 4262 2567 4317 dem
2599 4274 2780 4316 autem
2808 4262 3101 4332 paludibus
3144 4278 3319 4330 usque
3355 4262 3407 4315 in
3444 4277 3658 4315 amnem
3692 4262 3781 4328 qui
3816 4261 4017 4314 dicitur

2444 4351 2671 4420 Cupbis.
2733 4353 2823 4405 ubi
2891 4350 3083 4405 Xistus
3141 4352 3397 4419 capitur,
3440 4353 3531 4421 qui
3588 4361 3673 4405 est
3732 4351 4014 4419 \‘ulgarius

2436 4443 2612 4512 piscis
2650 4444 2783 4511 (67),
2816 4444 3121 4511 antiquitus
3168 4441 3424 4512 Vulgaria
3464 4456 3545 4498 est
3592 4459 3823 4511 magna,
3861 4452 3912 4496 et
3961 4444 4012 4495 hi

764 4535 919 4601 pacis
975 4550 1098 4588 eum
1150 4536 1521 4606 jurejurando
1576 4553 1886 4595 sermonem
1937 4556 2102 4609 super
2134 4555 2338 4596 conso-
2373 4540 2417 4599 υ
2444 4534 2539 4603 qui
2578 4534 2841 4588 dicuntur
2870 4533 3155 4599 Contragi,
3190 4532 3441 4600 ejusdem
3475 4533 3634 4599 cujus
3668 4544 3718 4587 et
3765 4533 3866 4601 ipsi
3911 4534 4012 4584 tri-

766 4627 955 4680 nantia
1016 4630 1186 4683 annui
1244 4633 1411 4699 pacti,
1452 4632 1725 4701 prtebeodi
1766 4634 2019 4689 videlicet
2078 4632 2339 4689 Romana:

764 4720 845 4773 rei
889 4721 1125 4789 publica:
1154 4722 1225 4776 ab
1257 4724 1526 4793 Agarenis
1556 4726 1673 4780 auri
1711 4726 1973 4780 librarum
2014 4727 2117 4780 tria
2147 4727 2336 4793 millia,

764 4810 914 4865 viros
944 4811 1195 4880 captivos
1216 4813 1634 4883 quinquaginta,
1664 4824 1720 4868 et
1748 4830 1919 4884 equos
1944 4816 2152 4870 nobiles
2182 4818 2341 4885 quin-

769 4902 1055 4972 quaginta.
1092 4902 1191 4958 His
1218 4921 1284 4960 ex
1318 4908 1596 4960 comnmni
1630 4908 1834 4976 placito
1878 4909 2023 4963 inter
2050 4917 2342 4979 utramque

768 5003 980 5062 partem
1032 4996 1303 5061 ﬁrmatis,
1359 5006 1413 5053 et
1464 4999 1520 5052 in
1574 5000 1793 5070 triginta
1844 5003 2005 5055 annis
2054 5001 2343 5056 servandis

769 5098 961 5140 mutuo
1002 5088 1377 5156 repromissis,
1425 5090 1760 5158 amplissima
1814 5106 1918 5160 pax
1960 5092 2105 5146 inter
2144 5090 2344 5145 Roma-

770 5193 871 5232 nos
908 5186 963 5232 et
982 5179 1191 5235 Arabes
1224 5190 1307 5237 cst
1336 5181 1527 5237 eﬁ'ecta
1553 5199 1567 5247 ;
1603 5182 1790 5250 sicque
1828 5184 2172 5251 generalibus
2202 5184 2339 5237 duo-

770 5268 874 5321 bus
928 5268 1210 5339 inscriptis
1260 5272 1440 5327 verbis
1501 5275 1568 5327 ad
1614 5274 1940 5327 alterutrum
1972 5291 2095 5328 cum
2127 5277 2336 5345 jureju-

772 5359 946 5413 rando
978 5362 1211 5428 patratis
1237 5373 1291 5416 et
1320 5364 1552 5417 invicem
1600 5363 1838 5428 traditis,
1874 5379 2018 5433 saepe
2044 5366 2229 5418 dictus
2260 5366 2339 5417 fa-

2449 4627 2553 4681 bus
2586 4627 2879 4681 exsistunt.
2912 4625 3281 4694 Temporibus
3317 4632 3496 4678 autem
3524 4624 3888 4685 Constantini,
3923 4624 4013 4690 qui

2448 4721 2501 4775 in
2538 4719 2834 4773 Occidente
2869 4720 3137 4788 regnavit,
3173 4733 3296 4771 cum
3322 4718 3591 4771 Crobatns
3622 4717 3875 4771 deminus
3905 4720 4013 4782 jam

2445 4813 2605 4866 dicta:
2642 4809 2910 4879 Vulgarixe
2960 4824 3055 4863 seu
3112 4810 3517 4877 Contragorum
3559 4809 3723 4860 vitam
3766 4822 4013 4861 commu-

2442 4911 2605 4965 taret,
2630 4917 2693 4956 ac
2728 4902 2867 4956 lilios
2892 4904 3133 4971 quinque
3172 4901 3525 4967 relinqueret,
3556 4907 3787 4953 leslalus
3830 4906 3912 4951 est
3950 4913 4017 4949 ne

2446 4998 2555 5051 ullo
2612 4995 2774 5049 modo
2833 5010 2861 5046 a
2922 5006 3107 5047 mutua
3163 4992 3572 5048 cobabitatione
3607 5003 4013 5059 separarentur,

2446 5096 2668 5159 propter
2720 5088 2864 5152 quod
2920 5086 3264 5139 universitati
3319 5085 3739 5138 dominarentur
3805 5084 4015 5152 ipsique

2447 5182 2579 5235 nulli
2635 5181 2790 5235 alteri
2842 5180 3048 5233 nationi
3100 5180 3395 5232 servirent.
3446 5178 3573 5231 Post
3624 5178 3784 5231 breve
3835 5189 4011 5229 autem

2449 5286 2663 5342 tempus
2722 5274 2918 5327 mortis
3001 5274 3147 5326 illius
3210 5274 3266 5325 in
3336 5271 3660 5325 divisionem
3738 5270 4014 5323 venientes

2450 5367 2692 5435 quinque
2729 5366 2821 5419 ﬁlii
2857 5366 2977 5433 ejus
3008 5365 3343 5418 altrinsecus
3375 5364 3483 5431 (68)
3524 5364 3848 5431 sequestrati
3888 5372 4008 5413 sunt

2278 5505 2509 5562 NOTAE.

842 5623 956 5694 (67)
991 5625 1185 5701 Piscis.
1241 5627 1465 5701 Ὀψάριν
1502 5645 1600 5699 pro
1628 5630 1871 5701 ὀψάριον.
1926 5629 2098 5701 Hodie
2137 5630 2326 5701 ᾠάριν,

767 5695 966 5768 ψ-ἁτριον
1000 5698 1259 5768 velt];qu
1314 5695 1527 5753 dicunt.
1575 5695 1782 5756 Auctor
1829 5695 2333 5756 GraecovBarba'rus

770 5763 911 5826 εἶδες
1061 5763 1261 5848 ψὰρίγς
1302 5768 1448 5848 Ideni
1494 5771 1586 5848 ita".
1646 5772 1789 5848 μέγαἶ
1826 5771 2193 5848 λύκον-ἐλαί,
2234 5773 2327 5839 χά-

772 5853 893 5889 axz:
924 5837 1071 5889 ὡσὰν
1108 5838 1165 5891 τὸ
1195 5838 1363 5908 φάρη.
1391 5839 1626 5897 Cvrillus
1648 5837 1964 5902 patriarcha
1993 5837 2099 5898 ΟΡ.
2135 5837 2332 5897 Contra

2434 5629 2652 5684 Judreos
2688 5648 2705 5684 :
2748 5630 2833 5682 Νὰ
2861 5629 3091 5699 χωρεύει
3120 5630 3153 5700 ἡ
3188 5630 3433 5684 θάλασσα
3468 5630 3535 5700 μὲ
3565 5633 3633 5681 τὰ
3685 5628 3856 5698 ᾠάρια
3886 5625 4007 5693 τῆς.

2441 5701 2627 5836 uagi)
2660 5770 3010 5824 Altrinsecus.
3048 5770 3337 5840 Dosithcus
3366 5771 3658 5840 magister:
3694 5787 3711 5819 ι
3747 5767 3985 5821 Altrinse

2447 5858 2568 5905 cus,
2602 5841 2666 5895 ad
2705 5841 2956 5897 invicem.
2996 5860 3014 5892 lt
3049 5839 3122 5895 In.
