4414 6462
393 376 528 444 i333

1202 381 1570 441 HISTORIA
1610 380 2183 442 ECCLESIASTICA
2218 383 2318 442 EX
2344 382 2806 442 THEOI'HANE

3483 385 3646 451 133‘.

387 505 496 545 una
520 504 648 545 cum
687 504 910 559 popu.o.
942 504 1104 560 quem
1129 493 1512 560 unusquisque
1547 492 1790 557 ipsorum
1833 504 1945 542 sua:
1972 490 2023 549 Α
2047 504 2154 558 que
2212 489 2545 543 Datiubinm.
2595 490 2769 554 Quem
2823 497 3198 557 transeuntes,
3234 501 3287 544 et
3335 495 3618 551 venientes

385 581 580 637 ditioni
617 581 851 637 habebat
877 580 1190 638 subactum.
1217 580 1282 636 Et
1310 583 1520 650 primus
1549 581 1769 649 quidem
1798 581 1944 634 ﬁlius

385 671 531 742 ejus,
579 674 676 743 qui
731 673 1018 729 dicebatur
1073 673 1351 737 Datbaias,
1382 671 1698 726 mandatum
1736 671 1943 742 proprii

385 769 705 820 custodiens
749 766 926 836 patris
969 766 1027 821 in
1079 766 1487 835 progenitornm
1535 780 1763 820 suorum
1797 774 1942 820 terra

385 859 689 925 permansit
722 872 897 926 usque
921 859 973 912 in
1012 872 1274 926 praesens.
1303 854 1592 912 Secundus
1618 872 1752 911 vero
1779 857 1944 927 huius

385 945 575 1012 frater,
620 947 842 1004 nomine
877 947 1207 1015 Contragns,
1233 943 1480 1000 Tanahin
1516 948 1795 1004 transiens
1822 964 1944 1003 am-

383 1051 507 1090 nem
537 1053 603 1092 ex
639 1039 869 1093 adverso
903 1038 1078 1106 primo
1111 1037 1375 1090 habitavit
1403 1039 1580 1094 fratri.
1601 1037 1812 1104 Quarto
1842 1053 1943 1095 au-

382 1139 490 1182 tent
520 1136 575 1181 et
619 1130 816 1195 quinto
856 1125 1119 1191 liistrum,
1153 1127 1205 1180 id
1233 1137 1316 1182 est
1353 1128 1682 1190 Danubium,
1715 1128 1940 1184 ﬂuvium

381 1219 872 1282 transmeantibus,
900 1219 1036 1272 alter
1070 1233 1259 1272 eorum
1298 1219 1353 1272 in
1391 1220 1601 1275 Avaria
1633 1218 1940 1287 Pannonia,

380 1307 631 1377 ebsgano
686 1308 924 1363 Avarum
979 1323 1039 1363 se
1093 1309 1358 1373 subdens,
1415 1312 1613 1366 mansit
1661 1313 1774 1368 illic
1815 1329 1940 1368 cum

379 1407 660 1466 potentatu
711 1414 836 1464 suo,
886 1393 1024 1456 alter
1076 1417 1205 1456 vero
1246 1401 1389 1456 haud
1449 1403 1636 1471 Procul
1689 1403 1760 1458 ab
1806 1406 1944 1459 urbe

381 1487 637 1542 Ravenna
669 1488 724 1541 in
757 1486 1094 1558 Pentapolim
1114 1491 1339 1546 veniens
1369 1491 1473 1546 sub
1500 1490 1938 1550 Christianorum

379 1578 608 1645 imperio
640 1576 821 1635 factus
871 1591 974 1637 est.
1032 1581 1235 1637 Deinde
1279 1584 1474 1638 horum
1511 1588 1730 1648 tertius,
1774 1585 1943 1654 Aspa-

376 1668 512 1722 rnch
553 1669 773 1733 dictus.
811 1672 1084 1742 Dsnsprin
1137 1681 1193 1728 et
1243 1675 1532 1730 Danastrin
1586 1678 1863 1734 transiens
1889 1685 1944 1733 et

376 1760 588 1828 (‘nglun
612 1761 819 1826 adiens,
871 1764 1082 1819 boreos'
1120 1765 1410 1822 interiores
1455 1765 1700 1824 Danubio
1721 1768 1938 1833 fluvios,

376 1849 520 1902 inter
569 1848 715 1904 hunc
754 1859 810 1906 et
851 1851 977 1908 illos
1030 1853 1320 1920 habitavit,
1373 1862 1552 1910 tntum
1587 1865 1642 1911 et
1669 1856 1940 1913 dillicilem

375 1936 441 1990 ad
474 1939 894 2009 expugnaudum
947 1941 1126 1997 locum
1182 1944 1309 1998 hinc
1370 1944 1498 2000 inde
1537 1947 1882 2016 conspiciens
1923 1964 1939 1998 :

374 2029 506 2082 dum
521 2029 668 2084 enim
687 2039 835 2087 esset
858 2033 1145 2103 palustris,
1163 2045 1218 2091 et
1238 2036 1667 2094 liinccorouatu's
1685 2040 1946 2110 illineque

375 2117 713 2186 fluminibus,
747 2124 1027 2194 copiosam
1067 2126 1212 2197 genti
1245 2137 1468 2197 propter
1500 2130 1738 2185 hostium
1775 2133 1945 2200 partl-

377 2210 583 2265 tionem
612 2210 918 2269 humilitate
937 2215 1235 2292 prastabat
1257 2219 1521 2287 quietem.
1545 2217 1641 2275 liis
1660 2229 1843 2277 autem
1871 2223 1944 2277 ita

377 2301 432 2352 in
470 2300 714 2372 quinque
739 2301 933 2360 divisis
969 2314 1023 2360 et
1055 2305 1122 2361 ad
1140 2308 1473 2377 paucitatem
1500 2310 1938 2376 devenientibus,

374 2390 546 2445 exivit
563 2406 756 2462 magna
778 2409 913 2465 gens
926 2395 1297 2453 Chasarorum
1311 2413 1376 2454 ex
1403 2399 1650 2455 interiori
1671 2401 1945 2470 profundo

377 2478 622 2536 Bcrsilise
655 2483 845 2551 prima
874 2482 1199 2552 Sarmatis,
1247 2498 1300 2542 et
1335 2488 1621 2542 dominata
1666 2500 1752 2544 est
1794 2491 1944 2545 omni

378 2573 578 2642 pervia
599 2580 759 2630 terra
798 2591 974 2647 usque
1005 2577 1070 2633 ad
1105 2593 1261 2633 mare
1290 2578 1598 2644 Ponticum,
1620 2591 1674 2635 et
1708 2584 1945 2652 primum

378 2667 601 2722 fratrem
691 2665 972 2724 Batbaiam
1028 2671 1239 2741 Eprium
1314 2670 1586 2743 Vulgariae
1645 2675 1945 2745 principem

377 2757 686 2825 substituit,
712 2761 982 2816 ordinatis
1010 2763 1392 2832 vectigalibus,
1424 2781 1545 2834 qua
1581 2766 1653 2820 ab
1689 2782 1756 2820 eo
1803 2765 1951 2822 defe-

379 2857 578 2903 runtur
625 2864 803 2920 usque
868 2867 1036 2908 nunc.
1072 2854 1174 2908 Ast
1209 2856 1506 2925 imperator
1540 2858 1945 2912 Constantinus

375 2948 659 3009 comperto
690 2941 839 3009 quod
867 2944 1138 3013 extemplo
1153 2960 1288 3014 gens
1317 2949 1540 3001 surdida
1567 2958 1623 3001 et
1654 2949 1952 3002 immunda

335 3028 522 3084 Jnltra
565 3025 872 3085 Danubium
927 3032 1073 3102 apud
1116 3031 1326 3104 lloglon
1367 3037 1782 3091 tabernaculum
1813 3037 1946 3092 fise-

2049 595 2218 648 usque
2256 580 2322 634 ad
2371 594 2492 635 eam
2544 594 2668 648 qua
2706 579 2910 634 dicitur
2972 579 3184 634 Barnan
3217 621 3231 644 ,
3275 581 3425 635 circa
3480 587 3618 640 lines

2045 670 2263 741 Odyssi,
2295 680 2352 724 et
2381 669 2787 725 mediterraneo
2817 669 2933 723 illic
2956 671 3135 739 posito
3161 671 3281 726 loco
3305 681 3614 740 perspecto,

2047 763 2191 830 quod
2223 762 2277 816 in
2309 762 2478 814 mnlta
2511 761 2723 816 cautela
2749 761 3097 826 consisteret,
3136 762 3190 816 in
3221 764 3615 831 posterioribus

2043 851 2261 922 quidem
2293 861 2516 923 propter
2541 851 2844 907 Danubium
2877 853 3122 917 fluvium,
3154 854 3207 906 in
3247 853 3614 911 anterioribus

2045 953 2231 999 autem
2276 953 2334 1000 et
2377 960 2444 999 ea
2506 944 2767 999 lateribus
2803 946 2876 999 ob
2923 945 3208 999 clausurss
3233 953 3287 997 et
3328 945 3612 1000 Ponticum

2043 1052 2212 1103 mare,
2242 1036 2539 1106 praesertim
2560 1050 2686 1091 cum
2711 1035 3125 1089 dominarentur
3148 1045 3201 1087 ct
3236 1035 3606 1102 adjacentinm

2045 1127 2419 1181 Selavinornm
2478 1125 2939 1195 generationibus,
2987 1141 3110 1194 qna:
3167 1127 3494 1181 dicebantur
3529 1143 3615 1181 se-

2043 1223 2188 1283 ptem
2224 1253 2240 1276 ,
2281 1215 2514 1270 Severes
2573 1214 2794 1284 quidem
2852 1216 3165 1270 locaverunt
3220 1217 3287 1270 ab
3337 1221 3614 1274 anteriore

2042 1306 2301 1360 clausura
2352 1304 2760 1373 Veregaborum
2819 1308 2886 1359 ad
2939 1315 3122 1375 partes
3163 1305 3508 1368 Orientales.
3558 1311 3613 1361 in

2044 1398 2179 1454 locis
2209 1404 2391 1452 autem
2428 1415 2552 1468 qua:
2581 1405 2714 1453 sunt
2742 1397 2810 1451 ad
2840 1397 3128 1452 meridiem
3169 1409 3223 1451 et
3274 1401 3614 1454 occidentem

2045 1502 2219 1558 usque
2243 1489 2310 1542 ad
2343 1487 2633 1552 Avarism,
2662 1490 2912 1544 residuas
2957 1497 3163 1557 septem
3209 1491 3611 1554 generationes.

2042 1595 2164 1648 qua
2188 1579 2294 1634 sub
2333 1591 2494 1648 pacto
2538 1588 2715 1633 erant.
2742 1577 2884 1649 Ergo
2919 1594 3045 1632 cum
3089 1579 3143 1632 in
3174 1579 3258 1634 bis
3291 1579 3455 1633 delati
3485 1581 3619 1635 fuis-

2044 1681 2187 1737 sent,
2215 1671 2341 1726 elati
2368 1680 2519 1731 sunt,
2547 1679 2598 1723 et
2630 1681 2926 1739 ceperunt
2965 1685 3028 1724 ea
3063 1686 3186 1738 qua:
3213 1671 3317 1725 sub
3376 1669 3620 1725 Rmmna

2045 1761 2321 1832 republica
2351 1769 2510 1818 erant
2543 1771 2725 1816 castra
2753 1775 2849 1816 seu
2901 1762 3086 1830 pradia
3114 1761 3397 1816 destruere
3443 1770 3611 1830 atque

2044 1852 2297 1924 prcdari.
2330 1851 2486 1909 Unde
2531 1854 2582 1907 vi
2627 1863 2849 1908 coaetus
2900 1854 3195 1921 imperator
3255 1868 3441 1922 pacem
3496 1852 3622 1908 fecit

2042 1927 2168 1998 cum
2217 1943 2323 2008 eis,
2357 1958 2538 1998 annua
2604 1944 2715 1998 illis
2755 1944 2999 2015 prabere
3036 1951 3192 2011 pacta
3261 1944 3537 2012 pollicitus
3565 1945 3618 1997 in

2043 2035 2424 2091 confusionem
2453 2034 2823 2090 Romanorum
2849 2036 2918 2090 ob
2950 2035 3357 2089 multitudinem
3385 2035 3617 2090 delicto-

2043 2141 2184 2181 rum.
2216 2125 2458 2181 Iirabiie
2483 2126 2685 2196 quippe
2707 2127 2825 2195 ipso
2865 2126 3055 2181 auditu
3085 2136 3202 2180 erat
3246 2126 3333 2181 his
3373 2127 3468 2197 qui
3500 2128 3619 2181 lon-

2043 2231 2108 2286 ge
2123 2226 2177 2271 et
2201 2217 2289 2271 bis
2309 2217 2401 2286 qui
2422 2230 2592 2286 prope
2614 2215 2906 2282 degebant,
2935 2217 3080 2284 quod
3106 2216 3152 2269 is
3178 2216 3271 2284 qui
3293 2229 3487 2269 omnes
3519 2218 3620 2270 tri-

2044 2306 2294 2363 butarios
2347 2307 2453 2362 sibi
2507 2313 2802 2371 statuerat,
2859 2315 2970 2360 tam
3019 2308 3236 2360 scilicet
3284 2322 3379 2360 eos
3416 2309 3507 2376 qui
3555 2308 3622 2361 ad

2045 2413 2205 2453 eoum
2239 2407 2294 2452 et
2326 2384 2584 2453 occasum
2631 2411 2795 2468 quam
2845 2396 2968 2451 illos
3032 2398 3124 2466 qui
3181 2400 3246 2450 ad
3298 2405 3514 2449 aretum
3563 2387 3636 2450 et

2048 2487 2328 2545 meridiem
2355 2489 2862 2553 commorabantur,
2895 2489 2964 2545 ab
2991 2489 3096 2544 ista
3119 2489 3432 2545 detestabili
3463 2499 3623 2561 gente

2049 2578 2212 2636 fuerit
2263 2586 2576 2648 superatus.
2615 2576 2813 2633 Verum
2874 2578 3170 2650 imperator
3202 2580 3274 2633 ita
3305 2581 3526 2651 quidem
3570 2587 3625 2635 et

2051 2669 2394 2741 providentia
2425 2669 2519 2726 Dei
2549 2671 2652 2726 hoc
2674 2669 3011 2728 Christianis
3038 2672 3336 2741 contigisse
3374 2671 3623 2737 credens,

2047 2762 2366 2834 evangelice
2395 2771 2645 2817 tractans
2693 2778 2879 2832 pacem
2917 2762 3062 2829 fecit,
3119 2773 3172 2819 et
3214 2763 3316 2817 fuit
3347 2778 3522 2831 usque
3557 2765 3623 2818 ad

2052 2855 2262 2908 obitum
2295 2868 2454 2907 suum
2483 2853 2705 2921 quietus
2741 2870 2770 2908 a
2827 2855 3042 2909 cunctis
3072 2855 3348 2913 hostibus.
3381 2855 3624 2908 studium

2053 2944 2260 2998 habens
2288 2943 2626 3012 praecipuum
2652 2943 2876 2997 nniendi
2907 2943 3196 2999 universas
3225 2942 3501 2996 Ecclesias
3531 2941 3622 2996 Dei

2050 3049 2174 3103 qua:
2227 3035 2429 3104 ubique
2463 3033 2654 3089 divisa
2690 3032 2909 3089 fuerant
2941 3048 2972 3087 a
3010 3034 3348 3102 temporibus
3383 3033 3622 3087 lleraclii

369 3110 538 3170 ’πέλει
581 3119 1078 3188 appropinquantis
1121 3118 1374 3176 Danubio
1397 3124 1701 3188 discurrat,
1757 3125 1810 3178 id
1866 3134 1946 3180 est
1975 3156 2020 3217 ο
2054 3124 2322 3194 principis
2350 3125 2537 3193 proavi
2567 3123 2652 3178 sui
2683 3131 2739 3178 et
2763 3121 2941 3195 Sergii
2975 3121 3160 3178 vesani
3188 3136 3253 3178 ac
3278 3120 3496 3193 Pyrrhi,
3531 3123 3622 3191 qui
3721 3170 3729 3184 ,

380 3208 652 3277 regionem
682 3225 806 3274 ψει
850 3226 996 3266 nunc
1020 3220 1240 3268 tenetur
1265 3214 1336 3270 ab
1364 3215 1473 3270 illis
1496 3231 1726 3286 quasque
1761 3226 1890 3272 tunc
1921 3233 1951 3271 a

375 3298 710 3357 Christianis
753 3296 1156 3374 possidebatur,
1205 3308 1458 3364 tristatus
1517 3317 1601 3364 est
1661 3309 1953 3366 vehemen-

377 3405 482 3460 ter,
513 3406 567 3452 et
593 3397 750 3466 jubet
781 3401 1019 3458 transire
1049 3418 1242 3460 omnes
1269 3407 1543 3461 exercitus
1571 3407 1626 3460 in
1660 3405 1952 3470 Thracem.

375 3498 430 3545 et
465 3501 795 3548 construens
842 3495 1077 3551 classem
1111 3505 1221 3550 tam
1277 3514 1373 3567 per
1405 3508 1604 3553 terram
1645 3515 1808 3568 quam
1858 3517 1954 3569 per

379 3594 529 3636 mare
571 3592 762 3637 contra
830 3600 927 3640 eos
1001 3596 1184 3642 motus
1213 3598 1332 3650 est.
1380 3589 1482 3644 hos
1523 3589 1665 3644 bello
1699 3592 1951 3658 persequi

376 3671 606 3734 volens.
650 3668 706 3728 et
754 3686 944 3728 contra
997 3675 1204 3746 liog'lon
1261 3687 1426 3746 atque
1493 3678 1795 3732 Danubium
1859 3697 1953 3747 per

379 3762 640 3833 “epirum
672 3765 885 3833 pedites
923 3765 977 3819 in
1003 3761 1179 3820 aciem
1219 3765 1481 3838 dirigens,
1518 3777 1573 3823 et
1600 3784 1693 3838 per
1753 3785 1950 3837 appro-

375 3855 652 3922 pinquans
696 3855 851 3909 littus
915 3868 1107 3910 navem
1155 3859 1347 3911 adesse
1392 3859 1736 3928 praecipiens.
1779 3859 1952 3914 Porro

378 3940 642 4010 Volgares
657 3942 760 3999 hac
781 3943 1062 4001 celeritate
1082 3961 1178 4002 seu
1200 3948 1438 4001 inanima
1461 3949 1810 4004 multitudine
1834 3953 1948 4006 visa

375 4049 543 4104 super
572 4035 750 4092 salute
771 4052 869 4090 sua
892 4036 1188 4108 desperati,
1208 4040 1274 4094 ad
1301 4041 1614 4109 pradictum
1634 4042 1947 4112 prmsidinm

373 4125 721 4198 confugiunt,
737 4137 793 4184 et
815 4144 938 4187 sese
956 4131 1391 4202 circumquaque
1417 4133 1690 4189 muniunt.
1723 4132 1951 4190 Pertt'es

373 4229 556 4275 autem
577 4231 634 4276 et
682 4230 920 4292 quatuor
948 4223 1068 4280 dies
1097 4240 1162 4281 es
1198 4224 1579 4296 hujuscemodi
1641 4227 1949 4282 munitioni:

379 4319 484 4358 nec
510 4305 623 4361 illis
644 4307 798 4363 esire
820 4307 1175 4374 audentibus,
1197 4324 1298 4365 nec
1318 4307 1580 4366 Romanis
1604 4321 1826 4381 propter
1852 4310 1946 4366 ad-

369 4395 670 4464 iacentium
696 4399 964 4478 paludum.
977 4401 1327 4457 occasionem
1365 4403 1609 4473 praeliqu
1627 4414 1951 4460 construen-

2056 3213 2279 3286 indigne
2297 3214 2497 3270 throno
2512 3214 3067 3285 Constantinopoleos
3091 3211 3444 3283 przfnerunt,
3463 3226 3642 3266 unam.

2056 3307 2389 3361 voluntatem
2420 3313 2475 3361 et
2497 3321 2662 3361 unam
2683 3306 3060 3376 Operationem
3093 3307 3150 3360 in
3169 3303 3402 3360 Domino
3429 3303 3537 3358 fleo
3565 3318 3626 3358 ac

2055 3397 2342 3454 Salvatore
2366 3407 2559 3452 nostro
2585 3395 3095 3467 doginatissntium.
3121 3394 3365 3461 Quorum
3397 3408 3626 3460 nequam

2055 3487 2368 3555 opinionem
2400 3486 2718 3540 subvertere
2754 3493 3010 3555 satagens
3041 3482 3182 3536 idem
3211 3481 3628 3538 Christianissi—

2055 3591 2176 3629 mus
2203 3577 2498 3642 imperator
2521 3573 2757 3626 concilio
2773 3569 3639 3638 universaliConstantinOpolim-

2053 3671 2354 3718 convocato
2380 3661 2488 3716 289
2513 3663 2923 3730 episcoporum,
2996 3669 3107 3713 tam
3139 3661 3391 3728 dogmata
3416 3673 3536 3727 quas
3569 3657 3641 3710 in.

2053 3752 2495 3807 antecedentibus
2537 3751 2784 3821 quinque
2833 3753 3042 3806 sanctis
3095 3758 3150 3804 ct
3207 3748 3622 3803 nniversalibus

2054 3840 2305 3893 conciliis
2379 3841 2597 3892 fuerant
2674 3838 2991 3893 conﬁrmata
3066 3839 3381 3899 roborarit.
3456 3853 3622 3907 quam

2053 3931 2198 4001 pium
2229 3929 2458 3983 duarum
2491 3929 2831 3985 voluntatum
2883 3939 2938 3985 et
2969 3931 3352 4000 operationnm
3385 3930 3622 4006 promnl.

2051 4025 2166 4094 gari
2201 4025 2399 4093 dogma
2429 4020 2672 4075 decrevit
2707 4035 2805 4091 per
2842 4020 3089 4076 eamdem
3123 4028 3371 4074 sanetam
3407 4028 3460 4073 et
3492 4019 3621 4073 sub-

2053 4117 2356 4171 tilissimam
2384 4106 2712 4170 universalis
2752 4113 2968 4168 concilii
3014 4113 3320 4184 synodum;
3371 4113 3455 4166 cui
3488 4127 3625 4183 pra:-

2052 4214 2207 4261 erant
2261 4213 2371 4259 tam
2401 4206 2519 4276 ipse
2545 4207 2830 4275 piissimus
2883 4205 3180 4277 imperator
3225 4205 3623 4260 Constantinus

2051 4313 2216 4370 quam
2271 4299 2342 4372 pii
2379 4299 2653 4370 principes
2691 4299 3062 4354 sacerdotum.
3116 4296 3286 4352 Porro
3319 4313 3414 4368 per
3479 4289 3624 4350 idem

2053 4401 2269 4464 tempus
2317 4391 2450 4446 Αιίά
2486 4393 2652 4463 εωρίι
2712 4407 2836 4449 esse.
2895 4393 3130 4447 Arabum
3189 4393 3462 4461 princeps.
3523 4389 3616 4458 qui

371 4486 547 4552 tibus.
577 4487 1024 4545 animadvertens
1051 4491 1258 4567 polluta
1295 4509 1428 4564 gens
1453 4495 1718 4552 remissos
1741 4494 1943 4550 Roma-
1976 4487 2020 4543 υ
2050 4484 2229 4539 "ibi"
2256 4483 2342 4538 ll“
2369 4483 2587 4552 Ρητυίι
2616 4484 2799 4538 “Mis-

374 4592 571 4631 nornm
601 4577 817 4635 animos
844 4588 1090 4636 recreata
1115 4591 1169 4638 et
1199 4584 1439 4648 alacrior
1474 4584 1620 4640 facta
1645 4597 1746 4641 est.
1773 4587 1943 4664 Porro

371 4684 498 4724 cum
523 4671 824 4740 imperator
851 4672 1050 4742 pedum
1073 4671 1318 4730 dolorem
1345 4678 1549 4733 acriter
1578 4687 1870 4748 pateretur,
1889 4688 1944 4732 et

373 4758 439 4810 ad
470 4757 756 4816 meridiem
790 4772 1078 4835 cogeretur
1125 4763 1198 4820 ob
1228 4763 1408 4822 balnei
1437 4783 1600 4824 usum
1661 4782 1768 4820 una
1816 4782 1940 4820 cum

373 4849 618 4921 quinque
670 4845 1030 4910 dt’omonibus
1060 4863 1116 4911 et
1168 4858 1406 4925 propriis
1458 4858 1773 4914 bominibus
1827 4857 1944 4911 suis

373 4939 598 5004 reverti,
631 4940 884 4998 deseruit
936 4944 1295 5013 magistratus
1331 4955 1388 5000 et
1441 4947 1721 5016 populum,
1745 4945 1944 5016 iubens

371 5042 498 5082 cum
529 5027 739 5084 lanceis
765 5030 1107 5087 vibrantibus
1139 5033 1456 5101 exercitari,
1479 5045 1538 5091 et
1579 5035 1839 5103 impetum
1883 5035 1938 5088 in

369 5133 470 5174 eos
508 5118 711 5183 facere,
752 5131 812 5176 et
845 5132 968 5192 post
998 5139 1058 5180 se
1083 5123 1210 5180 illos
1239 5125 1518 5182 attrahere
1545 5141 1577 5179 s
1609 5123 1937 5186 munitione,

370 5218 426 5266 et
457 5211 658 5267 bellum
689 5213 742 5267 in
770 5229 868 5270 eos
896 5231 1139 5281 movere,
1181 5217 1226 5273 si
1268 5217 1527 5275 fortassis
1550 5221 1806 5274 exirent:
1855 5217 1940 5272 sin

371 5308 579 5365 ωιθιη.
615 5303 697 5358 vel
719 5304 1036 5361 obsiderent
1064 5323 1160 5364 eos
1191 5319 1244 5364 et
1272 5310 1650 5367 observarent
1674 5311 1729 5363 in
1761 5309 1941 5362 inuni-

372 5391 635 5448 tionibus.
669 5393 738 5447 At
772 5409 903 5450 vero
927 5395 986 5452 Ill
1014 5400 1110 5467 qui
1162 5411 1322 5454 erant
1378 5404 1654 5472 equestris
1710 5399 1940 5464 militiae,

373 5492 754 5554 imperatorem
779 5485 996 5558 fugisse
1021 5489 1366 5548 dilfatnantes
1385 5503 1642 5566 metuque
1673 5494 1940 5563 oppressi,

369 5573 558 5630 eadem
595 5575 1049 5647 tergiversatione
1100 5581 1257 5636 abusi
1311 5592 1461 5649 sunt,
1498 5587 1717 5640 nemine
1765 5597 1942 5653 persc-

368 5679 590 5737 qnente.
638 5667 809 5725 Porro
867 5668 1133 5742 Volgares
1175 5677 1279 5731 hoc
1342 5677 1458 5730 viso
1516 5677 1944 5745 insequebantur

371 5770 488 5823 post
523 5770 675 5832 terga
709 5760 982 5832 ipsorum,
1005 5770 1061 5816 et
1109 5764 1296 5834 plures
1323 5763 1543 5833 quidem
1584 5762 1766 5833 gladio
1820 5777 1944 5830 pcr-

370 5865 576 5918 emere,
610 5854 815 5910 multos
840 5869 965 5910 vero
997 5855 1377 5923 vulneraret-0,
1397 5856 1673 5926 persecuti
1707 5869 1805 5911 cos
1850 5869 1939 5910 us-

2117 4577 2273 4632 Anno
2294 4576 2509 4644 imperii
2536 4572 2887 4630 Constantini
2921 4573 3248 4630 duodecimo
3275 4574 3505 4629 collecta
3540 4583 3625 4628 est

2048 4674 2234 4722 sancta
2267 4673 2320 4718 et
2351 4664 2682 4737 universalis
2739 4674 2894 4720 sexta
2923 4667 3166 4736 synodus
3221 4662 3621 4718 Constantino-

2050 4758 2157 4826 poli
2191 4757 2550 4810 ducentornm
2599 4756 2879 4826 octoginta
2927 4771 3121 4811 novem
3170 4763 3484 4810 sanctorum
3518 4751 3621 4805 Pa-

2046 4855 2214 4911 trum,
2244 4845 2602 4915 praeceptione
2638 4845 2708 4913 pii
2750 4846 3015 4916 principis
3041 4844 3414 4899 Constantini.

2119 4935 2304 4990 Mundi
2367 4949 2511 4988 anno
2555 4934 2716 5001 6173,
2771 4935 2973 4991 divinae
3021 4934 3419 4991 incarnationis
3475 4944 3639 4985 anno.

2047 5028 2173 5088 673,
2223 5039 2368 5080 anno
2413 5039 2542 5079 vero
2578 5025 2795 5095 imperii
2848 5029 2934 5081 sui
2967 5027 3052 5084 l3.
3093 5025 3296 5094 repulit
3343 5022 3620 5077 Constan-

2048 5122 2198 5175 tinus
2257 5118 2326 5170 ab
2362 5116 2593 5185 imperio
2634 5116 2838 5174 fratres
2861 5133 2995 5173 suos
3030 5115 3340 5170 licraclium
3377 5120 3430 5166 et
3461 5108 3622 5164 Tibe-

2051 5211 2213 5275 rium,
2244 5214 2300 5264 et
2329 5208 2483 5263 solus
2506 5212 2760 5279 regnavit
2783 5223 2910 5263 cum
2940 5207 3165 5263 Tiberio
3199 5204 3313 5258 lilio
3340 5214 3462 5258 suo.

2118 5298 2498 5367 Annoimperii
2519 5299 2867 5354 Constantini
2881 5300 2947 5354 16
2962 5298 3220 5353 Muchtar
3241 5295 3472 5349 mendas
3488 5293 3624 5345 dum

2047 5387 2390 5463 tyrannidem
2412 5389 2776 5451 exercuisset,
2795 5389 3031 5443 obtinuit
3052 5387 3354 5463 Persidem.
3377 5381 3620 5438 Voeahat

2046 5461 2224 5536 autem
2243 5493 2301 5534 se
2319 5478 2494 5548 ipsum
2511 5478 2853 5546 prophetam,
2864 5485 2919 5532 et
2931 5485 3097 5531 contu
3106 5461 3247 5530 rbati
3259 5482 3388 5530 sunt
3401 5473 3630 5547 Arabes.

2119 5577 2280 5628 Anno
2329 5570 2545 5639 imperii
2597 5569 2947 5626 Constantini
2996 5569 3064 5624 l5
3091 5568 3331 5624 Arabum
3364 5569 3622 5638 princeps

2049 5664 2314 5721 Marnban
2343 5677 2490 5719 anno
2527 5675 2637 5718 uno
2662 5662 2954 5733 praefectus
2985 5671 3089 5726 est,
3122 5660 3395 5733 siquidem
3425 5657 3622 5716 defun-

2050 5765 2141 5812 cto
2191 5757 2328 5811 Azid
2372 5755 2576 5811 turbati
2619 5754 2829 5810 Arabes
2886 5749 3125 5811 Itbribi
3181 5753 3621 5816 insurrexerunt,

2049 5852 2450 5908 constituentes
2481 5849 2674 5906 ducem
2713 5845 2818 5902 sibi
2846 5847 3104 5904 Abdelain
3130 5848 3419 5920 quemdam
3454 5845 3624 5899 tilium
