4414 6462
793 391 808 450 1
823 393 924 456 3.35

1849 401 2244 462 ANAS’I‘ASH
2309 399 2934 464 BlBLlOTHE-CARH

3913 411 4050 473 1336

788 501 987 566 Zebur,
1038 511 1090 557 et
1145 508 1456 587 congregati
1518 506 1812 565 thniccs
1854 519 1909 565 et
1953 509 2230 565 Palmstini
2268 506 2366 561 Da-
2392 510 2442 568 Δ
2471 507 2760 581 Philippici
2793 516 2921 567 anni
2960 517 3028 579 ὃς
3086 517 3390 589 eodemque
3445 520 3617 588 primo
3657 537 3801 575 anno
3833 521 4045 589 imperii

784 612 1034 652 mancum
1078 579 1328 660 veniunt,
1384 602 1476 654 sed
1517 611 1570 654 et
1611 617 1787 670 usque
1808 602 2097 658 Gabitham
2129 612 2183 658 et
2213 602 2360 655 Asan

791 689 1035 741 Atniram
1061 689 1385 756 Palaestinae,
1416 693 1658 760 dantque
1698 708 1896 750 manus
1931 694 2184 749 dexteras
2214 692 2360 746 Mar-

790 779 963 832 suban
1001 787 1054 832 et
1104 781 1308 835 sistunt
1354 798 1476 836 eum
1514 783 1734 849 ducem,
1769 787 1859 855 qui
1911 786 2096 840 amitte
2130 785 2366 839 admini-

789 873 1058 925 iuratione
1085 871 1332 941 fungitur
1365 875 1650 930 mensibus
1688 892 1906 931 novem.
1971 879 2091 944 Quo
2142 887 2364 934 mortuo

787 960 1105 1014 Abimelech
1160 962 1304 1016 filius
1339 963 1511 1031 ipsius
1537 967 1767 1036 suscipit
1807 969 2200 1038 principatum,
2237 985 2363 1023 cum

794 1051 1000 1106 antiras
1041 1053 1234 1109 fuisset
1270 1057 1509 1109 annis-2|
1547 1066 1709 1127 atque
1739 1060 1991 1123 dimidio,
2021 1062 2366 1132 aggreditur-

790 1161 898 1211 que
935 1156 1216 1214 tyrannos,
1250 1156 1305 1201 et
1336 1147 1614 1204 interfecit
1643 1151 1920 1206 Abdellatn
1954 1152 2123 1206 filium
2158 1153 2365 1220 Zuber,

793 1254 892 1292 nec
921 1255 1025 1291 nun
1066 1237 1369 1296 Dodacuttt.

861 1330 1019 1383 Anno
1052 1329 1268 1400 imperii
1306 1333 1653 1388 Constantini
1689 1335 1754 1388 l6
1785 1337 1930 1389 facta
1969 1346 2052 1393 est
2089 1337 2256 1393 fames
2287 1349 2367 1393 at-

790 1436 895 1486 que
935 1423 1240 1478 mortalitas
1289 1441 1482 1493 magna
1521 1426 1574 1479 in
1626 1426 1808 1497 Syria,
1862 1441 2188 1499 gentemque
2233 1431 2366 1485 Abi-

793 1516 1000 1569 melech
1050 1516 1305 1570 obtinuit.
1357 1518 1604 1589 Cumque
1651 1519 1932 1577 Mardaita:
1985 1524 2233 1593 partibus
2286 1527 2369 1578 in-

791 1607 1113 1661 rntnberent
1141 1607 1357 1673 Libani,
1397 1621 1451 1664 ct
1482 1612 1789 1680 pestilentia
1825 1621 2035 1668 teneret
2074 1625 2134 1667 et
2171 1616 2364 1680 fames,

791 1698 932 1752 idem
960 1699 1275 1756 Abimeleclt
1309 1719 1524 1771 pacem,
1561 1723 1681 1776 qua:
1718 1723 1745 1757 a
1774 1705 1985 1760 Manhia
2021 1708 2193 1761 fuerat
2221 1725 2367 1778 qna:-

791 1793 920 1852 sita,
948 1841 957 1851 ,
986 1794 1200 1862 petivit,
1254 1797 1442 1850 missis
1477 1798 1542 1851 ad
1599 1800 1984 1866 imperatorem
2024 1801 2236 1870 legatis,
2270 1818 2363 1855 ea-

791 1887 1025 1953 demque
1056 1887 1158 1940 565
1197 1889 1364 1941 millia
1389 1891 1780 1944 ntnttisittatum
1817 1893 1934 1945 auri
1969 1895 2205 1961 praebere
2247 1893 2366 1961 pol-

795 1978 1002 2040 licitus,
1041 1987 1095 2034 et
1126 1979 1250 2034 illos
1287 1979 1393 2034 ’565
1426 1997 1635 2044 servos,
1683 1984 1909 2052 parique
1960 1985 2122 2039 modo
2158 1985 2367 2039 nobiles

795 2070 1016 2124 totidem
1050 2089 1241 2140 equos.

869 2164 1024 2217 Anno
1072 2165 1285 2234 imperii
1339 2167 1424 2220 sui
1486 2167 1550 2220 l7
1605 2169 1872 2238 requievit
1922 2172 2042 2241 pius
2073 2174 2370 2241 imperator

793 2256 1214 2320 Constantinus,
1247 2274 1370 2312 cum
1419 2259 1743 2329 imperasset
1786 2264 1946 2318 annis
1990 2265 2079 2324 l7,
2115 2276 2162 2318 et
2204 2266 2370 2335 impe-

798 2350 936 2400 ravit
967 2347 1315 2405 Justinianns
1342 2351 1486 2407 filius
1517 2352 1659 2421 ejus.
1691 2353 1754 2407 Et
1787 2356 2067 2411 sciendum
2100 2359 2226 2427 quia
2260 2358 2373 2411 frn-

796 2451 908 2494 stra
973 2441 1145 2496 delire
1188 2443 1300 2513 (69)
1343 2445 1594 2514 garriunt
1653 2447 1874 2511 quidam
1925 2449 2206 2510 dicentes,
2250 2459 2373 2518 post

796 2543 1035 2600 quatuor
1067 2548 1241 2588 annos
1279 2533 1451 2589 factas
1517 2535 1683 2591 fuisse
1739 2555 1830 2592 sex
1867 2541 2056 2609 synodi
2108 2543 2372 2610 capitula-

798 2641 907 2688 res,
960 2640 1082 2695 qua:
1131 2623 1422 2680 didamata:
1462 2639 1628 2688 sunt,
1688 2627 1931 2682 formas:
1973 2631 2116 2684 sicut
2144 2633 2286 2686 enim
2317 2634 2370 2687 in

799 2719 1059 2770 omnibus
1086 2733 1210 2772 cum
1260 2717 1392 2771 falsa
1429 2720 1726 2788 praedicent
1758 2734 2063 2790 arguuntur
2083 2762 2097 2783 ,
2131 2725 2202 2776 ita
2230 2735 2282 2778 et
2308 2741 2373 2779 ex

803 2808 891 2862 his
950 2810 1320 2864 ostenduntur
1365 2811 1498 2864 nihil
1545 2810 1727 2865 dicere
1785 2815 2014 2867 veritate
2067 2816 2371 2870 suﬂ‘ultum.

803 2898 943 2954 Vera
976 2902 1178 2971 quippe
1225 2902 1487 2957 chronica
1525 2904 1809 2958 annotatio
1847 2917 2096 2960 sanctum
2155 2909 2372 2962 univcr-

803 2993 973 3049 salem
1011 3005 1219 3048 sextam
1245 2995 1516 3065 synodum
1548 3036 1563 3060 ,
1606 3011 1728 3066 quae
1766 3008 1958 3052 contra
1992 3001 2375 3057 monothelitas

801 3087 1082 3141 celebrata
1130 3094 1214 3141 est
1250 3086 1312 3140 12
1347 3102 1492 3141 anno
1520 3087 1734 3156 imperii
1772 3090 2114 3145 Constantini
2167 3096 2378 3161 nepotis

2469 603 2755 672 Philippici
2804 605 3008 660 factum
3076 609 3148 662 sit
3201 609 3456 665 insanum
3514 614 3808 667 concilium
3855 625 4048 668 contra

2469 704 2716 748 sanctam
2780 707 2833 750 et
2888 699 3253 754 universalent
3330 711 3541 757 sextam
3614 707 3926 776 synodum,
3995 718 4050 760 et

2471 789 2628 855 pulso
2687 791 2827 860 Cyro
2874 801 3031 846 sexto
3094 809 3241 846 anno
3311 797 3716 864 patriarcltatns
3768 800 3850 853 sui
3900 802 4050 853 fieret

2467 877 2709 935 Joannes
2769 883 3080 949 patriarcha
3135 886 3694 957 Constantinopoleos
3721 901 3773 944 ct
3803 891 4050 944 Andreas

2471 974 2822 1042 tnetropolita
2893 976 3176 1032 Cretensis
3222 990 3276 1033 et
3331 980 3638 1037 Germanus
3701 986 4051 1052 metr0polita

2469 1065 2676 1136 Cyzici,
2730 1068 2824 1135 qui
2878 1071 3330 1141 subscripserunt
3382 1077 3663 1129 evidenter
3723 1087 3776 1131 et
3823 1079 4054 1131 anathe~

2472 1161 2893 1226 matizaverunt,
2953 1179 3080 1216 cum
3133 1167 3389 1222 omnibus
3445 1168 3538 1238 qui
3573 1184 3670 1238 per
3699 1170 3886 1224 eadem
3920 1181 4054 1224 tem-

2471 1265 2604 1320 pora
2656 1252 2830 1318 fuere,
2893 1255 3207 1321 praedictam
3273 1267 3462 1312 contra
3517 1261 3901 1314 monothelitas
3956 1278 4049 1315 ce-

2475 1339 2739 1392 lebratam
2797 1355 3044 1396 sanctam
3082 1346 3449 1400 universaletn
3501 1358 3711 1404 sextam
3756 1353 4048 1422 synodmn;

2473 1439 2612 1498 post.
2652 1447 2825 1486 annos
2883 1449 3013 1488 vero
3072 1444 3182 1491 tres
3214 1437 3476 1494 defuncto
3496 1438 3707 1497 Joanne
3753 1446 4054 1499 translatus

2472 1522 2632 1576 fuerit
2681 1524 2986 1580 Germanus
3043 1544 3070 1579 a
3113 1529 3314 1598 Cyzico
3395 1543 3449 1585 et
3515 1536 3828 1602 patriarcha
3899 1539 4052 1591 fieret

2471 1613 3071 1686 Constantinopoleos,
3130 1633 3183 1674 et
3242 1623 3454 1680 decimo
3515 1629 3675 1681 tertio
3739 1645 3886 1682 anno
3949 1632 4053 1682 im-

2473 1711 2606 1778 perii
2675 1711 2870 1766 Lconis
2926 1715 3330 1781 expelleretur,
3386 1727 3438 1770 et
3494 1719 3646 1773 fieret
3703 1722 4049 1784 Anastasius,

2470 1813 2525 1856 ct
2601 1805 2973 1871 patriarchatu
3040 1807 3358 1874 fungeretur
3425 1810 3586 1864 annis
3646 1811 3750 1873 2-5,
3812 1823 3865 1866 et
3926 1822 4053 1881 post

2472 1914 2594 1957 cum
2633 1897 3030 1952 Constantinus
3077 1901 3237 1953 annis
3282 1901 3367 1965 12,
3401 1911 3454 1954 et
3484 1901 3681 1958 Paulus
3715 1905 3766 1966 5,
3798 1914 3852 1958 et
3884 1904 4054 1958 Tara-

2471 1991 2701 2044 sius‘2l.
3010 2054 3023 2063 ‘

2544 2083 2730 2139 Mundi
2788 2101 2935 2139 anno
2991 2086 3153 2148 6178,
3217 2085 3416 2140 divinm
3471 2086 3868 2142 incarnationis
3926 2089 4049 2146 678.

2473 2192 2619 2230 anno
2675 2193 2803 2233 vero
2864 2178 3076 2248 imperii
3140 2176 3428 2231 Iustiniani
3492 2180 3668 2248 primo
3735 2182 4050 2235 Abill'CIt'Cit

2474 2269 2816 2338 principatnr
2860 2269 3157 2330 Arabibus,
3214 2269 3307 2337 qui
3363 2269 3575 2338 pra-fuit
3643 2272 3725 2325 his
3772 2273 3928 2324 annis
3957 2273 4045 2324 ἐξ.

2475 2360 2804 2415 Theodorus
2848 2370 3031 2416 autem
3075 2361 3728 2433 Constantinopolitanns
3762 2365 3922 2417 annis
3953 2368 4050 2417 tri-

2475 2454 2578 2507 bus
2625 2461 2680 2506 et
2736 2454 3045 2508 Alexander
3086 2454 3465 2508 Antiochenns
3523 2455 3792 2508 habentur
3836 2457 4051 2508 antisti-

2476 2551 2578 2596 tes.
2636 2543 2752 2596 Hoc
2802 2551 2983 2596 autem
3032 2559 3175 2595 anno
3228 2543 3394 2596 mittit
3444 2543 3760 2596 Abimelech
3795 2544 3857 2595 ad
3884 2543 4054 2597 Justi-

2479 2632 2704 2685 nianum
2760 2634 3085 2688 confirmare
3129 2651 3337 2703 pacem.
3392 2647 3450 2691 et
3500 2638 3757 2691 convenit
3791 2639 3927 2691 inter
3963 2655 4052 2692 eos

2480 2721 2863 2790 hujuscemodi
2901 2739 3025 2791 pax,
3062 2734 3120 2777 ιιι
3175 2724 3384 2778 scilicet
3428 2726 3724 2793 imperator
3759 2726 4056 2794 deponeret

2481 2812 2871 2868 Mardaitarnm
2920 2831 3111 2884 agmen
3156 2832 3184 2869 a
3235 2815 3443 2870 Libano
3502 2826 3554 2871 et
3610 2819 3920 2887 prohiberet
3974 2818 4054 2871 in-

2480 2907 2767 2961 cursiones
2818 2921 3032 2969 eorum,
3078 2917 3132 2962 et
3153 2907 3468 2962 Abimclech
3502 2907 3763 2962 Romanis
3789 2911 4057 2962 tribuero-t

2480 3013 2578 3067 per
2630 2998 2880 3068 singulos
2942 2997 3060 3054 dies
3118 3001 3450 3054 numismata
3493 3001 3636 3055 mille
3670 3010 3723 3055 et
3771 3017 3966 3070 equum
4005 3011 4059 3054 et

2481 3105 2722 3153 servum,
2770 3101 2822 3144 et
2872 3102 2928 3145 ιιι
2977 3091 3242 3146 baberent
3289 3093 3341 3145 in
3383 3107 3672 3146 commune
3737 3110 3828 3153 per
3871 3109 4059 3161 :equa-

801 3176 1062 3242 lleraclii,
1098 3179 1424 3234 convenisse
1459 3181 1624 3233 refert
1662 3195 1806 3234 anno
1848 3198 1877 3235 a
1926 3184 2242 3239 conditione
2270 3186 2377 3258 (70)
2405 3192 2449 3254 ρ
2485 3182 2694 3236 litatem
2747 3183 2949 3236 tributa
2987 3183 3150 3254 Cypri
3185 3185 3562 3239 et‘Armenia:
3599 3202 3663 3240 ac
3691 3185 3946 3239 Hiber-be.
3998 3184 4060 3236 Et

803 3273 990 3324 mundi
1041 3272 1214 3337 6170;
1255 3283 1309 3327 et
1338 3273 1629 3364 quiaapost
1651 3273 1754 3327 hoc
1782 3275 2029 3344 regnavit
2061 3277 2201 3330 idem
2237 3279 2380 3331 Con-

804 3365 1083 3420 stantinus
1112 3366 1274 3420 annis
1309 3365 1363 3428 5,
1399 3382 1509 3434 quo
1546 3375 1763 3434 mortuo
1794 3370 2170 3423 monarchiam
2204 3373 2380 3423 tenuit

802 3449 1150 3506 Justinianus
1187 3452 1329 3506 filius
1359 3452 1479 3521 ejus
1507 3454 1669 3508 annis
1712 3453 1798 3506 10.
1853 3455 2081 3524 Abjccto
2125 3465 2381 3525 practerca

802 3543 1120 3598 Justiniano
1183 3545 1472 3613 imperavit
1531 3545 1796 3601 Leontius
1855 3547 2015 3601 annis
2073 3550 2127 3612 5,
2165 3557 2217 3603 et
2265 3559 2386 3618 post

808 3636 1070 3690 Leontius
1116 3635 1396 3700 Tiberius,
1452 3637 1545 3706 qui
1578 3648 1631 3691 et
1673 3639 2022 3706 Apsimarus,
2057 3642 2216 3696 annis
2247 3641 2300 3704 7,
2330 3657 2385 3696 et

806 3744 1001 3784 rursus
1055 3728 1426 3795 Justinianus,
1477 3731 1569 3799 qui
1620 3731 1811 3798 pulsus
1847 3730 2041 3796 fuerat,
2083 3734 2241 3788 annis
2267 3751 2383 3795 sex.

810 3831 868 3876 ut
921 3821 1155 3874 inveniri
1186 3819 1344 3875 facile
1373 3828 1457 3876 est
1510 3836 1575 3876 cx
1624 3821 1759 3890 ipsis
1793 3822 1959 3878 editis
2010 3824 2225 3888 formis,
2263 3842 2386 3897 qua:

809 3912 1053 3965 secundo
1088 3926 1232 3964 anno
1272 3911 1504 3964 extremi
1556 3911 1769 3979 imperii
1809 3911 2052 3978 ejusdem
2081 3911 2386 3983 liinoeope-

812 4003 953 4055 meni
998 4001 1294 4056 Justiniani
1348 4001 1608 4070 exposita:
1647 4000 1816 4055 fuisse
1871 4001 2217 4067 referuntur;
2267 4021 2388 4074 qua:

811 4095 1022 4149 scilicet
1074 4095 1130 4147 in
1179 4093 1339 4146 tertia
1397 4109 1526 4146 suar
1553 4108 1624 4146 Im
1661 4093 1832 4145 forma
1875 4093 1957 4148 bis
1991 4104 2044 4146 et
2073 4095 2385 4162 bujusmodi

811 4185 1149 4240 dictionibus
1179 4185 1416 4239 habent:
1445 4184 1814 4250 Canspicimus
1845 4202 1930 4238 eos
1959 4187 2048 4254 qui
2085 4203 2138 4240 se
2181 4185 2388 4241 duabus

814 4277 1016 4346 nuptiis
1074 4279 1407 4329 inseruerunt
1437 4316 1450 4340 ,
1502 4285 1549 4329 et
1576 4293 1737 4345 usque
1766 4277 1834 4328 ad
1862 4278 2121 4331 decimum
2149 4288 2388 4332 octavum

812 4368 1062 4421 kalendas
1106 4365 1426 4420 Februarias
1477 4368 1762 4435 prwteritw
1809 4379 2018 4436 quartre
2059 4369 2389 4430 indictionis.

814 4477 932 4528 quo:
984 4460 1085 4528 fuit
1133 4476 1272 4531 anno
1300 4477 1332 4512 a
1378 4461 1644 4513 creatione
1680 4459 1862 4512 mundi
1895 4460 2054 4524 6l99,
2097 4462 2390 4514 servierunt

2485 3273 2684 3327 direxit
2741 3275 3039 3343 imperator
3101 3275 3330 3330 Paulum
3377 3279 3790 3347 magistrianum
3845 3277 3909 3331 ad
3937 3279 4062 3329 Alui-

2486 3365 2699 3419 nn-lech
2748 3365 2815 3418 ad
2858 3367 3297 3420 confirmandum
3331 3383 3392 3421 ea
3428 3385 3548 3435 qua:
3592 3368 3788 3437 placita
3826 3368 4061 3429 fuerant,

2486 3467 2538 3510 et
2595 3457 2736 3511 facta
2808 3467 2890 3512 est
2953 3459 3005 3512 in
3061 3459 3280 3527 scriptis
3339 3461 3606 3515 securitas
3673 3461 3776 3514 sub
3840 3461 4061 3513 testium

2487 3547 2866 3614 stipulatione.
2927 3547 3030 3615 Qui
3099 3547 3395 3603 liberaliter
3445 3551 3746 3602 honoratus
3814 3564 4064 3602 reversus

2488 3645 2592 3690 cst.
2636 3635 2701 3690 Et
2748 3639 2971 3692 mittens
3009 3639 3310 3708 imperator
3344 3642 3643 3708 assumpsit
3674 3639 4065 3693 Mat'daitarum

2494 3729 2684 3791 12000,
2747 3730 3003 3783 ltomaica
3040 3732 3238 3785 virtute
3274 3733 3491 3796 recisa;
3538 3745 3729 3784 onttn-s
3769 3733 3912 3782 enim
3947 3745 4066 3798 qua:

2491 3832 2639 3870 nunc
2670 3817 2990 3869 habitantur
3021 3816 3091 3869 ab
3120 3815 3395 3872 Arabibus
3435 3819 3486 3870 in
3530 3819 3837 3871 confinibus
3880 3819 4067 3885 positae

2494 3911 2747 3964 civitates
2782 3925 2808 3960 a
2836 3907 3168 3977 MepsueSIia
3206 3917 3260 3961 et
3294 3925 3463 3979 usque
3490 3910 3552 3962 ad
3588 3920 3839 3978 quartam
3877 3909 4066 3964 Arme-

2493 4003 2683 4066 niam,
2746 4001 2998 4058 inlirmae.
3049 4011 3102 4056 et
3167 4001 3556 4056 inhabitabiles
3636 4011 3790 4056 erant
3848 4011 4068 4070 propter

2494 4096 2757 4164 impetum
2816 4092 3209 4148 Mardaitarum
3243 4134 3257 4156 ,
3312 4093 3511 4163 quibus
3568 4094 3835 4163 repressis
3885 4097 4067 4146 omnia

2492 4187 2611 4242 dira
2644 4187 2907 4240 Bouiania
2941 4203 3100 4257 passa
3129 4196 3211 4242 est
3254 4201 3427 4255 usque
3461 4186 3514 4239 in
3550 4195 3866 4251 przesentem
3901 4186 4066 4237 diem.

2496 4279 2701 4334 Eodem
2762 4295 2905 4334 anno
2961 4281 3129 4334 mittit
3186 4279 3500 4334 Abimelech
3563 4277 3794 4331 Ziadum
3847 4277 4068 4332 fratrem

2496 4369 2728 4425 Mauhia:
2753 4372 2806 4424 in
2834 4370 3111 4425 Persidem
3144 4381 3333 4424 contra
3397 4370 3713 4424 Muctartem
3757 4369 4070 4423 mendacem

2498 4473 2663 4534 atque
2717 4480 3007 4535 tyrannum
3044 4503 3058 4527 ,
3118 4472 3172 4518 et
3222 4465 3582 4529 interemptus
3643 4473 3724 4515 est
3789 4461 3985 4514 Ziadus
4045 4477 4071 4511 a

737 4620 746 4626 ἢ
815 4564 1026 4621 peccato
1063 4565 1110 4606 et
1155 4568 1243 4605 nec
1287 4554 1593 4619 resipiscere
1638 4565 2044 4621 proposuerunt,
2074 4555 2392 4622 depositioni
2424 4556 2469 4612 Ι)
2499 4555 2785 4611 Muctarte.
2841 4556 2961 4621 Quo
3002 4556 3187 4609 audito
3236 4553 3547 4608 Abimelecb
3600 4555 3745 4606 venit
3799 4555 3849 4606 in
3899 4551 4072 4605 Meso-

821 4647 1092 4699 canonica:
1150 4644 1551 4699 submittendos.
1623 4645 1810 4713 Itaque
1842 4663 1906 4700 ex
1954 4648 2070 4716 ipsa
2108 4649 2392 4702 Chronica:

819 4738 1175 4792 annotatione
1209 4747 1456 4807 patenter
1488 4749 1714 4806 apparet
1745 4740 1891 4806 quod
1946 4741 2161 4794 collecti
2198 4750 2226 4791 a
2260 4758 2392 4794 san-

819 4840 908 4883 εἰει
974 4829 1267 4883 universali
1321 4837 1473 4884 sexta
1516 4830 1729 4901 synodo
1765 4847 1937 4900 usque
1976 4831 2043 4885 ad
2074 4833 2251 4886 editas
2285 4833 2396 4886 for-

822 4938 939 4974 mas
985 4922 1115 4975 anni
1151 4922 1218 4974 2⁵1
1272 4931 1437 4984 sunt,
1487 4923 1798 4991 patriarcha
1840 4923 2394 4992 Constantinopoleos

824 5017 876 5065 ιιι
936 5021 1124 5066 sancta
1189 5012 1484 5065 universali
1541 5013 1753 5083 synodo
1815 5022 1969 5068 sexta
2024 5012 2258 5084 Georgio
2314 5031 2395 5068 rc.

825 5114 982 5174 perto
1031 5121 1236 5157 annum
1287 5113 1485 5174 agente
1540 5105 1942 5173 patriarchatus
2007 5106 2092 5159 sui
2148 5106 2393 5166 tertium,

822 5204 876 5247 et
930 5204 1054 5264 post
1108 5195 1379 5265 synodum
1437 5196 1748 5265 patriarcha
1784 5208 2036 5251 manente
2069 5197 2228 5250 annis
2273 5199 2395 5252 aliis

777 5287 1024 5344 _tribus.
1093 5281 1224 5342 Post
1273 5289 1419 5341 hunc
1486 5303 1614 5340 vero
1680 5288 1832 5341 fuere
1889 5289 2158 5342 Theodori
2217 5290 2280 5352 5,
2343 5297 2396 5340 ιιι

825 5377 982 5431 Pauli
1031 5380 1104 5443 7,
1154 5386 1210 5432 et
1257 5378 1512 5432 Callinici
1577 5379 1670 5443 l2,
1720 5387 1774 5432 et
1835 5379 1962 5450 Cyri
2022 5382 2148 5434 anni
2193 5383 2266 5443 ‘2',
2325 5384 2396 5434 ita

828 5479 887 5520 nt
918 5469 1249 5536 colligantur
1300 5468 1462 5521 etiam
1507 5483 1570 5521 ex
1633 5469 1766 5535 ipsis
1793 5470 2117 5538 patriarchis
2142 5472 2268 5524 anni
2307 5471 2395 5534 Ξῖ,

827 5561 899 5614 ab
927 5560 1092 5614 editis
1117 5570 1300 5615 autem
1353 5559 1542 5614 formis
1568 5575 1739 5630 usque
1777 5562 1842 5614 ad
1905 5571 2158 5630 quartum
2195 5579 2396 5617 annum

2503 4649 2844 4718 potamiam,
2921 4657 2976 4701 et
3059 4648 3406 4717 tyrannidem
3476 4652 3680 4714 patitur
3761 4661 3788 4697 a
3866 4643 4068 4701 Snido.

2502 4755 2666 4809 quem
2741 4755 3134 4809 supergressus
3203 4738 3371 4791 verbo
3451 4735 3774 4790 Damascum
3863 4737 4072 4802 aperire

2505 4832 2634 4886 fecit
2689 4849 2718 4886 ιι
2776 4847 2835 4885 se
2887 4842 3241 4899 pra-veniam,
3281 4840 3336 4882 et
3383 4837 3504 4898 post
3536 4827 3648 4881 hac
3691 4826 4068 4880 fraudulenter

2502 4924 2704 4978 occidit
2743 4939 2890 4977 eum.

2575 5016 2922 5070 Justinianns
2963 5023 3142 5068 autem
3177 5031 3299 5069 cum
3342 5023 3488 5069 esset
3518 5013 3722 5082 iunior,
3775 5013 3924 5080 quasi
3981 5029 4077 5064 an-

2505 5122 2699 5161 norutn
2739 5106 2824 5169 l6,
2869 5115 2921 5159 et
2960 5121 3055 5158 sua
3092 5121 3321 5174 qumque
3372 5105 3678 5158 inconsulte
3743 5104 4078 5170 dispono-ret,

2509 5199 2658 5253 misit
2690 5196 2977 5252 Leontium
3017 5206 3300 5267 praetorem
3334 5196 3384 5249 in
3425 5196 3738 5248 Armeniam
3797 5211 3919 5245 rum
3970 5191 4081 5243 ilo-

2507 5291 2686 5344 maico
2717 5297 3019 5359 potentatu,
3081 5299 3136 5341 et
3192 5287 3481 5342 Saracenis
3534 5287 3645 5340 illic
3691 5285 4083 5340 exsistentibns

2509 5383 2852 5452 interemptis
2904 5380 3119 5448 subegit
3170 5381 3308 5433 hanc
3386 5377 3673 5439 Romanis.
3727 5379 3978 5432 similiter
4029 5386 4086 5429 (ι

2512 5474 2789 5528 Hiberiam
2826 5484 2879 5527 et
2934 5472 3246 5534 Albaniam,
3301 5471 3615 5525 Bucandam
3657 5485 3874 5544 quoque
3921 5478 4088 5535 atque

2513 5567 2767 5631 Mediam,
2815 5575 2869 5620 et
2929 5566 3030 5620 sub
3064 5565 3271 5619 tributo
3303 5564 3620 5634 regionibus
3653 5562 3786 5616 actis
3821 5559 4089 5630 plurimas

2366 5680 2598 5738 nom.
2681 5757 2684 5759 ι

900 5765 1014 5837 (ίῤ9)
1058 5764 1250 5837 Delirc.
1287 5764 1558 5820 Fabrotns
1599 5783 1694 5834 pro
1718 5783 1782 5821 eo
1814 5767 1960 5837 qttud
1991 5780 2109 5823 erat
2133 5772 2338 5825 lwdcrc.

898 5834 1012 5902 (70)
1050 5835 1383 5891 Conditione.
1415 5838 1636 5906 Cregor.
1692 5834 1844 5892 'l'ur.‘
1870 5839 1995 5893 hist.
2044 5841 2063 5896 1

2097 5859 2158 5894 ;ι
2204 5858 2231 5895 a
2277 5843 2433 5911 primi
2480 5843 2715 5898 hominis
2747 5840 3075 5896 conditione.
3105 5861 3120 5891 ι
3170 5838 3332 5894 Fin.
