  <div class='ocr_page' id='page_1' title='image "/cluster/home/n/w/nwhite01/storage/ocr_20150623/108/nnc1.0046979921/692.png"; bbox 0 0 4414 6462; ppageno 0'>
   <div class='ocr_carea' id='block_1_1' title="bbox 408 385 539 450">
    <p class='ocr_par' dir='ltr' id='par_1_1' title="bbox 408 385 539 450">
     <span class='ocr_line' id='line_1_1' title="bbox 408 385 539 450; baseline 0.015 -2"><span class='ocrx_word' id='word_1_1' title='bbox 408 385 427 448; x_wconf 84' lang='lat' dir='ltr'><strong>l</strong></span> <span class='ocrx_word' id='word_1_2' title='bbox 442 388 539 450; x_wconf 68' lang='lat'><strong>337</strong></span> 
     </span>
    </p>
   </div>
   <div class='ocr_carea' id='block_1_2' title="bbox 1177 388 2827 470">
    <p class='ocr_par' dir='ltr' id='par_1_2' title="bbox 1177 388 2827 470">
     <span class='ocr_line' id='line_1_2' title="bbox 1177 388 2827 470; baseline 0.012 -21"><span class='ocrx_word' id='word_1_3' title='bbox 1177 388 1543 453; x_wconf 77' lang='lat' dir='ltr'><strong>HISTORIA</strong></span> <span class='ocrx_word' id='word_1_4' title='bbox 1590 398 2311 465; x_wconf 72' lang='lat' dir='ltr'><strong>ECCLESIASTICA&#39;EX</strong></span> <span class='ocrx_word' id='word_1_5' title='bbox 2346 408 2827 470; x_wconf 75' lang='lat' dir='ltr'><strong>TllEOI‘HANE.</strong></span> 
     </span>
    </p>
   </div>
   <div class='ocr_carea' id='block_1_3' title="bbox 3528 414 3735 491">
    <p class='ocr_par' dir='ltr' id='par_1_3' title="bbox 3528 414 3735 491">
     <span class='ocr_line' id='line_1_3' title="bbox 3528 414 3735 491; baseline 0 -15"><span class='ocrx_word' id='word_1_6' title='bbox 3528 414 3666 477; x_wconf 78' lang='lat'><strong>1338</strong></span> <span class='ocrx_word' id='word_1_7' title='bbox 3730 484 3735 491; x_wconf 16' lang='grc' dir='ltr'><strong><em>κ</em></strong></span> 
     </span>
    </p>
   </div>
   <div class='ocr_carea' id='block_1_4' title="bbox 407 496 3663 582">
    <p class='ocr_par' dir='ltr' id='par_1_4' title="bbox 407 496 3663 582">
     <span class='ocr_line' id='line_1_4' title="bbox 407 496 3663 582; baseline 0.008 -35"><span class='ocrx_word' id='word_1_8' title='bbox 407 498 668 563; x_wconf 72' lang='lat' dir='ltr'><strong>pecunias</strong></span> <span class='ocrx_word' id='word_1_9' title='bbox 718 496 1033 567; x_wconf 77' lang='lat' dir='ltr'><strong>imperatori</strong></span> <span class='ocrx_word' id='word_1_10' title='bbox 1070 498 1403 553; x_wconf 90' lang='lat' dir='ltr'><strong>transmisit.</strong></span> <span class='ocrx_word' id='word_1_11' title='bbox 1474 503 1541 555; x_wconf 87' lang='lat' dir='ltr'><strong>At</strong></span> <span class='ocrx_word' id='word_1_12' title='bbox 1590 520 1721 558; x_wconf 86' lang='lat' dir='ltr'><strong>vero</strong></span> <span class='ocrx_word' id='word_1_13' title='bbox 1759 506 1983 560; x_wconf 80' lang='lat' dir='ltr'><strong>Abime-</strong></span> <span class='ocrx_word' id='word_1_14' title='bbox 2016 520 2058 572; x_wconf 81' lang='grc' dir='ltr'><strong>Α</strong></span> <span class='ocrx_word' id='word_1_15' title='bbox 2090 514 2375 581; x_wconf 88' lang='lat' dir='ltr'><strong>perpendit</strong></span> <span class='ocrx_word' id='word_1_16' title='bbox 2408 514 2552 582; x_wconf 87' lang='lat' dir='ltr'><strong>quod</strong></span> <span class='ocrx_word' id='word_1_17' title='bbox 2585 516 2824 569; x_wconf 84' lang='lat' dir='ltr'><strong>studium</strong></span> <span class='ocrx_word' id='word_1_18' title='bbox 2857 532 3048 570; x_wconf 86' lang='lat' dir='ltr'><strong>eorum</strong></span> <span class='ocrx_word' id='word_1_19' title='bbox 3080 525 3229 571; x_wconf 90' lang='lat' dir='ltr'><strong>esset</strong></span> <span class='ocrx_word' id='word_1_20' title='bbox 3262 526 3319 570; x_wconf 90' lang='lat' dir='ltr'><strong>ut</strong></span> <span class='ocrx_word' id='word_1_21' title='bbox 3372 518 3663 575; x_wconf 69' lang='lat' dir='ltr'><strong>Mardaita</strong></span> 
     </span>
    </p>
   </div>
   <div class='ocr_carea' id='block_1_5' title="bbox 406 582 1983 665">
    <p class='ocr_par' dir='ltr' id='par_1_5' title="bbox 406 582 1983 665">
     <span class='ocr_line' id='line_1_5' title="bbox 406 582 1983 665; baseline 0.01 -31"><span class='ocrx_word' id='word_1_22' title='bbox 406 585 522 637; x_wconf 87' lang='lat' dir='ltr'><strong>Iech</strong></span> <span class='ocrx_word' id='word_1_23' title='bbox 562 582 647 638; x_wconf 90' lang='lat' dir='ltr'><strong>his</strong></span> <span class='ocrx_word' id='word_1_24' title='bbox 696 585 933 655; x_wconf 78' lang='lat' dir='ltr'><strong>cognitis</strong></span> <span class='ocrx_word' id='word_1_25' title='bbox 998 586 1113 641; x_wconf 89' lang='lat' dir='ltr'><strong>adit</strong></span> <span class='ocrx_word' id='word_1_26' title='bbox 1146 587 1506 654; x_wconf 88' lang='lat' dir='ltr'><strong>Cercesium,</strong></span> <span class='ocrx_word' id='word_1_27' title='bbox 1557 604 1612 648; x_wconf 91' lang='lat' dir='ltr'><strong>et</strong></span> <span class='ocrx_word' id='word_1_28' title='bbox 1665 594 1983 665; x_wconf 80' lang='lat' dir='ltr'><strong>TheOpolim</strong></span> 
     </span>
    </p>
   </div>
   <div class='ocr_carea' id='block_1_6' title="bbox 409 675 745 745">
    <p class='ocr_par' dir='ltr' id='par_1_6' title="bbox 409 675 745 745">
     <span class='ocr_line' id='line_1_6' title="bbox 409 675 745 745; baseline 0.003 -17"><span class='ocrx_word' id='word_1_29' title='bbox 409 675 745 745; x_wconf 78' lang='lat' dir='ltr'><strong>subjugavit.</strong></span> 
     </span>
    </p>
   </div>
   <div class='ocr_carea' id='block_1_7' title="bbox 480 765 1988 837">
    <p class='ocr_par' dir='ltr' id='par_1_7' title="bbox 480 765 1988 837">
     <span class='ocr_line' id='line_1_7' title="bbox 480 765 1988 837; baseline 0.011 -21"><span class='ocrx_word' id='word_1_30' title='bbox 480 767 638 819; x_wconf 83' lang='lat' dir='ltr'><strong>Auno</strong></span> <span class='ocrx_word' id='word_1_31' title='bbox 662 765 875 837; x_wconf 91' lang='lat' dir='ltr'><strong>imperii</strong></span> <span class='ocrx_word' id='word_1_32' title='bbox 910 766 1210 825; x_wconf 83' lang='lat' dir='ltr'><strong>Iustiniani</strong></span> <span class='ocrx_word' id='word_1_33' title='bbox 1249 773 1491 829; x_wconf 86' lang='lat' dir='ltr'><strong>secundo</strong></span> <span class='ocrx_word' id='word_1_34' title='bbox 1520 773 1724 831; x_wconf 85' lang='lat' dir='ltr'><strong>Paulus</strong></span> <span class='ocrx_word' id='word_1_35' title='bbox 1757 777 1988 832; x_wconf 87' lang='lat' dir='ltr'><strong>habetur</strong></span> 
     </span>
    </p>
   </div>
   <div class='ocr_carea' id='block_1_8' title="bbox 408 858 1985 939">
    <p class='ocr_par' dir='ltr' id='par_1_8' title="bbox 408 858 1985 939">
     <span class='ocr_line' id='line_1_8' title="bbox 408 858 1985 939; baseline 0.008 -30"><span class='ocrx_word' id='word_1_36' title='bbox 408 858 660 919; x_wconf 84' lang='lat' dir='ltr'><strong>antistes,</strong></span> <span class='ocrx_word' id='word_1_37' title='bbox 708 858 799 929; x_wconf 93' lang='lat' dir='ltr'><strong>qui</strong></span> <span class='ocrx_word' id='word_1_38' title='bbox 836 871 1042 936; x_wconf 91' lang='lat' dir='ltr'><strong>sepletn</strong></span> <span class='ocrx_word' id='word_1_39' title='bbox 1079 864 1239 918; x_wconf 82' lang='lat' dir='ltr'><strong>almis</strong></span> <span class='ocrx_word' id='word_1_40' title='bbox 1273 866 1473 920; x_wconf 86' lang='lat' dir='ltr'><strong>throno</strong></span> <span class='ocrx_word' id='word_1_41' title='bbox 1516 865 1985 939; x_wconf 86' lang='lat' dir='ltr'><strong>Constantinopo-</strong></span> 
     </span>
    </p>
   </div>
   <div class='ocr_carea' id='block_1_9' title="bbox 409 948 1983 1030">
    <p class='ocr_par' dir='ltr' id='par_1_9' title="bbox 409 948 1983 1030">
     <span class='ocr_line' id='line_1_9' title="bbox 409 948 1983 1030; baseline 0.007 -29"><span class='ocrx_word' id='word_1_42' title='bbox 409 948 582 1004; x_wconf 89' lang='lat' dir='ltr'><strong>litano</strong></span> <span class='ocrx_word' id='word_1_43' title='bbox 608 953 895 1020; x_wconf 69' lang='lat' dir='ltr'><strong>prmsedit;</strong></span> <span class='ocrx_word' id='word_1_44' title='bbox 932 951 1184 1025; x_wconf 83' lang='lat' dir='ltr'><strong>factaque</strong></span> <span class='ocrx_word' id='word_1_45' title='bbox 1211 965 1293 1011; x_wconf 88' lang='lat' dir='ltr'><strong>est</strong></span> <span class='ocrx_word' id='word_1_46' title='bbox 1326 956 1499 1012; x_wconf 85' lang='lat' dir='ltr'><strong>fames</strong></span> <span class='ocrx_word' id='word_1_47' title='bbox 1537 961 1588 1013; x_wconf 91' lang='lat' dir='ltr'><strong>in</strong></span> <span class='ocrx_word' id='word_1_48' title='bbox 1632 960 1787 1030; x_wconf 83' lang='lat' dir='ltr'><strong>Syria</strong></span> <span class='ocrx_word' id='word_1_49' title='bbox 1815 999 1829 1023; x_wconf 94' lang='lat'><strong>,</strong></span> <span class='ocrx_word' id='word_1_50' title='bbox 1879 975 1983 1029; x_wconf 89' lang='lat' dir='ltr'><strong>qua</strong></span> 
     </span>
    </p>
   </div>
   <div class='ocr_carea' id='block_1_10' title="bbox 407 1039 1987 1118">
    <p class='ocr_par' dir='ltr' id='par_1_10' title="bbox 407 1039 1987 1118">
     <span class='ocr_line' id='line_1_10' title="bbox 407 1039 1987 1118; baseline 0.009 -27"><span class='ocrx_word' id='word_1_51' title='bbox 407 1039 475 1095; x_wconf 89' lang='lat' dir='ltr'><strong>de</strong></span> <span class='ocrx_word' id='word_1_52' title='bbox 508 1057 566 1095; x_wconf 91' lang='lat' dir='ltr'><strong>re</strong></span> <span class='ocrx_word' id='word_1_53' title='bbox 598 1042 751 1096; x_wconf 91' lang='lat' dir='ltr'><strong>multi</strong></span> <span class='ocrx_word' id='word_1_54' title='bbox 788 1042 1113 1098; x_wconf 81' lang='lat' dir='ltr'><strong>Romaniam</strong></span> <span class='ocrx_word' id='word_1_55' title='bbox 1160 1055 1291 1100; x_wconf 84' lang='lat' dir='ltr'><strong>sunt</strong></span> <span class='ocrx_word' id='word_1_56' title='bbox 1327 1047 1584 1118; x_wconf 86' lang='lat' dir='ltr'><strong>ingressi.</strong></span> <span class='ocrx_word' id='word_1_57' title='bbox 1656 1050 1719 1104; x_wconf 85' lang='lat' dir='ltr'><strong>Et</strong></span> <span class='ocrx_word' id='word_1_58' title='bbox 1762 1052 1987 1106; x_wconf 87' lang='lat' dir='ltr'><strong>veniens</strong></span> 
     </span>
    </p>
   </div>
   <div class='ocr_carea' id='block_1_11' title="bbox 407 1132 1983 1209">
    <p class='ocr_par' dir='ltr' id='par_1_11' title="bbox 407 1132 1983 1209">
     <span class='ocr_line' id='line_1_11' title="bbox 407 1132 1983 1209; baseline 0.008 -26"><span class='ocrx_word' id='word_1_59' title='bbox 407 1133 705 1199; x_wconf 81' lang='lat' dir='ltr'><strong>imperator</strong></span> <span class='ocrx_word' id='word_1_60' title='bbox 755 1132 808 1185; x_wconf 92' lang='lat' dir='ltr'><strong>in</strong></span> <span class='ocrx_word' id='word_1_61' title='bbox 846 1133 1160 1187; x_wconf 83' lang='lat' dir='ltr'><strong>Armeniam</strong></span> <span class='ocrx_word' id='word_1_62' title='bbox 1211 1135 1320 1190; x_wconf 90' lang='lat' dir='ltr'><strong>illic</strong></span> <span class='ocrx_word' id='word_1_63' title='bbox 1376 1140 1618 1209; x_wconf 82' lang='lat' dir='ltr'><strong>suscepit</strong></span> <span class='ocrx_word' id='word_1_64' title='bbox 1668 1139 1983 1202; x_wconf 76' lang='lat' dir='ltr'><strong>Mardaitas.</strong></span> 
     </span>
    </p>
   </div>
   <div class='ocr_carea' id='block_1_12' title="bbox 408 1221 1985 1289">
    <p class='ocr_par' dir='ltr' id='par_1_12' title="bbox 408 1221 1985 1289">
     <span class='ocr_line' id='line_1_12' title="bbox 408 1221 1985 1289; baseline 0.01 -17"><span class='ocrx_word' id='word_1_65' title='bbox 408 1223 499 1289; x_wconf 92' lang='lat' dir='ltr'><strong>qui</strong></span> <span class='ocrx_word' id='word_1_66' title='bbox 533 1223 586 1276; x_wconf 92' lang='lat' dir='ltr'><strong>in</strong></span> <span class='ocrx_word' id='word_1_67' title='bbox 621 1221 828 1278; x_wconf 85' lang='lat' dir='ltr'><strong>Libano</strong></span> <span class='ocrx_word' id='word_1_68' title='bbox 870 1224 1104 1287; x_wconf 86' lang='lat' dir='ltr'><strong>fuerant,</strong></span> <span class='ocrx_word' id='word_1_69' title='bbox 1139 1242 1292 1282; x_wconf 71' lang='lat' dir='ltr'><strong>teneo</strong></span> <span class='ocrx_word' id='word_1_70' title='bbox 1324 1243 1482 1283; x_wconf 90' lang='lat' dir='ltr'><strong>muro</strong></span> <span class='ocrx_word' id='word_1_71' title='bbox 1513 1230 1816 1286; x_wconf 72' lang='lat' dir='ltr'><strong>destrui-to.</strong></span> <span class='ocrx_word' id='word_1_72' title='bbox 1884 1231 1985 1288; x_wconf 90' lang='lat' dir='ltr'><strong>De-</strong></span> 
     </span>
    </p>
   </div>
   <div class='ocr_carea' id='block_1_13' title="bbox 408 1315 1983 1393">
    <p class='ocr_par' dir='ltr' id='par_1_13' title="bbox 408 1315 1983 1393">
     <span class='ocr_line' id='line_1_13' title="bbox 408 1315 1983 1393; baseline 0.008 -26"><span class='ocrx_word' id='word_1_73' title='bbox 408 1315 611 1367; x_wconf 72' lang='lat' dir='ltr'><strong>struxit</strong></span> <span class='ocrx_word' id='word_1_74' title='bbox 664 1323 847 1370; x_wconf 89' lang='lat' dir='ltr'><strong>autem</strong></span> <span class='ocrx_word' id='word_1_75' title='bbox 904 1326 957 1371; x_wconf 92' lang='lat' dir='ltr'><strong>et</strong></span> <span class='ocrx_word' id='word_1_76' title='bbox 1013 1333 1199 1387; x_wconf 90' lang='lat' dir='ltr'><strong>pacem</strong></span> <span class='ocrx_word' id='word_1_77' title='bbox 1251 1335 1377 1374; x_wconf 92' lang='lat' dir='ltr'><strong>cum</strong></span> <span class='ocrx_word' id='word_1_78' title='bbox 1434 1320 1762 1393; x_wconf 77' lang='lat' dir='ltr'><strong>Vulgaribus</strong></span> <span class='ocrx_word' id='word_1_79' title='bbox 1798 1324 1983 1388; x_wconf 78' lang='lat' dir='ltr'><strong>fixam,</strong></span> 
     </span>
    </p>
   </div>
   <div class='ocr_carea' id='block_1_14' title="bbox 410 1406 1986 1485">
    <p class='ocr_par' dir='ltr' id='par_1_14' title="bbox 410 1406 1986 1485">
     <span class='ocr_line' id='line_1_14' title="bbox 410 1406 1986 1485; baseline 0.012 -31"><span class='ocrx_word' id='word_1_80' title='bbox 410 1406 736 1473; x_wconf 78' lang='lat' dir='ltr'><strong>perturbans</strong></span> <span class='ocrx_word' id='word_1_81' title='bbox 791 1417 950 1479; x_wconf 77' lang='lat' dir='ltr'><strong>typos</strong></span> <span class='ocrx_word' id='word_1_82' title='bbox 999 1411 1093 1480; x_wconf 92' lang='lat' dir='ltr'><strong>qui</strong></span> <span class='ocrx_word' id='word_1_83' title='bbox 1151 1427 1179 1465; x_wconf 90' lang='lat' dir='ltr'><strong>a</strong></span> <span class='ocrx_word' id='word_1_84' title='bbox 1230 1423 1385 1481; x_wconf 85' lang='lat' dir='ltr'><strong>patre</strong></span> <span class='ocrx_word' id='word_1_85' title='bbox 1433 1419 1656 1485; x_wconf 90' lang='lat' dir='ltr'><strong>proprio</strong></span> <span class='ocrx_word' id='word_1_86' title='bbox 1699 1418 1986 1473; x_wconf 89' lang='lat' dir='ltr'><strong>ordinabi-</strong></span> 
     </span>
    </p>
   </div>
   <div class='ocr_carea' id='block_1_15' title="bbox 410 1499 1985 1572">
    <p class='ocr_par' dir='ltr' id='par_1_15' title="bbox 410 1499 1985 1572">
     <span class='ocr_line' id='line_1_15' title="bbox 410 1499 1985 1572; baseline 0.01 -23"><span class='ocrx_word' id='word_1_87' title='bbox 410 1499 531 1553; x_wconf 83' lang='lat' dir='ltr'><strong>Iiter</strong></span> <span class='ocrx_word' id='word_1_88' title='bbox 592 1499 720 1554; x_wconf 87' lang='lat' dir='ltr'><strong>facti</strong></span> <span class='ocrx_word' id='word_1_89' title='bbox 783 1511 949 1567; x_wconf 90' lang='lat' dir='ltr'><strong>sunt,</strong></span> <span class='ocrx_word' id='word_1_90' title='bbox 996 1512 1050 1557; x_wconf 88' lang='lat' dir='ltr'><strong>et</strong></span> <span class='ocrx_word' id='word_1_91' title='bbox 1099 1504 1255 1572; x_wconf 84' lang='lat' dir='ltr'><strong>jubet</strong></span> <span class='ocrx_word' id='word_1_92' title='bbox 1318 1510 1555 1563; x_wconf 90' lang='lat' dir='ltr'><strong>transire</strong></span> <span class='ocrx_word' id='word_1_93' title='bbox 1603 1510 1657 1563; x_wconf 95' lang='lat' dir='ltr'><strong>in</strong></span> <span class='ocrx_word' id='word_1_94' title='bbox 1719 1511 1985 1566; x_wconf 87' lang='lat' dir='ltr'><strong>Thracem</strong></span> 
     </span>
    </p>
   </div>
   <div class='ocr_carea' id='block_1_16' title="bbox 407 1592 1985 1673">
    <p class='ocr_par' dir='ltr' id='par_1_16' title="bbox 407 1592 1985 1673">
     <span class='ocr_line' id='line_1_16' title="bbox 407 1592 1985 1673; baseline 0.011 -34"><span class='ocrx_word' id='word_1_95' title='bbox 407 1600 696 1660; x_wconf 79' lang='lat' dir='ltr'><strong>equestres</strong></span> <span class='ocrx_word' id='word_1_96' title='bbox 755 1592 1014 1656; x_wconf 63' lang='lat' dir='ltr'><strong>militias,</strong></span> <span class='ocrx_word' id='word_1_97' title='bbox 1082 1596 1268 1648; x_wconf 72' lang='lat' dir='ltr'><strong>\‘tlit&#39;llS</strong></span> <span class='ocrx_word' id='word_1_98' title='bbox 1328 1608 1435 1650; x_wconf 86' lang='lat' dir='ltr'><strong>lant</strong></span> <span class='ocrx_word' id='word_1_99' title='bbox 1501 1598 1762 1668; x_wconf 73' lang='lat' dir='ltr'><strong>\ulgnres</strong></span> <span class='ocrx_word' id='word_1_100' title='bbox 1817 1618 1985 1673; x_wconf 89' lang='lat' dir='ltr'><strong>quam</strong></span> 
     </span>
    </p>
   </div>
   <div class='ocr_carea' id='block_1_17' title="bbox 410 1683 996 1754">
    <p class='ocr_par' dir='ltr' id='par_1_17' title="bbox 410 1683 996 1754">
     <span class='ocr_line' id='line_1_17' title="bbox 410 1683 996 1754; baseline 0.003 -19"><span class='ocrx_word' id='word_1_101' title='bbox 410 1683 712 1738; x_wconf 69' lang='lat' dir='ltr'><strong>Srlaviuias</strong></span> <span class='ocrx_word' id='word_1_102' title='bbox 748 1687 996 1754; x_wconf 67' lang='lat' dir='ltr'><strong>przednri.</strong></span> 
     </span>
    </p>
   </div>
   <div class='ocr_carea' id='block_1_18' title="bbox 487 1788 1989 1855">
    <p class='ocr_par' dir='ltr' id='par_1_18' title="bbox 487 1788 1989 1855">
     <span class='ocr_line' id='line_1_18' title="bbox 487 1788 1989 1855; baseline 0.003 -17"><span class='ocrx_word' id='word_1_103' title='bbox 487 1789 643 1840; x_wconf 74' lang='lat' dir='ltr'><strong>Anno</strong></span> <span class='ocrx_word' id='word_1_104' title='bbox 674 1788 884 1855; x_wconf 83' lang='lat' dir='ltr'><strong>imperii</strong></span> <span class='ocrx_word' id='word_1_105' title='bbox 921 1788 1003 1841; x_wconf 91' lang='lat' dir='ltr'><strong>sui</strong></span> <span class='ocrx_word' id='word_1_106' title='bbox 1042 1788 1207 1841; x_wconf 88' lang='lat' dir='ltr'><strong>tertio</strong></span> <span class='ocrx_word' id='word_1_107' title='bbox 1250 1790 1413 1842; x_wconf 76' lang='lat' dir='ltr'><strong>movit</strong></span> <span class='ocrx_word' id='word_1_108' title='bbox 1457 1789 1759 1843; x_wconf 75' lang='lat' dir='ltr'><strong>exercitum</strong></span> <span class='ocrx_word' id='word_1_109' title='bbox 1814 1788 1989 1845; x_wconf 82' lang='lat' dir='ltr'><strong>Iusti-</strong></span> 
     </span>
    </p>
   </div>
   <div class='ocr_carea' id='block_1_19' title="bbox 2090 606 3667 678">
    <p class='ocr_par' dir='ltr' id='par_1_19' title="bbox 2090 606 3667 678">
     <span class='ocr_line' id='line_1_19' title="bbox 2090 606 3667 678; baseline 0.004 -19"><span class='ocrx_word' id='word_1_110' title='bbox 2090 621 2207 659; x_wconf 92' lang='lat' dir='ltr'><strong>rum</strong></span> <span class='ocrx_word' id='word_1_111' title='bbox 2248 606 2426 661; x_wconf 88' lang='lat' dir='ltr'><strong>solum</strong></span> <span class='ocrx_word' id='word_1_112' title='bbox 2473 616 2849 677; x_wconf 78' lang='lat' dir='ltr'><strong>compesceret</strong></span> <span class='ocrx_word' id='word_1_113' title='bbox 2883 609 3117 678; x_wconf 90' lang='lat' dir='ltr'><strong>primum</strong></span> <span class='ocrx_word' id='word_1_114' title='bbox 3174 610 3453 676; x_wconf 89' lang='lat' dir='ltr'><strong>incursus,</strong></span> <span class='ocrx_word' id='word_1_115' title='bbox 3501 620 3555 665; x_wconf 89' lang='lat' dir='ltr'><strong>et</strong></span> <span class='ocrx_word' id='word_1_116' title='bbox 3595 616 3667 667; x_wconf 85' lang='lat' dir='ltr'><strong>ita</strong></span> 
     </span>
    </p>
   </div>
   <div class='ocr_carea' id='block_1_20' title="bbox 2093 684 3665 770">
    <p class='ocr_par' dir='ltr' id='par_1_20' title="bbox 2093 684 3665 770">
     <span class='ocr_line' id='line_1_20' title="bbox 2093 684 3665 770; baseline 0.006 -19"><span class='ocrx_word' id='word_1_117' title='bbox 2093 714 2188 766; x_wconf 86' lang='lat' dir='ltr'><strong>per</strong></span> <span class='ocrx_word' id='word_1_118' title='bbox 2220 699 2482 768; x_wconf 70' lang='lat' dir='ltr'><strong>putativze</strong></span> <span class='ocrx_word' id='word_1_119' title='bbox 2509 684 2741 754; x_wconf 79' lang='lat' dir='ltr'><strong>rationis</strong></span> <span class='ocrx_word' id='word_1_120' title='bbox 2774 701 3060 756; x_wconf 81' lang='lat' dir='ltr'><strong>obtentum</strong></span> <span class='ocrx_word' id='word_1_121' title='bbox 3093 718 3280 770; x_wconf 82' lang='lat' dir='ltr'><strong>pacem</strong></span> <span class='ocrx_word' id='word_1_122' title='bbox 3317 704 3665 760; x_wconf 74' lang='lat' dir='ltr'><strong>dissolveret.</strong></span> 
     </span>
    </p>
   </div>
   <div class='ocr_carea' id='block_1_21' title="bbox 2090 789 3670 855">
    <p class='ocr_par' dir='ltr' id='par_1_21' title="bbox 2090 789 3670 855">
     <span class='ocr_line' id='line_1_21' title="bbox 2090 789 3670 855; baseline 0.008 -15"><span class='ocrx_word' id='word_1_123' title='bbox 2090 789 2243 855; x_wconf 86' lang='lat' dir='ltr'><strong>Quod</strong></span> <span class='ocrx_word' id='word_1_124' title='bbox 2271 799 2333 842; x_wconf 80' lang='lat' dir='ltr'><strong>et</strong></span> <span class='ocrx_word' id='word_1_125' title='bbox 2368 789 2569 843; x_wconf 85' lang='lat' dir='ltr'><strong>factum</strong></span> <span class='ocrx_word' id='word_1_126' title='bbox 2598 801 2705 853; x_wconf 91' lang='lat' dir='ltr'><strong>est,</strong></span> <span class='ocrx_word' id='word_1_127' title='bbox 2746 801 2800 845; x_wconf 89' lang='lat' dir='ltr'><strong>et</strong></span> <span class='ocrx_word' id='word_1_128' title='bbox 2833 793 2982 847; x_wconf 90' lang='lat' dir='ltr'><strong>misit</strong></span> <span class='ocrx_word' id='word_1_129' title='bbox 3026 793 3341 848; x_wconf 84' lang='lat' dir='ltr'><strong>Abimelech</strong></span> <span class='ocrx_word' id='word_1_130' title='bbox 3385 798 3451 850; x_wconf 90' lang='lat' dir='ltr'><strong>ad</strong></span> <span class='ocrx_word' id='word_1_131' title='bbox 3499 799 3670 852; x_wconf 64' lang='lat' dir='ltr'><strong>rediti-</strong></span> 
     </span>
    </p>
   </div>
   <div class='ocr_carea' id='block_1_22' title="bbox 2088 882 3669 951">
    <p class='ocr_par' dir='ltr' id='par_1_22' title="bbox 2088 882 3669 951">
     <span class='ocr_line' id='line_1_22' title="bbox 2088 882 3669 951; baseline 0.004 -14"><span class='ocrx_word' id='word_1_132' title='bbox 2088 884 2324 937; x_wconf 84' lang='lat' dir='ltr'><strong>candutn</strong></span> <span class='ocrx_word' id='word_1_133' title='bbox 2359 884 2618 951; x_wconf 86' lang='lat' dir='ltr'><strong>templum</strong></span> <span class='ocrx_word' id='word_1_134' title='bbox 2649 882 2897 943; x_wconf 78' lang='lat' dir='ltr'><strong>Machan,</strong></span> <span class='ocrx_word' id='word_1_135' title='bbox 2924 893 2977 940; x_wconf 90' lang='lat' dir='ltr'><strong>et</strong></span> <span class='ocrx_word' id='word_1_136' title='bbox 3011 886 3183 939; x_wconf 90' lang='lat' dir='ltr'><strong>voluit</strong></span> <span class='ocrx_word' id='word_1_137' title='bbox 3219 888 3439 943; x_wconf 88' lang='lat' dir='ltr'><strong>auferre</strong></span> <span class='ocrx_word' id='word_1_138' title='bbox 3462 892 3669 943; x_wconf 87' lang='lat' dir='ltr'><strong>colum-</strong></span> 
     </span>
    </p>
   </div>
   <div class='ocr_carea' id='block_1_23' title="bbox 2090 975 3666 1047">
    <p class='ocr_par' dir='ltr' id='par_1_23' title="bbox 2090 975 3666 1047">
     <span class='ocr_line' id='line_1_23' title="bbox 2090 975 3666 1047; baseline 0.004 -19"><span class='ocrx_word' id='word_1_139' title='bbox 2090 991 2189 1029; x_wconf 88' lang='lat' dir='ltr'><strong>nas</strong></span> <span class='ocrx_word' id='word_1_140' title='bbox 2246 983 2451 1029; x_wconf 70' lang='lat' dir='ltr'><strong>sanrtze</strong></span> <span class='ocrx_word' id='word_1_141' title='bbox 2475 975 2843 1030; x_wconf 78' lang='lat' dir='ltr'><strong>Getsemanis.</strong></span> <span class='ocrx_word' id='word_1_142' title='bbox 2901 976 2967 1030; x_wconf 86' lang='lat' dir='ltr'><strong>Et</strong></span> <span class='ocrx_word' id='word_1_143' title='bbox 3002 987 3337 1047; x_wconf 88' lang='lat' dir='ltr'><strong>rogaverunt</strong></span> <span class='ocrx_word' id='word_1_144' title='bbox 3386 996 3508 1033; x_wconf 90' lang='lat' dir='ltr'><strong>eum</strong></span> <span class='ocrx_word' id='word_1_145' title='bbox 3539 980 3666 1034; x_wconf 77' lang='lat' dir='ltr'><strong>Ser-</strong></span> 
     </span>
    </p>
   </div>
   <div class='ocr_carea' id='block_1_24' title="bbox 2089 1049 3735 1143">
    <p class='ocr_par' dir='ltr' id='par_1_24' title="bbox 2089 1049 3735 1143">
     <span class='ocr_line' id='line_1_24' title="bbox 2089 1049 3735 1143; baseline 0.005 -23"><span class='ocrx_word' id='word_1_146' title='bbox 2089 1068 2212 1135; x_wconf 86' lang='lat' dir='ltr'><strong>gius</strong></span> <span class='ocrx_word' id='word_1_147' title='bbox 2248 1068 2471 1136; x_wconf 90' lang='lat' dir='ltr'><strong>quidam</strong></span> <span class='ocrx_word' id='word_1_148' title='bbox 2506 1068 3142 1135; x_wconf 86' lang='lat' dir='ltr'><strong>virChristianissimus,</strong></span> <span class='ocrx_word' id='word_1_149' title='bbox 3168 1074 3258 1142; x_wconf 91' lang='lat' dir='ltr'><strong>qui</strong></span> <span class='ocrx_word' id='word_1_150' title='bbox 3286 1080 3405 1125; x_wconf 85' lang='lat' dir='ltr'><strong>erat</strong></span> <span class='ocrx_word' id='word_1_151' title='bbox 3435 1049 3680 1143; x_wconf 32' lang='lat' dir='ltr'><strong>general.</strong></span> <span class='ocrx_word' id='word_1_152' title='bbox 3718 1088 3735 1100; x_wconf 47' lang='grc' dir='ltr'><strong>κ</strong></span> 
     </span>
    </p>
   </div>
   <div class='ocr_carea' id='block_1_25' title="bbox 2089 1160 3667 1230">
    <p class='ocr_par' dir='ltr' id='par_1_25' title="bbox 2089 1160 3667 1230">
     <span class='ocr_line' id='line_1_25' title="bbox 2089 1160 3667 1230; baseline 0.006 -17"><span class='ocrx_word' id='word_1_153' title='bbox 2089 1161 2156 1214; x_wconf 84' lang='lat' dir='ltr'><strong>lis</strong></span> <span class='ocrx_word' id='word_1_154' title='bbox 2205 1160 2429 1214; x_wconf 81' lang='lat' dir='ltr'><strong>Mansnr</strong></span> <span class='ocrx_word' id='word_1_155' title='bbox 2482 1162 2758 1230; x_wconf 88' lang='lat' dir='ltr'><strong>Iogotheta</strong></span> <span class='ocrx_word' id='word_1_156' title='bbox 2824 1171 2877 1216; x_wconf 89' lang='lat' dir='ltr'><strong>et</strong></span> <span class='ocrx_word' id='word_1_157' title='bbox 2929 1165 3088 1217; x_wconf 92' lang='lat' dir='ltr'><strong>valde</strong></span> <span class='ocrx_word' id='word_1_158' title='bbox 3146 1166 3436 1222; x_wconf 82' lang='lat' dir='ltr'><strong>familiaris</strong></span> <span class='ocrx_word' id='word_1_159' title='bbox 3491 1168 3667 1222; x_wconf 88' lang='lat' dir='ltr'><strong>eidem</strong></span> 
     </span>
    </p>
   </div>
   <div class='ocr_carea' id='block_1_26' title="bbox 2089 1251 3773 1331">
    <p class='ocr_par' dir='ltr' id='par_1_26' title="bbox 2089 1251 3773 1331">
     <span class='ocr_line' id='line_1_26' title="bbox 2089 1251 3773 1331; baseline 0.005 -26"><span class='ocrx_word' id='word_1_160' title='bbox 2089 1251 2449 1331; x_wconf 79' lang='lat' dir='ltr'><strong>Abimelech,</strong></span> <span class='ocrx_word' id='word_1_161' title='bbox 2512 1260 2678 1321; x_wconf 88' lang='lat' dir='ltr'><strong>atque</strong></span> <span class='ocrx_word' id='word_1_162' title='bbox 2734 1254 2996 1322; x_wconf 72' lang='lat' dir='ltr'><strong>patrii-ius</strong></span> <span class='ocrx_word' id='word_1_163' title='bbox 3052 1256 3240 1311; x_wconf 90' lang='lat' dir='ltr'><strong>socius</strong></span> <span class='ocrx_word' id='word_1_164' title='bbox 3293 1258 3412 1324; x_wconf 82' lang='lat' dir='ltr'><strong>ejus</strong></span> <span class='ocrx_word' id='word_1_165' title='bbox 3447 1299 3462 1319; x_wconf 96' lang='lat'><strong>,</strong></span> <span class='ocrx_word' id='word_1_166' title='bbox 3508 1258 3671 1312; x_wconf 87' lang='lat' dir='ltr'><strong>Chri-</strong></span> <span class='ocrx_word' id='word_1_167' title='bbox 3762 1272 3773 1284; x_wconf 57' lang='grc' dir='ltr'><em>θ</em></span> 
     </span>
    </p>
   </div>
   <div class='ocr_carea' id='block_1_27' title="bbox 2089 1345 3669 1421">
    <p class='ocr_par' dir='ltr' id='par_1_27' title="bbox 2089 1345 3669 1421">
     <span class='ocr_line' id='line_1_27' title="bbox 2089 1345 3669 1421; baseline 0.005 -23"><span class='ocrx_word' id='word_1_168' title='bbox 2089 1345 2286 1400; x_wconf 86' lang='lat' dir='ltr'><strong>stianis</strong></span> <span class='ocrx_word' id='word_1_169' title='bbox 2344 1345 2438 1413; x_wconf 92' lang='lat' dir='ltr'><strong>qui</strong></span> <span class='ocrx_word' id='word_1_170' title='bbox 2489 1355 2647 1399; x_wconf 85' lang='lat' dir='ltr'><strong>erant</strong></span> <span class='ocrx_word' id='word_1_171' title='bbox 2707 1347 2758 1399; x_wconf 92' lang='lat' dir='ltr'><strong>in</strong></span> <span class='ocrx_word' id='word_1_172' title='bbox 2827 1347 3114 1399; x_wconf 74' lang='lat' dir='ltr'><strong>Palaestina</strong></span> <span class='ocrx_word' id='word_1_173' title='bbox 3175 1352 3517 1416; x_wconf 68' lang='lat' dir='ltr'><strong>prmposiltts,</strong></span> <span class='ocrx_word' id='word_1_174' title='bbox 3575 1354 3669 1421; x_wconf 87' lang='lat' dir='ltr'><strong>qui</strong></span> 
     </span>
    </p>
   </div>
   <div class='ocr_carea' id='block_1_28' title="bbox 2087 1436 3671 1512">
    <p class='ocr_par' dir='ltr' id='par_1_28' title="bbox 2087 1436 3671 1512">
     <span class='ocr_line' id='line_1_28' title="bbox 2087 1436 3671 1512; baseline 0.002 -21"><span class='ocrx_word' id='word_1_175' title='bbox 2087 1436 2579 1512; x_wconf 81' lang='lat' dir='ltr'><strong>cognominabatur</strong></span> <span class='ocrx_word' id='word_1_176' title='bbox 2642 1438 2924 1499; x_wconf 85' lang='lat' dir='ltr'><strong>Clausus,</strong></span> <span class='ocrx_word' id='word_1_177' title='bbox 2995 1441 3333 1508; x_wconf 74' lang='lat' dir='ltr'><strong>postulantes</strong></span> <span class='ocrx_word' id='word_1_178' title='bbox 3391 1458 3456 1495; x_wconf 91' lang='lat' dir='ltr'><strong>ne</strong></span> <span class='ocrx_word' id='word_1_179' title='bbox 3519 1443 3671 1497; x_wconf 83' lang='lat' dir='ltr'><strong>fieret</strong></span> 
     </span>
    </p>
   </div>
   <div class='ocr_carea' id='block_1_29' title="bbox 2090 1524 3671 1599">
    <p class='ocr_par' dir='ltr' id='par_1_29' title="bbox 2090 1524 3671 1599">
     <span class='ocr_line' id='line_1_29' title="bbox 2090 1524 3671 1599; baseline 0.004 -20"><span class='ocrx_word' id='word_1_180' title='bbox 2090 1524 2237 1589; x_wconf 92' lang='lat' dir='ltr'><strong>hoc,</strong></span> <span class='ocrx_word' id='word_1_181' title='bbox 2299 1526 2392 1579; x_wconf 90' lang='lat' dir='ltr'><strong>sed</strong></span> <span class='ocrx_word' id='word_1_182' title='bbox 2454 1542 2550 1595; x_wconf 90' lang='lat' dir='ltr'><strong>per</strong></span> <span class='ocrx_word' id='word_1_183' title='bbox 2618 1529 3055 1596; x_wconf 84' lang='lat' dir='ltr'><strong>supplicationes</strong></span> <span class='ocrx_word' id='word_1_184' title='bbox 3119 1544 3250 1583; x_wconf 89' lang='lat' dir='ltr'><strong>suas</strong></span> <span class='ocrx_word' id='word_1_185' title='bbox 3322 1532 3671 1599; x_wconf 74' lang='lat' dir='ltr'><strong>persuaderet</strong></span> 
     </span>
    </p>
   </div>
   <div class='ocr_carea' id='block_1_30' title="bbox 2087 1614 3658 1691">
    <p class='ocr_par' dir='ltr' id='par_1_30' title="bbox 2087 1614 3658 1691">
     <span class='ocr_line' id='line_1_30' title="bbox 2087 1614 3658 1691; baseline 0.005 -22"><span class='ocrx_word' id='word_1_186' title='bbox 2087 1614 2401 1671; x_wconf 89' lang='lat' dir='ltr'><strong>Iustiniano</strong></span> <span class='ocrx_word' id='word_1_187' title='bbox 2433 1618 2680 1672; x_wconf 83' lang='lat' dir='ltr'><strong>mittendi</strong></span> <span class='ocrx_word' id='word_1_188' title='bbox 2720 1618 2822 1672; x_wconf 88' lang='lat' dir='ltr'><strong>sibi</strong></span> <span class='ocrx_word' id='word_1_189' title='bbox 2868 1620 3003 1673; x_wconf 85' lang='lat' dir='ltr'><strong>alias</strong></span> <span class='ocrx_word' id='word_1_190' title='bbox 3044 1634 3141 1688; x_wconf 89' lang='lat' dir='ltr'><strong>pro</strong></span> <span class='ocrx_word' id='word_1_191' title='bbox 3173 1621 3286 1685; x_wconf 82' lang='lat' dir='ltr'><strong>eis;</strong></span> <span class='ocrx_word' id='word_1_192' title='bbox 3319 1622 3461 1691; x_wconf 79' lang='lat' dir='ltr'><strong>quod</strong></span> <span class='ocrx_word' id='word_1_193' title='bbox 3491 1629 3543 1676; x_wconf 92' lang='lat' dir='ltr'><strong>et</strong></span> <span class='ocrx_word' id='word_1_194' title='bbox 3572 1622 3658 1676; x_wconf 89' lang='lat' dir='ltr'><strong>fa-</strong></span> 
     </span>
    </p>
   </div>
   <div class='ocr_carea' id='block_1_31' title="bbox 2092 1723 2372 1771">
    <p class='ocr_par' dir='ltr' id='par_1_31' title="bbox 2092 1723 2372 1771">
     <span class='ocr_line' id='line_1_31' title="bbox 2092 1723 2372 1771; baseline -0.021 0"><span class='ocrx_word' id='word_1_195' title='bbox 2092 1725 2243 1771; x_wconf 91' lang='lat' dir='ltr'><strong>ctum</strong></span> <span class='ocrx_word' id='word_1_196' title='bbox 2271 1723 2372 1768; x_wconf 88' lang='lat' dir='ltr'><strong>est.</strong></span> 
     </span>
    </p>
   </div>
   <div class='ocr_carea' id='block_1_32' title="bbox 2163 1806 3671 1877">
    <p class='ocr_par' dir='ltr' id='par_1_32' title="bbox 2163 1806 3671 1877">
     <span class='ocr_line' id='line_1_32' title="bbox 2163 1806 3671 1877; baseline 0 -16"><span class='ocrx_word' id='word_1_197' title='bbox 2163 1807 2319 1861; x_wconf 88' lang='lat' dir='ltr'><strong>Auno</strong></span> <span class='ocrx_word' id='word_1_198' title='bbox 2351 1807 2560 1877; x_wconf 87' lang='lat' dir='ltr'><strong>in-perii</strong></span> <span class='ocrx_word' id='word_1_199' title='bbox 2593 1806 2678 1862; x_wconf 91' lang='lat' dir='ltr'><strong>sui</strong></span> <span class='ocrx_word' id='word_1_200' title='bbox 2726 1808 2963 1876; x_wconf 90' lang='lat' dir='ltr'><strong>septimo</strong></span> <span class='ocrx_word' id='word_1_201' title='bbox 3007 1806 3355 1861; x_wconf 77' lang='lat' dir='ltr'><strong>ItlSlittianllS</strong></span> <span class='ocrx_word' id='word_1_202' title='bbox 3399 1808 3562 1876; x_wconf 87' lang='lat' dir='ltr'><strong>elegit</strong></span> <span class='ocrx_word' id='word_1_203' title='bbox 3607 1824 3671 1861; x_wconf 78' lang='lat' dir='ltr'><strong>ex</strong></span> 
     </span>
    </p>
   </div>
   <div class='ocr_carea' id='block_1_33' title="bbox 421 1868 3673 1969">
    <p class='ocr_par' dir='ltr' id='par_1_33' title="bbox 421 1868 3673 1969">
     <span class='ocr_line' id='line_1_33' title="bbox 421 1868 3673 1969; baseline 0.003 -38"><span class='ocrx_word' id='word_1_204' title='bbox 421 1882 618 1934; x_wconf 68' lang='lat' dir='ltr'><strong>n‘anus</strong></span> <span class='ocrx_word' id='word_1_205' title='bbox 649 1888 839 1934; x_wconf 90' lang='lat' dir='ltr'><strong>contra</strong></span> <span class='ocrx_word' id='word_1_206' title='bbox 879 1880 1212 1933; x_wconf 77' lang='lat' dir='ltr'><strong>Srlaviniam</strong></span> <span class='ocrx_word' id='word_1_207' title='bbox 1241 1891 1292 1933; x_wconf 88' lang='lat' dir='ltr'><strong>et</strong></span> <span class='ocrx_word' id='word_1_208' title='bbox 1318 1877 1657 1950; x_wconf 73' lang='lat' dir='ltr'><strong>Vulgariam,</strong></span> <span class='ocrx_word' id='word_1_209' title='bbox 1697 1891 1750 1934; x_wconf 90' lang='lat' dir='ltr'><strong>et</strong></span> <span class='ocrx_word' id='word_1_210' title='bbox 1785 1880 1991 1950; x_wconf 81' lang='lat' dir='ltr'><strong>Vulga-</strong></span> <span class='ocrx_word' id='word_1_211' title='bbox 2024 1868 2065 1922; x_wconf 76' lang='grc' dir='ltr'><strong>Β</strong></span> <span class='ocrx_word' id='word_1_212' title='bbox 2100 1900 2332 1964; x_wconf 43' lang='lat' dir='ltr'><strong>Schn“,</strong></span> <span class='ocrx_word' id='word_1_213' title='bbox 2388 1868 2481 1969; x_wconf 56' lang='grc' dir='ltr'><strong>ηξιί</strong></span> <span class='ocrx_word' id='word_1_214' title='bbox 2529 1915 2589 1954; x_wconf 70' lang='lat' dir='ltr'><strong>se</strong></span> <span class='ocrx_word' id='word_1_215' title='bbox 2618 1868 2849 1967; x_wconf 45' lang='lat' dir='ltr'><strong>iuben-ie</strong></span> <span class='ocrx_word' id='word_1_216' title='bbox 2887 1901 3258 1968; x_wconf 65' lang='lat' dir='ltr'><strong>&quot;,igmvemm</strong></span> <span class='ocrx_word' id='word_1_217' title='bbox 3282 1941 3296 1963; x_wconf 54' lang='lat'><strong><em>,</em></strong></span> <span class='ocrx_word' id='word_1_218' title='bbox 3345 1868 3541 1954; x_wconf 60' lang='lat' dir='ltr'><strong>mian</strong></span> <span class='ocrx_word' id='word_1_219' title='bbox 3577 1900 3673 1953; x_wconf 71' lang='grc' dir='ltr'><strong>ιι-ί-</strong></span> 
     </span>
    </p>
   </div>
   <div class='ocr_carea' id='block_1_34' title="bbox 416 1972 1991 2042">
    <p class='ocr_par' dir='ltr' id='par_1_34' title="bbox 416 1972 1991 2042">
     <span class='ocr_line' id='line_1_34' title="bbox 416 1972 1991 2042; baseline 0 -17"><span class='ocrx_word' id='word_1_220' title='bbox 416 1988 505 2026; x_wconf 85' lang='lat' dir='ltr'><strong>res</strong></span> <span class='ocrx_word' id='word_1_221' title='bbox 560 1973 779 2040; x_wconf 89' lang='lat' dir='ltr'><strong>quidem</strong></span> <span class='ocrx_word' id='word_1_222' title='bbox 831 1973 897 2027; x_wconf 87' lang='lat' dir='ltr'><strong>ad</strong></span> <span class='ocrx_word' id='word_1_223' title='bbox 947 1988 1186 2042; x_wconf 73' lang='lat' dir='ltr'><strong>praesens</strong></span> <span class='ocrx_word' id='word_1_224' title='bbox 1216 1972 1319 2026; x_wconf 89' lang='lat' dir='ltr'><strong>sibi</strong></span> <span class='ocrx_word' id='word_1_225' title='bbox 1365 1982 1723 2027; x_wconf 83' lang='lat' dir='ltr'><strong>occurrentes</strong></span> <span class='ocrx_word' id='word_1_226' title='bbox 1757 1974 1991 2042; x_wconf 79' lang='lat' dir='ltr'><strong>impulit.</strong></span> 
     </span>
    </p>
   </div>
   <div class='ocr_carea' id='block_1_35' title="bbox 416 2064 1996 2136">
    <p class='ocr_par' dir='ltr' id='par_1_35' title="bbox 416 2064 1996 2136">
     <span class='ocr_line' id='line_1_35' title="bbox 416 2064 1996 2136; baseline 0.001 -18"><span class='ocrx_word' id='word_1_227' title='bbox 416 2065 734 2136; x_wconf 77' lang='lat' dir='ltr'><strong>Evsurgens</strong></span> <span class='ocrx_word' id='word_1_228' title='bbox 783 2074 963 2126; x_wconf 80' lang='lat' dir='ltr'><strong>autem</strong></span> <span class='ocrx_word' id='word_1_229' title='bbox 1038 2081 1212 2135; x_wconf 89' lang='lat' dir='ltr'><strong>usque</strong></span> <span class='ocrx_word' id='word_1_230' title='bbox 1258 2064 1686 2120; x_wconf 86' lang='lat' dir='ltr'><strong>Thessalonicen</strong></span> <span class='ocrx_word' id='word_1_231' title='bbox 1738 2067 1996 2136; x_wconf 89' lang='lat' dir='ltr'><strong>copiosas</strong></span> 
     </span>
    </p>
   </div>
   <div class='ocr_carea' id='block_1_36' title="bbox 419 2153 1993 2230">
    <p class='ocr_par' dir='ltr' id='par_1_36' title="bbox 419 2153 1993 2230">
     <span class='ocr_line' id='line_1_36' title="bbox 419 2153 1993 2230; baseline 0.002 -21"><span class='ocrx_word' id='word_1_232' title='bbox 419 2160 802 2213; x_wconf 84' lang='lat' dir='ltr'><strong>mnititudines</strong></span> <span class='ocrx_word' id='word_1_233' title='bbox 848 2158 1233 2213; x_wconf 75' lang='lat' dir='ltr'><strong>Selavinorum</strong></span> <span class='ocrx_word' id='word_1_234' title='bbox 1294 2159 1494 2229; x_wconf 88' lang='lat' dir='ltr'><strong>partim</strong></span> <span class='ocrx_word' id='word_1_235' title='bbox 1537 2153 1680 2214; x_wconf 81' lang='lat' dir='ltr'><strong>bello</strong></span> <span class='ocrx_word' id='word_1_236' title='bbox 1729 2162 1993 2230; x_wconf 88' lang='lat' dir='ltr'><strong>percepit,</strong></span> 
     </span>
    </p>
   </div>
   <div class='ocr_carea' id='block_1_37' title="bbox 415 2249 1998 2320">
    <p class='ocr_par' dir='ltr' id='par_1_37' title="bbox 415 2249 1998 2320">
     <span class='ocr_line' id='line_1_37' title="bbox 415 2249 1998 2320; baseline 0.003 -20"><span class='ocrx_word' id='word_1_237' title='bbox 415 2250 612 2319; x_wconf 73' lang='lat' dir='ltr'><strong>p-irtim</strong></span> <span class='ocrx_word' id='word_1_238' title='bbox 654 2264 775 2303; x_wconf 89' lang='lat' dir='ltr'><strong>cum</strong></span> <span class='ocrx_word' id='word_1_239' title='bbox 829 2250 894 2304; x_wconf 92' lang='lat' dir='ltr'><strong>ad</strong></span> <span class='ocrx_word' id='word_1_240' title='bbox 947 2265 1006 2305; x_wconf 92' lang='lat' dir='ltr'><strong>se</strong></span> <span class='ocrx_word' id='word_1_241' title='bbox 1041 2249 1377 2304; x_wconf 84' lang='lat' dir='ltr'><strong>confluerent</strong></span> <span class='ocrx_word' id='word_1_242' title='bbox 1437 2250 1491 2304; x_wconf 93' lang='lat' dir='ltr'><strong>in</strong></span> <span class='ocrx_word' id='word_1_243' title='bbox 1544 2251 1791 2320; x_wconf 78' lang='lat' dir='ltr'><strong>partibus</strong></span> <span class='ocrx_word' id='word_1_244' title='bbox 1826 2249 1998 2304; x_wconf 88' lang='lat' dir='ltr'><strong>Obse-</strong></span> 
     </span>
    </p>
   </div>
   <div class='ocr_carea' id='block_1_38' title="bbox 416 2341 1993 2412">
    <p class='ocr_par' dir='ltr' id='par_1_38' title="bbox 416 2341 1993 2412">
     <span class='ocr_line' id='line_1_38' title="bbox 416 2341 1993 2412; baseline 0.003 -21"><span class='ocrx_word' id='word_1_245' title='bbox 416 2343 555 2409; x_wconf 84' lang='lat' dir='ltr'><strong>qnii.</strong></span> <span class='ocrx_word' id='word_1_246' title='bbox 602 2358 726 2396; x_wconf 83' lang='lat' dir='ltr'><strong>enm</strong></span> <span class='ocrx_word' id='word_1_247' title='bbox 764 2357 861 2411; x_wconf 90' lang='lat' dir='ltr'><strong>per</strong></span> <span class='ocrx_word' id='word_1_248' title='bbox 900 2341 1145 2412; x_wconf 69' lang='lat' dir='ltr'><strong>Abydum</strong></span> <span class='ocrx_word' id='word_1_249' title='bbox 1189 2342 1641 2407; x_wconf 82' lang='lat' dir='ltr'><strong>transfretasset,</strong></span> <span class='ocrx_word' id='word_1_250' title='bbox 1688 2343 1993 2397; x_wconf 85' lang='lat' dir='ltr'><strong>constituit.</strong></span> 
     </span>
    </p>
   </div>
   <div class='ocr_carea' id='block_1_39' title="bbox 419 2434 1995 2505">
    <p class='ocr_par' dir='ltr' id='par_1_39' title="bbox 419 2434 1995 2505">
     <span class='ocr_line' id='line_1_39' title="bbox 419 2434 1995 2505; baseline 0.003 -19"><span class='ocrx_word' id='word_1_251' title='bbox 419 2434 555 2487; x_wconf 77' lang='lat' dir='ltr'><strong>llum</strong></span> <span class='ocrx_word' id='word_1_252' title='bbox 606 2443 786 2488; x_wconf 81' lang='lat' dir='ltr'><strong>autem</strong></span> <span class='ocrx_word' id='word_1_253' title='bbox 855 2443 1244 2497; x_wconf 84' lang='lat' dir='ltr'><strong>reverteretur,</strong></span> <span class='ocrx_word' id='word_1_254' title='bbox 1277 2435 1329 2489; x_wconf 90' lang='lat' dir='ltr'><strong>in</strong></span> <span class='ocrx_word' id='word_1_255' title='bbox 1368 2435 1562 2490; x_wconf 91' lang='lat' dir='ltr'><strong>itinere</strong></span> <span class='ocrx_word' id='word_1_256' title='bbox 1608 2436 1937 2505; x_wconf 61' lang='lat' dir='ltr'><strong>praepeditus</strong></span> <span class='ocrx_word' id='word_1_257' title='bbox 1967 2454 1995 2491; x_wconf 92' lang='lat' dir='ltr'><strong>a</strong></span> 
     </span>
    </p>
   </div>
   <div class='ocr_carea' id='block_1_40' title="bbox 419 2525 2001 2595">
    <p class='ocr_par' dir='ltr' id='par_1_40' title="bbox 419 2525 2001 2595">
     <span class='ocr_line' id='line_1_40' title="bbox 419 2525 2001 2595; baseline 0.003 -19"><span class='ocrx_word' id='word_1_258' title='bbox 419 2525 752 2595; x_wconf 82' lang='lat' dir='ltr'><strong>Vulgaribus</strong></span> <span class='ocrx_word' id='word_1_259' title='bbox 793 2526 843 2578; x_wconf 93' lang='lat' dir='ltr'><strong>iu</strong></span> <span class='ocrx_word' id='word_1_260' title='bbox 886 2534 1006 2577; x_wconf 85' lang='lat' dir='ltr'><strong>arto</strong></span> <span class='ocrx_word' id='word_1_261' title='bbox 1037 2525 1309 2579; x_wconf 71' lang='lat' dir='ltr'><strong>clausura:</strong></span> <span class='ocrx_word' id='word_1_262' title='bbox 1331 2541 1455 2579; x_wconf 87' lang='lat' dir='ltr'><strong>eum</strong></span> <span class='ocrx_word' id='word_1_263' title='bbox 1485 2527 1633 2580; x_wconf 62' lang='lat' dir='ltr'><strong>caede</strong></span> <span class='ocrx_word' id='word_1_264' title='bbox 1674 2526 1877 2595; x_wconf 88' lang='lat' dir='ltr'><strong>proprii</strong></span> <span class='ocrx_word' id='word_1_265' title='bbox 1906 2541 2001 2594; x_wconf 90' lang='lat' dir='ltr'><strong>po—</strong></span> 
     </span>
    </p>
   </div>
   <div class='ocr_carea' id='block_1_41' title="bbox 418 2617 2037 2687">
    <p class='ocr_par' dir='ltr' id='par_1_41' title="bbox 418 2617 2037 2687">
     <span class='ocr_line' id='line_1_41' title="bbox 418 2617 2037 2687; baseline 0.001 -18"><span class='ocrx_word' id='word_1_266' title='bbox 418 2619 531 2687; x_wconf 82' lang='lat' dir='ltr'><strong>puii</strong></span> <span class='ocrx_word' id='word_1_267' title='bbox 570 2630 622 2673; x_wconf 88' lang='lat' dir='ltr'><strong>et</strong></span> <span class='ocrx_word' id='word_1_268' title='bbox 660 2619 1037 2671; x_wconf 75' lang='lat' dir='ltr'><strong>vulneratione</strong></span> <span class='ocrx_word' id='word_1_269' title='bbox 1074 2617 1244 2671; x_wconf 91' lang='lat' dir='ltr'><strong>multa</strong></span> <span class='ocrx_word' id='word_1_270' title='bbox 1279 2619 1365 2671; x_wconf 84' lang='lat' dir='ltr'><strong>vix</strong></span> <span class='ocrx_word' id='word_1_271' title='bbox 1409 2632 1654 2672; x_wconf 88' lang='lat' dir='ltr'><strong>remeare</strong></span> <span class='ocrx_word' id='word_1_272' title='bbox 1693 2620 2037 2687; x_wconf 70' lang='lat' dir='ltr'><strong>praevaluit.-</strong></span> 
     </span>
    </p>
   </div>
   <div class='ocr_carea' id='block_1_42' title="bbox 419 2706 1998 2764">
    <p class='ocr_par' dir='ltr' id='par_1_42' title="bbox 419 2706 1998 2764">
     <span class='ocr_line' id='line_1_42' title="bbox 419 2706 1998 2764; baseline -0.001 -2"><span class='ocrx_word' id='word_1_273' title='bbox 419 2709 623 2764; x_wconf 76' lang='lat' dir='ltr'><strong>Eodem</strong></span> <span class='ocrx_word' id='word_1_274' title='bbox 691 2723 836 2762; x_wconf 90' lang='lat' dir='ltr'><strong>anno</strong></span> <span class='ocrx_word' id='word_1_275' title='bbox 897 2718 951 2763; x_wconf 91' lang='lat' dir='ltr'><strong>et</strong></span> <span class='ocrx_word' id='word_1_276' title='bbox 1011 2708 1381 2761; x_wconf 86' lang='lat' dir='ltr'><strong>Adelatzuber</strong></span> <span class='ocrx_word' id='word_1_277' title='bbox 1438 2706 1721 2762; x_wconf 80' lang='lat' dir='ltr'><strong>Musabum</strong></span> <span class='ocrx_word' id='word_1_278' title='bbox 1776 2708 1998 2762; x_wconf 82' lang='lat' dir='ltr'><strong>fratrem</strong></span> 
     </span>
    </p>
   </div>
   <div class='ocr_carea' id='block_1_43' title="bbox 364 2799 2001 2861">
    <p class='ocr_par' dir='ltr' id='par_1_43' title="bbox 364 2799 2001 2861">
     <span class='ocr_line' id='line_1_43' title="bbox 364 2799 2001 2861; baseline -0.004 0"><span class='ocrx_word' id='word_1_279' title='bbox 364 2853 377 2861; x_wconf 89' lang='lat'><strong>.</strong></span> <span class='ocrx_word' id='word_1_280' title='bbox 418 2817 580 2857; x_wconf 79' lang='lat' dir='ltr'><strong>suum</strong></span> <span class='ocrx_word' id='word_1_281' title='bbox 630 2801 800 2854; x_wconf 90' lang='lat' dir='ltr'><strong>mittit</strong></span> <span class='ocrx_word' id='word_1_282' title='bbox 833 2810 1028 2855; x_wconf 92' lang='lat' dir='ltr'><strong>contra</strong></span> <span class='ocrx_word' id='word_1_283' title='bbox 1077 2799 1310 2861; x_wconf 84' lang='lat' dir='ltr'><strong>Muctar.</strong></span> <span class='ocrx_word' id='word_1_284' title='bbox 1343 2808 1396 2855; x_wconf 91' lang='lat' dir='ltr'><strong>et</strong></span> <span class='ocrx_word' id='word_1_285' title='bbox 1428 2801 1561 2853; x_wconf 91' lang='lat' dir='ltr'><strong>inito</strong></span> <span class='ocrx_word' id='word_1_286' title='bbox 1584 2800 1753 2854; x_wconf 82' lang='lat' dir='ltr'><strong>Marte</strong></span> <span class='ocrx_word' id='word_1_287' title='bbox 1780 2817 1903 2855; x_wconf 87' lang='lat' dir='ltr'><strong>cum</strong></span> <span class='ocrx_word' id='word_1_288' title='bbox 1936 2816 2001 2855; x_wconf 88' lang='lat' dir='ltr'><strong>eo</strong></span> 
     </span>
    </p>
   </div>
   <div class='ocr_carea' id='block_1_44' title="bbox 420 2891 1998 2963">
    <p class='ocr_par' dir='ltr' id='par_1_44' title="bbox 420 2891 1998 2963">
     <span class='ocr_line' id='line_1_44' title="bbox 420 2891 1998 2963; baseline -0.001 -16"><span class='ocrx_word' id='word_1_289' title='bbox 420 2898 652 2949; x_wconf 75' lang='lat' dir='ltr'><strong>vertitur</strong></span> <span class='ocrx_word' id='word_1_290' title='bbox 686 2893 914 2955; x_wconf 80' lang='lat' dir='ltr'><strong>Muctar,</strong></span> <span class='ocrx_word' id='word_1_291' title='bbox 952 2901 1007 2947; x_wconf 90' lang='lat' dir='ltr'><strong>et</strong></span> <span class='ocrx_word' id='word_1_292' title='bbox 1049 2892 1187 2962; x_wconf 81' lang='lat' dir='ltr'><strong>fugit</strong></span> <span class='ocrx_word' id='word_1_293' title='bbox 1221 2893 1274 2945; x_wconf 94' lang='lat' dir='ltr'><strong>in</strong></span> <span class='ocrx_word' id='word_1_294' title='bbox 1307 2891 1561 2963; x_wconf 86' lang='lat' dir='ltr'><strong>Syriam;</strong></span> <span class='ocrx_word' id='word_1_295' title='bbox 1595 2908 1759 2961; x_wconf 91' lang='lat' dir='ltr'><strong>quem</strong></span> <span class='ocrx_word' id='word_1_296' title='bbox 1788 2908 1998 2962; x_wconf 67' lang='lat' dir='ltr'><strong>praeoc-</strong></span> 
     </span>
    </p>
   </div>
   <div class='ocr_carea' id='block_1_45' title="bbox 418 2986 2001 3061">
    <p class='ocr_par' dir='ltr' id='par_1_45' title="bbox 418 2986 2001 3061">
     <span class='ocr_line' id='line_1_45' title="bbox 418 2986 2001 3061; baseline -0.003 -18"><span class='ocrx_word' id='word_1_297' title='bbox 418 3004 628 3059; x_wconf 83' lang='lat' dir='ltr'><strong>cnpans</strong></span> <span class='ocrx_word' id='word_1_298' title='bbox 654 2987 944 3042; x_wconf 89' lang='lat' dir='ltr'><strong>interfecit.</strong></span> <span class='ocrx_word' id='word_1_299' title='bbox 1008 2987 1181 3041; x_wconf 89' lang='lat' dir='ltr'><strong>Porro</strong></span> <span class='ocrx_word' id='word_1_300' title='bbox 1202 2986 1538 3061; x_wconf 47' lang='lat' dir='ltr'><strong>(Abimelech</strong></span> <span class='ocrx_word' id='word_1_301' title='bbox 1585 2986 1785 3039; x_wconf 86' lang='lat' dir='ltr'><strong>militat</strong></span> <span class='ocrx_word' id='word_1_302' title='bbox 1811 2996 2001 3041; x_wconf 90' lang='lat' dir='ltr'><strong>contra</strong></span> 
     </span>
    </p>
   </div>
   <div class='ocr_carea' id='block_1_46' title="bbox 422 3078 2003 3150">
    <p class='ocr_par' dir='ltr' id='par_1_46' title="bbox 422 3078 2003 3150">
     <span class='ocr_line' id='line_1_46' title="bbox 422 3078 2003 3150; baseline -0.003 -12"><span class='ocrx_word' id='word_1_303' title='bbox 422 3082 729 3143; x_wconf 76' lang='lat' dir='ltr'><strong>Ilusabum,</strong></span> <span class='ocrx_word' id='word_1_304' title='bbox 781 3087 834 3135; x_wconf 90' lang='lat' dir='ltr'><strong>et</strong></span> <span class='ocrx_word' id='word_1_305' title='bbox 869 3080 1074 3134; x_wconf 89' lang='lat' dir='ltr'><strong>victum</strong></span> <span class='ocrx_word' id='word_1_306' title='bbox 1108 3079 1333 3143; x_wconf 89' lang='lat' dir='ltr'><strong>occidit,</strong></span> <span class='ocrx_word' id='word_1_307' title='bbox 1380 3089 1435 3134; x_wconf 93' lang='lat' dir='ltr'><strong>et</strong></span> <span class='ocrx_word' id='word_1_308' title='bbox 1472 3079 1789 3150; x_wconf 75' lang='lat' dir='ltr'><strong>subiugavit</strong></span> <span class='ocrx_word' id='word_1_309' title='bbox 1818 3078 2003 3134; x_wconf 77' lang='lat' dir='ltr'><strong>Persi-</strong></span> 
     </span>
    </p>
   </div>
   <div class='ocr_carea' id='block_1_47' title="bbox 421 3174 770 3228">
    <p class='ocr_par' dir='ltr' id='par_1_47' title="bbox 421 3174 770 3228">
     <span class='ocr_line' id='line_1_47' title="bbox 421 3174 770 3228; baseline -0.009 0"><span class='ocrx_word' id='word_1_310' title='bbox 421 3174 544 3228; x_wconf 86' lang='lat' dir='ltr'><strong>dem</strong></span> <span class='ocrx_word' id='word_1_311' title='bbox 576 3182 770 3227; x_wconf 85' lang='lat' dir='ltr'><strong>totam.</strong></span> 
     </span>
    </p>
   </div>
   <div class='ocr_carea' id='block_1_48' title="bbox 493 3258 2002 3324">
    <p class='ocr_par' dir='ltr' id='par_1_48' title="bbox 493 3258 2002 3324">
     <span class='ocr_line' id='line_1_48' title="bbox 493 3258 2002 3324; baseline -0.005 -6"><span class='ocrx_word' id='word_1_312' title='bbox 493 3264 677 3318; x_wconf 77' lang='lat' dir='ltr'><strong>Mundi</strong></span> <span class='ocrx_word' id='word_1_313' title='bbox 703 3276 850 3316; x_wconf 89' lang='lat' dir='ltr'><strong>anno</strong></span> <span class='ocrx_word' id='word_1_314' title='bbox 874 3260 1035 3324; x_wconf 94' lang='grc'>6181,</span> <span class='ocrx_word' id='word_1_315' title='bbox 1066 3258 1265 3314; x_wconf 77' lang='lat' dir='ltr'><strong>divina:</strong></span> <span class='ocrx_word' id='word_1_316' title='bbox 1291 3259 1687 3314; x_wconf 78' lang='lat' dir='ltr'><strong>incarnationis</strong></span> <span class='ocrx_word' id='word_1_317' title='bbox 1709 3274 1855 3313; x_wconf 91' lang='lat' dir='ltr'><strong>anno</strong></span> <span class='ocrx_word' id='word_1_318' title='bbox 1876 3258 2002 3321; x_wconf 89' lang='grc'>681,</span> 
     </span>
    </p>
   </div>
   <div class='ocr_carea' id='block_1_49' title="bbox 423 3352 2005 3424">
    <p class='ocr_par' dir='ltr' id='par_1_49' title="bbox 423 3352 2005 3424">
     <span class='ocr_line' id='line_1_49' title="bbox 423 3352 2005 3424; baseline -0.005 -11"><span class='ocrx_word' id='word_1_319' title='bbox 423 3375 570 3413; x_wconf 79' lang='lat' dir='ltr'><strong>anno</strong></span> <span class='ocrx_word' id='word_1_320' title='bbox 612 3373 743 3411; x_wconf 85' lang='lat' dir='ltr'><strong>vero</strong></span> <span class='ocrx_word' id='word_1_321' title='bbox 797 3355 1008 3424; x_wconf 88' lang='lat' dir='ltr'><strong>imperii</strong></span> <span class='ocrx_word' id='word_1_322' title='bbox 1038 3352 1334 3407; x_wconf 89' lang='lat' dir='ltr'><strong>Iustiniani</strong></span> <span class='ocrx_word' id='word_1_323' title='bbox 1366 3362 1564 3423; x_wconf 89' lang='lat' dir='ltr'><strong>quarto</strong></span> <span class='ocrx_word' id='word_1_324' title='bbox 1594 3353 1741 3406; x_wconf 88' lang='lat' dir='ltr'><strong>misit</strong></span> <span class='ocrx_word' id='word_1_325' title='bbox 1770 3353 2005 3406; x_wconf 84' lang='lat' dir='ltr'><strong>Ahime-</strong></span> 
     </span>
    </p>
   </div>
   <div class='ocr_carea' id='block_1_50' title="bbox 425 3443 2007 3515">
    <p class='ocr_par' dir='ltr' id='par_1_50' title="bbox 425 3443 2007 3515">
     <span class='ocr_line' id='line_1_50' title="bbox 425 3443 2007 3515; baseline -0.007 -9"><span class='ocrx_word' id='word_1_326' title='bbox 425 3452 543 3506; x_wconf 88' lang='lat' dir='ltr'><strong>lech</strong></span> <span class='ocrx_word' id='word_1_327' title='bbox 578 3458 770 3505; x_wconf 86' lang='lat' dir='ltr'><strong>contra</strong></span> <span class='ocrx_word' id='word_1_328' title='bbox 802 3447 1041 3502; x_wconf 87' lang='lat' dir='ltr'><strong>Zubehir</strong></span> <span class='ocrx_word' id='word_1_329' title='bbox 1072 3445 1282 3515; x_wconf 63' lang='lat' dir='ltr'><strong>chag&#39;an</strong></span> <span class='ocrx_word' id='word_1_330' title='bbox 1318 3446 1371 3499; x_wconf 92' lang='lat' dir='ltr'><strong>in</strong></span> <span class='ocrx_word' id='word_1_331' title='bbox 1424 3444 1607 3498; x_wconf 79' lang='lat' dir='ltr'><strong>Macca</strong></span> <span class='ocrx_word' id='word_1_332' title='bbox 1629 3486 1643 3509; x_wconf 94' lang='lat'><strong>,</strong></span> <span class='ocrx_word' id='word_1_333' title='bbox 1697 3452 1752 3498; x_wconf 93' lang='lat' dir='ltr'><strong>et</strong></span> <span class='ocrx_word' id='word_1_334' title='bbox 1801 3443 2007 3498; x_wconf 89' lang='lat' dir='ltr'><strong>occidit</strong></span> 
     </span>
    </p>
   </div>
   <div class='ocr_carea' id='block_1_51' title="bbox 422 3537 2004 3609">
    <p class='ocr_par' dir='ltr' id='par_1_51' title="bbox 422 3537 2004 3609">
     <span class='ocr_line' id='line_1_51' title="bbox 422 3537 2004 3609; baseline -0.006 -10"><span class='ocrx_word' id='word_1_335' title='bbox 422 3560 548 3600; x_wconf 91' lang='lat' dir='ltr'><strong>eum</strong></span> <span class='ocrx_word' id='word_1_336' title='bbox 601 3542 802 3597; x_wconf 84' lang='lat' dir='ltr'><strong>ibidem</strong></span> <span class='ocrx_word' id='word_1_337' title='bbox 857 3541 1107 3609; x_wconf 67' lang='lat' dir='ltr'><strong>rhagau,</strong></span> <span class='ocrx_word' id='word_1_338' title='bbox 1149 3546 1204 3593; x_wconf 88' lang='lat' dir='ltr'><strong>et</strong></span> <span class='ocrx_word' id='word_1_339' title='bbox 1250 3537 1468 3592; x_wconf 85' lang='lat' dir='ltr'><strong>subdita</strong></span> <span class='ocrx_word' id='word_1_340' title='bbox 1532 3539 1754 3607; x_wconf 86' lang='lat' dir='ltr'><strong>regione</strong></span> <span class='ocrx_word' id='word_1_341' title='bbox 1795 3537 2004 3605; x_wconf 89' lang='lat' dir='ltr'><strong>chagan</strong></span> 
     </span>
    </p>
   </div>
   <div class='ocr_carea' id='block_1_52' title="bbox 424 3628 2005 3697">
    <p class='ocr_par' dir='ltr' id='par_1_52' title="bbox 424 3628 2005 3697">
     <span class='ocr_line' id='line_1_52' title="bbox 424 3628 2005 3697; baseline -0.006 -8"><span class='ocrx_word' id='word_1_342' title='bbox 424 3638 751 3689; x_wconf 81' lang='lat' dir='ltr'><strong>adversante</strong></span> <span class='ocrx_word' id='word_1_343' title='bbox 776 3632 877 3685; x_wconf 90' lang='lat' dir='ltr'><strong>sibi</strong></span> <span class='ocrx_word' id='word_1_344' title='bbox 911 3630 1285 3685; x_wconf 66' lang='lat' dir='ltr'><strong>concremavit</strong></span> <span class='ocrx_word' id='word_1_345' title='bbox 1316 3629 1539 3683; x_wconf 88' lang='lat' dir='ltr'><strong>domum</strong></span> <span class='ocrx_word' id='word_1_346' title='bbox 1584 3628 1711 3682; x_wconf 89' lang='lat' dir='ltr'><strong>idoli</strong></span> <span class='ocrx_word' id='word_1_347' title='bbox 1740 3628 1862 3697; x_wconf 89' lang='lat' dir='ltr'><strong>ejus</strong></span> <span class='ocrx_word' id='word_1_348' title='bbox 1899 3642 2005 3682; x_wconf 89' lang='lat' dir='ltr'><strong>una</strong></span> 
     </span>
    </p>
   </div>
   <div class='ocr_carea' id='block_1_53' title="bbox 426 3719 2009 3792">
    <p class='ocr_par' dir='ltr' id='par_1_53' title="bbox 426 3719 2009 3792">
     <span class='ocr_line' id='line_1_53' title="bbox 426 3719 2009 3792; baseline -0.005 -12"><span class='ocrx_word' id='word_1_349' title='bbox 426 3744 549 3781; x_wconf 84' lang='lat' dir='ltr'><strong>cum</strong></span> <span class='ocrx_word' id='word_1_350' title='bbox 581 3726 729 3780; x_wconf 88' lang='lat' dir='ltr'><strong>idolo</strong></span> <span class='ocrx_word' id='word_1_351' title='bbox 756 3726 988 3778; x_wconf 72' lang='lat' dir='ltr'><strong>cultnrze</strong></span> <span class='ocrx_word' id='word_1_352' title='bbox 1018 3724 1301 3792; x_wconf 85' lang='lat' dir='ltr'><strong>ipsorum..</strong></span> <span class='ocrx_word' id='word_1_353' title='bbox 1351 3721 1526 3787; x_wconf 83' lang='lat' dir='ltr'><strong>Quam</strong></span> <span class='ocrx_word' id='word_1_354' title='bbox 1561 3721 1631 3774; x_wconf 91' lang='lat' dir='ltr'><strong>ob</strong></span> <span class='ocrx_word' id='word_1_355' title='bbox 1657 3734 1881 3773; x_wconf 89' lang='lat' dir='ltr'><strong>causam</strong></span> <span class='ocrx_word' id='word_1_356' title='bbox 1920 3719 2009 3772; x_wconf 91' lang='lat' dir='ltr'><strong>ille</strong></span> 
     </span>
    </p>
   </div>
   <div class='ocr_carea' id='block_1_54' title="bbox 425 3812 2010 3888">
    <p class='ocr_par' dir='ltr' id='par_1_54' title="bbox 425 3812 2010 3888">
     <span class='ocr_line' id='line_1_54' title="bbox 425 3812 2010 3888; baseline -0.005 -16"><span class='ocrx_word' id='word_1_357' title='bbox 425 3820 634 3888; x_wconf 85' lang='lat' dir='ltr'><strong>cbagan</strong></span> <span class='ocrx_word' id='word_1_358' title='bbox 672 3827 958 3887; x_wconf 73' lang='lat' dir='ltr'><strong>prcetorem</strong></span> <span class='ocrx_word' id='word_1_359' title='bbox 995 3814 1233 3868; x_wconf 78' lang='lat' dir='ltr'><strong>Persidis</strong></span> <span class='ocrx_word' id='word_1_360' title='bbox 1266 3812 1631 3882; x_wconf 84' lang='lat' dir='ltr'><strong>promovit,et</strong></span> <span class='ocrx_word' id='word_1_361' title='bbox 1665 3812 1893 3867; x_wconf 87' lang='lat' dir='ltr'><strong>subacta</strong></span> <span class='ocrx_word' id='word_1_362' title='bbox 1926 3818 2010 3864; x_wconf 89' lang='lat' dir='ltr'><strong>est</strong></span> 
     </span>
    </p>
   </div>
   <div class='ocr_carea' id='block_1_55' title="bbox 428 3902 2010 3973">
    <p class='ocr_par' dir='ltr' id='par_1_55' title="bbox 428 3902 2010 3973">
     <span class='ocr_line' id='line_1_55' title="bbox 428 3902 2010 3973; baseline -0.004 -11"><span class='ocrx_word' id='word_1_363' title='bbox 428 3907 739 3962; x_wconf 85' lang='lat' dir='ltr'><strong>Abimelech</strong></span> <span class='ocrx_word' id='word_1_364' title='bbox 808 3915 917 3959; x_wconf 89' lang='lat' dir='ltr'><strong>tam</strong></span> <span class='ocrx_word' id='word_1_365' title='bbox 985 3903 1230 3959; x_wconf 87' lang='lat' dir='ltr'><strong>Persidis</strong></span> <span class='ocrx_word' id='word_1_366' title='bbox 1290 3904 1440 3973; x_wconf 87' lang='lat' dir='ltr'><strong>regio</strong></span> <span class='ocrx_word' id='word_1_367' title='bbox 1498 3911 1553 3957; x_wconf 91' lang='lat' dir='ltr'><strong>et</strong></span> <span class='ocrx_word' id='word_1_368' title='bbox 1606 3902 2010 3969; x_wconf 71' lang='lat' dir='ltr'><strong>Mesopotamiae</strong></span> 
     </span>
    </p>
   </div>
   <div class='ocr_carea' id='block_1_56' title="bbox 434 3993 2010 4069">
    <p class='ocr_par' dir='ltr' id='par_1_56' title="bbox 434 3993 2010 4069">
     <span class='ocr_line' id='line_1_56' title="bbox 434 3993 2010 4069; baseline -0.003 -17"><span class='ocrx_word' id='word_1_369' title='bbox 434 4014 599 4069; x_wconf 87' lang='lat' dir='ltr'><strong>quam</strong></span> <span class='ocrx_word' id='word_1_370' title='bbox 630 3997 886 4052; x_wconf 77' lang='lat' dir='ltr'><strong>Armenia</strong></span> <span class='ocrx_word' id='word_1_371' title='bbox 921 4010 1115 4064; x_wconf 88' lang='lat' dir='ltr'><strong>magna</strong></span> <span class='ocrx_word' id='word_1_372' title='bbox 1154 3994 1417 4060; x_wconf 68' lang='lat' dir='ltr'><strong>Ethribi,</strong></span> <span class='ocrx_word' id='word_1_373' title='bbox 1449 4002 1505 4047; x_wconf 91' lang='lat' dir='ltr'><strong>et</strong></span> <span class='ocrx_word' id='word_1_374' title='bbox 1533 4010 1627 4060; x_wconf 92' lang='lat' dir='ltr'><strong>per</strong></span> <span class='ocrx_word' id='word_1_375' title='bbox 1664 3994 1715 4048; x_wconf 93' lang='lat' dir='ltr'><strong>id</strong></span> <span class='ocrx_word' id='word_1_376' title='bbox 1755 3993 2010 4047; x_wconf 90' lang='lat' dir='ltr'><strong>intestina</strong></span> 
     </span>
    </p>
   </div>
   <div class='ocr_carea' id='block_1_57' title="bbox 428 4088 1197 4158">
    <p class='ocr_par' dir='ltr' id='par_1_57' title="bbox 428 4088 1197 4158">
     <span class='ocr_line' id='line_1_57' title="bbox 428 4088 1197 4158; baseline -0.01 -10"><span class='ocrx_word' id='word_1_377' title='bbox 428 4107 620 4148; x_wconf 88' lang='lat' dir='ltr'><strong>eorum</strong></span> <span class='ocrx_word' id='word_1_378' title='bbox 664 4090 803 4145; x_wconf 88' lang='lat' dir='ltr'><strong>bella</strong></span> <span class='ocrx_word' id='word_1_379' title='bbox 840 4088 1197 4158; x_wconf 80' lang='lat' dir='ltr'><strong>quieverunt.</strong></span> 
     </span>
    </p>
   </div>
   <div class='ocr_carea' id='block_1_58' title="bbox 503 4171 2013 4247">
    <p class='ocr_par' dir='ltr' id='par_1_58' title="bbox 503 4171 2013 4247">
     <span class='ocr_line' id='line_1_58' title="bbox 503 4171 2013 4247; baseline -0.005 -15"><span class='ocrx_word' id='word_1_380' title='bbox 503 4183 661 4233; x_wconf 80' lang='lat' dir='ltr'><strong>Anno</strong></span> <span class='ocrx_word' id='word_1_381' title='bbox 714 4176 928 4247; x_wconf 86' lang='lat' dir='ltr'><strong>imperii</strong></span> <span class='ocrx_word' id='word_1_382' title='bbox 973 4174 1277 4230; x_wconf 90' lang='lat' dir='ltr'><strong>Iustiniani</strong></span> <span class='ocrx_word' id='word_1_383' title='bbox 1337 4174 1531 4241; x_wconf 89' lang='lat' dir='ltr'><strong>quinto</strong></span> <span class='ocrx_word' id='word_1_384' title='bbox 1606 4173 1766 4227; x_wconf 86' lang='lat' dir='ltr'><strong>finem</strong></span> <span class='ocrx_word' id='word_1_385' title='bbox 1823 4171 2013 4225; x_wconf 86' lang='lat' dir='ltr'><strong>habuit</strong></span> 
     </span>
    </p>
   </div>
   <div class='ocr_carea' id='block_1_59' title="bbox 430 4266 2015 4335">
    <p class='ocr_par' dir='ltr' id='par_1_59' title="bbox 430 4266 2015 4335">
     <span class='ocr_line' id='line_1_59' title="bbox 430 4266 2015 4335; baseline -0.009 -4"><span class='ocrx_word' id='word_1_386' title='bbox 430 4288 486 4331; x_wconf 91' lang='lat' dir='ltr'><strong>et</strong></span> <span class='ocrx_word' id='word_1_387' title='bbox 525 4276 791 4330; x_wconf 82' lang='lat' dir='ltr'><strong>liberatus</strong></span> <span class='ocrx_word' id='word_1_388' title='bbox 845 4280 929 4326; x_wconf 90' lang='lat' dir='ltr'><strong>est</strong></span> <span class='ocrx_word' id='word_1_389' title='bbox 981 4270 1050 4324; x_wconf 89' lang='lat' dir='ltr'><strong>ab</strong></span> <span class='ocrx_word' id='word_1_390' title='bbox 1096 4270 1247 4324; x_wconf 90' lang='lat' dir='ltr'><strong>omni</strong></span> <span class='ocrx_word' id='word_1_391' title='bbox 1309 4269 1452 4322; x_wconf 90' lang='lat' dir='ltr'><strong>bello</strong></span> <span class='ocrx_word' id='word_1_392' title='bbox 1505 4267 1745 4319; x_wconf 89' lang='lat' dir='ltr'><strong>Arabum</strong></span> <span class='ocrx_word' id='word_1_393' title='bbox 1806 4266 2015 4335; x_wconf 88' lang='lat' dir='ltr'><strong>princi-</strong></span> 
     </span>
    </p>
   </div>
   <div class='ocr_carea' id='block_1_60' title="bbox 432 4358 2011 4441">
    <p class='ocr_par' dir='ltr' id='par_1_60' title="bbox 432 4358 2011 4441">
     <span class='ocr_line' id='line_1_60' title="bbox 432 4358 2011 4441; baseline -0.008 -17"><span class='ocrx_word' id='word_1_394' title='bbox 432 4381 616 4441; x_wconf 88' lang='lat' dir='ltr'><strong>patus,</strong></span> <span class='ocrx_word' id='word_1_395' title='bbox 660 4376 714 4422; x_wconf 91' lang='lat' dir='ltr'><strong>et</strong></span> <span class='ocrx_word' id='word_1_396' title='bbox 752 4380 885 4435; x_wconf 89' lang='lat' dir='ltr'><strong>pace</strong></span> <span class='ocrx_word' id='word_1_397' title='bbox 931 4363 1139 4433; x_wconf 86' lang='lat' dir='ltr'><strong>potitus</strong></span> <span class='ocrx_word' id='word_1_398' title='bbox 1169 4360 1611 4423; x_wconf 83' lang='lat' dir='ltr'><strong>estAbimelech,</strong></span> <span class='ocrx_word' id='word_1_399' title='bbox 1647 4359 1868 4414; x_wconf 82' lang='lat' dir='ltr'><strong>cunctis</strong></span> <span class='ocrx_word' id='word_1_400' title='bbox 1909 4358 2011 4413; x_wconf 89' lang='lat' dir='ltr'><strong>sibi</strong></span> 
     </span>
    </p>
   </div>
   <div class='ocr_carea' id='block_1_61' title="bbox 434 4463 707 4519">
    <p class='ocr_par' dir='ltr' id='par_1_61' title="bbox 434 4463 707 4519">
     <span class='ocr_line' id='line_1_61' title="bbox 434 4463 707 4519; baseline -0.022 0"><span class='ocrx_word' id='word_1_401' title='bbox 434 4463 707 4519; x_wconf 74' lang='lat' dir='ltr'><strong>suiactis.</strong></span> 
     </span>
    </p>
   </div>
   <div class='ocr_carea' id='block_1_62' title="bbox 2097 1991 3677 2061">
    <p class='ocr_par' dir='ltr' id='par_1_62' title="bbox 2097 1991 3677 2061">
     <span class='ocr_line' id='line_1_62' title="bbox 2097 1991 3677 2061; baseline -0.001 -14"><span class='ocrx_word' id='word_1_402' title='bbox 2097 1994 2245 2061; x_wconf 86' lang='lat' dir='ltr'><strong>ginta</strong></span> <span class='ocrx_word' id='word_1_403' title='bbox 2299 1993 2491 2055; x_wconf 90' lang='lat' dir='ltr'><strong>millia,</strong></span> <span class='ocrx_word' id='word_1_404' title='bbox 2562 2000 2617 2046; x_wconf 90' lang='lat' dir='ltr'><strong>et</strong></span> <span class='ocrx_word' id='word_1_405' title='bbox 2677 1991 2906 2046; x_wconf 88' lang='lat' dir='ltr'><strong>armatis</strong></span> <span class='ocrx_word' id='word_1_406' title='bbox 2948 1993 3029 2046; x_wconf 90' lang='lat' dir='ltr'><strong>eis</strong></span> <span class='ocrx_word' id='word_1_407' title='bbox 3089 1992 3491 2061; x_wconf 84' lang='lat' dir='ltr'><strong>cognominavit</strong></span> <span class='ocrx_word' id='word_1_408' title='bbox 3553 1992 3677 2046; x_wconf 89' lang='lat' dir='ltr'><strong>illos</strong></span> 
     </span>
    </p>
   </div>
   <div class='ocr_carea' id='block_1_63' title="bbox 2100 2062 3741 2155">
    <p class='ocr_par' dir='ltr' id='par_1_63' title="bbox 2100 2062 3741 2155">
     <span class='ocr_line' id='line_1_63' title="bbox 2100 2062 3741 2155; baseline -0.003 -16"><span class='ocrx_word' id='word_1_409' title='bbox 2100 2087 2359 2155; x_wconf 80' lang='lat' dir='ltr'><strong>pepulum</strong></span> <span class='ocrx_word' id='word_1_410' title='bbox 2396 2083 2813 2151; x_wconf 85' lang='lat' dir='ltr'><strong>acceptabilem,</strong></span> <span class='ocrx_word' id='word_1_411' title='bbox 2850 2083 3262 2152; x_wconf 84' lang='lat' dir='ltr'><strong>principemque</strong></span> <span class='ocrx_word' id='word_1_412' title='bbox 3298 2084 3350 2136; x_wconf 93' lang='lat' dir='ltr'><strong>in</strong></span> <span class='ocrx_word' id='word_1_413' title='bbox 3382 2084 3464 2137; x_wconf 93' lang='lat' dir='ltr'><strong>eis</strong></span> <span class='ocrx_word' id='word_1_414' title='bbox 3494 2080 3675 2135; x_wconf 84' lang='lat' dir='ltr'><strong>Nebu-</strong></span> <span class='ocrx_word' id='word_1_415' title='bbox 3735 2062 3741 2071; x_wconf 29' lang='grc'><strong>⁸</strong></span> 
     </span>
    </p>
   </div>
   <div class='ocr_carea' id='block_1_64' title="bbox 2102 2171 3677 2239">
    <p class='ocr_par' dir='ltr' id='par_1_64' title="bbox 2102 2171 3677 2239">
     <span class='ocr_line' id='line_1_64' title="bbox 2102 2171 3677 2239; baseline -0.002 -11"><span class='ocrx_word' id='word_1_416' title='bbox 2102 2177 2209 2230; x_wconf 90' lang='lat' dir='ltr'><strong>Iutn</strong></span> <span class='ocrx_word' id='word_1_417' title='bbox 2239 2174 2462 2228; x_wconf 83' lang='lat' dir='ltr'><strong>nomine.</strong></span> <span class='ocrx_word' id='word_1_418' title='bbox 2498 2174 2712 2227; x_wconf 83' lang='lat' dir='ltr'><strong>statuit.</strong></span> <span class='ocrx_word' id='word_1_419' title='bbox 2764 2172 2925 2226; x_wconf 78' lang='lat' dir='ltr'><strong>Fisus</strong></span> <span class='ocrx_word' id='word_1_420' title='bbox 2970 2181 3151 2226; x_wconf 87' lang='lat' dir='ltr'><strong>autem</strong></span> <span class='ocrx_word' id='word_1_421' title='bbox 3195 2174 3246 2224; x_wconf 92' lang='lat' dir='ltr'><strong>in</strong></span> <span class='ocrx_word' id='word_1_422' title='bbox 3303 2173 3409 2227; x_wconf 89' lang='lat' dir='ltr'><strong>illis</strong></span> <span class='ocrx_word' id='word_1_423' title='bbox 3459 2171 3677 2239; x_wconf 87' lang='lat' dir='ltr'><strong>scripsit</strong></span> 
     </span>
    </p>
   </div>
   <div class='ocr_carea' id='block_1_65' title="bbox 2100 2265 3678 2332">
    <p class='ocr_par' dir='ltr' id='par_1_65' title="bbox 2100 2265 3678 2332">
     <span class='ocr_line' id='line_1_65' title="bbox 2100 2265 3678 2332; baseline -0.004 -13"><span class='ocrx_word' id='word_1_424' title='bbox 2100 2265 2375 2319; x_wconf 84' lang='lat' dir='ltr'><strong>Arabibus</strong></span> <span class='ocrx_word' id='word_1_425' title='bbox 2428 2280 2535 2317; x_wconf 90' lang='lat' dir='ltr'><strong>non</strong></span> <span class='ocrx_word' id='word_1_426' title='bbox 2602 2279 2661 2319; x_wconf 91' lang='lat' dir='ltr'><strong>se</strong></span> <span class='ocrx_word' id='word_1_427' title='bbox 2730 2278 3148 2330; x_wconf 85' lang='lat' dir='ltr'><strong>permansurum</strong></span> <span class='ocrx_word' id='word_1_428' title='bbox 3206 2265 3258 2316; x_wconf 93' lang='lat' dir='ltr'><strong>in</strong></span> <span class='ocrx_word' id='word_1_429' title='bbox 3313 2277 3490 2332; x_wconf 86' lang='lat' dir='ltr'><strong>pace,</strong></span> <span class='ocrx_word' id='word_1_430' title='bbox 3559 2277 3678 2328; x_wconf 70' lang='lat' dir='ltr'><strong>quae</strong></span> 
     </span>
    </p>
   </div>
   <div class='ocr_carea' id='block_1_66' title="bbox 2106 2351 3681 2424">
    <p class='ocr_par' dir='ltr' id='par_1_66' title="bbox 2106 2351 3681 2424">
     <span class='ocr_line' id='line_1_66' title="bbox 2106 2351 3681 2424; baseline -0.003 -15"><span class='ocrx_word' id='word_1_431' title='bbox 2106 2356 2316 2424; x_wconf 88' lang='lat' dir='ltr'><strong>scripto</strong></span> <span class='ocrx_word' id='word_1_432' title='bbox 2350 2363 2715 2423; x_wconf 50' lang='lat' dir='ltr'><strong>.convenerat.</strong></span> <span class='ocrx_word' id='word_1_433' title='bbox 2787 2351 2852 2405; x_wconf 87' lang='lat' dir='ltr'><strong>Et</strong></span> <span class='ocrx_word' id='word_1_434' title='bbox 2877 2364 3161 2421; x_wconf 89' lang='lat' dir='ltr'><strong>assumpto</strong></span> <span class='ocrx_word' id='word_1_435' title='bbox 3197 2354 3397 2422; x_wconf 88' lang='lat' dir='ltr'><strong>p0pnlo</strong></span> <span class='ocrx_word' id='word_1_436' title='bbox 3431 2361 3681 2421; x_wconf 85' lang='lat' dir='ltr'><strong>accepta-</strong></span> 
     </span>
    </p>
   </div>
   <div class='ocr_carea' id='block_1_67' title="bbox 2103 2444 3679 2514">
    <p class='ocr_par' dir='ltr' id='par_1_67' title="bbox 2103 2444 3679 2514">
     <span class='ocr_line' id='line_1_67' title="bbox 2103 2444 3679 2514; baseline -0.003 -13"><span class='ocrx_word' id='word_1_437' title='bbox 2103 2447 2193 2501; x_wconf 93' lang='lat' dir='ltr'><strong>bili</strong></span> <span class='ocrx_word' id='word_1_438' title='bbox 2223 2456 2273 2501; x_wconf 88' lang='lat' dir='ltr'><strong>et</strong></span> <span class='ocrx_word' id='word_1_439' title='bbox 2302 2446 2518 2499; x_wconf 81' lang='lat' dir='ltr'><strong>eunetis</strong></span> <span class='ocrx_word' id='word_1_440' title='bbox 2551 2444 2903 2514; x_wconf 86' lang='lat' dir='ltr'><strong>equestribus</strong></span> <span class='ocrx_word' id='word_1_441' title='bbox 2935 2445 3147 2500; x_wconf 91' lang='lat' dir='ltr'><strong>militiis</strong></span> <span class='ocrx_word' id='word_1_442' title='bbox 3188 2445 3323 2497; x_wconf 90' lang='lat' dir='ltr'><strong>abiit</strong></span> <span class='ocrx_word' id='word_1_443' title='bbox 3347 2444 3679 2512; x_wconf 89' lang='lat' dir='ltr'><strong>Sebastopo-</strong></span> 
     </span>
    </p>
   </div>
   <div class='ocr_carea' id='block_1_68' title="bbox 2104 2538 3685 2598">
    <p class='ocr_par' dir='ltr' id='par_1_68' title="bbox 2104 2538 3685 2598">
     <span class='ocr_line' id='line_1_68' title="bbox 2104 2538 3685 2598; baseline -0.004 -2"><span class='ocrx_word' id='word_1_444' title='bbox 2104 2544 2195 2595; x_wconf 91' lang='lat' dir='ltr'><strong>lim</strong></span> <span class='ocrx_word' id='word_1_445' title='bbox 2229 2541 2583 2593; x_wconf 87' lang='lat' dir='ltr'><strong>maritimam.</strong></span> <span class='ocrx_word' id='word_1_446' title='bbox 2653 2539 2861 2593; x_wconf 78' lang='lat' dir='ltr'><strong>Arabes</strong></span> <span class='ocrx_word' id='word_1_447' title='bbox 2907 2546 3088 2592; x_wconf 88' lang='lat' dir='ltr'><strong>autem</strong></span> <span class='ocrx_word' id='word_1_448' title='bbox 3145 2538 3583 2598; x_wconf 87' lang='lat' dir='ltr'><strong>dissimulantes,</strong></span> <span class='ocrx_word' id='word_1_449' title='bbox 3631 2546 3685 2590; x_wconf 88' lang='lat' dir='ltr'><strong>et</strong></span> 
     </span>
    </p>
   </div>
   <div class='ocr_carea' id='block_1_69' title="bbox 2103 2628 3685 2701">
    <p class='ocr_par' dir='ltr' id='par_1_69' title="bbox 2103 2628 3685 2701">
     <span class='ocr_line' id='line_1_69' title="bbox 2103 2628 3685 2701; baseline -0.001 -20"><span class='ocrx_word' id='word_1_450' title='bbox 2103 2646 2289 2701; x_wconf 80' lang='lat' dir='ltr'><strong>pacem</strong></span> <span class='ocrx_word' id='word_1_451' title='bbox 2342 2631 2555 2685; x_wconf 84' lang='lat' dir='ltr'><strong>solvere.</strong></span> <span class='ocrx_word' id='word_1_452' title='bbox 2588 2629 2813 2684; x_wconf 91' lang='lat' dir='ltr'><strong>minime</strong></span> <span class='ocrx_word' id='word_1_453' title='bbox 2870 2637 3259 2700; x_wconf 86' lang='lat' dir='ltr'><strong>proponentes,</strong></span> <span class='ocrx_word' id='word_1_454' title='bbox 3314 2628 3406 2682; x_wconf 93' lang='lat' dir='ltr'><strong>sed</strong></span> <span class='ocrx_word' id='word_1_455' title='bbox 3447 2629 3685 2697; x_wconf 89' lang='lat' dir='ltr'><strong>impera-</strong></span> 
     </span>
    </p>
   </div>
   <div class='ocr_carea' id='block_1_70' title="bbox 2104 2720 3682 2791">
    <p class='ocr_par' dir='ltr' id='par_1_70' title="bbox 2104 2720 3682 2791">
     <span class='ocr_line' id='line_1_70' title="bbox 2104 2720 3682 2791; baseline -0.003 -15"><span class='ocrx_word' id='word_1_456' title='bbox 2104 2724 2247 2777; x_wconf 75' lang='lat' dir='ltr'><strong>torio</strong></span> <span class='ocrx_word' id='word_1_457' title='bbox 2270 2738 2502 2777; x_wconf 78' lang='lat' dir='ltr'><strong>excessu</strong></span> <span class='ocrx_word' id='word_1_458' title='bbox 2538 2731 2702 2790; x_wconf 89' lang='lat' dir='ltr'><strong>atque</strong></span> <span class='ocrx_word' id='word_1_459' title='bbox 2729 2722 2983 2791; x_wconf 83' lang='lat' dir='ltr'><strong>procacia</strong></span> <span class='ocrx_word' id='word_1_460' title='bbox 3014 2721 3117 2774; x_wconf 91' lang='lat' dir='ltr'><strong>hoc</strong></span> <span class='ocrx_word' id='word_1_461' title='bbox 3145 2720 3334 2790; x_wconf 86' lang='lat' dir='ltr'><strong>agendi</strong></span> <span class='ocrx_word' id='word_1_462' title='bbox 3370 2720 3682 2773; x_wconf 83' lang='lat' dir='ltr'><strong>violentiam</strong></span> 
     </span>
    </p>
   </div>
   <div class='ocr_carea' id='block_1_71' title="bbox 2104 2812 3685 2887">
    <p class='ocr_par' dir='ltr' id='par_1_71' title="bbox 2104 2812 3685 2887">
     <span class='ocr_line' id='line_1_71' title="bbox 2104 2812 3685 2887; baseline -0.004 -18"><span class='ocrx_word' id='word_1_463' title='bbox 2104 2818 2397 2887; x_wconf 84' lang='lat' dir='ltr'><strong>patientes,</strong></span> <span class='ocrx_word' id='word_1_464' title='bbox 2460 2816 2656 2869; x_wconf 85' lang='lat' dir='ltr'><strong>armati</strong></span> <span class='ocrx_word' id='word_1_465' title='bbox 2708 2822 2763 2869; x_wconf 89' lang='lat' dir='ltr'><strong>et</strong></span> <span class='ocrx_word' id='word_1_466' title='bbox 2825 2815 2927 2883; x_wconf 90' lang='lat' dir='ltr'><strong>ipsi</strong></span> <span class='ocrx_word' id='word_1_467' title='bbox 2970 2815 3199 2869; x_wconf 88' lang='lat' dir='ltr'><strong>veniunt</strong></span> <span class='ocrx_word' id='word_1_468' title='bbox 3255 2812 3685 2880; x_wconf 84' lang='lat' dir='ltr'><strong>Sebastopolim,</strong></span> 
     </span>
    </p>
   </div>
   <div class='ocr_carea' id='block_1_72' title="bbox 2107 2900 3693 2976">
    <p class='ocr_par' dir='ltr' id='par_1_72' title="bbox 2107 2900 3693 2976">
     <span class='ocr_line' id='line_1_72' title="bbox 2107 2900 3693 2976; baseline -0.004 -16"><span class='ocrx_word' id='word_1_469' title='bbox 2107 2915 2472 2976; x_wconf 85' lang='lat' dir='ltr'><strong>protestantes</strong></span> <span class='ocrx_word' id='word_1_470' title='bbox 2506 2921 2571 2958; x_wconf 91' lang='lat' dir='ltr'><strong>ne</strong></span> <span class='ocrx_word' id='word_1_471' title='bbox 2609 2906 2932 2972; x_wconf 87' lang='lat' dir='ltr'><strong>imperator,</strong></span> <span class='ocrx_word' id='word_1_472' title='bbox 2965 2918 3087 2972; x_wconf 64' lang='lat' dir='ltr'><strong>quae</strong></span> <span class='ocrx_word' id='word_1_473' title='bbox 3113 2902 3344 2956; x_wconf 88' lang='lat' dir='ltr'><strong>invicem</strong></span> <span class='ocrx_word' id='word_1_474' title='bbox 3378 2918 3498 2956; x_wconf 89' lang='lat' dir='ltr'><strong>cum</strong></span> <span class='ocrx_word' id='word_1_475' title='bbox 3535 2900 3693 2971; x_wconf 68' lang='lat' dir='ltr'><strong>jura-</strong></span> 
     </span>
    </p>
   </div>
   <div class='ocr_carea' id='block_1_73' title="bbox 2106 2993 3687 3066">
    <p class='ocr_par' dir='ltr' id='par_1_73' title="bbox 2106 2993 3687 3066">
     <span class='ocr_line' id='line_1_73' title="bbox 2106 2993 3687 3066; baseline -0.006 -12"><span class='ocrx_word' id='word_1_476' title='bbox 2106 3000 2306 3054; x_wconf 89' lang='lat' dir='ltr'><strong>mentis</strong></span> <span class='ocrx_word' id='word_1_477' title='bbox 2358 3012 2602 3053; x_wconf 91' lang='lat' dir='ltr'><strong>consono</strong></span> <span class='ocrx_word' id='word_1_478' title='bbox 2640 3006 2809 3066; x_wconf 12' lang='lat' dir='ltr'><strong>pacto.</strong></span> <span class='ocrx_word' id='word_1_479' title='bbox 2852 2996 3049 3064; x_wconf 89' lang='lat' dir='ltr'><strong>placita</strong></span> <span class='ocrx_word' id='word_1_480' title='bbox 3110 2995 3347 3059; x_wconf 78' lang='lat' dir='ltr'><strong>fuerant,</strong></span> <span class='ocrx_word' id='word_1_481' title='bbox 3404 2993 3687 3057; x_wconf 87' lang='lat' dir='ltr'><strong>solveret;</strong></span> 
     </span>
    </p>
   </div>
   <div class='ocr_carea' id='block_1_74' title="bbox 2108 3081 3685 3159">
    <p class='ocr_par' dir='ltr' id='par_1_74' title="bbox 2108 3081 3685 3159">
     <span class='ocr_line' id='line_1_74' title="bbox 2108 3081 3685 3159; baseline -0.006 -16"><span class='ocrx_word' id='word_1_482' title='bbox 2108 3092 2351 3159; x_wconf 88' lang='lat' dir='ltr'><strong>alioquin</strong></span> <span class='ocrx_word' id='word_1_483' title='bbox 2404 3090 2547 3143; x_wconf 90' lang='lat' dir='ltr'><strong>Deus</strong></span> <span class='ocrx_word' id='word_1_484' title='bbox 2590 3087 2785 3140; x_wconf 88' lang='lat' dir='ltr'><strong>vindex</strong></span> <span class='ocrx_word' id='word_1_485' title='bbox 2848 3094 2902 3139; x_wconf 92' lang='lat' dir='ltr'><strong>et</strong></span> <span class='ocrx_word' id='word_1_486' title='bbox 2955 3085 3122 3154; x_wconf 81' lang='lat' dir='ltr'><strong>judex</strong></span> <span class='ocrx_word' id='word_1_487' title='bbox 3186 3085 3471 3154; x_wconf 90' lang='lat' dir='ltr'><strong>culparum</strong></span> <span class='ocrx_word' id='word_1_488' title='bbox 3524 3081 3685 3136; x_wconf 90' lang='lat' dir='ltr'><strong>foret.</strong></span> 
     </span>
    </p>
   </div>
   <div class='ocr_carea' id='block_1_75' title="bbox 2031 3173 3689 3261">
    <p class='ocr_par' dir='ltr' id='par_1_75' title="bbox 2031 3173 3689 3261">
     <span class='ocr_line' id='line_1_75' title="bbox 2031 3173 3689 3261; baseline -0.007 -23"><span class='ocrx_word' id='word_1_489' title='bbox 2031 3204 2073 3261; x_wconf 71' lang='grc' dir='ltr'>ο</span> <span class='ocrx_word' id='word_1_490' title='bbox 2113 3183 2257 3238; x_wconf 86' lang='lat' dir='ltr'><strong>Sane</strong></span> <span class='ocrx_word' id='word_1_491' title='bbox 2295 3199 2417 3236; x_wconf 89' lang='lat' dir='ltr'><strong>cum</strong></span> <span class='ocrx_word' id='word_1_492' title='bbox 2444 3182 2743 3249; x_wconf 90' lang='lat' dir='ltr'><strong>imperator</strong></span> <span class='ocrx_word' id='word_1_493' title='bbox 2777 3194 2876 3232; x_wconf 90' lang='lat' dir='ltr'><strong>nec</strong></span> <span class='ocrx_word' id='word_1_494' title='bbox 2908 3177 3098 3230; x_wconf 90' lang='lat' dir='ltr'><strong>auditu</strong></span> <span class='ocrx_word' id='word_1_495' title='bbox 3145 3177 3264 3246; x_wconf 87' lang='lat' dir='ltr'><strong>ipso</strong></span> <span class='ocrx_word' id='word_1_496' title='bbox 3307 3173 3689 3244; x_wconf 86' lang='lat' dir='ltr'><strong>hujuscemodi</strong></span> 
     </span>
    </p>
   </div>
   <div class='ocr_carea' id='block_1_76' title="bbox 2108 3266 3689 3343">
    <p class='ocr_par' dir='ltr' id='par_1_76' title="bbox 2108 3266 3689 3343">
     <span class='ocr_line' id='line_1_76' title="bbox 2108 3266 3689 3343; baseline -0.008 -13"><span class='ocrx_word' id='word_1_497' title='bbox 2108 3280 2272 3330; x_wconf 86' lang='lat' dir='ltr'><strong>verba</strong></span> <span class='ocrx_word' id='word_1_498' title='bbox 2310 3274 2591 3343; x_wconf 88' lang='lat' dir='ltr'><strong>percipere</strong></span> <span class='ocrx_word' id='word_1_499' title='bbox 2626 3279 2924 3339; x_wconf 86' lang='lat' dir='ltr'><strong>pateretur,</strong></span> <span class='ocrx_word' id='word_1_500' title='bbox 2982 3269 3057 3322; x_wconf 91' lang='lat' dir='ltr'><strong>illi</strong></span> <span class='ocrx_word' id='word_1_501' title='bbox 3095 3270 3250 3338; x_wconf 91' lang='lat' dir='ltr'><strong>pacis</strong></span> <span class='ocrx_word' id='word_1_502' title='bbox 3281 3276 3333 3321; x_wconf 90' lang='lat' dir='ltr'><strong>et</strong></span> <span class='ocrx_word' id='word_1_503' title='bbox 3358 3266 3509 3321; x_wconf 90' lang='lat' dir='ltr'><strong>verbi</strong></span> <span class='ocrx_word' id='word_1_504' title='bbox 3552 3267 3689 3319; x_wconf 90' lang='lat' dir='ltr'><strong>scri-</strong></span> 
     </span>
    </p>
   </div>
   <div class='ocr_carea' id='block_1_77' title="bbox 2109 3358 3689 3437">
    <p class='ocr_par' dir='ltr' id='par_1_77' title="bbox 2109 3358 3689 3437">
     <span class='ocr_line' id='line_1_77' title="bbox 2109 3358 3689 3437; baseline -0.006 -18"><span class='ocrx_word' id='word_1_505' title='bbox 2109 3377 2259 3437; x_wconf 90' lang='lat' dir='ltr'><strong>pttnn</strong></span> <span class='ocrx_word' id='word_1_506' title='bbox 2289 3366 2565 3419; x_wconf 79' lang='lat' dir='ltr'><strong>solventes</strong></span> <span class='ocrx_word' id='word_1_507' title='bbox 2592 3372 2646 3417; x_wconf 91' lang='lat' dir='ltr'><strong>et</strong></span> <span class='ocrx_word' id='word_1_508' title='bbox 2688 3364 2743 3415; x_wconf 92' lang='lat' dir='ltr'><strong>in</strong></span> <span class='ocrx_word' id='word_1_509' title='bbox 2774 3361 2990 3414; x_wconf 83' lang='lat' dir='ltr'><strong>excelsa</strong></span> <span class='ocrx_word' id='word_1_510' title='bbox 3020 3360 3172 3413; x_wconf 85' lang='lat' dir='ltr'><strong>hasta</strong></span> <span class='ocrx_word' id='word_1_511' title='bbox 3195 3374 3293 3428; x_wconf 93' lang='lat' dir='ltr'><strong>pro</strong></span> <span class='ocrx_word' id='word_1_512' title='bbox 3325 3358 3520 3412; x_wconf 69' lang='lat' dir='ltr'><strong>vexillo</strong></span> <span class='ocrx_word' id='word_1_513' title='bbox 3566 3371 3689 3426; x_wconf 90' lang='lat' dir='ltr'><strong>pro-</strong></span> 
     </span>
    </p>
   </div>
   <div class='ocr_carea' id='block_1_78' title="bbox 2110 3448 3691 3525">
    <p class='ocr_par' dir='ltr' id='par_1_78' title="bbox 2110 3448 3691 3525">
     <span class='ocr_line' id='line_1_78' title="bbox 2110 3448 3691 3525; baseline -0.007 -13"><span class='ocrx_word' id='word_1_514' title='bbox 2110 3457 2338 3512; x_wconf 85' lang='lat' dir='ltr'><strong>cedendi</strong></span> <span class='ocrx_word' id='word_1_515' title='bbox 2401 3456 2577 3525; x_wconf 88' lang='lat' dir='ltr'><strong>gratia</strong></span> <span class='ocrx_word' id='word_1_516' title='bbox 2640 3452 3074 3523; x_wconf 86' lang='lat' dir='ltr'><strong>suspendentes,</strong></span> <span class='ocrx_word' id='word_1_517' title='bbox 3144 3458 3337 3505; x_wconf 91' lang='lat' dir='ltr'><strong>contra</strong></span> <span class='ocrx_word' id='word_1_518' title='bbox 3410 3448 3691 3503; x_wconf 80' lang='lat' dir='ltr'><strong>Romanos</strong></span> 
     </span>
    </p>
   </div>
   <div class='ocr_carea' id='block_1_79' title="bbox 2110 3537 3691 3618">
    <p class='ocr_par' dir='ltr' id='par_1_79' title="bbox 2110 3537 3691 3618">
     <span class='ocr_line' id='line_1_79' title="bbox 2110 3537 3691 3618; baseline -0.008 -16"><span class='ocrx_word' id='word_1_519' title='bbox 2110 3550 2314 3618; x_wconf 88' lang='lat' dir='ltr'><strong>impetu</strong></span> <span class='ocrx_word' id='word_1_520' title='bbox 2340 3547 2580 3609; x_wconf 88' lang='lat' dir='ltr'><strong>irruunt,</strong></span> <span class='ocrx_word' id='word_1_521' title='bbox 2608 3542 2860 3597; x_wconf 80' lang='lat' dir='ltr'><strong>Muamed</strong></span> <span class='ocrx_word' id='word_1_522' title='bbox 2911 3542 3107 3595; x_wconf 91' lang='lat' dir='ltr'><strong>ducem</strong></span> <span class='ocrx_word' id='word_1_523' title='bbox 3145 3539 3430 3597; x_wconf 89' lang='lat' dir='ltr'><strong>habentes,</strong></span> <span class='ocrx_word' id='word_1_524' title='bbox 3458 3537 3691 3591; x_wconf 79' lang='lat' dir='ltr'><strong>bellum-</strong></span> 
     </span>
    </p>
   </div>
   <div class='ocr_carea' id='block_1_80' title="bbox 2090 3630 3693 3711">
    <p class='ocr_par' dir='ltr' id='par_1_80' title="bbox 2090 3630 3693 3711">
     <span class='ocr_line' id='line_1_80' title="bbox 2090 3630 3693 3711; baseline -0.007 -18"><span class='ocrx_word' id='word_1_525' title='bbox 2090 3657 2217 3711; x_wconf 73' lang='lat' dir='ltr'><strong>~que</strong></span> <span class='ocrx_word' id='word_1_526' title='bbox 2241 3640 2419 3693; x_wconf 78' lang='lat' dir='ltr'><strong>taliter</strong></span> <span class='ocrx_word' id='word_1_527' title='bbox 2451 3639 2712 3692; x_wconf 89' lang='lat' dir='ltr'><strong>inierunt.</strong></span> <span class='ocrx_word' id='word_1_528' title='bbox 2750 3636 2816 3689; x_wconf 86' lang='lat' dir='ltr'><strong>Et</strong></span> <span class='ocrx_word' id='word_1_529' title='bbox 2849 3635 3001 3703; x_wconf 92' lang='lat' dir='ltr'><strong>prius</strong></span> <span class='ocrx_word' id='word_1_530' title='bbox 3026 3632 3247 3702; x_wconf 87' lang='lat' dir='ltr'><strong>quidem</strong></span> <span class='ocrx_word' id='word_1_531' title='bbox 3279 3630 3521 3700; x_wconf 85' lang='lat' dir='ltr'><strong>superati</strong></span> <span class='ocrx_word' id='word_1_532' title='bbox 3565 3642 3693 3685; x_wconf 90' lang='lat' dir='ltr'><strong>sunt</strong></span> 
     </span>
    </p>
   </div>
   <div class='ocr_carea' id='block_1_81' title="bbox 2109 3720 3693 3799">
    <p class='ocr_par' dir='ltr' id='par_1_81' title="bbox 2109 3720 3693 3799">
     <span class='ocr_line' id='line_1_81' title="bbox 2109 3720 3693 3799; baseline -0.008 -12"><span class='ocrx_word' id='word_1_533' title='bbox 2109 3733 2336 3787; x_wconf 84' lang='lat' dir='ltr'><strong>Arabes.</strong></span> <span class='ocrx_word' id='word_1_534' title='bbox 2418 3728 2731 3799; x_wconf 87' lang='lat' dir='ltr'><strong>Suggerens</strong></span> <span class='ocrx_word' id='word_1_535' title='bbox 2800 3728 3009 3780; x_wconf 89' lang='lat' dir='ltr'><strong>interea</strong></span> <span class='ocrx_word' id='word_1_536' title='bbox 3087 3722 3336 3776; x_wconf 79' lang='lat' dir='ltr'><strong>Muanted</strong></span> <span class='ocrx_word' id='word_1_537' title='bbox 3407 3720 3693 3774; x_wconf 76' lang='lat' dir='ltr'><strong>auxiliauti</strong></span> 
     </span>
    </p>
   </div>
   <div class='ocr_carea' id='block_1_82' title="bbox 2111 3812 3695 3884">
    <p class='ocr_par' dir='ltr' id='par_1_82' title="bbox 2111 3812 3695 3884">
     <span class='ocr_line' id='line_1_82' title="bbox 2111 3812 3695 3884; baseline -0.009 -5"><span class='ocrx_word' id='word_1_538' title='bbox 2111 3824 2374 3879; x_wconf 82' lang='lat' dir='ltr'><strong>Romanis</strong></span> <span class='ocrx_word' id='word_1_539' title='bbox 2427 3822 2747 3876; x_wconf 84' lang='lat' dir='ltr'><strong>Sclavorum</strong></span> <span class='ocrx_word' id='word_1_540' title='bbox 2772 3819 2896 3874; x_wconf 88' lang='lat' dir='ltr'><strong>duci</strong></span> <span class='ocrx_word' id='word_1_541' title='bbox 2933 3816 3099 3869; x_wconf 91' lang='lat' dir='ltr'><strong>nnttit</strong></span> <span class='ocrx_word' id='word_1_542' title='bbox 3125 3816 3173 3870; x_wconf 90' lang='lat' dir='ltr'><strong>ei</strong></span> <span class='ocrx_word' id='word_1_543' title='bbox 3218 3812 3559 3884; x_wconf 84' lang='lat' dir='ltr'><strong>marsupiunt</strong></span> <span class='ocrx_word' id='word_1_544' title='bbox 3588 3820 3695 3867; x_wconf 82' lang='lat' dir='ltr'><strong>titt-</strong></span> 
     </span>
    </p>
   </div>
   <div class='ocr_carea' id='block_1_83' title="bbox 2114 3902 3697 3981">
    <p class='ocr_par' dir='ltr' id='par_1_83' title="bbox 2114 3902 3697 3981">
     <span class='ocr_line' id='line_1_83' title="bbox 2114 3902 3697 3981; baseline -0.011 -10"><span class='ocrx_word' id='word_1_545' title='bbox 2114 3915 2459 3971; x_wconf 87' lang='lat' dir='ltr'><strong>mismatibus</strong></span> <span class='ocrx_word' id='word_1_546' title='bbox 2505 3914 2755 3981; x_wconf 86' lang='lat' dir='ltr'><strong>plenum,</strong></span> <span class='ocrx_word' id='word_1_547' title='bbox 2819 3910 3117 3979; x_wconf 81' lang='lat' dir='ltr'><strong>multisque</strong></span> <span class='ocrx_word' id='word_1_548' title='bbox 3176 3902 3697 3975; x_wconf 74' lang='lat' dir='ltr'><strong>reprmniSsiombns</strong></span> 
     </span>
    </p>
   </div>
   <div class='ocr_carea' id='block_1_84' title="bbox 2093 3993 3696 4073">
    <p class='ocr_par' dir='ltr' id='par_1_84' title="bbox 2093 3993 3696 4073">
     <span class='ocr_line' id='line_1_84' title="bbox 2093 3993 3696 4073; baseline -0.011 -10"><span class='ocrx_word' id='word_1_549' title='bbox 2093 4009 2260 4063; x_wconf 59' lang='lat' dir='ltr'><strong>&#39;hunc</strong></span> <span class='ocrx_word' id='word_1_550' title='bbox 2294 4007 2564 4061; x_wconf 89' lang='lat' dir='ltr'><strong>seducens</strong></span> <span class='ocrx_word' id='word_1_551' title='bbox 2599 4002 2889 4073; x_wconf 87' lang='lat' dir='ltr'><strong>persuadet</strong></span> <span class='ocrx_word' id='word_1_552' title='bbox 2924 4000 2990 4054; x_wconf 88' lang='lat' dir='ltr'><strong>ad</strong></span> <span class='ocrx_word' id='word_1_553' title='bbox 3020 4016 3079 4055; x_wconf 90' lang='lat' dir='ltr'><strong>se</strong></span> <span class='ocrx_word' id='word_1_554' title='bbox 3120 3998 3307 4067; x_wconf 88' lang='lat' dir='ltr'><strong>fugere</strong></span> <span class='ocrx_word' id='word_1_555' title='bbox 3338 4012 3462 4049; x_wconf 88' lang='lat' dir='ltr'><strong>cum</strong></span> <span class='ocrx_word' id='word_1_556' title='bbox 3501 3993 3696 4063; x_wconf 90' lang='lat' dir='ltr'><strong>viginti</strong></span> 
     </span>
    </p>
   </div>
   <div class='ocr_carea' id='block_1_85' title="bbox 2115 4085 3700 4161">
    <p class='ocr_par' dir='ltr' id='par_1_85' title="bbox 2115 4085 3700 4161">
     <span class='ocr_line' id='line_1_85' title="bbox 2115 4085 3700 4161; baseline -0.013 -7"><span class='ocrx_word' id='word_1_557' title='bbox 2115 4100 2356 4154; x_wconf 89' lang='lat' dir='ltr'><strong>millibus</strong></span> <span class='ocrx_word' id='word_1_558' title='bbox 2385 4097 2732 4160; x_wconf 83' lang='lat' dir='ltr'><strong>Sclavornm,</strong></span> <span class='ocrx_word' id='word_1_559' title='bbox 2762 4103 2816 4148; x_wconf 90' lang='lat' dir='ltr'><strong>et</strong></span> <span class='ocrx_word' id='word_1_560' title='bbox 2840 4094 2921 4148; x_wconf 92' lang='lat' dir='ltr'><strong>sic</strong></span> <span class='ocrx_word' id='word_1_561' title='bbox 2952 4092 3133 4161; x_wconf 83' lang='lat' dir='ltr'><strong>fugam</strong></span> <span class='ocrx_word' id='word_1_562' title='bbox 3168 4088 3478 4155; x_wconf 86' lang='lat' dir='ltr'><strong>Quiritibus</strong></span> <span class='ocrx_word' id='word_1_563' title='bbox 3513 4085 3700 4153; x_wconf 84' lang='lat' dir='ltr'><strong>acqui-</strong></span> 
     </span>
    </p>
   </div>
   <div class='ocr_carea' id='block_1_86' title="bbox 2116 4177 3697 4259">
    <p class='ocr_par' dir='ltr' id='par_1_86' title="bbox 2116 4177 3697 4259">
     <span class='ocr_line' id='line_1_86' title="bbox 2116 4177 3697 4259; baseline -0.013 -13"><span class='ocrx_word' id='word_1_564' title='bbox 2116 4191 2261 4259; x_wconf 74' lang='lat' dir='ltr'><strong>sivit.</strong></span> <span class='ocrx_word' id='word_1_565' title='bbox 2316 4188 2469 4242; x_wconf 87' lang='lat' dir='ltr'><strong>Tunc</strong></span> <span class='ocrx_word' id='word_1_566' title='bbox 2503 4189 2799 4255; x_wconf 89' lang='lat' dir='ltr'><strong>imperator</strong></span> <span class='ocrx_word' id='word_1_567' title='bbox 2826 4184 3027 4238; x_wconf 86' lang='lat' dir='ltr'><strong>occidit</strong></span> <span class='ocrx_word' id='word_1_568' title='bbox 3057 4184 3254 4236; x_wconf 89' lang='lat' dir='ltr'><strong>horum</strong></span> <span class='ocrx_word' id='word_1_569' title='bbox 3299 4177 3549 4231; x_wconf 82' lang='lat' dir='ltr'><strong>residuos</strong></span> <span class='ocrx_word' id='word_1_570' title='bbox 3593 4190 3697 4227; x_wconf 88' lang='lat' dir='ltr'><strong>una</strong></span> 
     </span>
    </p>
   </div>
   <div class='ocr_carea' id='block_1_87' title="bbox 2116 4267 3697 4341">
    <p class='ocr_par' dir='ltr' id='par_1_87' title="bbox 2116 4267 3697 4341">
     <span class='ocr_line' id='line_1_87' title="bbox 2116 4267 3697 4341; baseline -0.012 -6"><span class='ocrx_word' id='word_1_571' title='bbox 2116 4299 2240 4335; x_wconf 85' lang='lat' dir='ltr'><strong>cum</strong></span> <span class='ocrx_word' id='word_1_572' title='bbox 2292 4280 2479 4335; x_wconf 91' lang='lat' dir='ltr'><strong>liberis</strong></span> <span class='ocrx_word' id='word_1_573' title='bbox 2524 4288 2579 4331; x_wconf 90' lang='lat' dir='ltr'><strong>et</strong></span> <span class='ocrx_word' id='word_1_574' title='bbox 2646 4276 2912 4331; x_wconf 82' lang='lat' dir='ltr'><strong>uxoribus</strong></span> <span class='ocrx_word' id='word_1_575' title='bbox 2965 4284 3119 4328; x_wconf 90' lang='lat' dir='ltr'><strong>trans</strong></span> <span class='ocrx_word' id='word_1_576' title='bbox 3180 4268 3465 4341; x_wconf 63' lang='lat' dir='ltr'><strong>praecipitii</strong></span> <span class='ocrx_word' id='word_1_577' title='bbox 3519 4267 3697 4319; x_wconf 82' lang='lat' dir='ltr'><strong>locum</strong></span> 
     </span>
    </p>
   </div>
   <div class='ocr_carea' id='block_1_88' title="bbox 2118 4346 3734 4435">
    <p class='ocr_par' dir='ltr' id='par_1_88' title="bbox 2118 4346 3734 4435">
     <span class='ocr_line' id='line_1_88' title="bbox 2118 4346 3734 4435; baseline -0.012 -9"><span class='ocrx_word' id='word_1_578' title='bbox 2118 4372 2436 4426; x_wconf 85' lang='lat' dir='ltr'><strong>Leucatium</strong></span> <span class='ocrx_word' id='word_1_579' title='bbox 2462 4369 2691 4433; x_wconf 88' lang='lat' dir='ltr'><strong>dictum,</strong></span> <span class='ocrx_word' id='word_1_580' title='bbox 2724 4352 2818 4435; x_wconf 79' lang='lat' dir='ltr'><strong>qui</strong></span> <span class='ocrx_word' id='word_1_581' title='bbox 2864 4365 3176 4419; x_wconf 87' lang='lat' dir='ltr'><strong>maritimus</strong></span> <span class='ocrx_word' id='word_1_582' title='bbox 3203 4370 3321 4415; x_wconf 88' lang='lat' dir='ltr'><strong>erat</strong></span> <span class='ocrx_word' id='word_1_583' title='bbox 3347 4346 3500 4428; x_wconf 76' lang='lat' dir='ltr'><strong>joitta</strong></span> <span class='ocrx_word' id='word_1_584' title='bbox 3543 4356 3700 4409; x_wconf 63' lang='lat' dir='ltr'><strong>Nico-</strong></span> <span class='ocrx_word' id='word_1_585' title='bbox 3729 4410 3734 4415; x_wconf 67' lang='grc'><strong>,</strong></span> 
     </span>
    </p>
   </div>
   <div class='ocr_carea' id='block_1_89' title="bbox 2119 4460 2933 4527">
    <p class='ocr_par' dir='ltr' id='par_1_89' title="bbox 2119 4460 2933 4527">
     <span class='ocr_line' id='line_1_89' title="bbox 2119 4460 2933 4527; baseline -0.01 -8"><span class='ocrx_word' id='word_1_586' title='bbox 2119 4465 2450 4519; x_wconf 86' lang='lat' dir='ltr'><strong>mediensem</strong></span> <span class='ocrx_word' id='word_1_587' title='bbox 2482 4463 2664 4517; x_wconf 90' lang='lat' dir='ltr'><strong>sinum</strong></span> <span class='ocrx_word' id='word_1_588' title='bbox 2702 4460 2933 4527; x_wconf 88' lang='lat' dir='ltr'><strong>positus.</strong></span> 
     </span>
    </p>
   </div>
   <div class='ocr_carea' id='block_1_90' title="bbox 507 4541 2024 4627">
    <p class='ocr_par' dir='ltr' id='par_1_90' title="bbox 507 4541 2018 4622">
     <span class='ocr_line' id='line_1_90' title="bbox 507 4541 2018 4622; baseline -0.008 -15"><span class='ocrx_word' id='word_1_589' title='bbox 507 4553 662 4607; x_wconf 76' lang='lat' dir='ltr'><strong>Anno</strong></span> <span class='ocrx_word' id='word_1_590' title='bbox 697 4549 909 4622; x_wconf 90' lang='lat' dir='ltr'><strong>imperii</strong></span> <span class='ocrx_word' id='word_1_591' title='bbox 939 4549 1021 4603; x_wconf 88' lang='lat' dir='ltr'><strong>sui</strong></span> <span class='ocrx_word' id='word_1_592' title='bbox 1061 4547 1094 4602; x_wconf 88' lang='lat'><strong>6</strong></span> <span class='ocrx_word' id='word_1_593' title='bbox 1152 4544 1499 4600; x_wconf 84' lang='lat' dir='ltr'><strong>Iustinianus</strong></span> <span class='ocrx_word' id='word_1_594' title='bbox 1523 4558 1735 4612; x_wconf 87' lang='lat' dir='ltr'><strong>pacem,</strong></span> <span class='ocrx_word' id='word_1_595' title='bbox 1759 4558 1921 4610; x_wconf 90' lang='lat' dir='ltr'><strong>quam</strong></span> <span class='ocrx_word' id='word_1_596' title='bbox 1950 4541 2018 4595; x_wconf 90' lang='lat' dir='ltr'><strong>ab</strong></span> 
     </span>
    </p>
   </div>
   <div class='ocr_carea' id='block_1_91' title="bbox 2060 4541 3705 4627">
    <p class='ocr_par' dir='ltr' id='par_1_91' title="bbox 2060 4542 3705 4627">
     <span class='ocr_line' id='line_1_91' title="bbox 2060 4542 3705 4627; baseline -0.011 -15"><span class='ocrx_word' id='word_1_597' title='bbox 2060 4543 2095 4596; x_wconf 76' lang='grc' dir='ltr'>ο</span> <span class='ocrx_word' id='word_1_598' title='bbox 2190 4557 2349 4611; x_wconf 82' lang='grc' dir='ltr'><strong>Αιιιιο</strong></span> <span class='ocrx_word' id='word_1_599' title='bbox 2384 4553 2598 4627; x_wconf 82' lang='lat' dir='ltr'><strong>imperii</strong></span> <span class='ocrx_word' id='word_1_600' title='bbox 2634 4551 2930 4606; x_wconf 88' lang='lat' dir='ltr'><strong>Iustiniani</strong></span> <span class='ocrx_word' id='word_1_601' title='bbox 2970 4558 3165 4604; x_wconf 84' lang='lat' dir='ltr'><strong>octavo</strong></span> <span class='ocrx_word' id='word_1_602' title='bbox 3196 4546 3409 4601; x_wconf 82' lang='lat' dir='ltr'><strong>Sabbas</strong></span> <span class='ocrx_word' id='word_1_603' title='bbox 3442 4542 3705 4613; x_wconf 69' lang='lat' dir='ltr'><strong>patricius</strong></span> 
     </span>
    </p>
   </div>
   <div class='ocr_carea' id='block_1_92' title="bbox 435 4632 2015 4702">
    <p class='ocr_par' dir='ltr' id='par_1_92' title="bbox 435 4632 2015 4702">
     <span class='ocr_line' id='line_1_92' title="bbox 435 4632 2015 4702; baseline -0.009 -2"><span class='ocrx_word' id='word_1_604' title='bbox 435 4643 748 4700; x_wconf 80' lang='lat' dir='ltr'><strong>Abimelech</strong></span> <span class='ocrx_word' id='word_1_605' title='bbox 805 4639 1018 4702; x_wconf 86' lang='lat' dir='ltr'><strong>habuit,</strong></span> <span class='ocrx_word' id='word_1_606' title='bbox 1071 4653 1139 4693; x_wconf 83' lang='lat' dir='ltr'><strong>ex</strong></span> <span class='ocrx_word' id='word_1_607' title='bbox 1189 4636 1429 4689; x_wconf 90' lang='lat' dir='ltr'><strong>amentia</strong></span> <span class='ocrx_word' id='word_1_608' title='bbox 1485 4633 1760 4687; x_wconf 85' lang='lat' dir='ltr'><strong>dissolvit.</strong></span> <span class='ocrx_word' id='word_1_609' title='bbox 1802 4632 2015 4687; x_wconf 86' lang='lat' dir='ltr'><strong>Etenim</strong></span> 
     </span>
    </p>
   </div>
   <div class='ocr_carea' id='block_1_93' title="bbox 436 4726 2023 4809">
    <p class='ocr_par' dir='ltr' id='par_1_93' title="bbox 436 4726 2023 4809">
     <span class='ocr_line' id='line_1_93' title="bbox 436 4726 2023 4809; baseline -0.008 -16"><span class='ocrx_word' id='word_1_610' title='bbox 436 4739 764 4809; x_wconf 73' lang='lat' dir='ltr'><strong>Cypriorum</strong></span> <span class='ocrx_word' id='word_1_611' title='bbox 818 4733 994 4789; x_wconf 90' lang='lat' dir='ltr'><strong>insula</strong></span> <span class='ocrx_word' id='word_1_612' title='bbox 1028 4730 1290 4802; x_wconf 83' lang='lat' dir='ltr'><strong>pepulum</strong></span> <span class='ocrx_word' id='word_1_613' title='bbox 1350 4727 1808 4782; x_wconf 90' lang='lat' dir='ltr'><strong>irrationabiliter</strong></span> <span class='ocrx_word' id='word_1_614' title='bbox 1849 4726 2023 4780; x_wconf 87' lang='lat' dir='ltr'><strong>voluit</strong></span> 
     </span>
    </p>
   </div>
   <div class='ocr_carea' id='block_1_94' title="bbox 437 4819 2021 4897">
    <p class='ocr_par' dir='ltr' id='par_1_94' title="bbox 437 4819 2021 4897">
     <span class='ocr_line' id='line_1_94' title="bbox 437 4819 2021 4897; baseline -0.008 -13"><span class='ocrx_word' id='word_1_615' title='bbox 437 4829 857 4897; x_wconf 84' lang='lat' dir='ltr'><strong>transtnigrare.</strong></span> <span class='ocrx_word' id='word_1_616' title='bbox 896 4833 951 4878; x_wconf 77' lang='lat' dir='ltr'><strong>et</strong></span> <span class='ocrx_word' id='word_1_617' title='bbox 984 4825 1384 4884; x_wconf 86' lang='lat' dir='ltr'><strong>characterem,</strong></span> <span class='ocrx_word' id='word_1_618' title='bbox 1416 4821 1510 4890; x_wconf 92' lang='lat' dir='ltr'><strong>qui</strong></span> <span class='ocrx_word' id='word_1_619' title='bbox 1545 4819 1752 4875; x_wconf 88' lang='lat' dir='ltr'><strong>missus</strong></span> <span class='ocrx_word' id='word_1_620' title='bbox 1786 4819 1856 4873; x_wconf 90' lang='lat' dir='ltr'><strong>ab</strong></span> <span class='ocrx_word' id='word_1_621' title='bbox 1886 4819 2021 4872; x_wconf 86' lang='lat' dir='ltr'><strong>Abi-</strong></span> 
     </span>
    </p>
   </div>
   <div class='ocr_carea' id='block_1_95' title="bbox 436 4914 2021 4983">
    <p class='ocr_par' dir='ltr' id='par_1_95' title="bbox 436 4914 2021 4983">
     <span class='ocr_line' id='line_1_95' title="bbox 436 4914 2021 4983; baseline -0.009 -6"><span class='ocrx_word' id='word_1_622' title='bbox 436 4920 650 4977; x_wconf 89' lang='lat' dir='ltr'><strong>melecb</strong></span> <span class='ocrx_word' id='word_1_623' title='bbox 676 4920 875 4983; x_wconf 87' lang='lat' dir='ltr'><strong>fuerat,</strong></span> <span class='ocrx_word' id='word_1_624' title='bbox 904 4932 1028 4971; x_wconf 92' lang='lat' dir='ltr'><strong>cum</strong></span> <span class='ocrx_word' id='word_1_625' title='bbox 1057 4916 1274 4969; x_wconf 86' lang='lat' dir='ltr'><strong>noviter</strong></span> <span class='ocrx_word' id='word_1_626' title='bbox 1304 4914 1459 4967; x_wconf 89' lang='lat' dir='ltr'><strong>visus</strong></span> <span class='ocrx_word' id='word_1_627' title='bbox 1483 4922 1633 4967; x_wconf 85' lang='lat' dir='ltr'><strong>esset</strong></span> <span class='ocrx_word' id='word_1_628' title='bbox 1657 4919 1715 4966; x_wconf 90' lang='lat' dir='ltr'><strong>et</strong></span> <span class='ocrx_word' id='word_1_629' title='bbox 1741 4924 2021 4980; x_wconf 90' lang='lat' dir='ltr'><strong>nunquam</strong></span> 
     </span>
    </p>
   </div>
   <div class='ocr_carea' id='block_1_96' title="bbox 435 5000 2020 5074">
    <p class='ocr_par' dir='ltr' id='par_1_96' title="bbox 435 5000 2020 5074">
     <span class='ocr_line' id='line_1_96' title="bbox 435 5000 2020 5074; baseline -0.009 -6"><span class='ocrx_word' id='word_1_630' title='bbox 435 5024 598 5069; x_wconf 85' lang='lat' dir='ltr'><strong>antea</strong></span> <span class='ocrx_word' id='word_1_631' title='bbox 628 5009 828 5074; x_wconf 83' lang='lat' dir='ltr'><strong>fartus,</strong></span> <span class='ocrx_word' id='word_1_632' title='bbox 855 5023 961 5061; x_wconf 92' lang='lat' dir='ltr'><strong>non</strong></span> <span class='ocrx_word' id='word_1_633' title='bbox 992 5005 1237 5060; x_wconf 86' lang='lat' dir='ltr'><strong>admisit.</strong></span> <span class='ocrx_word' id='word_1_634' title='bbox 1296 5002 1589 5058; x_wconf 80' lang='lat' dir='ltr'><strong>Multitudo</strong></span> <span class='ocrx_word' id='word_1_635' title='bbox 1626 5017 1757 5073; x_wconf 86' lang='lat' dir='ltr'><strong>ergo</strong></span> <span class='ocrx_word' id='word_1_636' title='bbox 1791 5000 2020 5072; x_wconf 84' lang='lat' dir='ltr'><strong>Cyprio-</strong></span> 
     </span>
    </p>
   </div>
   <div class='ocr_carea' id='block_1_97' title="bbox 441 5096 2026 5162">
    <p class='ocr_par' dir='ltr' id='par_1_97' title="bbox 441 5096 2026 5162">
     <span class='ocr_line' id='line_1_97' title="bbox 441 5096 2026 5162; baseline -0.01 -1"><span class='ocrx_word' id='word_1_637' title='bbox 441 5122 564 5162; x_wconf 85' lang='lat' dir='ltr'><strong>rum</strong></span> <span class='ocrx_word' id='word_1_638' title='bbox 604 5102 733 5157; x_wconf 90' lang='lat' dir='ltr'><strong>dmn</strong></span> <span class='ocrx_word' id='word_1_639' title='bbox 770 5111 1113 5155; x_wconf 89' lang='lat' dir='ltr'><strong>transmeare</strong></span> <span class='ocrx_word' id='word_1_640' title='bbox 1154 5097 1445 5161; x_wconf 89' lang='lat' dir='ltr'><strong>niteretur,</strong></span> <span class='ocrx_word' id='word_1_641' title='bbox 1504 5096 1793 5151; x_wconf 90' lang='lat' dir='ltr'><strong>submersa</strong></span> <span class='ocrx_word' id='word_1_642' title='bbox 1822 5101 1930 5157; x_wconf 88' lang='lat' dir='ltr'><strong>est,</strong></span> <span class='ocrx_word' id='word_1_643' title='bbox 1970 5100 2026 5146; x_wconf 89' lang='lat' dir='ltr'><strong>et</strong></span> 
     </span>
    </p>
   </div>
   <div class='ocr_carea' id='block_1_98' title="bbox 441 5186 2024 5266">
    <p class='ocr_par' dir='ltr' id='par_1_98' title="bbox 441 5186 2024 5266">
     <span class='ocr_line' id='line_1_98' title="bbox 441 5186 2024 5266; baseline -0.008 -15"><span class='ocrx_word' id='word_1_644' title='bbox 441 5215 508 5251; x_wconf 78' lang='lat' dir='ltr'><strong>ex</strong></span> <span class='ocrx_word' id='word_1_645' title='bbox 544 5199 809 5266; x_wconf 91' lang='lat' dir='ltr'><strong>languore</strong></span> <span class='ocrx_word' id='word_1_646' title='bbox 848 5192 1081 5262; x_wconf 90' lang='lat' dir='ltr'><strong>peribat,</strong></span> <span class='ocrx_word' id='word_1_647' title='bbox 1130 5189 1324 5260; x_wconf 89' lang='lat' dir='ltr'><strong>reliqui</strong></span> <span class='ocrx_word' id='word_1_648' title='bbox 1360 5204 1492 5243; x_wconf 86' lang='lat' dir='ltr'><strong>vero</strong></span> <span class='ocrx_word' id='word_1_649' title='bbox 1550 5187 1605 5241; x_wconf 94' lang='lat' dir='ltr'><strong>in</strong></span> <span class='ocrx_word' id='word_1_650' title='bbox 1646 5186 1885 5258; x_wconf 86' lang='lat' dir='ltr'><strong>Cyprum</strong></span> <span class='ocrx_word' id='word_1_651' title='bbox 1934 5199 2024 5239; x_wconf 85' lang='lat' dir='ltr'><strong>re-</strong></span> 
     </span>
    </p>
   </div>
   <div class='ocr_carea' id='block_1_99' title="bbox 403 5275 2025 5345">
    <p class='ocr_par' dir='ltr' id='par_1_99' title="bbox 403 5275 2025 5345">
     <span class='ocr_line' id='line_1_99' title="bbox 403 5275 2025 5345; baseline -0.009 -2"><span class='ocrx_word' id='word_1_652' title='bbox 403 5310 409 5318; x_wconf 83' lang='lat'><strong><em>-</em></strong></span> <span class='ocrx_word' id='word_1_653' title='bbox 443 5290 588 5345; x_wconf 87' lang='lat' dir='ltr'><strong>versi</strong></span> <span class='ocrx_word' id='word_1_654' title='bbox 637 5298 788 5344; x_wconf 86' lang='lat' dir='ltr'><strong>sunt.</strong></span> <span class='ocrx_word' id='word_1_655' title='bbox 845 5285 909 5342; x_wconf 81' lang='lat' dir='ltr'><strong>Et</strong></span> <span class='ocrx_word' id='word_1_656' title='bbox 944 5282 1149 5338; x_wconf 89' lang='lat' dir='ltr'><strong>auditis</strong></span> <span class='ocrx_word' id='word_1_657' title='bbox 1188 5282 1272 5335; x_wconf 91' lang='lat' dir='ltr'><strong>his</strong></span> <span class='ocrx_word' id='word_1_658' title='bbox 1318 5279 1634 5336; x_wconf 82' lang='lat' dir='ltr'><strong>Abimelech</strong></span> <span class='ocrx_word' id='word_1_659' title='bbox 1664 5278 1910 5333; x_wconf 87' lang='lat' dir='ltr'><strong>satanice</strong></span> <span class='ocrx_word' id='word_1_660' title='bbox 1945 5275 2025 5330; x_wconf 85' lang='lat' dir='ltr'><strong>si-</strong></span> 
     </span>
    </p>
   </div>
   <div class='ocr_carea' id='block_1_100' title="bbox 444 5368 2027 5444">
    <p class='ocr_par' dir='ltr' id='par_1_100' title="bbox 444 5368 2027 5444">
     <span class='ocr_line' id='line_1_100' title="bbox 444 5368 2027 5444; baseline -0.01 -8"><span class='ocrx_word' id='word_1_661' title='bbox 444 5380 687 5436; x_wconf 86' lang='lat' dir='ltr'><strong>mulatus</strong></span> <span class='ocrx_word' id='word_1_662' title='bbox 718 5378 947 5444; x_wconf 75' lang='lat' dir='ltr'><strong>rogabat</strong></span> <span class='ocrx_word' id='word_1_663' title='bbox 986 5392 1051 5429; x_wconf 93' lang='lat' dir='ltr'><strong>ne</strong></span> <span class='ocrx_word' id='word_1_664' title='bbox 1083 5390 1183 5444; x_wconf 76' lang='lat' dir='ltr'><strong>pax</strong></span> <span class='ocrx_word' id='word_1_665' title='bbox 1227 5376 1556 5433; x_wconf 87' lang='lat' dir='ltr'><strong>solveretur,</strong></span> <span class='ocrx_word' id='word_1_666' title='bbox 1590 5372 1683 5424; x_wconf 92' lang='lat' dir='ltr'><strong>sed</strong></span> <span class='ocrx_word' id='word_1_667' title='bbox 1717 5368 2027 5439; x_wconf 88' lang='lat' dir='ltr'><strong>susciperet</strong></span> 
     </span>
    </p>
   </div>
   <div class='ocr_carea' id='block_1_101' title="bbox 447 5459 2024 5533">
    <p class='ocr_par' dir='ltr' id='par_1_101' title="bbox 447 5459 2024 5533">
     <span class='ocr_line' id='line_1_101' title="bbox 447 5459 2024 5533; baseline -0.008 -5"><span class='ocrx_word' id='word_1_668' title='bbox 447 5485 722 5528; x_wconf 85' lang='lat' dir='ltr'><strong>monetam</strong></span> <span class='ocrx_word' id='word_1_669' title='bbox 760 5487 940 5533; x_wconf 88' lang='lat' dir='ltr'><strong>suam,</strong></span> <span class='ocrx_word' id='word_1_670' title='bbox 974 5484 1098 5523; x_wconf 91' lang='lat' dir='ltr'><strong>cum</strong></span> <span class='ocrx_word' id='word_1_671' title='bbox 1137 5466 1345 5521; x_wconf 82' lang='lat' dir='ltr'><strong>Arabes</strong></span> <span class='ocrx_word' id='word_1_672' title='bbox 1386 5481 1489 5519; x_wconf 92' lang='lat' dir='ltr'><strong>non</strong></span> <span class='ocrx_word' id='word_1_673' title='bbox 1539 5464 1883 5530; x_wconf 88' lang='lat' dir='ltr'><strong>susciperent</strong></span> <span class='ocrx_word' id='word_1_674' title='bbox 1918 5459 2024 5516; x_wconf 82' lang='lat' dir='ltr'><strong>Ro-</strong></span> 
     </span>
    </p>
   </div>
   <div class='ocr_carea' id='block_1_102' title="bbox 445 5554 2024 5619">
    <p class='ocr_par' dir='ltr' id='par_1_102' title="bbox 445 5554 2024 5619">
     <span class='ocr_line' id='line_1_102' title="bbox 445 5554 2024 5619; baseline -0.008 0"><span class='ocrx_word' id='word_1_675' title='bbox 445 5579 736 5619; x_wconf 80' lang='lat' dir='ltr'><strong>manorum</strong></span> <span class='ocrx_word' id='word_1_676' title='bbox 804 5563 1128 5617; x_wconf 89' lang='lat' dir='ltr'><strong>incisionem</strong></span> <span class='ocrx_word' id='word_1_677' title='bbox 1200 5560 1254 5613; x_wconf 93' lang='lat' dir='ltr'><strong>in</strong></span> <span class='ocrx_word' id='word_1_678' title='bbox 1313 5558 1430 5613; x_wconf 91' lang='lat' dir='ltr'><strong>suis</strong></span> <span class='ocrx_word' id='word_1_679' title='bbox 1486 5557 1775 5611; x_wconf 50' lang='lat' dir='ltr'><strong>nummis.‘</strong></span> <span class='ocrx_word' id='word_1_680' title='bbox 1823 5554 2024 5609; x_wconf 76' lang='lat' dir='ltr'><strong>Verum</strong></span> 
     </span>
    </p>
   </div>
   <div class='ocr_carea' id='block_1_103' title="bbox 445 5649 2021 5726">
    <p class='ocr_par' dir='ltr' id='par_1_103' title="bbox 445 5649 2021 5726">
     <span class='ocr_line' id='line_1_103' title="bbox 445 5649 2021 5726; baseline -0.006 -17"><span class='ocrx_word' id='word_1_681' title='bbox 445 5658 572 5709; x_wconf 74' lang='lat' dir='ltr'><strong>dato</strong></span> <span class='ocrx_word' id='word_1_682' title='bbox 599 5656 832 5726; x_wconf 88' lang='lat' dir='ltr'><strong>pondere</strong></span> <span class='ocrx_word' id='word_1_683' title='bbox 870 5655 991 5708; x_wconf 91' lang='lat' dir='ltr'><strong>auri</strong></span> <span class='ocrx_word' id='word_1_684' title='bbox 1042 5656 1157 5707; x_wconf 84' lang='lat' dir='ltr'><strong>ait:</strong></span> <span class='ocrx_word' id='word_1_685' title='bbox 1206 5652 1432 5707; x_wconf 71' lang='lat' dir='ltr'><strong>Nullum</strong></span> <span class='ocrx_word' id='word_1_686' title='bbox 1476 5650 1728 5705; x_wconf 72' lang='lat' dir='ltr'><strong>Romanis</strong></span> <span class='ocrx_word' id='word_1_687' title='bbox 1768 5649 2021 5702; x_wconf 86' lang='lat' dir='ltr'><strong>damnum</strong></span> 
     </span>
    </p>
   </div>
   <div class='ocr_carea' id='block_1_104' title="bbox 446 5741 2027 5816">
    <p class='ocr_par' dir='ltr' id='par_1_104' title="bbox 446 5741 2027 5816">
     <span class='ocr_line' id='line_1_104' title="bbox 446 5741 2027 5816; baseline -0.005 -16"><span class='ocrx_word' id='word_1_688' title='bbox 446 5748 728 5814; x_wconf 70' lang='lat' dir='ltr'><strong>efﬁcietur,</strong></span> <span class='ocrx_word' id='word_1_689' title='bbox 774 5762 930 5800; x_wconf 75' lang='lat' dir='ltr'><strong>exeo</strong></span> <span class='ocrx_word' id='word_1_690' title='bbox 971 5747 1113 5816; x_wconf 91' lang='lat' dir='ltr'><strong>quod</strong></span> <span class='ocrx_word' id='word_1_691' title='bbox 1171 5747 1378 5800; x_wconf 77' lang='lat' dir='ltr'><strong>Arabes</strong></span> <span class='ocrx_word' id='word_1_692' title='bbox 1431 5759 1568 5798; x_wconf 91' lang='lat' dir='ltr'><strong>nova</strong></span> <span class='ocrx_word' id='word_1_693' title='bbox 1621 5742 1904 5798; x_wconf 82' lang='lat' dir='ltr'><strong>cuderent.</strong></span> <span class='ocrx_word' id='word_1_694' title='bbox 1959 5741 2027 5793; x_wconf 90' lang='lat' dir='ltr'><strong>At</strong></span> 
     </span>
    </p>
   </div>
   <div class='ocr_carea' id='block_1_105' title="bbox 367 5836 2024 5909">
    <p class='ocr_par' dir='ltr' id='par_1_105' title="bbox 367 5836 2024 5909">
     <span class='ocr_line' id='line_1_105' title="bbox 367 5836 2024 5909; baseline -0.004 -15"><span class='ocrx_word' id='word_1_695' title='bbox 367 5844 373 5852; x_wconf 86' lang='lat'>&#39;</span> <span class='ocrx_word' id='word_1_696' title='bbox 453 5841 543 5896; x_wconf 70' lang='lat' dir='ltr'><strong>ille</strong></span> <span class='ocrx_word' id='word_1_697' title='bbox 601 5854 818 5909; x_wconf 88' lang='lat' dir='ltr'><strong>precem</strong></span> <span class='ocrx_word' id='word_1_698' title='bbox 867 5856 930 5894; x_wconf 78' lang='lat' dir='ltr'><strong>ex</strong></span> <span class='ocrx_word' id='word_1_699' title='bbox 978 5841 1171 5893; x_wconf 87' lang='lat' dir='ltr'><strong>timore</strong></span> <span class='ocrx_word' id='word_1_700' title='bbox 1226 5839 1527 5893; x_wconf 82' lang='lat' dir='ltr'><strong>arbitratus</strong></span> <span class='ocrx_word' id='word_1_701' title='bbox 1578 5836 1853 5902; x_wconf 64' lang='lat' dir='ltr'><strong>cﬂeetatn,</strong></span> <span class='ocrx_word' id='word_1_702' title='bbox 1915 5849 2024 5888; x_wconf 92' lang='lat' dir='ltr'><strong>non</strong></span> 
     </span>
    </p>
   </div>
   <div class='ocr_carea' id='block_1_106' title="bbox 2128 4640 3705 4717">
    <p class='ocr_par' dir='ltr' id='par_1_106' title="bbox 2128 4640 3705 4717">
     <span class='ocr_line' id='line_1_106' title="bbox 2128 4640 3705 4717; baseline -0.011 -11"><span class='ocrx_word' id='word_1_703' title='bbox 2128 4650 2421 4713; x_wconf 47' lang='lat' dir='ltr'><strong>Armenias,</strong></span> <span class='ocrx_word' id='word_1_704' title='bbox 2453 4659 2729 4717; x_wconf 80' lang='lat' dir='ltr'><strong>comperta</strong></span> <span class='ocrx_word' id='word_1_705' title='bbox 2762 4644 3120 4715; x_wconf 88' lang='lat' dir='ltr'><strong>superatione</strong></span> <span class='ocrx_word' id='word_1_706' title='bbox 3154 4640 3554 4701; x_wconf 80' lang='lat' dir='ltr'><strong>Romanorum,</strong></span> <span class='ocrx_word' id='word_1_707' title='bbox 3604 4640 3705 4691; x_wconf 80' lang='lat' dir='ltr'><strong>Ar-</strong></span> 
     </span>
    </p>
   </div>
   <div class='ocr_carea' id='block_1_107' title="bbox 2130 4726 3709 4806">
    <p class='ocr_par' dir='ltr' id='par_1_107' title="bbox 2130 4726 3709 4806">
     <span class='ocr_line' id='line_1_107' title="bbox 2130 4726 3709 4806; baseline -0.01 -10"><span class='ocrx_word' id='word_1_708' title='bbox 2130 4742 2365 4796; x_wconf 90' lang='lat' dir='ltr'><strong>meniam</strong></span> <span class='ocrx_word' id='word_1_709' title='bbox 2422 4726 2702 4806; x_wconf 78' lang='lat' dir='ltr'><strong>Arabibus</strong></span> <span class='ocrx_word' id='word_1_710' title='bbox 2759 4737 3031 4799; x_wconf 87' lang='lat' dir='ltr'><strong>tradidit,</strong></span> <span class='ocrx_word' id='word_1_711' title='bbox 3092 4746 3145 4789; x_wconf 87' lang='lat' dir='ltr'><strong>et</strong></span> <span class='ocrx_word' id='word_1_712' title='bbox 3198 4733 3444 4800; x_wconf 87' lang='lat' dir='ltr'><strong>subjecta</strong></span> <span class='ocrx_word' id='word_1_713' title='bbox 3496 4738 3581 4783; x_wconf 86' lang='lat' dir='ltr'><strong>est</strong></span> <span class='ocrx_word' id='word_1_714' title='bbox 3626 4729 3709 4781; x_wconf 85' lang='lat' dir='ltr'><strong>eis</strong></span> 
     </span>
    </p>
   </div>
   <div class='ocr_carea' id='block_1_108' title="bbox 2130 4822 3708 4899">
    <p class='ocr_par' dir='ltr' id='par_1_108' title="bbox 2130 4822 3708 4899">
     <span class='ocr_line' id='line_1_108' title="bbox 2130 4822 3708 4899; baseline -0.013 -8"><span class='ocrx_word' id='word_1_715' title='bbox 2130 4835 2387 4891; x_wconf 60' lang='lat' dir='ltr'><strong>interior</strong></span> <span class='ocrx_word' id='word_1_716' title='bbox 2413 4831 2620 4895; x_wconf 89' lang='lat' dir='ltr'><strong>Persis,</strong></span> <span class='ocrx_word' id='word_1_717' title='bbox 2675 4847 2799 4899; x_wconf 81' lang='lat' dir='ltr'><strong>qua:</strong></span> <span class='ocrx_word' id='word_1_718' title='bbox 2840 4829 3045 4883; x_wconf 84' lang='lat' dir='ltr'><strong>dicitur</strong></span> <span class='ocrx_word' id='word_1_719' title='bbox 3092 4826 3354 4881; x_wconf 88' lang='lat' dir='ltr'><strong>Cherasa.</strong></span> <span class='ocrx_word' id='word_1_720' title='bbox 3418 4824 3483 4877; x_wconf 84' lang='lat' dir='ltr'><strong>Et</strong></span> <span class='ocrx_word' id='word_1_721' title='bbox 3532 4822 3708 4875; x_wconf 88' lang='lat' dir='ltr'><strong>oritur</strong></span> 
     </span>
    </p>
   </div>
   <div class='ocr_carea' id='block_1_109' title="bbox 2128 4904 3708 4984">
    <p class='ocr_par' dir='ltr' id='par_1_109' title="bbox 2128 4904 3708 4984">
     <span class='ocr_line' id='line_1_109' title="bbox 2128 4904 3708 4984; baseline -0.01 -3"><span class='ocrx_word' id='word_1_722' title='bbox 2128 4927 2328 4981; x_wconf 90' lang='lat' dir='ltr'><strong>ibidem</strong></span> <span class='ocrx_word' id='word_1_723' title='bbox 2381 4922 2671 4977; x_wconf 86' lang='lat' dir='ltr'><strong>insidiator</strong></span> <span class='ocrx_word' id='word_1_724' title='bbox 2729 4924 2949 4976; x_wconf 88' lang='lat' dir='ltr'><strong>nomine</strong></span> <span class='ocrx_word' id='word_1_725' title='bbox 2995 4918 3235 4973; x_wconf 88' lang='lat' dir='ltr'><strong>Sabinus</strong></span> <span class='ocrx_word' id='word_1_726' title='bbox 3264 4958 3277 4979; x_wconf 89' lang='lat'><strong>,</strong></span> <span class='ocrx_word' id='word_1_727' title='bbox 3342 4904 3459 4984; x_wconf 59' lang='lat' dir='ltr'><strong>qui&#39;</strong></span> <span class='ocrx_word' id='word_1_728' title='bbox 3501 4914 3708 4966; x_wconf 86' lang='lat' dir='ltr'><strong>multos</strong></span> 
     </span>
    </p>
   </div>
   <div class='ocr_carea' id='block_1_110' title="bbox 2126 5006 3710 5080">
    <p class='ocr_par' dir='ltr' id='par_1_110' title="bbox 2126 5006 3710 5080">
     <span class='ocr_line' id='line_1_110' title="bbox 2126 5006 3710 5080; baseline -0.013 -8"><span class='ocrx_word' id='word_1_729' title='bbox 2126 5019 2367 5072; x_wconf 84' lang='lat' dir='ltr'><strong>Arabum</strong></span> <span class='ocrx_word' id='word_1_730' title='bbox 2402 5012 2699 5076; x_wconf 86' lang='lat' dir='ltr'><strong>interfecit,</strong></span> <span class='ocrx_word' id='word_1_731' title='bbox 2755 5012 2850 5067; x_wconf 91' lang='lat' dir='ltr'><strong>sed</strong></span> <span class='ocrx_word' id='word_1_732' title='bbox 2885 5021 2940 5065; x_wconf 91' lang='lat' dir='ltr'><strong>et</strong></span> <span class='ocrx_word' id='word_1_733' title='bbox 2983 5010 3161 5080; x_wconf 89' lang='lat' dir='ltr'><strong>ipsum</strong></span> <span class='ocrx_word' id='word_1_734' title='bbox 3200 5006 3509 5074; x_wconf 86' lang='lat' dir='ltr'><strong>chaganum</strong></span> <span class='ocrx_word' id='word_1_735' title='bbox 3540 5016 3710 5071; x_wconf 91' lang='lat' dir='ltr'><strong>prope</strong></span> 
     </span>
    </p>
   </div>
   <div class='ocr_carea' id='block_1_111' title="bbox 2127 5096 3708 5166">
    <p class='ocr_par' dir='ltr' id='par_1_111' title="bbox 2127 5096 3708 5166">
     <span class='ocr_line' id='line_1_111' title="bbox 2127 5096 3708 5166; baseline -0.013 0"><span class='ocrx_word' id='word_1_736' title='bbox 2127 5110 2301 5166; x_wconf 89' lang='lat' dir='ltr'><strong>modis</strong></span> <span class='ocrx_word' id='word_1_737' title='bbox 2357 5106 2616 5161; x_wconf 89' lang='lat' dir='ltr'><strong>omnibus</strong></span> <span class='ocrx_word' id='word_1_738' title='bbox 2671 5106 2723 5159; x_wconf 90' lang='lat' dir='ltr'><strong>in</strong></span> <span class='ocrx_word' id='word_1_739' title='bbox 2781 5117 2940 5158; x_wconf 88' lang='lat' dir='ltr'><strong>amne</strong></span> <span class='ocrx_word' id='word_1_740' title='bbox 2980 5100 3215 5154; x_wconf 90' lang='lat' dir='ltr'><strong>necavit.</strong></span> <span class='ocrx_word' id='word_1_741' title='bbox 3282 5096 3361 5149; x_wconf 82' lang='lat' dir='ltr'><strong>Ex</strong></span> <span class='ocrx_word' id='word_1_742' title='bbox 3407 5103 3539 5149; x_wconf 88' lang='lat' dir='ltr'><strong>tunc</strong></span> <span class='ocrx_word' id='word_1_743' title='bbox 3578 5108 3708 5163; x_wconf 83' lang='lat' dir='ltr'><strong>ergo</strong></span> 
     </span>
    </p>
   </div>
   <div class='ocr_carea' id='block_1_112' title="bbox 2127 5183 3708 5270">
    <p class='ocr_par' dir='ltr' id='par_1_112' title="bbox 2127 5183 3708 5270">
     <span class='ocr_line' id='line_1_112' title="bbox 2127 5183 3708 5270; baseline -0.013 -16"><span class='ocrx_word' id='word_1_744' title='bbox 2127 5216 2224 5270; x_wconf 89' lang='lat' dir='ltr'><strong>per</strong></span> <span class='ocrx_word' id='word_1_745' title='bbox 2277 5197 2515 5266; x_wconf 91' lang='lat' dir='ltr'><strong>amplius</strong></span> <span class='ocrx_word' id='word_1_746' title='bbox 2580 5195 2823 5267; x_wconf 76' lang='lat' dir='ltr'><strong>Agareni</strong></span> <span class='ocrx_word' id='word_1_747' title='bbox 2875 5189 3153 5247; x_wconf 86' lang='lat' dir='ltr'><strong>temerarii</strong></span> <span class='ocrx_word' id='word_1_748' title='bbox 3210 5187 3337 5241; x_wconf 91' lang='lat' dir='ltr'><strong>facti</strong></span> <span class='ocrx_word' id='word_1_749' title='bbox 3386 5183 3708 5238; x_wconf 77' lang='lat' dir='ltr'><strong>Romaniam</strong></span> 
     </span>
    </p>
   </div>
   <div class='ocr_carea' id='block_1_113' title="bbox 2127 5289 2619 5358">
    <p class='ocr_par' dir='ltr' id='par_1_113' title="bbox 2127 5289 2619 5358">
     <span class='ocr_line' id='line_1_113' title="bbox 2127 5289 2619 5358; baseline -0.006 -13"><span class='ocrx_word' id='word_1_750' title='bbox 2127 5289 2619 5358; x_wconf 86' lang='lat' dir='ltr'><strong>depopulabantur.</strong></span> 
     </span>
    </p>
   </div>
   <div class='ocr_carea' id='block_1_114' title="bbox 2200 5365 3707 5443">
    <p class='ocr_par' dir='ltr' id='par_1_114' title="bbox 2200 5365 3707 5443">
     <span class='ocr_line' id='line_1_114' title="bbox 2200 5365 3707 5443; baseline -0.009 -8"><span class='ocrx_word' id='word_1_751' title='bbox 2200 5380 2381 5437; x_wconf 84' lang='lat' dir='ltr'><strong>Mundi</strong></span> <span class='ocrx_word' id='word_1_752' title='bbox 2412 5394 2558 5433; x_wconf 92' lang='lat' dir='ltr'><strong>anno</strong></span> <span class='ocrx_word' id='word_1_753' title='bbox 2582 5378 2743 5443; x_wconf 85' lang='grc'>6186,</span> <span class='ocrx_word' id='word_1_754' title='bbox 2768 5376 2970 5431; x_wconf 69' lang='lat' dir='ltr'><strong>divina:</strong></span> <span class='ocrx_word' id='word_1_755' title='bbox 3000 5368 3397 5429; x_wconf 88' lang='lat' dir='ltr'><strong>incarnationis</strong></span> <span class='ocrx_word' id='word_1_756' title='bbox 3421 5382 3566 5420; x_wconf 92' lang='lat' dir='ltr'><strong>anno</strong></span> <span class='ocrx_word' id='word_1_757' title='bbox 3581 5365 3707 5421; x_wconf 82' lang='grc'>686.</span> 
     </span>
    </p>
   </div>
   <div class='ocr_carea' id='block_1_115' title="bbox 2131 5458 3710 5542">
    <p class='ocr_par' dir='ltr' id='par_1_115' title="bbox 2131 5458 3710 5542">
     <span class='ocr_line' id='line_1_115' title="bbox 2131 5458 3710 5542; baseline -0.011 -16"><span class='ocrx_word' id='word_1_758' title='bbox 2131 5488 2275 5526; x_wconf 90' lang='lat' dir='ltr'><strong>anno</strong></span> <span class='ocrx_word' id='word_1_759' title='bbox 2307 5488 2435 5527; x_wconf 87' lang='lat' dir='ltr'><strong>vero</strong></span> <span class='ocrx_word' id='word_1_760' title='bbox 2484 5471 2695 5542; x_wconf 90' lang='lat' dir='ltr'><strong>imperii</strong></span> <span class='ocrx_word' id='word_1_761' title='bbox 2727 5466 3020 5523; x_wconf 89' lang='lat' dir='ltr'><strong>Iustiniani</strong></span> <span class='ocrx_word' id='word_1_762' title='bbox 3050 5467 3083 5521; x_wconf 83' lang='lat'><strong>9</strong></span> <span class='ocrx_word' id='word_1_763' title='bbox 3131 5461 3438 5517; x_wconf 87' lang='lat' dir='ltr'><strong>Callinicus</strong></span> <span class='ocrx_word' id='word_1_764' title='bbox 3479 5458 3710 5512; x_wconf 86' lang='lat' dir='ltr'><strong>habetur</strong></span> 
     </span>
    </p>
   </div>
   <div class='ocr_carea' id='block_1_116' title="bbox 2130 5548 3707 5631">
    <p class='ocr_par' dir='ltr' id='par_1_116' title="bbox 2130 5548 3707 5631">
     <span class='ocr_line' id='line_1_116' title="bbox 2130 5548 3707 5631; baseline -0.01 -16"><span class='ocrx_word' id='word_1_765' title='bbox 2130 5561 2776 5631; x_wconf 80' lang='lat' dir='ltr'><strong>Constantinopolitanus</strong></span> <span class='ocrx_word' id='word_1_766' title='bbox 2815 5558 3071 5621; x_wconf 88' lang='lat' dir='ltr'><strong>antistes,</strong></span> <span class='ocrx_word' id='word_1_767' title='bbox 3127 5553 3221 5625; x_wconf 94' lang='lat' dir='ltr'><strong>qui</strong></span> <span class='ocrx_word' id='word_1_768' title='bbox 3259 5552 3327 5605; x_wconf 71' lang='grc'><strong>12</strong></span> <span class='ocrx_word' id='word_1_769' title='bbox 3362 5548 3579 5620; x_wconf 73' lang='lat' dir='ltr'><strong>praefuit</strong></span> <span class='ocrx_word' id='word_1_770' title='bbox 3610 5562 3707 5601; x_wconf 89' lang='lat' dir='ltr'><strong>an-</strong></span> 
     </span>
    </p>
   </div>
   <div class='ocr_carea' id='block_1_117' title="bbox 2131 5638 3710 5706">
    <p class='ocr_par' dir='ltr' id='par_1_117' title="bbox 2131 5638 3710 5706">
     <span class='ocr_line' id='line_1_117' title="bbox 2131 5638 3710 5706; baseline -0.011 -1"><span class='ocrx_word' id='word_1_771' title='bbox 2131 5652 2218 5706; x_wconf 91' lang='lat' dir='ltr'><strong>nis</strong></span> <span class='ocrx_word' id='word_1_772' title='bbox 2275 5651 2553 5706; x_wconf 57' lang='lat' dir='ltr'><strong>Ecclesia.</strong></span> <span class='ocrx_word' id='word_1_773' title='bbox 2610 5648 2724 5703; x_wconf 86' lang='lat' dir='ltr'><strong>Iloc</strong></span> <span class='ocrx_word' id='word_1_774' title='bbox 2775 5650 2938 5703; x_wconf 90' lang='lat' dir='ltr'><strong>etiam</strong></span> <span class='ocrx_word' id='word_1_775' title='bbox 2976 5661 3122 5699; x_wconf 91' lang='lat' dir='ltr'><strong>anno</strong></span> <span class='ocrx_word' id='word_1_776' title='bbox 3168 5642 3406 5697; x_wconf 83' lang='lat' dir='ltr'><strong>defectio</strong></span> <span class='ocrx_word' id='word_1_777' title='bbox 3446 5649 3530 5693; x_wconf 86' lang='lat' dir='ltr'><strong>est</strong></span> <span class='ocrx_word' id='word_1_778' title='bbox 3573 5638 3710 5691; x_wconf 72' lang='lat' dir='ltr'><strong>solis</strong></span> 
     </span>
    </p>
   </div>
   <div class='ocr_carea' id='block_1_118' title="bbox 2131 5730 3705 5805">
    <p class='ocr_par' dir='ltr' id='par_1_118' title="bbox 2131 5730 3705 5805">
     <span class='ocr_line' id='line_1_118' title="bbox 2131 5730 3705 5805; baseline -0.011 -6"><span class='ocrx_word' id='word_1_779' title='bbox 2131 5745 2322 5799; x_wconf 74' lang='lat' dir='ltr'><strong>effecta</strong></span> <span class='ocrx_word' id='word_1_780' title='bbox 2355 5745 2485 5798; x_wconf 89' lang='lat' dir='ltr'><strong>hora</strong></span> <span class='ocrx_word' id='word_1_781' title='bbox 2513 5744 2617 5797; x_wconf 91' lang='lat' dir='ltr'><strong>diei</strong></span> <span class='ocrx_word' id='word_1_782' title='bbox 2648 5743 2829 5805; x_wconf 88' lang='lat' dir='ltr'><strong>tertia,</strong></span> <span class='ocrx_word' id='word_1_783' title='bbox 2864 5741 2938 5795; x_wconf 83' lang='lat' dir='ltr'><strong>ita</strong></span> <span class='ocrx_word' id='word_1_784' title='bbox 2977 5751 3034 5792; x_wconf 90' lang='lat' dir='ltr'><strong>ut</strong></span> <span class='ocrx_word' id='word_1_785' title='bbox 3065 5736 3313 5803; x_wconf 66' lang='lat' dir='ltr'><strong>quaedam</strong></span> <span class='ocrx_word' id='word_1_786' title='bbox 3347 5733 3510 5786; x_wconf 66' lang='lat' dir='ltr'><strong>clara?</strong></span> <span class='ocrx_word' id='word_1_787' title='bbox 3536 5730 3705 5785; x_wconf 67' lang='lat' dir='ltr'><strong>stellae</strong></span> 
     </span>
    </p>
   </div>
   <div class='ocr_carea' id='block_1_119' title="bbox 2132 5822 3696 5909">
    <p class='ocr_par' dir='ltr' id='par_1_119' title="bbox 2132 5822 3696 5909">
     <span class='ocr_line' id='line_1_119' title="bbox 2132 5822 3696 5909; baseline -0.01 -18"><span class='ocrx_word' id='word_1_788' title='bbox 2132 5845 2405 5909; x_wconf 80' lang='lat' dir='ltr'><strong>parerent.</strong></span> <span class='ocrx_word' id='word_1_789' title='bbox 2435 5833 2497 5890; x_wconf 79' lang='lat' dir='ltr'><strong>Et</strong></span> <span class='ocrx_word' id='word_1_790' title='bbox 2530 5834 2831 5889; x_wconf 83' lang='lat' dir='ltr'><strong>exercitum</strong></span> <span class='ocrx_word' id='word_1_791' title='bbox 2879 5831 3049 5885; x_wconf 89' lang='lat' dir='ltr'><strong>movit</strong></span> <span class='ocrx_word' id='word_1_792' title='bbox 3088 5824 3332 5883; x_wconf 74' lang='lat' dir='ltr'><strong>Moamed</strong></span> <span class='ocrx_word' id='word_1_793' title='bbox 3365 5832 3556 5879; x_wconf 86' lang='lat' dir='ltr'><strong>contra</strong></span> <span class='ocrx_word' id='word_1_794' title='bbox 3589 5822 3696 5877; x_wconf 78' lang='lat' dir='ltr'><strong>Ro-</strong></span> 
     </span>
    </p>
   </div>
  </div>
