4414 6462
1905 374 2302 462 .iNAsrssu
2344 372 2968 435 BIBLIOTHECARII

3917 373 4078 442 1340

825 492 1064 544 maniam
1098 489 1302 540 habens
1327 501 1506 540 secum
1543 495 1800 555 prctugos
1830 485 2056 539 Sclavos
2086 491 2273 551 utpote
2293 497 2390 535 ex—
2415 482 2464 539 Δ
2490 481 2760 550 agendum
2783 484 2855 536 ab
2894 484 3026 537 urbe
3060 493 3238 537 motus
3280 485 3510 538 statione
3551 485 3660 539 lixa
3687 486 3804 539 vale
3834 487 4070 542 dicebat

828 587 1005 647 partes
1042 576 1334 634 liontuttian.
1381 586 1435 629 et
1472 577 1672 629 inultos
1706 573 1866 628 duxit
1904 575 2175 641 captivos.
2221 569 2390 624 Porro

825 664 1168 716 Justinianns
1197 664 1534 730 diligentiam
1567 665 1717 716 circa
1753 662 1942 728 palatii
1972 660 2181 716 habens
2219 672 2390 726 nego-

829 753 897 803 tia
935 752 1240 804 construxit
1279 752 1601 814 triclinium,
1625 754 1771 819 quod
1812 749 2104 804 Justiniani
2140 760 2388 812 vocatur,

826 843 1219 910 constituitque
1242 842 1577 908 Stephanum
1597 842 1847 900 Persam.
1872 843 2212 895 sacellarium
2230 857 2389 895 suum

825 944 873 987 et
893 935 1206 1002 spadonum
1242 935 1506 1001 primum,
1534 934 1816 986 dominum
1846 944 1895 986 et
1919 933 2204 995 arbitrum,
2234 933 2394 986 nimis

825 1025 1172 1080 insidiantem
1203 1025 1456 1092 sanguini
1500 1037 1663 1092 atque
1696 1024 2000 1087 crudelem,
2031 1024 2122 1090 qui
2153 1024 2396 1076 immise-

827 1114 1118 1166 ricorditer
1145 1115 1446 1166 exteriores
1474 1127 1726 1178 quosque
1780 1111 2089 1170 verberare.
2128 1112 2220 1166 sed
2249 1120 2302 1165 et
2329 1112 2400 1164 la-

827 1205 1014 1272 pidare
1048 1217 1158 1257 tam
1192 1206 1340 1272 ipsos
1363 1218 1526 1272 quam
1556 1204 1749 1258 horum
1783 1203 2160 1272 praelatosﬂl)
2183 1203 2397 1271 penitus

830 1308 937 1346 non
969 1294 1247 1348 cessabat.
1275 1293 1521 1361 Cumque
1562 1293 1858 1360 imperator
1886 1293 2121 1359 quadam
2153 1292 2241 1346 die
2270 1306 2396 1360 pro-

827 1382 1002 1439 fectus
1062 1384 1280 1448 fuisset,
1330 1383 1676 1450 prmsumpsit
1727 1384 1959 1450 agrestis
1998 1382 2089 1435 illa
2128 1383 2296 1437 bestia
2345 1390 2398 1435 et

829 1485 1058 1530 matrem
1094 1491 1315 1544 quoque
1359 1476 1532 1540 ipsius
1581 1475 1927 1528 Anastasiam
1971 1475 2266 1539 Augustam
2304 1471 2399 1524 Ita-

827 1566 982 1620 benis
1013 1580 1164 1618 more
1194 1565 1344 1634 pueri
1374 1565 1671 1632 flagellarc.
1703 1565 1762 1616 In
1795 1564 1878 1617 his
1908 1574 2086 1615 autem
2117 1572 2171 1616 ct
2197 1567 2248 1615 in
2278 1577 2393 1615 om.

832 1671 954 1708 nem
987 1657 1207 1710 civilem
1240 1658 1452 1724 copiam
1493 1656 1680 1708 muttis
1715 1655 1874 1707 malis
1902 1655 2140 1709 ostensis
2172 1670 2396 1708 exosum

833 1745 964 1798 fecit
997 1748 1216 1799 cunctis
1254 1747 1660 1814 imperatorem.
1691 1745 1958 1800 Similiter
1995 1755 2050 1799 et
2081 1747 2134 1799 in
2167 1762 2394 1815 genera-

829 1839 895 1889 lis
923 1837 1209 1904 logothesii
1243 1839 1406 1892 rebus
1420 1838 1709 1892 constituit
1729 1838 2054 1892 monachum
2082 1841 2395 1908 quemdam,

829 1927 1177 1982 Theodorum
1210 1930 1449 1991 nomine,
1488 1930 1583 1997 qui
1623 1930 1774 1996 prius
1819 1929 2104 1984 inclausus
2135 1931 2310 1983 fuerat
2343 1931 2396 1982 in

828 2017 1245 2074 Tltracensibus
1271 2020 1485 2087 angusti
1519 2020 1788 2086 partibus,
1835 2020 1930 2073 sed
1978 2029 2031 2073 et
2079 2020 2258 2088 ipsum
2295 2036 2397 2074 sa:-

829 2111 1114 2164 vissimuru
1142 2118 1196 2165 et
1224 2109 1500 2164 crudelem
1525 2110 1752 2164 nimium
1772 2113 2150 2174 exsistentem.
2169 2115 2261 2182 qui
2289 2115 2398 2183 plu-

831 2204 1000 2255 rimos
1025 2201 1336 2269 reipublicae
1370 2202 1644 2270 principes
1681 2210 1737 2255 et
1773 2203 2018 2257 illustres
2060 2205 2231 2268 viros,
2291 2222 2399 2260 non

831 2304 1041 2347 tantum
1074 2309 1137 2348 ex
1165 2294 1576 2349 ordinatoribus
1615 2294 1710 2347 sed
1762 2309 1826 2347 cx
1867 2295 2022 2348 urbis
2073 2296 2401 2350 habitatori-

829 2387 952 2447 bus,
989 2383 1193 2438 frustra
1219 2393 1273 2438 et
1305 2385 1359 2438 in
1389 2399 1587 2439 vanum
1613 2397 1662 2439 et
1687 2386 2134 2441 inexcusabiliter
2159 2387 2399 2441 exactio-

830 2493 926 2530 nes
972 2487 1038 2536 et.
1081 2475 1395 2531 functiones
1428 2492 1495 2532 ex
1536 2479 1942 2545 proscriptione
1989 2479 2273 2534 exsolvere
2321 2480 2401 2533 fa-

828 2568 981 2621 ciens
1026 2567 1364 2636 fuuibusque
1413 2570 1514 2623 hos
1545 2569 1889 2636 suspendens
1923 2569 2203 2636 palearum
2251 2569 2402 2623 l‘umo

829 2656 1125 2710 afﬁciebat.
1162 2656 1391 2725 Insuper
1433 2669 1486 2711 et
1537 2659 1848 2725 praefectus.
1885 2644 2232 2726 iuniperatoi-ia
2279 2661 2402 2728 jus~

832 2745 985 2796 sione
1018 2744 1290 2811 plurimos
1320 2746 1470 2799 viros
1493 2747 1808 2801 carceribus
1834 2749 2054 2800 tradens
2081 2764 2174 2816 per
2198 2750 2405 2818 aliquot

833 2845 1008 2884 annos
1036 2834 1242 2886 servari
1272 2835 1573 2887 mandavit.
1600 2833 1723 2888 Haec
1757 2837 1942 2889 omnia
1978 2851 2228 2891 crescere
2261 2838 2405 2893 fece-

834 2933 961 2974 runt
1016 2922 1202 2976 odium
1251 2926 1434 2994 populi
1480 2927 1623 2979 circa
1675 2930 2083 2994 imperatorem.
2136 2929 2404 2986 Praeterea

832 3013 1130 3083 imperator
1150 3017 1400 3084 exigebat
1423 3032 1451 3068 a
1475 3016 1741 3071 Callinico
1764 3019 2073 3085 patriarcha
2099 3023 2402 3078 orationem

2426 1796 2476 1855 Β

2491 574 2705 638 amicis,
2757 575 2852 642 qui
2902 571 2968 625 ad
3018 589 3077 628 se
3124 574 3437 628 veniebant.
3489 574 3631 630 Inter
3659 593 3795 642 quos
3827 579 3891 630 ad
3924 595 4066 632 eum

2495 677 2692 717 venere
2719 664 2962 733 germani
2991 678 3208 732 quoque
3237 665 3452 718 sodales
3495 666 3635 734 ejus.
3673 666 3873 721 Paulus
3904 670 4074 723 sciti-

2495 762 2581 806 cet
2632 752 2933 808 monachus
2983 753 3304 813 Callistrati.
3358 754 3450 822 qui
3486 764 3541 808 et
3583 765 3950 823 astronomus,
4000 767 4071 810 is

2495 842 2758 912 Georgius
2797 843 3109 913 Cappadox.
3163 845 3255 912 qui
3287 853 3342 898 et
3382 845 3717 900 clusiarcbes
3747 851 4068 909 exstiterat.

2495 933 2690 987 deinde
2717 938 3019 988 monachus
3049 933 3225 988 lactus
3248 945 3301 987 et
3327 934 3663 1002 hegutnenus
3692 933 3858 997 Flori,
3882 939 3973 1004 qui
4005 937 4083 988 in-

2496 1023 2744 1078 custodia
2781 1024 3120 1092 frequentius
3173 1026 3324 1078 illum
3378 1026 3666 1082 visitantes
3711 1027 4074 1083 affirmabant.

2496 1127 2622 1166 eum
2669 1112 3051 1183 imperatorem
3099 1112 3464 1167 Romanorum
3516 1115 3783 1169 futurum.
3828 1116 3897 1170 At
3931 1134 4084 1172 vero

2498 1199 2758 1256 Leontius
2789 1202 2928 1256 dixit
2966 1201 3031 1256 ad
3058 1217 3154 1258 eos
3183 1220 3198 1257 :
3243 1203 3340 1256 Vos
3376 1217 3574 1257 certum
3606 1206 3658 1258 in
3694 1205 3937 1259 custodia
3969 1223 4071 1259 stt-

2497 1307 2589 1358 per
2629 1293 2851 1362 imperio
2871 1310 2958 1346 me
2994 1294 3218 1361 fecistis,
3265 1306 3315 1348 et
3345 1311 3481 1348 nunc
3526 1297 3633 1349 rita
3661 1311 3773 1348 mea
3817 1300 3868 1349 in
3905 1298 4075 1350 multo

2500 1386 2706 1450 ﬁnitur.
2758 1387 3086 1451 postmodum
3125 1388 3316 1455 quippe
3365 1403 3532 1440 meam
3575 1404 3663 1441 ero
3695 1403 3787 1454 per
3825 1388 4072 1456 singulas

2500 1477 2656 1530 horas
2703 1478 3016 1545 pra-stolam
3074 1488 3312 1531 mortem.
3346 1479 3451 1543 Qui
3496 1479 3802 1532 dixerunt:
3851 1477 3968 1547 Ipse
4007 1497 4076 1532 ne

2499 1569 2786 1636 pigriteris.
2811 1579 2859 1622 et
2888 1570 2986 1621 hoc
3007 1571 3246 1638 protinus
3280 1557 3618 1637 adimpletur.
3657 1571 3797 1622 Audi
3834 1587 3926 1624 nos
3949 1579 4078 1623 tatr-

2503 1670 2637 1720 tum.
2685 1669 2732 1711 et
2773 1675 2986 1728 sequere
3031 1676 3146 1712 nos.
3181 1658 3242 1712 Et
3274 1662 3572 1726 assumptis
3604 1659 3866 1714 Leontius
3896 1660 4076 1714 horni-

2505 1747 2668 1801 nibus
2693 1747 2834 1811 suis,
2870 1757 2926 1801 et
2971 1750 3140 1802 armis
3171 1755 3440 1815 quotquot
3480 1747 3698 1811 habuit,
3736 1749 3983 1802 ascendit
4016 1750 4073 1803 in

2503 1837 2816 1904 pratorium
2851 1837 3068 1890 silentio
3097 1839 3307 1902 multo;
3335 1849 3390 1891 et
3413 1837 3697 1904 pulsantes
3726 1849 3936 1907 portam
3972 1839 4084 1893 im-

2501 1934 2808 1994 peratorem
2849 1927 3065 1981 venisse
3100 1927 3372 1997 fingebant
3406 1929 3474 1981 ad
3506 1928 3874 1996 ilisponeados
3903 1945 4084 2000 quos-

2500 2017 2649 2081 dam,
2680 2019 2772 2086 qui
2807 2017 2918 2072 illic
2944 2033 3068 2073 esse
3101 2031 3480 2075 noscerentur.
3520 2019 3768 2104 Cumque
3803 2021 3906 2076 hoc
3935 2040 4084 2076 nun-

2501 2107 2695 2162 tiatum
2723 2105 2915 2161 fuisse!
2937 2107 3214 2175 praefecto,
3246 2111 3340 2176 qui
3376 2117 3505 2164 tunc
3531 2123 3647 2165 erat
3674 2120 3727 2164 et
3750 2113 3840 2166 ille
3861 2115 4082 2168 concite

2500 2198 2741 2252 venisset
2771 2205 2825 2251 et
2849 2208 3032 2265 portas
3063 2199 3392 2266 aperuisset,
3431 2201 3644 2268 capitur
3674 2218 3700 2256 a
3735 2204 3983 2267 Leontio,
4020 2211 4083 2256 ιιι

2502 2289 2676 2359 alapis
2708 2303 2884 2344 caesus
2916 2288 3116 2359 ligatur
3142 2305 3335 2344 manus
3361 2302 3415 2346 et
3437 2293 3628 2360 pedes.
3660 2292 3947 2361 Ingressus
3982 2310 4086 2347 au-

2500 2392 2608 2435 tent
2660 2379 2950 2444 Leontius,
2985 2389 3039 2433 et
3072 2381 3387 2436 carceribus
3435 2383 3714 2444 reseratis.
3774 2386 4084 2455 solmisqtte

2503 2475 2634 2527 viris
2683 2473 2918 2527 retrusis
2977 2472 3162 2525 multis
3191 2482 3246 2524 et
3300 2471 3557 2533 fortibus.
3612 2477 3707 2542 qui
3756 2491 3847 2529 sex
3879 2486 3930 2530 et
3955 2488 4085 2530 octo

2502 2565 2667 2617 annis
2697 2565 2752 2617 in
2785 2565 3023 2618 vinculis
3079 2563 3326 2629 t‘uerant,
3363 2580 3596 2632 quorum
3647 2567 3832 2634 plures
3881 2567 4092 2622 milites

2503 2666 2682 2715 erant.
2737 2655 2836 2708 hos
2891 2655 3146 2719 armavit,
3185 2665 3238 2707 et
3271 2656 3327 2707 in
3368 2654 3547 2708 forum
3608 2655 3778 2708 exivit
3829 2672 3953 2710 cum
4001 2659 4087 2710 eis

2504 2745 2751 2798 clamans
2790 2763 2801 2796 :
2837 2745 3105 2810 Quotquot
3157 2745 3474 2805 Christiani,
3510 2745 3580 2797 ad
3612 2743 3670 2798 S.
3713 2745 3983 2814 Sopltiam.
4015 2745 4088 2801 ει

2510 2837 2735 2890 mittens
2787 2852 2883 2904 per
2936 2852 3154 2890 onmem
3209 2838 3482 2905 regionem
3531 2854 3666 2892 voce
3712 2853 3808 2892 sua
3844 2841 4086 2893 clamare.

2511 2927 2785 2995 praecepit.
2815 2925 3104 2978 Multitudo
3137 2941 3266 2978 vero
3303 2926 3541 2981 civitatis
3576 2929 3906 2982 tumultuata
3941 2930 4088 2983 cele-

2510 3019 2644 3070 riter
2668 3018 2732 3071 ad
2765 3016 2993 3071 luterem
3025 3017 3272 3071 ecclosire
3307 3027 3637 3087 congregata
3667 3027 3769 3073 est.
3812 3018 3926 3084 Ipse
3957 3035 4091 3073 vero

831 3105 1092 3173 faeiendi,
1133 3117 1192 3161 ut
1233 3109 1540 3163 destrueret
1572 3110 1861 3165 ecclesiam
1893 3124 2097 3168 sancta:
2129 3113 2220 3170 Dei
2239 3115 2403 3170 Geni.
2432 3124 2478 3184 ρ
2512 3126 2633 3164 cum
2675 3111 2893 3163 duobus
2932 3109 3216 3164 monachis
3266 3111 3460 3163 amicis
3497 3110 3617 3164 suis
3658 3122 3714 3164 et
3757 3111 4086 3174 quibusdam

834 3198 1015 3257 tricis,
1052 3212 1173 3265 qua:
1207 3200 1570 3265 metropolita:
1603 3199 1911 3266 dicebatur,
1954 3203 2110 3270 juxta
2146 3207 2406 3273 palatium

834 3289 1020 3347 sitam,
1047 3288 1236 3338 volens
1273 3288 1325 3337 in
1360 3288 1482 3339 loco
1511 3289 1706 3340 sistere
1739 3289 1978 3355 phialam
2007 3301 2062 3344 et
2093 3293 2253 3347 bases
2277 3311 2410 3348 con-

835 3384 1050 3426 struere
1069 3374 1213 3444 vulgi
1253 3374 1605 3436 Venetorum,
1640 3384 1699 3427 ttt
1743 3378 1850 3429 illic
1883 3381 2265 3445 imperatorem
2298 3399 2416 3437 sus-

835 3467 1104 3533 ciperent.
1146 3466 1213 3517 At
1277 3480 1407 3520 vero
1439 3469 1752 3536 patriarcha
1793 3468 2014 3522 diccbat
2052 3491 2064 3525 :
2107 3471 2414 3528 Orationem

834 3555 1048 3623 quidem
1109 3557 1176 3608 ad
1228 3558 1563 3610 statuendam
1614 3561 1890 3612 ecclesiam
1923 3562 2194 3626 habeatius.
2231 3567 2284 3619 in
2327 3570 2416 3622 (le-

839 3649 1181 3699 structionem
1217 3665 1335 3702 vero
1364 3650 1595 3704 ecclesia
1639 3668 1741 3702 non
1777 3654 2120 3718 suscepimus.
2172 3657 2414 3726 Cogcnte

836 3749 1018 3793 autem
1076 3757 1201 3795 eum
1260 3743 1609 3811 imperatore.
1667 3754 1722 3799 et
1777 3749 2112 3815 omnimodis
2162 3753 2415 3818 exigente

835 3832 1166 3897 orationem,
1217 3833 1354 3887 dixit
1398 3836 1710 3902 patriarcha
1752 3856 1764 3890 :
1801 3835 1989 3898 Gloria
2037 3839 2140 3893 Deo
2204 3843 2294 3909 qui
2325 3841 2416 3910 ju-

840 3923 973 3988 giter
1002 3924 1269 3976 sustinens
1296 3926 1523 3991 patitur,
1558 3941 1697 3979 nunc
1727 3937 1777 3979 et
1810 3944 2013 3997 semper
2039 3939 2088 3983 et
2127 3931 2182 3983 in
2219 3930 2417 3984 alecula

836 4009 1175 4064 sa‘culorum.
1209 4013 1390 4066 Amen.
1436 4013 1556 4079 Quo
1603 4017 1793 4068 audito
1827 4019 2217 4073 destruxerunt
2243 4022 2418 4075 eccle-

837 4099 977 4151 siam
1009 4107 1062 4152 et
1096 4100 1342 4154 fecerunt
1369 4103 1626 4171 phialam.
1660 4103 1832 4157 Porro
1860 4105 1972 4172 jam
2007 4107 2211 4160 dictam
2244 4109 2420 4163 eccle-

839 4189 977 4245 siam
1020 4195 1379 4262 metropolita:
1411 4193 1661 4248 fecerunt
1696 4196 1843 4263 apud
1877 4193 2083 4249 Petrin.

907 4281 1067 4336 Anno
1121 4285 1336 4352 imperii
1389 4281 1688 4336 Justiniani
1743 4285 1962 4339 decimo
2001 4286 2176 4340 aciein
2220 4288 2420 4344 direxit

840 4371 1087 4426 Muaaied
1122 4375 1387 4427 adversus
1420 4384 1670 4441 quartam
1713 4376 2055 4439 Armeniam,
2085 4388 2139 4432 et
2170 4381 2415 4448 captiva-

2509 3215 2572 3253 ex
2608 3199 2935 3254 clarioribus
2961 3201 3115 3262 viris,
3160 3199 3252 3268 qui
3295 3213 3362 3252 ex
3401 3200 3648 3253 custodia
3689 3209 3816 3253 sunt
3856 3201 4090 3269 egressi,

2515 3288 2908 3356 patriarcltium
2956 3287 3207 3341 ascendit
3255 3287 3322 3340 ad
3357 3287 3750 3354 patriarcbam.
3798 3287 4091 3340 Invenietis

2516 3386 2696 3429 autem
2725 3387 2780 3428 et
2807 3378 2984 3444 ipsunt
3023 3385 3244 3446 propter
3273 3378 3369 3430 illa
3405 3391 3526 3443 quae
3557 3376 3717 3444 jussa
3746 3386 3876 3428 sunt
3913 3376 4091 3443 patri-

2520 3467 2606 3520 cio
2638 3465 2917 3533 Stephano
2947 3465 3089 3518 Rufo
3115 3467 3421 3527 turbatum,
3451 3465 3742 3532 persuadet
3771 3472 3825 3518 et
3855 3465 4093 3518 descen-

2517 3557 2647 3609 dere
2678 3555 2744 3607 ail
2776 3555 3024 3612 luteretn.
3055 3563 3108 3606 et
3141 3554 3381 3607 clamare
3427 3553 3506 3608 sic
3540 3572 3555 3609 :
3590 3552 3717 3606 lla-c
3770 3553 3880 3607 dies
3930 3569 4105 3617 quam-

2518 3651 2642 3717 Iecit
2673 3649 2952 3700 Dominus.
3001 3646 3265 3705 Universa
3294 3662 3423 3701 vero
3448 3646 3743 3700 multitudo
3775 3646 4099 3701 levaverunt

2520 3752 2706 3793 vocem
2742 3755 2754 3790 :
2787 3735 3131 3804 Kﬁ'odiantur
3173 3753 3298 3790 ossa
3328 3733 3657 3798 Justiniani.
3691 3745 3746 3791 et
3779 3737 3851 3790 ita
3885 3737 3938 3790 in
3968 3738 4092 3805 hip-

2523 3831 2866 3900 podromium
2897 3831 3077 3883 omnis
3113 3829 3359 3883 cucurrit
3393 3829 3647 3898 p0pulus.
3685 3827 3934 3898 Cumque
3973 3827 4104 3883 dies

2521 3923 2661 3977 facta
2720 3920 2935 3982 fuisset.
2970 3922 3210 3975 educunt
3253 3918 3627 3976 Iustinianum
3679 3921 3734 3974 in
3783 3918 4094 3990 hippodro—

2522 4004 2714 4075 miuin,
2772 4026 3016 4080 nasoque
3065 4011 3241 4080 ipsius
3280 4019 3334 4066 et
3375 4011 3560 4079 lingua
3618 4013 3793 4086 recisa
3848 4013 4092 4065 exsulem

2524 4105 2731 4159 faciunt
2789 4105 2930 4174 apud
2985 4103 3347 4159 Chersonam.
3414 4103 3584 4155 Porro
3632 4104 4095 4170 comprehensum

2524 4199 2685 4252 turba
2720 4195 3063 4251 Theodotum
3098 4194 3427 4247 monachum
3491 4199 3544 4243 et
3597 4193 3903 4258 generalem
3953 4191 4097 4258 logo-

2521 4289 2724 4343 tbetam
2755 4283 3269 4355 atqueStephanum
3301 4279 3645 4334 sacellaritttn
3673 4279 3915 4345 Persam,
3947 4278 4097 4333 funi-

2524 4380 2736 4444 busque
2766 4385 3068 4430 retrorsum
3101 4373 3201 4425 hos
3241 4371 3436 4440 ligatos
3477 4369 3705 4423 trahunt
3736 4384 3829 4435 per
3857 4360 4094 4423 m'ediam

837 4465 909 4517 tis
967 4465 1155 4519 multis
1205 4477 1464 4518 reversus
1494 4472 1600 4517 est.
1637 4463 1840 4519 Eodem
1875 4482 2097 4536 quoque
2138 4483 2284 4525 anno
2318 4470 2414 4526 Ju-
2443 4459 2494 4518 D
2523 4471 2780 4540 plateam.
2817 4473 2868 4520 et
2900 4465 2965 4517 ad
2999 4464 3192 4517 bovem
3231 4460 3498 4517 deductos
3529 4460 3914 4523 incenderunt,
3945 4469 3997 4515 et
4019 4460 4102 4512 ita

837 4558 1112 4610 siinianus
1139 4558 1210 4611 ab
1235 4556 1469 4624 imperio
1512 4558 1706 4623 pulsus
1747 4567 1833 4611 est
1879 4561 1979 4613 hoc
2027 4562 2208 4615 modo.
2242 4560 2412 4617 Jussit

839 4647 1120 4716 Stephano
1167 4647 1399 4714 patricio
1432 4656 1485 4700 et
1532 4647 1786 4715 praetori,
1823 4662 2186 4717 cognomento
2231 4652 2412 4716 Rufio,

837 4750 1003 4793 noctu
1043 4740 1354 4795 interficere
1402 4741 1600 4806 vulgus
1648 4741 2341 4809 Constantinopolitanum,
2386 4762 2414 4799 a

839 4825 1148 4899 patriarcha
1199 4831 1543 4884 inchoatum.
1601 4829 1863 4885 Leontius
1889 4846 2018 4884 vero
2063 4834 2329 4900 patricius
2364 4847 2418 4889 ct

835 4923 1114 4991 quondam
1171 4923 1432 4990 magister
1472 4921 1707 4974 militum
1767 4918 2152 4985 Orientalium,
2211 4927 2302 4992 qui
2361 4928 2414 4979 in

839 5015 1000 5071 bi-llis
1024 5033 1167 5087 szepe
1197 5016 1561 5086 probabiliter
1595 5021 1839 5083 gesserat
1881 5023 1933 5066 et
1981 5022 2091 5068 tres
2148 5016 2201 5069 in
2241 5028 2418 5073 custo-

837 5107 927 5161 dia
959 5116 1299 5177 transegerat
1321 5122 1494 5162 annos
1525 5113 1842 5167 accusatus.
1885 5109 2161 5176 extemplo
2196 5124 2418 5163 revoca-

837 5211 928 5256 tus
949 5210 1003 5255 et
1030 5211 1226 5270 prator
1261 5199 1504 5254 llelladis
1536 5208 1822 5268 promotus
1854 5209 1936 5252 est
1964 5217 1976 5251 :
2007 5199 2199 5268 jussus
2234 5211 2414 5255 autem

840 5300 924 5342 est
959 5292 1010 5343 in
1042 5302 1154 5344 tres
1183 5291 1402 5343 immitti
1434 5289 1732 5343 drontoncs
1764 5288 2066 5358 eademque
2082 5289 2170 5342 die
2190 5291 2259 5343 ab
2281 5291 2415 5344 urbe

843 5383 1065 5436 moveri.
1095 5380 1269 5437 Nai-te
1297 5396 1429 5435 vero
1462 5395 1627 5448 penes
1657 5376 2020 5433 Julianesittm
2063 5387 2282 5448 portum
2315 5380 2417 5434 So-

843 5475 998 5535 phim.
1037 5475 1192 5542 juxta
1223 5491 1283 5529 ea
1316 5489 1439 5542 quae
1468 5473 1731 5527 dicuntur
1769 5471 1940 5525 Mauri
1973 5473 2161 5535 situm,
2207 5473 2272 5526 ail
2312 5475 2416 5526 iter

2521 4561 2810 4616 Leontium
2847 4557 3235 4625 imperatorem
3263 4553 3650 4609 laudaverunt.

2590 4653 2749 4706 Anno
2801 4639 3020 4718 imperii
3066 4645 3151 4700 sui
3184 4643 3363 4714 primo
3407 4641 3671 4699 Leontius
3705 4660 3828 4698 curn
3870 4657 4100 4712 regnare

2521 4745 2804 4812 cupisset,
2838 4738 3082 4807 undique
3113 4736 3338 4805 paciﬂce
3366 4738 3589 4802 mansit,
3623 4737 3909 4805 tribusque
3937 4736 4105 4788 annis

2525 4835 2814 4902 imperium
2842 4830 3007 4885 rexit.

2595 4927 2755 4979 Anno
2785 4920 2999 4991 imperii
3037 4919 3249 4973 Leontii
3301 4921 3543 4976 secundo
3583 4922 3755 4975 movit
3795 4921 4098 4975 exercitum

2525 5015 2820 5072 Senalidus
2865 5015 2919 5068 in
2955 5011 3300 5075 liotnaniam,
3330 5023 3385 5066 et
3436 5014 3622 5068 multis
3652 5013 3838 5068 ductis
3869 5012 4104 5079 captivis

2527 5123 2782 5162 reversus
2817 5114 2936 5170 est;
2979 5103 3360 5174 seditioneque
3402 5105 3627 5177 Sergius
3669 5107 3968 5168 concitata,
4005 5120 4103 5169 pa-

2527 5199 2721 5253 tricius
2749 5197 2979 5256 Laziczc,
3026 5194 3169 5248 hanc
3200 5196 3469 5251 Arabibus
3501 5197 3706 5251 subdit.
4096 5201 4100 5204 ’

2600 5288 2758 5342 Anno
2785 5302 2917 5342 vero
2944 5285 3157 5353 imperii
3191 5282 3402 5339 Leontii
3433 5285 3596 5337 tertio
3644 5285 3761 5338 acie
3807 5284 4014 5338 Arabes
4045 5283 4102 5334 in

2520 5380 2754 5434 Africam
2789 5385 2934 5449 mota
2955 5376 3094 5428 hanc
3115 5374 3491 5434 obtinuerunt.
3523 5383 3577 5429 et
3602 5391 3664 5430 ex
3693 5378 3916 5445 proprio
3945 5389 4106 5429 exer-

2516 5473 2625 5526 citu
2641 5479 2854 5525 taxatos
2868 5469 2919 5522 iit
2939 5466 3278 5536 eajquosdatn
3295 5466 3936 5533 constitueruntﬂuihus
3953 5479 4107 5520 cont-

2352 5584 2580 5640 ΝΟΤίΕ.

913 5678 1025 5754 (il)
1060 5679 1332 5754 Pirﬂtlaloil.
1373 5684 1476 5750 Qui
1522 5685 1605 5754 eis
1646 5683 2108 5751 praeerant-,hinc
2138 5684 2386 5754 prtel-itio
2442 5684 2741 5751 :portzsiz
2788 5679 2929 5751 apud
2963 5686 3065 5734 vet.
3107 5676 3204 5735 int.
3245 5679 3404 5749 epist.
3450 5676 3516 5732 ad
3559 5675 3954 5742 Antiochenos,
3983 5687 4109 5745 qua

831 5751 900 5802 .5.
940 5749 1151 5811 lgnatio
1223 5755 1535 5808 ascribitur.
1569 5749 1733 5806 Fasti.
