4414 6462
370 377 503 441 1341
1130 374 1501 435 HISTORIA
1540 373 2120 433 ECCLESIASTICA
2147 374 2241 432 EX
2283 374 2767 434 TllEOl’HANE.
3483 373 3618 436 1342

363 485 1269 545 sertisLeontiusmittitJoannem
1289 485 1932 557 patricinm,virnmizlo-
1968 486 2012 539 A
2045 484 2281 539 Abdelas
2335 487 2387 539 in
2435 486 2780 547 llomaniam,
2832 494 2885 539 et
2937 500 3256 555 expugnans
3316 484 3613 539 Tarentum

358 598 548 643 neum,
586 595 707 635 cum
741 580 994 634 omnibus
1025 568 1300 633 Romaicis
1335 578 1627 633 classibus.
1660 575 1761 641 Qui
1809 591 1931 628 cum
2041 579 2287 647 nihilque
2341 579 2630 648 proficiens
2667 579 2859 633 rediit.
2910 594 2971 632 ac
3024 579 3314 633 tedificavit
3364 577 3617 647 Mopsue-

363 672 746 742 Cartbaginem
802 671 1157 741 pervenisset,
1206 679 1259 725 et
1294 670 1435 724 bello
1470 678 1720 722 catenam
1748 678 1939 736 portus
2043 671 2227 734 stium,
2267 680 2317 723 ιιι
2349 672 2527 739 posuit
2560 673 2610 724 in
2642 687 2703 724 ea
2738 672 3015 726 custodes.

364 766 485 835 eius
503 765 827 835 aperuiSSet.
862 766 1221 834 inimicosque
1248 764 1300 819 in
1324 763 1502 835 fugam
1534 763 1809 824 vertisset,
1839 760 1939 813 hos
2114 763 2273 815 Anno
2335 763 2547 831 imperii
2597 764 2872 817 Absimari
2922 770 3120 829 quarto
3170 760 3380 815 Baanes
3416 773 3623 825 cogno-

366 856 903 911 viriliterinsecutus
947 856 1202 909 universa
1245 853 1492 907 liberavit
1522 850 1714 905 Africa:
1735 858 1936 909 castra,
2046 866 2230 909 mento
2280 853 2613 923 Eptademon
2677 864 2930 921 quartam
2990 854 3303 906 Armeniam
3348 851 3622 905 Arabibus

369 949 686 1017 relictisque
720 941 956 1018 propriis
995 946 1449 1001 observatoribus
1484 946 1596 998 haec
1625 944 1939 1011 imperatori
2046 946 2308 999 subdidit.
2338 948 2662 1001 Absimarus
2686 963 2817 1000 vero
2847 945 3235 1015 Pbilippicum,
3266 945 3433 997 filium
3463 942 3621 996 Nice-

372 1039 667 1109 S'IgSCSSil.
706 1038 1015 1107 ibidemque
1040 1038 1299 1091 hiemavit
1326 1036 1631 1105 iussionem
1666 1032 1943 1103 prazstola-
2047 1039 2203 1107 pbori
2256 1040 2493 1107 patricii,
2544 1039 2596 1093 in
2639 1038 3042 1107 Cephalleniam
3092 1038 3335 1090 exsulem
3376 1036 3517 1088 misit
3568 1043 3626 1086 ut

371 1143 458 1186 tus
507 1135 574 1185 ιιι.
624 1146 711 1185 eo.
767 1134 831 1183 At
864 1146 995 1183 vero
1042 1129 1487 1199 protosymholus
1522 1125 1608 1178 his
1652 1123 1945 1193 compertis
2050 1130 2351 1198 imperandi
2387 1132 2604 1185 somnio
2636 1130 3003 1183 venundatum
3042 1145 3054 1182 :
3091 1126 3537 1183 asserebatcnim
3568 1142 3625 1177 ςι-

374 1222 1103 1292 mpinsmllclpnlenliorelll
1127 1220 1391 1273 adversus
1409 1234 1504 1272 eos
1533 1218 1736 1270 Sl0|um
1767 1226 1946 1269 lranS-
2051 1224 2102 1276 in
2137 1225 2347 1278 somnis
2379 1224 2580 1278 vidisse
2615 1226 2761 1293 quod
2801 1234 2965 1291 caput
3008 1239 3165 1277 suum
3200 1222 3627 1275 obumbraretur

374 1317 557 1377 ¹¹¹ίίίίῑο
592 1324 645 1366 οι
712 1313 1031 1382 Ιππάίεῑυηδ
1108 1309 1371 1365 ³ο³¹¹¹³⁰¹¹¹
1432 1325 1553 1362 CW"
1602 1306 1742 1359 δίοιθ
1770 1306 1946 1375 ἱβείυδ
2052 1317 2121 1369 ab
2151 1318 2355 1385 aquila.
2390 1316 2599 1382 Quibus
2625 1318 2926 1386 imperator
2959 1316 3164 1368 auditis
3198 1316 3343 1367 hunc
3373 1313 3627 1382 protinus

372 1407 515 1462 bello
545 1422 574 1459 a
612 1414 769 1474 portu
804 1404 1049 1473 depellit,
1083 1415 1136 1458 et
1170 1402 1417 1455 exterius
1449 1400 1719 1453 hostiliter
1768 1406 1947 1450 castra
2050 1411 2242 1464 εχείιίο
2277 1410 2552 1479 relegavit.

376 1505 609 1551 metatus
641 1506 721 1549 est
756 1514 767 1549 :
801 1494 1093 1563 praedictus
1125 1508 1253 1545 vero
1273 1490 1511 1545 Joannes
1541 1489 1605 1542 ad
1628 1487 1945 1540 Romaniam

1896 1502 1945 1538 ιιι
2122 1501 2285 1553 Anno
2320 1501 2531 1569 imperii
2564 1500 2838 1554 Absimari
2870 1501 3064 1569 quinto
3092 1499 3415 1552 seditionem
3442 1498 3629 1549 conci-

373 1588 675 1658 repedavit,
710 1586 972 1654 majorem
1021 1585 1279 1637 virtutem
1324 1584 1392 1635 ab
1445 1582 1777 1649 imperatore
1810 1578 1953 1630 acei-
2054 1599 2105 1643 ia

1884 1578 1953 1630 εί·
2054 1599 2309 1643 taverunt
2364 1591 2640 1659 principes
2688 1591 2959 1645 Armeniae
2994 1600 3184 1645 contra
3222 1590 3548 1647 Saracenos,
3577 1599 3627 1640 et

373 1696 500 1750 pere
528 1681 738 1742 volens,
772 1688 825 1732 et
854 1679 1002 1731 venit
1046 1692 1219 1745 usque
1254 1674 1319 1726 ad
1353 1673 1591 1733 Cretam,
1650 1670 1947 1740 principem
2053 1695 2116 1736 eo

1883 1686 1947 1722 3'"
2053 1695 2149 1736 eos
2178 1682 2269 1750 qui
2322 1691 2477 1735 erant
2517 1683 2569 1735 in
2607 1682 2865 1736 Armenia
2918 1690 3289 1749 peremerunt.
3327 1690 3379 1735 et
3432 1681 3626 1733 iterum

373 1771 649 1827 aditurus.
693 1768 983 1823 Exercitus
1029 1776 1211 1821 autem
1264 1780 1361 1833 per
1423 1762 1661 1831 majores
1712 1776 1841 1814 suos
1882 1759 1946 1811 ad
1989 1822 2026 1835 ἢ
2058 1773 2116 1827 ad

1883 1759 1946 1811 δά
1989 1822 2026 1835 ,,
2058 1773 2121 1827 ad
2149 1774 2497 1829 Absimarnm
2550 1775 2793 1835 mittunt,
2846 1782 2899 1827 et
2954 1773 3227 1826 Rmnttnus
3263 1774 3317 1825 in
3350 1773 3626 1833 regionem

374 1866 761 1933 imperatorem
825 1858 1126 1914 ascendere
1184 1858 1378 1910 nolens
1430 1855 1765 1923 (obtinuerat
1803 1852 1949 1905 enim
1988 1822 2027 1877 Β
2057 1881 2117 1921 ει,

1887 1854 1949 1904 πη
1988 1822 2027 1877 Β
2057 1881 2210 1921 suam
2242 1866 2543 1920 adducunt.
2589 1866 2759 1918 Porro
2807 1865 3048 1919 Muamed
3081 1866 3199 1918 acie
3247 1865 3509 1916 adversus
3536 1877 3630 1915 eos

372 1972 469 2012 eos
498 1958 663 2009 timor
696 1965 859 2023 atque
898 1949 1177 2019 confusio)
1228 1949 1296 2003 ad
1345 1948 1635 2002 consilium
1688 1960 1810 2000 sese
1853 1961 1950 1998 ne-
2057 1957 2108 2012 di

1892 1961 1950 1998 θ’
2057 1957 2261 2012 directa
2319 1959 2523 2013 multos
2574 1958 2797 2021 occidit,
2858 1968 2912 2013 et
2965 1959 3279 2013 Armeniam
3340 1956 3632 2010 Saracenis

374 2051 703 2119 quissimum
731 2046 983 2102 contulit.
1017 2042 1083 2097 Et
1123 2044 1250 2097 huic
1290 2042 1717 2101 maledixerunt.
1748 2038 1954 2108 eligen-
2056 2066 2117 2105 ευ

1891 2054 1954 2091 η’
2056 2051 2352 2110 submittit.
2392 2052 2799 2121 optimatesque
2840 2053 3225 2105 Armeniorum
3264 2050 3629 2103 coacervatim

375 2153 457 2197 tes
488 2144 869 2210 imperatorem
898 2137 1245 2207 Apsitnarum
1277 2134 1637 2203 drungariutn
1665 2132 1951 2200 Cibyrmo-
2058 2143 2112 2197 in

1889 2144 1951 2185 θ’
2058 2143 2112 2197 in
2156 2160 2267 2197 uno
2291 2145 2409 2199 loco
2455 2146 2702 2199 viventes
2730 2144 2992 2198 incendit.
3030 2146 3130 2198 Per
3158 2145 3299 2196 idem
3332 2158 3460 2196 vero
3492 2153 3632 2195 tem-

378 2249 557 2292 torum
600 2234 744 2304 apud
783 2232 1091 2287 Curiositas
1139 2229 1413 2293 habitum,
1472 2228 1617 2281 hunc
1670 2224 1950 2279 Tiberium
2055 2249 2121 2303 ριι

1887 2239 1950 2276 ιηι
2055 2249 2160 2303 pus
2189 2237 2489 2289 exercitum
2539 2238 2709 2289 movit
2742 2238 2884 2290 Azztr
2916 2238 2968 2289 in
3004 2236 3247 2290 Ciliciam
3282 2251 3405 2289 ctnn
3443 2235 3630 2287 decem

380 2330 749 2385 nominantes.
792 2325 983 2396 Itaque
1029 2322 1260 2378 LeOIlliO
1295 2320 1440 2392 amid
1479 2318 1949 2387 ϐοηειαηιίηορο·
2056 2326 2336 2390 millibus;
2380 2330 2467 2382 cui
2535 2345 2658 2383 cum
2716 2331 2910 2385 obvius
2968 2331 3300 2384 occurrisset
3352 2328 3635 2381 lleraclius

378 2423 470 2477 lim
499 2422 679 2492 posito
706 2428 759 2475 et
782 2418 1105 2474 Neoresium
1142 2424 1357 2483 portum
1389 2412 1747 2476 emundante,
1785 2410 1957 2492 bubo-
2057 2419 2121 2473 fr:

1896 2425 1957 2463 οη
2057 2419 2230 2475 frater
2260 2422 2630 2493 imperatoris.
2666 2423 2932 2491 plurimos
2989 2438 3178 2476 eorum
3232 2421 3460 2483 occidit,
3500 2420 3639 2473 resi-

380 2518 465 2571 nis
501 2515 671 2583 pestis
718 2512 838 2565 urbi
884 2508 1157 2572 incubuit,
1216 2516 1270 2562 et
1306 2508 1360 2561 in
1401 2514 1635 2577 quatuor
1678 2504 1955 2558 mensibus
2057 2511 2195 2567 duo;
2225 2529 2356 2568 vero
2386 2514 2602 2567 νίηςιοε
2638 2514 2953 2583 imperator;
2991 2514 3316 2567 ιι-πηςιηίςίι,

381 2608 785 2661 ¹¹¹¹¹¹¹Ῐίυ⁴¹ί¹¹θ¹η
818 2604 993 2673 Plcbis
1024 2601 1386 2671 ('0"3““‘P3i‘-
1424 2598 1587 2655 Velm
1616 2607 1797 2652 autem
1846 2597 1958 2649 Ab‘
2130 2608 2291 2661 Anno
2312 2608 2527 2675 imperii
2561 2607 2835 2660 Absimari
2862 2616 3016 2661 sexto
3037 2607 3239 2659 Azidus
3266 2605 3439 2659 Cunci
3465 2604 3634 2656 aciem

380 2701 619 2754 sitnarus
653 2710 757 2749 una
792 2712 914 2749 cum
950 2694 1113 2757 stolo,
1164 2692 1259 2762 qui
1304 2706 1494 2745 secum
1524 2700 1661 2743 erat.
1694 2699 1749 2740 et
1781 2688 1957 2754 appli—
2058 2716 2122 2756 ρο

1894 2688 1957 2738 η’·
2058 2709 2249 2756 contra
2305 2698 2553 2753 Ciliciam
2614 2700 2802 2765 movit,
2863 2714 3293 2767 expugnansqne
3353 2697 3495 2750 Sisvi
3546 2712 3637 2747 ca-

379 2792 493 2845 cnit
522 2805 586 2843 ex
621 2788 852 2841 adverso
878 2786 1123 2839 civitatis
1156 2784 1209 2837 in
1246 2782 1435 2853 Syces.
1480 2780 1581 2833 Per
1614 2781 1954 2848 aliquantum
2060 2803 2122 2848 ευ

1895 2793 1954 2830 -'“
2060 2803 2333 2848 strum....
2365 2791 2653 2847 Heraclius
2696 2794 3044 2862 imperatoris
3081 2791 3251 2845 frater
3281 2791 3543 2854 obtinuit,
3585 2796 3638 2841 et

380 2896 516 2937 sane
563 2879 823 2948 temporis
858 2877 1079 2931 civitate
1129 2875 1359 2945 prodere
1389 2872 1613 2927 nolente
1645 2870 1954 2933 Leontium,
2059 2883 2123 2939 be

1892 2883 1954 2933 Ῐην
2059 2883 2261 2939 bellum
2304 2885 2356 2938 in
2384 2899 2510 2938 eum
2544 2898 2836 2953 aggressus
2878 2883 3115 2936 Arabmn
3150 2880 3435 2935 duodecim
3469 2878 3635 2931 millia

383 2972 620 3044 proditio
656 2970 796 3024 facta
816 2978 901 3024 est
931 2984 1029 3038 per
1066 2966 1399 3037 singularem
1442 2979 1661 3017 murum
1700 2961 1959 3015 Blacher-
2061 2994 2126 3033 ηε

1893 2976 1959 3012 τ’·
2061 2987 2244 3033 necat.
2289 2977 2497 3032 Interea
2549 2976 2896 3031 Justinianus
2938 2991 3060 3029 cum
3100 2991 3263 3045 penes
3302 2975 3636 3028 Clit-rsonatn

382 3083 576 3122 narum
621 3080 649 3117 a
687 3061 1028 3133 principibus
1058 3058 1286 3121 exteris,
1315 3056 1519 3125 quibus
1549 3056 1729 3107 claves
1752 3052 1954 3107 terreni
2061 3071 2125 3126 de

1903 3052 1954 3105 πί
2061 3071 2286 3140 degeret
2314 3080 2372 3124 et
2403 3086 2463 3125 se
2495 3072 2689 3125 iterum
2738 3070 3133 3140 imperaturum
3163 3069 3522 3122 concinnatus
3549 3066 3642 3119 tle-

380 3162 525 3217 muri
574 3175 694 3213 cum
744 3157 992 3211 horribili
1044 3154 1400 3224 iureiurando
1435 3152 1658 3206 creditae
1700 3150 1957 3204 fuerant:
1988 3161 2032 3223 ρ
2066 3181 2120 3218 ιη

1897 3157 1957 3201 ιε
1988 3161 2032 3223 C
2066 3164 2369 3227 nuntiaret,
2401 3164 2601 3218 accolae
2623 3164 2869 3217 locorum
2896 3160 3213 3217 eorumdem
3244 3161 3538 3215 discrinu-n
3577 3176 3640 3213 ex

385 3255 474 3309 iSIl
514 3268 751 3319 namque
786 3266 879 3319 per
907 3250 1139 3303 insidias
1172 3247 1515 3300 tradiderunt
1543 3245 1755 3298 urbem.
1789 3240 1962 3295 Porro
2068 3256 2128 3309 ξη-

1902 3256 1962 3293 “)
2068 3256 2297 3325 imperio
2321 3257 2615 3327 provenire
2658 3263 2987 3319 metuentes,
3024 3254 3296 3307 f‘OllSiliali
3332 3263 3460 3307 sunt
3497 3253 3642 3305 hunc

383 3345 616 3416 ingressi
655 3343 915 3398 classium
950 3340 1153 3395 milites
1201 3338 1401 3393 civium
1450 3337 1667 3399 domos,
1714 3332 1965 3388 denuda-
2068 3348 2120 3401 in

1905 3346 1965 3384 ³·
2068 3348 2374 3402 interficere
2411 3348 2493 3401 vel
2541 3360 2689 3401 certe
2735 3348 3052 3415 imperatori
3090 3347 3486 3401 transmittere.
3525 3344 3640 3414 Ipse

382 3448 580 3493 verunt
614 3438 666 3490 in
695 3436 779 3489 his
818 3434 1148 3487 habitantes.
1184 3432 1251 3483 At
1274 3446 1404 3483 vero
1434 3429 1756 3497 Apsimarus
1786 3425 1961 3479 Leon-
2067 3455 2125 3494 γε

1900 3442 1961 3479 η·
2067 3454 2196 3494 vero
2228 3454 2348 3493 cum
2386 3439 2436 3491 id
2486 3440 2771 3501 sensisset,
2820 3439 2997 3508 potuit
3047 3438 3301 3505 effugere,
3374 3446 3427 3489 et
3476 3435 3643 3489 Daras

385 3532 520 3586 lium
556 3530 773 3600 quidem
807 3542 940 3583 naso
972 3526 1149 3581 reciso
1186 3525 1241 3578 in
1293 3521 1688 3576 monasterium
1728 3518 1959 3571 Dalmati
2067 3531 2128 3585 ad

1900 3520 1959 3571 ιῑῖ
2067 3531 2257 3585 adiens
2296 3530 2663 3584 Chazarorum
2708 3545 2766 3584 se
2806 3530 3055 3599 poposcit
3098 3530 3327 3597 cbagani
3361 3530 3643 3583 obtutibus

385 3624 491 3678 sub
540 3621 790 3676 custodia
845 3618 963 3672 fore
1016 3618 1299 3687 prtecepit,
1356 3613 1631 3684 principes
1671 3619 1854 3665 autem
1912 3620 1967 3663 et
2070 3640 2128 3693 pr

1912 3620 1967 3663 ει
2070 3624 2417 3693 praesentari;
2448 3626 2540 3693 qui
2575 3638 2698 3677 eum
2736 3623 2814 3676 rei
2840 3623 3305 3676 circumstantiam
3342 3622 3642 3682 didicisset,

386 3717 592 3768 :ImiCOS
620 3713 760 3780 eius.
791 3718 980 3780 ιιιροιε
1013 3708 1433 3762 εοιιιηιοΐίεηῑθε
1478 3706 1550 3769 εί,
1598 3719 1772 3758 (33⁸8οὸ
1800 3710 1965 3772 atque
2069 3714 2312 3783 suscepit
2345 3730 2467 3769 eum
2523 3729 2647 3767 cum
2702 3714 2910 3769 honore
2950 3714 3177 3783 ingenti,
3217 3724 3271 3769 et
3307 3715 3535 3767 tradidit
3568 3714 3642 3767 illi

388 3802 791 3870 proscriptione
813 3797 1318 3852 danmatosexsilio
1337 3796 1614 3864 relegavit.
1634 3792 1969 3848 Heraclium-
2070 3808 2123 3860 in
2159 3823 2383 3861 uxorem
2427 3808 2770 3862 Theodoram
2802 3823 3113 3878 germanam
3166 3824 3411 3861 sororem
3465 3823 3643 3862 suam.

387 3909 493 3963 que
516 3905 833 3960 germanum
869 3889 1091 3942 fratrem
1125 3903 1307 3948 suum,
1346 3895 1404 3939 ut
1444 3886 1623 3937 virutn
1670 3883 1966 3937 vehetnen-
2067 3898 2130 3952 Ρ(

1904 3898 1966 3935 η’
2067 3898 2198 3953 Post
2229 3900 2500 3953 modicum
2532 3914 2663 3953 vero
2704 3900 2966 3966 temporis
2995 3914 3153 3967 prece
3194 3899 3373 3952 oblata
3400 3901 3645 3968 cbagaao

388 3997 470 4041 ter
500 3988 776 4045 idoneum,
814 3982 1153 4051 singularem
1197 3991 1484 4051 praetorem
1522 3978 1767 4030 omnium
1818 3984 1969 4030 exte-
2070 3989 2131 4044 de

1899 3984 1969 4029 ιε·
2070 3989 2351 4044 descendit
2404 3988 2456 4041 in
2515 3988 2931 4058 Phenagoriatn,
2988 3998 3040 4042 et
3090 3988 3199 4041 illic
3254 3990 3482 4057 degebat
3520 4003 3642 4039 cum

388 4080 593 4134 riorum
622 4077 956 4145 equestrium
980 4075 1318 4128 exercituum
1352 4078 1660 4141 promotum
1691 4070 1745 4122 in
1782 4075 1967 4136 partes
2078 4084 2131 4137 Τι

1907 4082 1967 4120 es
2078 4084 2390 4137 Theodora.
2424 4081 2522 4137 His
2556 4082 2759 4137 auditis
2792 4083 3114 4137 Absimarus
3150 4082 3315 4135 tnittit
3347 4082 3411 4134 ad
3444 4082 3648 4150 cbaga—

389 4170 744 4241 Cappadoeite
775 4182 837 4220 ac
887 4168 1271 4219 clausurarum
1305 4165 1617 4218 discurrere
1666 4170 1969 4229 contraque
2072 4192 2223 4239 num,
2265 4176 2593 4245 prominens
2625 4176 2671 4229 ei
2703 4175 2947 4243 praebere
2976 4190 3204 4228 munera
3244 4174 3436 4238 multa,
3468 4176 3510 4225 Si
3550 4172 3646 4225 ιη,

390 4267 573 4321 hostes
605 4279 790 4317 curam
823 4272 876 4315 et
913 4260 1339 4329 dispositionem
1374 4260 1555 4311 facere
1585 4255 1754 4309 misit.
2071 4268 2133 4321 sli

2071 4268 2369 4321 stinianum
2404 4266 2505 4319 sibi
2551 4266 2816 4319 duntaxat
2859 4266 3039 4318 vivum
3086 4266 3501 4327 transmitteret,
3561 4266 3644 4316 sin

463 4356 644 4410 Mundi
699 4370 843 4408 anno
890 4352 1053 4417 6l9l,
1106 4352 1306 4404 div-inte
1366 4348 1769 4403 incarnationis
1825 4360 1970 4399 anno
2070 4366 2206 4411 ama

1905 4360 1970 4399 ηο
2070 4366 2273 4420 autem,
2302 4355 2634 4425 caputeius.
2670 4354 2883 4408 Cedens
2916 4371 3047 4425 ergo
3079 4356 3360 4424 chaganus
3390 4355 3648 4423 hujusce-

391 4452 515 4513 69l,
548 4464 690 4503 anno
715 4464 843 4501 vero
877 4445 1090 4514 imperii
1120 4442 1393 4497 Absimari
1421 4442 1619 4511 primo,
1644 4440 1737 4508 qui
1758 4446 1964 4507 septem
1999 4506 2039 4518 Α
2071 4466 2134 4504 ,ηε

1907 4456 1964 4489 ειη
1999 4506 2039 4518 __
2071 4450 2213 4504 modi
2243 4449 2514 4518 petitioni,
2541 4449 2845 4502 custodiam
2882 4449 2929 4501 ei
2967 4448 3136 4511 misit,
3168 4462 3235 4500 ne
3269 4447 3423 4515 quasi
3454 4463 3479 4498 a
3515 4463 3650 4499 con-

391 4546 607 4598 circiter
632 4541 920 4607 imperavit
952 4537 1131 4601 annis,
1159 4536 1520 4589 tumultuatus
1541 4543 1621 4587 est
1646 4534 1965 4587 Abderacb-
1994 4506 2044 4564 υ
2072 4542 2365 4595 tribulibus
2412 4539 2529 4594 suis
2575 4540 2802 4593 insidias
2836 4548 3135 4607 pateretur,
3178 4539 3441 4591 mandans
3474 4538 3651 4608 Papa-

391 4655 513 4690 man
586 4636 640 4688 in
709 4632 952 4693 Perside.
990 4638 1044 4683 ει
1087 4628 1407 4683 dominatus
1453 4633 1538 4681 est
1574 4626 1647 4693 ei,
1678 4634 1734 4681 et
1779 4642 1965 4697 perse-
2072 4633 2205 4698 tzin,
2248 4632 2340 4701 qui
2385 4639 2501 4685 erat
2532 4631 2643 4685 illic
2678 4632 2731 4685 in
2768 4646 3015 4699 persona:
3042 4644 3154 4684 sua:
3183 4631 3299 4683 vice
3333 4630 3443 4698 (79.)
3477 4629 3649 4698 depu-

390 4738 549 4783 cutus
583 4737 665 4782 est
694 4726 762 4779 ab
799 4726 913 4793 ipsa
942 4722 1175 4790 chagan.
2073 4736 2124 4781 ιε

2073 4736 2241 4788 tatus,
2294 4733 2349 4780 et
2406 4724 2673 4795 Balgitzin
2728 4724 3029 4793 principem
3089 4722 3376 4790 Bosphori.
3435 4730 3646 4774 utcum

460 4822 618 4874 Anno
650 4818 865 4887 imperii
896 4812 1166 4868 Absimari
1192 4810 1441 4866 secundo
1470 4810 1697 4864 Romani
1732 4826 1827 4880 per
1863 4810 1964 4882 Sy-
2072 4833 2203 4872 rem,

1904 4828 1964 4882 y-
2072 4818 2443 4872 renuntiatum
2467 4816 2627 4881 foret,
2651 4816 2882 4871 eundem
2903 4816 3240 4869 trucidarent
3258 4812 3645 4867 Justinianum.

393 4915 525 4968 riam
552 4917 920 4980 peragrantes,
945 4916 998 4959 et
1016 4904 1295 4958 venientes
1316 4918 1489 4972 usque
1506 4903 1573 4956 ad
1597 4901 1966 4965 Samosatum,
2077 4910 2176 4966 Hi5
2212 4920 2393 4964 amem
2419 4924 2516 4979 per
2542 4924 2761 4963 servum
2784 4908 3019 4979 chagani
3052 4907 3353 4961 Τιιεοάοι-εε
3384 4906 3650 4959 nummis

392 5016 446 5062 et
496 5004 868 5074 depraedantes
912 5000 1344 5065 circumquaque
1411 4994 1709 5064 regionem,
1766 4993 1967 5048 multos
2073 5008 2128 5053 et
2180 4998 2494 5053 Iustiniano
2564 4999 2883 5068 patefactis,
2926 5010 3256 5052 convocatos
3300 4997 3409 5062 iam
3471 4996 3650 5050 dit-tos

392 5095 731 5155 occiderunt,
765 5092 932 5145 millia
966 5090 1218 5144 videlicet
1249 5089 1513 5151 Arabum,
1548 5094 1606 5140 ut
1634 5086 1836 5149 ferunt,
1866 5086 1969 5140 du-
2076 5090 2337 5159 Papatzin
2388 5097 2441 5144 et
2482 5090 2747 5160 Balgitzin
2781 5090 3076 5159 principem
3123 5092 3188 5143 ad
3225 5089 3646 5159 collnqttt'ntltttu

396 5194 573 5250 ceuta,
608 5186 970 5255 plurimisque
1018 5181 1209 5249 spoliis
1236 5180 1472 5249 sumptis
1514 5186 1569 5231 et
1599 5178 1965 5247 captivatione
2078 5190 2290 5237 secreto
2328 5180 2535 5236 chorda
2576 5181 2908 5252 strangulari
2960 5182 3196 5246 curavit,
3249 5180 3651 5246 confestimque

396 5277 633 5331 Arabum
667 5275 835 5328 multa
868 5273 1073 5328 reversi
1115 5279 1265 5335 sunt,
1298 5272 1499 5323 timore
1533 5283 1734 5339 magno
1770 5270 1822 5322 in
1874 5284 1968 5323 eos
2075 5272 2417 5329 Theodoram
2476 5275 2530 5328 in
2577 5273 2929 5329 Chanariam
2967 5274 3155 5337 ιιιῑιιίι,
3198 5282 3252 5325 ει
3288 5274 3404 5341 ipse
3448 5288 3473 5321 τι
3515 5269 3649 5323 mm-

394 5378 629 5439 patrato.
2076 5368 2296 5437 nagoria
2328 5368 2468 5422 clam
2505 5368 2718 5437 fugiens
2762 5366 2969 5421 Tomen
2995 5367 3295 5426 descendit.
3344 5375 3397 5418 et
3430 5366 3649 5417 inventa

466 5462 625 5514 Anno
672 5458 886 5527 imperii
932 5456 1208 5511 Absimari
1260 5455 1421 5509 tertio
1469 5453 1767 5509 exercitum
1802 5456 1972 5509 movit
2077 5474 2213 5513 nave
2248 5468 2437 5528 parata
2466 5459 2709 5515 ascendit
2739 5459 2791 5512 in
2825 5474 2966 5520 eam,
2997 5467 3051 5512 et
3077 5460 3342 5528 navigans
3373 5457 3525 5525 juxta
3562 5457 3649 5508 lit-

1897 5597 2127 5653 ΝΟΤΑΞ.

472 5694 583 5760 (7'2)
638 5692 699 5745 In
739 5707 975 5759 persona:
1022 5706 1132 5744 sua:
1161 5691 1295 5762 rice.
1330 5689 1424 5741 Ἐκ
1457 5688 1748 5762 προᾳὼπου
1780 5688 1968 5762 aiatait.
2080 5691 2215 5748 Pctr‘

1899 5688 1968 5743 ›ὗ.
2080 5691 2227 5748 Petri
2245 5693 2515 5762 Cpolitani
2536 5691 2787 5762 praesulis
2806 5690 3028 5762 missus.
3050 5708 3069 5741 ι
3098 5688 3236 5742 Hist.
3260 5688 3474 5762 tripart.
3500 5685 3550 5748 7,
3575 5685 3642 5740 δε

397 5755 748 5819 (ιιὸςδεηοὶιηιί
800 5762 1083 5833 Numicum
1122 5760 1424 5833 εῃβικάριος
1480 5755 1513 5812 ὅ
1556 5761 1620 5812 ἐκ
1656 5758 1965 5833 nonnenon.
2087 5785 2103 5814 ι

1830 5777 1965 5833 {Fov-
2087 5785 2103 5814 α
2145 5755 2620 5820 convenientes-cx
2647 5777 2879 5833 persona
2912 5755 3361 5831 episcoporuth
3408 5755 3573 5813 FABR.

399 5835 718 5893 Anastasius
746 5835 797 5887 in
821 5832 1015 5888 Collat.
1046 5830 1103 5885 S.
1134 5830 1273 5885 Max.
1301 5844 1355 5881 τι
1376 5846 1438 5885 ex
1465 5831 1791 5899 persena,jut
1815 5828 1968 5897 dixit,
