4414 6462
394 360 530 424 i345

1220 360 1589 419 HISTORIA
1638 354 2210 419 ECCLES‘lASTlCA
2237 356 2344 414 EX
2372 352 2853 414 TllEUl’IlANE.

3531 352 3673 416 ’1346

396 477 578 529 facere
625 472 810 541 jussit.
874 474 1055 527 Armis
1128 482 1304 528 autem
1369 472 1580 527 bellicis
1647 486 1810 540 supra
1869 486 1986 522 mu-
2020 474 2066 529 Α
2096 469 2289 522 horum
2337 467 2576 521 brachiis
2610 464 2808 520 vinctis
2841 464 2906 518 ad
2940 464 3054 518 lora
3082 465 3248 520 'navis
3268 465 3589 533 alligantcs,
3620 477 3671 519 et

393 583 513 621 rum
571 568 800 637 positis,
879 573 1043 620 noctu
1114 565 1168 619 in
1245 567 1476 635 scaphas
1548 564 1852 619 ascendens
1904 564 1981 616 la-

394 669 571 712 tenter
631 657 972 724 enavigavit,
1035 664 1090 710 ct
1144 672 1269 710 cum
1323 657 1651 710 confusione
1709 654 1854 707 venit
1913 654 1979 705 ad

396 751 609 802 urbem.
1529 744 1542 754 ’

462 844 621 894 Anno
663 838 875 909 imperii
907 836 1207 892 Justiniani
1259 846 1454 907 quarto
1482 836 1777 889 exercitum
1814 833 1982 887 movit

390 932 687 987 Masalmas
757 933 1021 985 adversus
1083 940 1377 1001 tyrannum
1432 939 1668 997 propter
1726 928 1980 996 indigna-

392 1034 596 1077 tionem
650 1024 923 1076 exercitus
974 1036 1079 1073 nua
1122 1036 1246 1073 cum
1311 1018 1566 1071 Mauhina
1627 1033 1722 1087 per
1778 1016 1981 1069 Mauri-

392 1114 615 1168 nianum
666 1114 883 1178 occisi;
932 1122 987 1166 et
1041 1112 1181 1165 hanc
1243 1110 1556 1165 obsidentes
1601 1111 1981 1164 hiemaverunt

395 1210 620 1263 ibidem.
695 1207 774 1260 Ad
845 1222 986 1275 quos
1056 1204 1223 1256 mittit
1286 1204 1585 1272 imperator
1642 1202 1783 1256 duos
1843 1218 1981 1270 prre-

393 1316 580 1363 tores.
641 1298 989 1353 Theodorum
1054 1296 1411 1349 Carterucam
1463 1303 1517 1348 et
1558 1295 1977 1364 TheOphilatutn

388 1394 650 1457 Saliban,
708 1407 831 1445 eum
877 1389 1122 1443 exercitu
1177 1396 1230 1441 et
1291 1376 1495 1456 agresti
1560 1389 1759 1456 populo
1810 1387 1979 1440 rusti-

389 1506 513 1543 cam
588 1501 811 1555 operam
881 1484 1078 1536 dature
1151 1480 1217 1532 ad
1290 1479 1677 1533 debellandum
1749 1494 1843 1532 eos
1924 1485 1978 1531 et

394 1579 818 1649 insequendum.
876 1576 982 1643 lpsi
1032 1588 1161 1627 vero
1210 1570 1275 1623 ad
1328 1571 1739 1624 contentionem
1791 1567 1843 1620 itt
1898 1566 1977 1620 al-

324 1657 331 1665 ’
391 1682 661 1726 terutrum
693 1669 991 1728 venientes,
1033 1677 1086 1717 et
1118 1662 1427 1716 inordinate
1458 1663 1510 1714 in
1544 1676 1640 1715 eos
1666 1659 1974 1730 congressi,

390 1772 699 1822 vertuntur,
764 1768 817 1809 et
873 1756 1038 1808 multa
1073 1755 1239 1808 millia
1302 1752 1609 1823 perierunt,
1668 1761 1720 1804 et
1779 1750 1974 1819 Captivi

391 1854 544 1906 ntttlti
597 1853 743 1904 tiilCti
798 1856 945 1902 sunt.
997 1850 1060 1898 At
1101 1848 1197 1907 .illi
1251 1844 1473 1898 sarcina
1523 1860 1712 1897 eorum
1746 1851 1799 1897 et
1832 1842 1973 1897 escis

386 1943 630 2013 abreptis
692 1936 1065 2002 ebsederunt,
1132 1950 1423 2006 quousque
1480 1935 1755 1988 civitatem
1814 1948 1973 2001 cepe-

388 2044 521 2089 runt
587 2051 601 2088 :
658 2034 971 2088 defecerant
1024 2031 1169 2085 enim
1227 2030 1337 2083 illis
1394 2044 1556 2089 escae,
1619 2042 1682 2080 ac
1735 2042 1828 2094 per
1870 2026 1972 2079 hoc

392 2127 661 2181 recessuri
709 2134 886 2180 erant.
959 2122 1129 2177 Porro
1192 2122 1292 2175 viri
1356 2119 1673 2191 Tyanenses
1719 2119 1805 2171 his
1840 2117 1972 2171 visis

385 2217 663 2286 desperati
706 2224 1038 2284 acceperunt
1066 2215 1292 2269 verbum
1327 2211 1700 2266 indemnitatis
1738 2223 1869 2271 suae,
1918 2216 1973 2260 et

385 2312 641 2363 exierunt
702 2310 766 2362 ad
834 2324 959 2367 eos,
1030 2316 1081 2361 et
1145 2305 1406 2360 derelicta
1479 2316 1562 2358 est
1626 2302 1820 2355 civitas
1877 2300 1971 2354 de-

387 2410 535 2457 serta
605 2416 778 2470 usque
850 2402 901 2452 iit
977 2409 1300 2468 praesentem
1364 2397 1531 2450 diem.
1608 2395 1807 2448 Verum
1873 2392 1969 2446 -illi

387 2507 498 2546 non
547 2502 830 2545 servantes
881 2491 1104 2542 verbum
1174 2489 1274 2541 hos
1338 2487 1391 2539 in
1462 2500 1704 2539 eremurn
1754 2483 1971 2537 exsules

386 2585 855 2645 transmiserunt,
924 2594 977 2637 et
1049 2582 1251 2635 multos
1315 2596 1381 2635 ex
1442 2580 1527 2634 his
1590 2577 1970 2634 servos'reti-

384 2683 646 2728 nuerunt.

460 2766 644 2820 Mundi
698 2780 842 2818 anno
885 2764 1066 2828 6202-,
1124 2764 1320 2818 divina:
1379 2762 1771 2816 incarnationis
1825 2775 1971 2813 anno

385 2860 525 2923 702,
575 2875 719 2913 anno
770 2874 897 2912 vero
944 2858 1154 2927 imperii
1207 2856 1502 2911 .lustiniani
1561 2858 1755 2924 quinto
1802 2854 1971 2906 movit

385 2954 688 3008 exercitum
731 2952 877 3005 Abas
918 2960 1111 3004 contra
1159 2950 1519 3013 llomaniam,
1571 2958 1624 3002 et
1675 2949 1863 3001 multis
1916 2948 1969 3001 in

385 3048 755 3116 captivitatem
790 3045 970 3099 ductis
1012 3042 1193 3107 rediit,
1224 3049 1279 3095 et
1315 3043 1481 3113 cmpit
1512 3042 1784 3097 aadilicare
1812 3039 1969 3094 Caris

384 3141 441 3194 iu
480 3141 698 3209 regione
724 3139 1014 3207 Eupoleos.

453 3233 614 3284 Auno
656 3230 871 3298 imperii
906 3227 1205 3284 Justiniaui
1250 3235 1404 3283 sexto
1442 3224 1614 3279 movit
1664 3225 1965 3279 exercitum

385 3319 627 3376 Uthtnan
673 3328 862 3373 contra
914 3319 1201 3385 Ciliciam,
1256 3330 1311 3374 et
1355 3320 1529 3370 multa
1570 3326 1752 3370 castra
1801 3318 1967 3369 verbo

383 3410 616 3481 accepit.
653 3409 933 3464 Proditum
975 3421 1157 3465 autem
1190 3418 1274 3465 est
1307 3410 1355 3464 ei
1391 3418 1444 3462 et
1474 3408 1807 3463 Camachutn
1840 3423 1964 3461 cum

385 3503 766 3572 adiacentibus
814 3502 917 3557 sibi
966 3502 1128 3558 locis.
1180 3503 1391 3557 interea
1438 3500 1784 3555 Justinianus
1827 3500 1967 3553 stolo

380 3596 607 3664 copioso
634 3602 845 3647 armato
874 3594 1117 3646 Maurum
1146 3592 1433 3662 patricium
1468 3591 1965 3645 misitChersonem

386 3704 493 3741 una
528 3703 651 3741 cum
702 3687 981 3755 Stephano
1024 3686 1254 3755 patricio
1298 3693 1663 3753 cognomento
1698 3682 1964 3745 Asmicto,

380 3778 651 3832 malorum
708 3776 969 3828 metnoria
1023 3789 1325 3829 succensus
1395 3774 1827 3841 insidiarutuque
1882 3787 1968 3824 re-

380 3869 645 3925 cordatus
694 3877 883 3922 contra
933 3882 989 3921 se
1037 3880 1067 3918 a
1106 3865 1628 3920 Chersonitensihus
1679 3872 1731 3917 et
1776 3882 1803 3916 a
1857 3865 1963 3914 Bo-

383 3961 880 4033 sphorianensibus
908 3976 971 4013 ac
1004 3959 1228 4029 reliquis
1268 3959 1583 4013 climatibus
1624 3958 1965 4020 ell‘ectarum,

378 4071 576 4111 omnes
619 4069 787 4108 naves
813 4095 827 4119 ,
870 4054 1164 4108 dromones
1201 4053 1481 4113 videlicet,
1526 4054 1722 4105 trieres
1753 4060 1806 4104 et
1847 4067 1968 4105 sca-

383 4150 555 4220 pbas,
610 4149 885 4201 chimeras
942 4162 1005 4200 ac
1067 4147 1255 4200 lintres
1304 4161 1477 4215 usque
1532 4146 1597 4198 ad
1647 4146 1964 4209 chelandia,

382 4257 481 4311 per
535 4240 881 4293 collationem
940 4237 1006 4291 ab
1061 4253 1391 4307 unoquoque
1449 4238 1814 4291 habitantium
1877 4221 1969 4291 tir-

383 4336 545 4397 bem,
598 4343 914 4386 senatorum
978 4330 1192 4385 scilicet
1253 4339 1307 4384 et
1354 4331 1851 4399 ergasteriacorum
1915 4337 1969 4384 et

383 4428 719 4497 plebeiorum
744 4441 807 4479 ac
837 4425 1017 4479 omnis
1041 4424 1226 4487 oilicii,
1269 4425 1514 4493 collegit.
1542 4422 1751 4488 Quibus
1781 4424 1970 4478 missis

2066 561 2364 632 lapidibus
2394 563 2533 613 hanc
2572 558 2882 628 implentes,
2916 556 2968 610 in
3004 556 3335 626 profundum
3380 558 3667 613 miserunt.

2084 653 2179 709 llis
2219 662 2401 707 autem
2433 650 2777 705 Justinianus
2806 649 3126 719 compertis,
3175 664 3272 725 pro
3314 650 3492 704 salute
3539 666 3672 719 pue-

2074 762 2267 816 rorum
2311 747 2564 810 sreviens,
2601 743 2769 812 jussit
2804 757 2898 797 eos
2929 741 2995 795 ad
3026 747 3096 796 'se
3140 742 3469 811 quantocius
3508 743 3675 796 adve-

2084 839 2221 892 nire.
2276 838 2409 891 Ctun
2458 847 2639 891 autem
2694 835 2875 889 stolus
2932 850 3118 888 mense
3179 833 3441 888 Octobrio
3490 849 3670 888 moms

2081 946 2134 988 et
2192 933 2244 985 in
2300 932 2489 1000 pelago
2547 942 2960 999 praeoccupatus
3016 936 3163 982 esset
3232 928 3283 980 in
3348 928 3483 982 ast-ri
3544 940 3668 982 ortu

2081 1024 2225 1095 quod
2278 1025 2477 1077 Artura
2529 1021 2764 1086 dicitur,
2826 1036 2961 1089 pene
3023 1029 3171 1075 totus
3223 1018 3511 1075 demersus
3561 1031 3665 1074 est.

2082 1117 2226 1172 Sane
2274 1124 2559 1170 numerata
2603 1123 2731 1168 sunt
2764 1128 2954 1167 eorum
2989 1114 3079 1181 qui
3119 1112 3410 1182 naufragio
3454 1114 3669 1181 periere

2082 1210 2251 1263 millia
2308 1208 2655 1277 septuaginta
2707 1207 2843 1260 tria.‘
2894 1207 2962 1258 A-t
3023 1220 3151 1258 vero
3181 1203 3530 1259 Justinianus
3584 1206 3670 1258 his

2079 1302 2281 1371 agnitis
2326 1316 2436 1353 non
2486 1307 2569 1353 est
2620 1301 2903 1362 tristatus,
2938 1298 3068 1365 quin
3113 1297 3292 1365 potius
3336 1298 3535 1364 gaudio
3581 1314 3669 1349 re-

2072 1394 2277 1462 pletus.
2326 1391 2389 1444 Et
2416 1392 2732 1459 huiusmodi
2786 1385 2966 1444 adhuc
3008 1389 3247 1443 vesaniae
3290 1389 3527 1452 deditus,
3558 1391 3672 1441 ela-

2079 1502 2230 1540 tnorc
2276 1500 2472 1555 magno
2503 1485 2767 1537 minitans
2804 1485 2997 1536 iterum
3026 1483 3196 1535 alium
3240 1487 3440 1535 stolum
3477 1482 3667 1544 mittit,

2077 1587 2130 1631 et
2191 1579 2335 1631 arari
2406 1587 2569 1646 atque
2627 1577 2693 1629 ad
2761 1576 3131 1644 pavimentum
3186 1576 3317 1628 illidi
3378 1575 3668 1628 universrs

2079 1688 2251 1742 usque
2273 1673 2338 1725 ad
2374 1672 2705 1739 mingentem
2745 1669 2811 1723 ad
2848 1670 3107 1737 parietem
3133 1669 3322 1737 jussit.
3356 1668 3667 1723 Audierunt

2078 1765 2191 1818 hmc
2225 1765 2315 1833 qui
2349 1774 2507 1817 erant
2548 1780 2611 1817 ex
2659 1763 2856 1817 castris
2901 1762 3029 1826 illis,
3068 1770 3121 1813 et
3162 1776 3284 1815 sese
3324 1761 3663 1825 munierunt,

2077 1860 2363 1925 coactique
2406 1865 2601 1908 contra
2642 1857 3027 1923 imperatorem
3066 1870 3259 1921 sapere
3296 1852 3565 1907 miserunt
3596 1854 3663 1905 ad

2075 1949 2382 2018 chaganum
2442 1948 2494 2000 in
2550 1946 2905 2009 Chazariam,
2970 1953 3215 2013 petentes
3279 1946 3537 2013 populum
3597 1948 3665 1999 ad

2073 2040 2380 2095 custodiam
2424 2038 2532 2092 sui.
2578 2036 2777 2091 Verum
2830 2037 2972 2089 inter
3020 2036 3134 2090 haec
3184 2037 3412 2105 erigitur
3461 2046 3514 2090 et
3556 2036 3663 2089 lle-

2074 2135 2172 2187 iias
2218 2131 2534 2202 spatharius
2584 2142 2635 2183 et
2678 2128 2954 2182 Bardanes
2998 2129 3177 2191 exsul,
3245 2128 3335 2198 qui
3376 2138 3514 2182 tttnc
3543 2128 3663 2182 fue-

2074 2236 2159 2280 rat
2206 2242 2233 2277 a
2285 2223 2633 2293 Cephallenia
2691 2235 2976 2275 revocatus
3031 2230 3256 2288 eratque
3311 2236 3433 2273 cum
3481 2221 3663 2273 classe

2074 2321 2216 2388 apud
2285 2317 2641 2371 Chersonem.
2700 2312 2870 2367 Porro
2932 2313 3230 2379 imperator
3287 2312 3371 2365 his
3425 2312 3661 2381 cognitis

2073 2412 2223 2465 misit
2278 2425 2404 2463 cum
2434 2407 2657 2477 ,paucis
2718 2404 3080 2459 dromonibus
3108 2403 3427 2473 ,Georgium
3489 2405 3693 2471 patri-'

2073 2501 2216 2554 cium
2245 2508 2607 2565 cngnmneuto
2632 2495 2854 2565 Syrum,
2878 2504 2935 2549 et
2962 2495 3273 2565 generalem
3303 2495 3662 2564 logothetam,

2072 2600 2124 2646 et
2154 2589 2417 2643 Joannem
2468 2588 2802 2657 praelectum,
2848 2596 3015 2656 atque
3048 2585 3509 2655 Christophorum
3546 2596 3664 2641 tur-
3716 2608 3719 2613 ί

2075 2683 2332 2736 marchen
2389 2680 2787 2733 'l‘hracensium
2837 2694 2963 2731 eum
3024 2688 3330 2733 tercentum
3392 2682 3661 2745 armatis,

2074 2776 2296 2829 tradens
2337 2774 2419 2827 eis
2468 2772 2763 2825 Tudunum
2816 2786 2879 2824 ac
2919 2771 3227 2836 Zohelum,
3275 2772 3365 2841 qui
3401 2771 3665 2826 deberent

2072 2865 2339 2919 Chersoni
2382 2862 2624 2925 restitui,
2670 2862 2973 2915 secumlum
3018 2862 3165 2931 quod
3210 2872 3370 2916 antea
3419 2862 3663 2931 fuerant,

2072 2957 2139 3011 ad
2197 2957 2461 3009 rationem
2515 2953 2849 3008 reddendam
2899 2954 3148 3023 chagano
3208 2969 3303 3023 per
3355 2956 3659 3023 apocrisia-

2073 3053 2251 3112 rium,
2304 3047 2699 3115 ducendosque
2749 3045 2815 3099 ad
2865 3050 2925 3099 se‘
2978 3044 3185 3099 Heliam
3244 3055 3406 3115 atque
3458 3046 3663 3101 Barda-

1997 3162 2039 3218 C
2074 3143 2245 3197 nium.
2294 3140 2505 3206 Quibus
2553 3138 3024 3193 transmeantibus
3064 3138 3119 3192 itt
3168 3138 3527 3206 Chersonem,
3575 3140 3661 3195 bis

2067 3234 2406 3290 Chersonittc
2469 3233 2734 3285 rationem
2794 3231 3021 3285 reddere
3069 3230 3346 3299 dedignati
3397 3244 3544 3287 sunt.
3604 3232 3660 3287 In

2068 3327 2370 3381 crastinum
2417 3339 2544 3378 vero
2589 3324 2736 3377 solos
2782 3323 2883 3376 hos
2926 3324 3074 3379 cives
3121 3325 3331 3394 ingredi
3382 3325 3658 3379 exhortati

2069 3427 2255 3488 portas
2316 3416 2671 3477 clauserunt,
2733 3424 2787 3468 ct
2852 3417 3164 3484 generalem
3226 3418 3445 3485 quidem
3508 3418 3661 3488 logo-

2069 3512 2279 3564 thetam
2351 3524 2457 3561 una
2506 3524 2631 3561 cum
2698 3495 2956 3577 praefecto
3022 3508 3204 3577 gladio
3279 3509 3658 3575 trucidarunt,

2069 3602 2361 3656 Tudunum
2389 3615 2518 3654 vero
2540 3614 2663 3653 cum
2703 3599 2907 3654 Zoltelo
2930 3608 2983 3654 et
3018 3599 3129 3667 jatn
3163 3600 3312 3653 dicto
3346 3601 3659 3656 turmartba

2071 3710 2177 3748 una
2231 3709 2353 3748 cum
2402 3692 2663 3746 trecentis
2704 3690 2971 3744 militibus
3019 3690 3285 3745 Chazaris
3321 3692 3657 3746 tradiderunt

2069 3793 2123 3840 ct.
2169 3784 2238 3838 ad
2277 3784 2583 3852 chaganum
2629 3782 2847 3836 mittere
2892 3790 3247 3839 curaverunt.
3295 3782 3528 3838 'l'nduno
3560 3801 3658 3838 au-

2070 3884 2177 3931 tem
2221 3878 2273 3929 in
2321 3876 2513 3929 itinere
2562 3883 2800 3937 mortuo,
2856 3874 3087 3928 Chazari
3144 3878 3197 3928 in
3248 3877 3654 3945 susceptionem

2068 3984 2191 4022 eum
2215 3967 2534 4023 occiderunt
2561 3966 2903 4019 turmachem
2939 3981 3044 4019 una
3080 3981 3203 4020 eum
3232 3967 3335 4022 500
3368 3969 3655 4024 militibus.

2070 4059 2224 4114 Tunc
2284 4059 2339 4113 hi
2384 4059 2477 4129 qui
2526 4058 2821 4113 Chersonis
2873 4068 3035 4114 erant
3088 4068 3520 4132 caaterorumque
3567 4079 3658 4117 ca-

2071 4160 2337 4214 strorum,
2388 4148 2701 4206 JuStiniano
2733 4151 2950 4219 quidem
2988 4153 3130 4205 mala
3181 4152 3466 4223 imprecati
3504 4165 3654 4222 sunt,

2070 4243 2399 4297 Dardanium
2457 4259 2587 4297 vero
2654 4240 3049 4311 Philippicum,
3121 4244 3215 4313 qui
3291 4244 3407 4299 illic
3480 4246 3703 4301 fuerat.

2068 4336 2262 4390 exsilio
2314 4336 2607 4403 relegatus,
2652 4335 2814 4386 etiam
2860 4342 2917 4386 ut
2963 4334 3353 4402 imperatorem
3401 4337 3654 4392 laudibus

2071 4430 2406 4482 extulerunt.
2459 4427 2553 4481 llis
2595 4426 2890 4495 compertis
2930 4423 3309 4491 Justinianus,
3352 4437 3405 4481 et
3447 4443 3656 4498 peram-

383 4519 643 4589 prwcepit
688 4534 879 4572 omnes
923 4518 1232 4571 habitantes
1280 4517 1333 4569 in
1382 4517 1579 4571 castris
1630 4518 1738 4571 illis
1784 4517 1964 4585 gladio
1997 4508 2040 4563 Ι)
2072 4521 2213 4588 plius
2272 4520 2580 4579 insaniens,
2634 4518 2772 4571 ﬁlios
2806 4517 3023 4585 quidem
3080 4516 3245 4571 Heliae
3292 4520 3555 4587 spatharii
3597 4521 3652 4576 in

382 4611 693 4665 interﬁcere
736 4620 789 4664 et
835 4611 1107 4663 neminem
1159 4610 1466 4672 viviticare,
1528 4608 1747 4662 tradens
1785 4610 1865 4662 eis
1907 4617 1955 4661 et

381 4704 594 4758 Lleliam
655 4706 1014 4773 spatharium,
1065 4705 1156 4773 qui
1211 4704 1436 4758 deberet
1490 4704 1745 4772 princeps
1784 4702 1959 4756 Cher-

380 4796 534 4849 sonis
604 4796 886 4848 constitui.
958 4795 1061 4859 Qui
1136 4794 1471 4849 Cltersonem
1542 4794 1956 4864 pervenientes,

381 4887 601 4940 nemine
650 4885 752 4939 s:bi
790 4886 1100 4950 resistente,
1144 4896 1323 4940 castra
1365 4896 1626 4954 ceperunt
1671 4897 1725 4939 et
1768 4901 1959 4938 omnes

379 4976 561 5047 gladio
616 4977 1050 5042 interfecerunt,
1103 4979 1349 5048 exceptis
1394 4978 1728 5041 infantibus,
1775 4984 1959 5046 utpote

384 5070 627 5139 parvulis
674 5070 758 5123 his
807 5079 1093 5138 parcentes
1151 5080 1203 5123 et
1255 5070 1355 5124 sibi
1412 5070 1510 5124 hos
1562 5070 1616 5122 in
1672 5071 1957 5123 servitium

384 5174 748 5218 reservantes.
794 5162 1084 5216 Tudunum
1130 5174 1310 5217 autem
1360 5164 1660 5233 principem
1715 5160 1956 5216 Cherso-

384 5256 501 5320 nis,
546 5257 635 5324 qui
670 5264 728 5308 ut
774 5271 841 5309 ex
889 5271 1123 5325 persona
1162 5256 1393 5323 cbagani
1433 5264 1575 5317 erat,
1614 5262 1666 5308 et
1710 5252 1956 5317 Zoelum,

382 5350 475 5415 qui
508 5363 572 5415 ex
623 5347 763 5400 linea
802 5355 855 5400 et
898 5362 1097 5416 genere
1135 5347 1343 5416 primus
1376 5347 1576 5400 civium
1630 5346 1957 5410 habebatur,

383 5452 544 5508 atque
604 5441 740 5493 alios
797 5440 1159 5509 quadraginta
1226 5439 1467 5492 illustres
1528 5454 1624 5492 seu
1688 5439 1959 5506 primores

382 5532 679 5587 tlltersonis
736 5548 842 5585 una
896 5548 1018 5586 cum
1071 5531 1272 5586 familia
1314 5534 1572 5601 ipsorum
1630 5532 1843 5585 vinetos
1893 5532 1958 5585 ad

386 5625 767 5691 imperatorem
814 5622 1104 5676 miserunt.
1152 5623 1304 5678 Alios
1338 5638 1471 5676 vero
1500 5629 1707 5691 septem
1744 5637 1807 5676 ex
1850 5622 1958 5691 pri-

384 5715 625 5769 moribus
656 5712 953 5771 Chersonis
997 5716 1052 5768 in
1099 5716 1335 5770 verubus
1376 5714 1569 5784 ligneis
1618 5714 1728 5784 igni
1782 5713 1959 5782 appli-

384 5812 570 5857 cantes
603 5811 960 5871 assavcrunt;
999 5804 1136 5859 alios
1170 5806 1333 5860 etiam
1371 5803 1555 5875 viginti
1591 5810 1712 5872 post
1744 5810 1955 5872 tergum

2068 4611 2258 4663 matris
2328 4614 2451 4662 sinu
2510 4608 2776 4677 peremit,
2838 4610 2980 4661 hanc
3044 4617 3224 4661 autem
3272 4610 3452 4678 coegit
3511 4626 3651 4665 con-

2028 4700 2211 4766 ‘juugi
2244 4697 2466 4779 proprio
2494 4714 2691 4767 coquo,
2729 4698 2820 4767 qui
2852 4707 2968 4750 erat
3002 4713 3201 4765 genere
3232 4696 3418 4753 Indus.
3451 4700 3653 4770 Sicque

2067 4791 2173 4842 alio
2222 4790 2437 4860 navigio
2480 4798 2804 4843 constructo
2851 4788 3096 4842 Maurum
3128 4792 3418 4859 patricium
3456 4792 3648 4846 Besqu

2065 4882 2282 4951 dirigit,
2364 4883 2581 4935 traditis
2634 4884 2683 4937 ei
2734 4882 2800 4936 ad
2853 4884 3137 4936 civitatum
3191 4888 3649 4955 expugnationem

2068 4977 2336 5030 machinis
2372 4986 2425 5030 et
2455 4977 2628 5030 ariete
2658 4978 2920 5046 omnique
2965 4977 3031 5031 ad
3078 4979 3226 5032 urbis
3261 4980 3645 5033 exterminium

2064 5070 2450 5133 instrumento,
2484 5069 2752 5123 mandans
2779 5070 2855 5122 illi
2888 5084 3073 5123 muros
3103 5070 3319 5139 quidem
3352 5072 3648 5127 (iherson's

2062 5175 2387 5229 omnemque
2430 5160 2619 5214 urbem
2672 5161 2736 5214 ad
2785 5169 2986 5215 terram
3024 5170 3391 5229 prosternere,
3443 5165 3645 5216 nullam

2063 5267 2190 5306 vero
2232 5253 2467 5305 animam
2516 5268 2583 5305 ex
2626 5253 2744 5323 ipsa
2785 5253 3083 5315 viviﬁcare,
3134 5254 3494 5323 crebriusque
3525 5273 3647 5323 qua:

2063 5362 2091 5398 a
2149 5360 2208 5398 se
2270 5352 2565 5413 agerentur
2632 5343 3084 5413 suggestionibus
3169 5344 3444 5397 intimare.
3532 5343 3645 5397 lloc

2062 5445 2246 5489 autem
2292 5444 2700 5499 transmeante,
2755 5450 2959 5504 perque
3010 5435 3233 5489 arietem
3284 5443 3489 5489 turrem
3524 5451 3646 5504 quae

2061 5529 2351 5582 dicebatur
2407 5528 2809 5590 Centinarisia,
2865 5528 3029 5582 simul
3079 5534 3133 5581 et
3179 5529 3478 5597 proximam
3523 5528 3653 5597 ejus

2061 5619 2347 5689 Syagrium
2390 5629 2635 5672 vocatam
2698 5618 3026 5689 deponenlc,
3087 5617 3455 5688 Chazarisque
3516 5637 3643 5688 pcr-

2067 5712 2412 5767 venientibus
2461 5696 2621 5766 factae
2664 5720 2791 5766 sunt
2842 5712 3074 5765 ἱιιάιιςίω
3125 5710 3273 5765 belli.
3336 5711 3640 5766 Bardanius

2063 5814 2242 5860 autem
2295 5804 2509 5873 fugiens
2560 5806 2625 5860 ad
2680 5807 2981 5875 chaganum
3036 5804 3311 5877 pergebat.
3342 5805 3475 5859 (lum
3511 5820 3640 5859 vero
