4414 6462
775 414 901 476 134ῗ

1866 410 2261 470 ANASTASII
2318 410 2943 471 BIBHOTHECARII

3915 412 4059 474 1348

766 532 1020 585 inefﬁcax
1068 530 1242 584 stolus
1288 528 1521 581 emetns
1562 527 1629 579 ad
1673 527 2061 595 imperatorem
2118 543 2361 581 remeare
2390 539 2436 588 Α
2473 537 2535 581 tat
2585 531 2661 580 ait
2713 528 3035 580 inclausus:
3090 525 3149 579 Si
3207 523 3348 577 Deus
3393 524 3565 593 jubet,
3618 538 3672 577 tu
3708 528 4053 593 quamobrem

767 627 949 679 minus
980 623 1234 684 auderet,
1254 618 1631 673 Jnstiniannm
1654 619 1877 687 quidem
1910 620 2180 673 exsecrati
2208 628 2360 687 sunt,

768 716 1099 767 Bardanium
1158 723 1341 766 autem
1406 715 1465 764 u‘t
1516 711 1908 778 imperatorem
1967 721 2019 764 et
2079 710 2183 780 ipsi
2245 712 2364 763 Iau-

765 810 927 860 dibus
990 806 1332 858 extulerunt.
1388 803 1658 856 Praeterea
1716 803 1996 871 petierunt
2042 817 2070 853 a
2115 804 2363 871 ehagano

769 900 851 950 uti
904 900 1067 961 daret
1110 898 1215 951 sibi
1270 895 1664 965 Philippicum.
1715 894 1889 947 I'urru
1939 894 2188 964 chagano
2231 911 2353 948 ver-

768 996 893 1043 l.um
948 990 1017 1042 ah
1076 991 1188 1042 illis
1238 991 1513 1057 exigente,
1575 988 2022 1057 ne_proderetur
2068 988 2136 1040 ab
2179 987 2260 1040 eis
2310 994 2362 1038 et

765 1083 1073 1137 referretur
1119 1083 1169 1135 ei
1220 1098 1316 1149 per
1364 1097 1812 1151 unumquemque
1857 1081 2033 1133 virum
2087 1082 2360 1133 numisma

769 1192 974 1237 ιιιιυιιι,
1019 1174 1094 1227 illi
1153 1174 1410 1242 protinus
1452 1174 1538 1226 his
1580 1174 1724 1226 datis
1762 1180 2118 1241 acceperunt
2149 1170 2361 1237 Philip-

767 1287 951 1331 pn-nm
1011 1270 1427 1336 imperatorem.
1480 1266 1616 1320 Cum
1683 1279 1877 1319 autem.
1922 1266 2121 1319 classis
2178 1280 2360 1316 mora-

768 1371 920 1413 retur
967 1371 1020 1415 et
1077 1363 1365 1429 suggestiu
1429 1361 1575 1412 nulla
1638 1362 1889 1423 veniret,
1951 1360 2127 1413 sensit
2186 1356 2361 1410 Justi-

770 1455 966 1505 nianus
1019 1469 1269 1517 causam,
1297 1453 1670 1520 ~sumptisque
1717 1468 1904 1505 secum
1944 1452 2028 1505 his
2070 1454 2163 1520 qui
2203 1460 2361 1503 erant

762 1544 1001 1607 Obsieii,
1061 1555 1116 1598 et
1176 1556 1330 1614 parte
1376 1545 1898 1608 Thracesieusium,
1957 1545 2209 1597 ascemlit
2263 1560 2358 1597 us-

762 1652 870 1702 que
934 1636 1207 1704 Sinopem'
1250 1637 1341 1703 ad
1377 1637 1640 1689 discenda
1702 1651 1825 1704 qua:
1884 1635 2180 1689 Cliersome
2245 1634 2361 1687 fue-

763 1821 911 1873 \idcl
971 1822 1207 1875 classem
1248 1822 1334 1872 .ad
1385 1823 1574 1872 urbem
1627 1820 1744 1871 vela
1806 1827 2115 1871 moventem
2146 1858 2161 1880 ,
2216 1818 2361 1870 fren-

761 1917 1012 1983 denSque
1069 1922 1125 1965 ut
1174 1914 1290 1977 leo,
1341 1924 1396 1965 et
1450 1914 1565 1981 ipse
1615 1912 1680 1964 ad
1737 1912 1929 1964 urbem
1991 1926 2357 1973 reversurus,
2397 1918 2434 1970 Β

767 2005 1027 2070 impetum
1079 2004 1502 2057 demonstravit.
1564 2002 1763 2056 Verum
1819 2004 2121 2072 Philippico
2166 2018 2356 2072 perve-

765 2098 948 2149 niente
996 2097 1109 2164 ipse
1166 2099 1231 2149 ad
1292 2097 1621 2149 llamastrim
1671 2098 1899 2150 veniens
1952 2108 2135 2150 castra
2187 2106 2357 2150 meta-

765 2200 851 2242 tus
889 2202 992 2242 est.
1036 2195 1103 2242 At
1131 2206 1261 2243 vero
1291 2189 1629 2259 Pliilippicns
1662 2192 1927 2243 continuo
1962 2192 2127 2243 mittit
2161 2199 2361 2243 contra

762 2282 1043 2337 Tiberium
1092 2285 1312 2353 quidem
1350 2285 1597 2338 Maurum
1638 2287 1928 2354 patricium
1979 2302 2103 2338 eutn
2146 2283 2357 2339 Joanne

763 2379 1047 2445 spathario
1105 2390 1476 2448 cognomento
1533 2380 1784 2440 Strntho,
1838 2378 2050 2432 Heliam
2078 2394 2218 2431 -vero
2278 2379 2356 2431 si-

764 2472 969 2524 militer
1023 2487 1145 2525 eum
1206 2461 1521 2525 incursione
1571 2473 1792 2525 militari
1851 2481 2041 2525 contra
2093 2471 2357 2527 Justinia-

763 2579 893 2615 nutu
968 2564 1021 2617 in
1100 2563 1467 2626 Damastrim,
1544 2564 1850 2633 iterumque
1923 2565 2089 2616 alium
2165 2552 2354 2617 contra

764 2655 1238 2717 Barisbacnrium,
1286 2658 1378 2724 qni
1424 2656 1550 2726 iuga
1608 2656 1787 2710 fuerat
1838 2674 1994 2711 usus.
2031 2656 2097 2710 Et
2135 2657 2356 2712 Maurus

762 2750 983 2816 quidem
1027 2765 1131 2802 una
1172 2767 1296 2803 cum
1339 2751 1451 2817 jam
1493 2752 1640 2804 diem
1684 2752 1911 2805 Strutho
1950 2767 2074 2804 eum
2116 2752 2182 2805 ad
2229 2751 2355 2805 Bla-

764 2843 1001 2895 «hernas
1056 2843 1305 2907 aliiisset,
1364 2844 1570 2895 invenit
1612 2842 1893 2895 Tiberium
1946 2845 2115 2896 altera
2160 2853 2356 2897 tenen-

765 2944 873 2986 tem
936 2951 1095 2986 manu
1149 2936 1498 2988 columellam
1554 2946 1757 2989 sancta
1806 2952 2008 2989 mensa:
2060 2935 2151 2989 Dei
2191 2934 2357 2989 Geni-

767 3028 925 3080 trieis
972 3026 1167 3080 altaris
1216 3036 1272 3079 et
1320 3029 1489 3079 altera
1538 3028 1775 3095 pretiosa
1816 3026 1983 3095 ligna,
2024 3036 2077 3078 et
2117 3028 2170 3080 in
2209 3028 2353 3080 collo

768 3120 1041 3189 phylacta,
1079 3126 1231 3170 extra
1262 3119 1504 3171 trilmnal
1539 3130 1720 3172 autem
1764 3121 2091 3173 residentem
2119 3122 2357 3173 Anasta-

765 3212 941 3271 siam,
997 3210 1170 3289 patris
1215 3210 1339 3276 ejus
1390 3220 1660 3270 matrem,
1722 3226 1843 3278 quae
1898 3198 2073 3262 Mauri
2124 3212 2355 3279 pedibus

2470 620 2793 673 contradicis
2825 620 2847 671 ?
2882 621 2996 672 Hoc
3024 627 3207 687 autem
3239 616 3359 671 dico
3391 617 3507 681 tibi,
3540 620 3666 686 quia
3711 628 3859 671 sexta
3893 636 4054 688 syno-

2467 713 2566 763 dus
2596 712 2733 764 male
2763 711 2909 778 facta
2940 719 3039 762 est.
3097 708 3158 762 Si
3186 725 3309 777 ergo
3337 710 3703 777 imperureris,
3740 710 3874 762 hanc
3922 726 4054 776 pro-

2459 806 2588 873 jice,
2646 815 2694 857 et
2745 805 3012 873 efficietur
3043 805 3321 871 imperium
3357 805 3451 855 tibi
3487 804 3625 868 forte
3659 813 3814 871 atque
3853 804 4054 873 longi:-

2467 916 2607 951 ruin.
2663 899 2766 961 Qui
2825 913 2950 949 enm
3006 897 3323 965 juramequ
3387 896 3682 964 spopondit
3733 899 3778 949 ei
3831 912 3889 949 se
3944 898 4050 950 hoc

2469 991 2757 1043 facturum.
2805 992 2942 1043 Cum
2977 1002 3161 1043 autem
3194 988 3457 1043 Leontius
3491 988 3802 1043 Justiniano
3832 1005 4053 1042 succes-

2467 1083 2666 1143 sisset,
2722 1082 2969 1135 ascendit
3028 1081 3370 1149 Philippicus
3423 1081 3489 1133 ad
3562 1081 3903 1139 inclausuin,
3951 1081 4047 1148 qui

2465 1177 2598 1227 dicit
2637 1176 2685 1227 ei
2723 1193 2735 1227 :
2778 1174 2859 1227 Ne
2888 1176 3151 1242 festines:
3198 1174 3287 1241 ﬁet
3322 1174 3435 1225 tibi.
3478 1173 3725 1243 Cumque
3773 1183 3827 1225 et
3888 1176 4051 1228 Absi-

2467 1284 2652 1322 marus
2708 1269 3056 1335 imperasset,
3114 1282 3308 1319 rursus
3362 1266 3606 1318 aseendit
3657 1266 3719 1317 ad
3766 1282 3910 1319 enin.
3952 1265 4049 1318 cui

2467 1363 2555 1413 ille.
2597 1362 2793 1413 iterum
2827 1361 2903 1413 ait
2933 1375 2946 1409 :
3004 1357 3087 1413 Ne
3116 1358 3401 1412 acceleres:
3433 1357 3565 1409 illud
3596 1359 3730 1409 enim
3767 1357 4051 1425 prwstula-

2468 1468 2553 1509 tur
2606 1467 2672 1510 te.
2750 1456 2923 1510 l‘orro
2971 1472 3094 1509 cum
3156 1456 3493 1523 Phiiippicus
3552 1455 3653 1507 hoc
3713 1456 4045 1522 quibusdam

2467 1553 2660 1605 amicis
2721 1552 2837 1603 suis
2909 1552 3143 1603 lidenter
3192 1549 3390 1603 fuisset
3446 1549 3779 1608 confessus,
3847 1550 3911 1598 ab
3960 1549 4048 1599 eis

2408 1668 2421 1678 ν
2465 1646 2758 1697 Ahsimaro
2792 1647 3100 1698 nuntiatum
3132 1651 3238 1706 est,
3272 1645 3363 1711 qui
3398 1658 3599 1696 Ctthlllll
3640 1656 3702 1695 ac
3732 1651 3950 1693 tonsum
3980 1654 4047 1694 ac

766 1738 889 1780 rant
945 1738 1119 1797 gesta.
1165 1726 1414 1797 Cumque
1458 1722 2107 1780 iutueretur'iuteriores
2149 1734 2357 1795 partes,
2402 1734 2408 1739 '

2468 1740 2662 1794 ferreis
2706 1742 2941 1794 \incnlis
2990 1723 3271 1808 alligatum
3326 1738 3466 1790 hunc
3522 1740 3573 1788 in
3635 1735 4044 1803 Cephalleniam

2467 1835 2708 1888 exsulem
2768 1827 2931 1887 misit.
2964 1832 3101 1887 Cum
3151 1840 3329 1883 autem
3374 1828 3716 1883 Justinianus
3758 1830 4045 1895 imperium

2465 1929 2817 1995 StISCPpiS~Cl,
2855 1927 3132 1980 revocavit
3173 1940 3317 1981 eum.
3357 1932 3406 1975 et
3443 1939 3566 1975 cum
3603 1930 3875 1990 regnaret,
3921 1920 4045 1974 fecit

2466 2016 2953 2087 pseudosynoduin
3014 2016 3400 2085 episcoporum
3430 2013 3583 2081 juxta
3630 2014 4046 2081 pseudo-mona-

2465 2111 2553 2163 chi
2602 2118 2656 2162 et
2715 2107 2950 2161 inclausi
2992 2122 3325 2161 sermonem.
3380 2113 3433 2158 et
3465 2103 3665 2169 alijecit
3702 2110 3943 2155 sanctam
3994 2112 4047 2153 et

2467 2202 2829 2257 universalem
2888 2208 3098 2255 sextam
3161 2196 3452 2269 synodum.
3536 2194 3847 2261 Eodemque
3901 2207 4044 2245 anno

2466 2309 2641 2348 vanus
2672 2294 2959 2348 oculorum
3000 2291 3301 2345 caecitatem
3340 2289 3614 2349 incurrit;
3674 2287 3876 2355 quique
3920 2300 4041 2337 eum

2467 2385 2519 2438 in
2581 2384 2750 2437 multa
2808 2383 3023 2452 positus
3066 2382 3363 2436 securitate
3407 2381 3457 2432 in
3493 2379 3770 2448 regalibus
3801 2379 3913 2444 ιιιιεί
3940 2394 3979 2427 r.
4006 2390 4039 2434 ι,

2467 2476 2985 2545 multitudinemque
3006 2476 3363 2545 pecuniarum
3392 2485 3442 2526 et
3474 2472 4038 2541 splendidissiinaruni

2465 2554 2897 2623 substanti‘arum
2941 2568 3074 2629 illic,
3129 2583 3194 2621 cx
3253 2564 3439 2618 multis
3496 2574 3642 2617 retro
3706 2562 4042 2630 temporibus

2466 2662 2533 2715 ab
2562 2662 2648 2716 his
2677 2662 2769 2729 qui
2798 2670 2965 2715 antea
3018 2661 3422 2728 imperaverant
3454 2697 3468 2719 ,
3516 2672 3580 2710 ex
3630 2656 4046 2725 proscriptioni-

2468 2756 2569 2808 bus
2599 2768 2653 2809 et
2700 2754 2937 2808 diversis
2994 2751 3417 2815 occasionibus,
3468 2753 3813 2818 maximeque
3854 2764 3882 2801 a
3910 2763 4051 2817 prze-

2464 2847 2611 2899 dicto
2640 2843 2954 2899 Justiniano
2986 2845 3344 2899 collectarum
3405 2841 3731 2901 invenisset,
3774 2842 3883 2893 haec
3928 2839 4045 2892 fru-

2465 2946 2575 2989 stra
2620 2946 2672 2989 et
2721 2938 2999 2989 incassum
3041 2950 3104 2988 ac
3146 2936 3265 2987 sine
3312 2934 3502 2987 dolore
3537 2932 3816 3000 dispersit.
3881 2932 3943 2985 Et
3988 2935 4040 2986 in

2464 3005 2934 3093 disputationibus
2978 3025 3198 3094 quidem
3260 3025 3375 3077 suis
3430 3022 3773 3076 rationabilis
3815 3031 3861 3074 et
3920 3038 4048 3084 ιιΐι-

2463 3115 2598 3166 dens
2630 3112 3069 3173 exisﬁmabatur,
3103 3113 3154 3165 in
3198 3114 3413 3165 actibus
3448 3121 3627 3162 autem
3673 3110 3958 3161 inhoneste
3984 3126 4045 3157 ac

2467 3205 2686 3273 indigne
2746 3205 2913 3255 vitam
2966 3218 3356 3255 censummans
3410 3199 3786 3267 improbabilis
3842 3198 4048 3265 ubique

765 3283 1055 3367 provoluia
1109 3300 1394 3370 ﬂagitabat
1457 3316 1524 3354 ne
1587 3317 1721 3354 suns-
1777 3303 2125 3355 occidcreiur
2183 3319 2356 3370 impiis
2384 3283 2426 3337 C
2471 3296 2957 3348 demonstrabatnr
2991 3314 3003 3349 :
3042 3304 3161 3347 erat
3195 3306 3377 3348 autem
3408 3293 3701 3348 haereticus
3730 3303 3783 3346 et
3813 3293 4045 3345 adulter.

767 3392 1044 3455 'l'iherins,
1092 3402 1281 3461 utpote
1324 3393 1415 3461 qni
1464 3392 1600 3445 nihil
1636 3402 1879 3462 gesserat
1920 3410 2165 3462 pravum.
2198 3396 2363 3449 Cum-

765 3501 870 3551 que
907 3486 993 3537 illa
1035 3485 1201 3553 pedes
1257 3486 1378 3553 ejus
1422 3488 1631 3539 teneret
1663 3495 1720 3539 et
1766 3503 1891 3538 cum
1939 3488 2193 3558 lacrymis
2230 3506 2360 3559 sup-

767 3578 1029 3645 plicaret,
1083 3578 1368 3645 ingressus
1423 3594 1505 3632 ρει
1568 3579 1833 3632 Struthus
1891 3579 2034 3631 intra
2095 3581 2359 3645 tribunal,

765 3679 819 3719 ut
870 3669 917 3719 vi
968 3670 1203 3736 arripuit
1272 3669 1449 3733 illum,
1513 3679 1565 3722 et
1641 3670 2151 3738 pretiosa'quidcm
2203 3672 2348 3741 ligna

767 3761 835 3810 ab
886 3774 951 3810 eo
1011 3759 1241 3837 sublata
1284 3774 1453 3827 supra
1520 3774 1765 3812 mensam
1827 3762 2044 3837 posuit,
2107 3762 2358 3831 phylacta

769 3868 899 3905 vero
949 3853 1004 3904 in
1060 3853 1201 3904 eollo
1235 3832 1347 3905 “suo
1396 3852 1705 3919 suspendit.
1752 3850 1934 3906 Puero
1964 3832 2160 3906 autem
2216 3855 2361 3908 foras

765 3947 965 3999 educto
1012 3952 1178 4013 atque
1223 3944 1519 4012 dispoliato
1567 3958 1840 4011 supraque
1892 3934 2058 3998 limen
2090 3959 2356 4013 expanso,

740 4046 958 4105 -,;nttnr
1017 4034 1139 4103 ejus
1208 4035 1383 4089 instar
1448 4038 1566 4087 ovis
1623 4043 1909 4096 secarunt,
1977 4042 2033 4088 et
2070 4035 2358 4091 .hunc-in

767 4128 974 4197 templo
1014 4124 1116 4179 SS.
1163 4126 1603 4194 Anargyrofuni,
1646 4124 1789 4193 quod
1842 4112 2082 4178 Paulina}
2111 4134 2357 4191 vocatur,

769 4221 986 4290 sepeliri
1034 4216 1389 4273 mandarunt.
1436 4218 1883 4287 Comprehensus
1928 4233 2057 4270 vero
2100 4227 2358 4286 pratterea

767 4324 823 4367 et
872 4313 1315 4372 Barisbacurius,
1358 4290 1574 4380 .prinms
1620 4312 1884 4379 patricius
1933 4322 1986 4363 et
2034 4327 2218 4365 comes
2263 4318 2359 4365 ob-

768 4408 970 4477 sequii,
1025 4410 1386 4473 interemptus
1466 4415 1569 4457 εει.
1626 4403 1796 4455 Porro
1852 4402 2003 4456 llelia
2065 4418 2171 4455 una
2230 4419 2355 4455 cum

766 4514 851 4573 eo_
905 4498 999 4565 qui
1072 4512 1257 4552 secum
1322 4509 1439 4573 erat
1500 4484 1831 4550 ascendente
1898 4497 1950 4549 in
2021 4497 2352 4559 Damastrin,

765 4603 821 4644 et
875 4592 941 4643 ad
990 4605 1274 4643 sermones
1317 4605 1443 4642 cum
1507 4606 1571 4642 «ιο
1627 4589 1719 4657 qui
1770 4589 1882 4641 illic
1939 4599 2055 4641 erat
2106 4590 2348 4642 exercitu
2388 4627 2427 4679 D
2459 4589 2580 4639 vius
2613 4589 2820 4638 moveri
2857 4594 3048 4638 contra
3080 4592 3327 4637 sanetam
3359 4594 3411 4637 et
3440 4600 3470 4635 u

768 4685 1047 4730 \eniente-
1089 4684 1425 4730 verbunmue
1468 4681 1811 4730 inmunitatis
1863 4681 2064 4730 uouttlo
2106 4681 2199 4730 oui
2234 4692 2350 4730 erat
2406 4676 2409 4677 ν
2459 4680 2751 4730 svnodum.
2790 4676 3111 4730 subvertere
3159 4677 3391 4729 studens
3451 4676 3480 4728 d

2459 4680 2751 4747 synodum,
2790 4679 3111 4731 subvertere
3159 4679 3391 4729 studens
3451 4679 3659 4738 divina,
3697 4693 3815 4744 qua:
3867 4684 3932 4728 a‘i
3977 4693 4042 4730 ea

768 4685 1047 4745 \cnietttt‘,
1089 4684 1425 4751 verbumque
1468 4681 1811 4750 impunitatis
1863 4681 2064 4749 populo
2106 4681 2199 4749 qui
2234 4692 2350 4733 erat

764 4793 889 4829 eum
941 4775 1255 4830 Justiniano
1304 4777 1614 4843 praebente.
1671 4774 2000 4843 sequestrati
2056 4781 2185 4826 sunt
2234 4774 2354 4825 uni-

768 4868 908 4920 versi
967 4877 1020 4920 et
1058 4867 1439 4920 discesserunt
1490 4882 1519 4917 a
1570 4864 1918 4926 Iustiniano,
1974 4865 2153 4919 solum
2208 4865 2354 4918 hunc

764 4962 1083 5015 deserentes
1142 4968 1197 5013 et
1261 4962 1327 5011 ad
1390 4969 1573 5027 partes
1635 4957 1920 5027 Philippici
1988 4956 2349 5011 conﬂuentes.

766 5054 921 5108 Tnnc
981 5053 1275 5122 pranlictus
1323 5052 1527 5105 1lelias
1570 5052 1913 5120 spatharins
1975 5048 2162 5103 furore
2226 5064 2352 5102 em:—

767 5162 913 5205 rcus.
975 5144 1117 5198 collo
1168 5144 1292 5211 ejus
1342 5144 1709 5212 apprehenso,
1765 5146 2030 5211 pugione,
2078 5158 2187 5210 quo
2235 5141 2353 5193 ἀγυι

764 5241 1075 5300 accinctus,
1105 5238 1411 5306 amputavit
1433 5245 1596 5303 caput
1627 5237 1823 5304 ipsius,
1853 5246 1902 5285 et
1931 5249 2023 5302 per
2044 5234 2348 5286 Romanum

764 5333 1102 5398 spatharium
1158 5329 1225 5382 ad
1282 5329 1645 5399 l’liilippicum
1701 5328 1868 5382 misit.
1925 5330 1992 5379 At
2044 5344 2173 5381 vero
2229 5326 2351 5379 Phi-

766 5425 1002 5492 lippirns
1059 5436 1153 5490 per
1207 5406 1459 5473 eumdem
1515 5420 1851 5489 spatharium
1912 5418 2016 5469 hoc.
2068 5416 2135 5470 ad
2186 5414 2348 5469 Occi-

764 5512 1012 5568 dentales
1044 5522 1226 5580 partes
1243 5527 1433 5579 -usque
1460 5509 1687 5563 Romam
1712 5508 2043 5563 transmisit.
2252 5564 2253 5567 η

840 5603 1107 5656 Praeterea
1143 5603 1461 5671 priusquam
1509 5602 1808 5669 imperaret
1849 5608 1970 5652 erat
1999 5599 2223 5667 quidam
2260 5599 2347 5651 in-

768 5697 990 5750 clausus
1041 5694 1094 5748 iu
1132 5695 1465 5748 monasterio
1509 5692 1811 5747 Callistrati
1854 5692 2122 5759 pmvisor
2151 5699 2207 5744 et
2240 5693 2349 5743 ha:-

767 5789 1005 5850 reticus,
1050 5786 1145 5855 qui
1196 5785 1509 5840 ascendenti
1572 5784 1638 5837 ad
1687 5798 1745 5838 se
1804 5782 2109 5852 Philippica
2160 5782 2343 5836 dixit:

768 5880 1056 5951 Imperium
1083 5891 1158 5934 est
1196 5880 1290 5931 tibi
1328 5878 1633 5946 repositum.
1698 5876 1763 5929 At
1818 5877 1907 5930 ille
1947 5876 2199 5929 turbatus
2239 5886 2341 5930 est.

2471 3388 2641 3441 Porro
2682 3388 2825 3458 Cyro
2869 3388 3177 3456 patriarcha
3221 3389 3379 3456 pulso
3414 3386 3679 3442 Joannem
3738 3389 4049 3443 communi-

2468 3479 2708 3536 catorem
2759 3495 2920 3533 suum
2975 3490 3142 3548 atque
3192 3481 3506 3533 haeretienm
3566 3480 3620 3534 in
3678 3483 4045 3550 patriarchaui

2468 3574 2760 3640 promovit.
3718 3629 3726 3636 _

2542 3663 2726 3717 Mundi
2774 3679 2920 3717 anno
2965 3662 3126 3724 6205,
3186 3662 3386 3715 divina:
3440 3663 3842 3716 incarnationis
3900 3678 4049 3714 anno

2464 3755 2590 3819 70$,
2635 3757 2866 3824 imperat
2916 3756 3182 3809 ltoinanis
3222 3755 3591 3823 Philippicus.
3628 3756 3717 3822 qui
3757 3756 4049 3824 imperarit

2463 3849 2624 3901 anuis
2673 3849 2911 3903 duobus.
2957 3847 3229 3901 Arabibus
3265 3856 3462 3917 prteest
3500 3845 3714 3907 Hualid,
3744 3849 3833 3916 qui
3872 3847 4045 3899 duca-

2463 3950 2576 3993 tum
2628 3958 2819 3995 novem
2871 3943 3047 3995 tenuit
3104 3940 3285 3996 annis.
3337 3938 3578 3993 Joannes
3636 3956 3852 4009 quoque
3894 3940 4043 3994 Con-

2461 4034 2990 4102 stantinopolitanns
3038 4045 3201 4102 atque
3242 4031 3484 4086 Joannes
3519 4032 4049 4101 Hicrosolyniitanus

2464 4126 2736 4180 habentur
2763 4128 3059 4196 antistites.
3097 4142 3330 4194 quorum
3365 4128 3501 4179 alter
3530 4126 3729 4187 tribus,
3766 4126 3898 4179 alter
3921 4141 3965 4178 vi
3985 4141 4049 4177 ro

2460 4197 2684 4284 triginta
2736 4215 2953 4284 prmiuit
3010 4216 3171 4269 annis
3203 4214 3479 4267 Ei-elesim.

2534 4312 2692 4362 Anno
2744 4309 2911 4376 igitur
2967 4308 3180 4375 imperii
3222 4307 3305 4360 sui
3350 4307 3684 4375 Pliiiippicus
3723 4310 3895 4375 piinni
3941 4311 4046 4380 Ar-

2462 4404 2673 4456 menios
2714 4402 2781 4454 de
2833 4415 2978 4455 terra
3016 4417 3112 4454 sua
3147 4404 3353 4469 pellens
3379 4402 3429 4454 in
3475 4404 3733 4454 Armenia
3771 4419 3957 4471 qltfit‘lzt
3992 4414 4047 4456 ιι

2460 4493 2713 4562 Melitene
2742 4494 2994 4545 habitare
3027 4496 3227 4560 coegit.
3269 4492 3437 4544 l’orro
3476 4507 3581 4544 non
3627 4496 3903 4561 prmi-aluit
3946 4510 4048 4545 sm-

2459 4587 2580 4639 vius
2613 4585 2820 4638 moveri
2857 4594 3048 4638 contra
3080 4592 3327 4637 sanetam
3359 4594 3411 4637 et
3440 4585 3803 4638 univers:-.lem
3833 4598 4041 4638 sextam

2462 4768 2721 4820 roborata
2762 4773 2913 4827 sunt,
2949 4762 3227 4833 dogmaia.
3266 4765 3481 4834 Reperit
3510 4776 3688 4819 autem
3737 4770 3818 4821 sui
3847 4784 4042 4823 sensus

2455 4838 2929 4929 Joannem,qnem
2956 4860 3275 4927 episcopum
3305 4860 3860 4927 Constantinopoleos
3889 4860 4039 4919 fecit,
4072 4888 4073 4891 η

2455 4954 2709 5024 deposito
2751 4934 2916 5021 Cyro.
2946 4950 3177 5020 praesule
3235 4951 3419 5019 hujus,
3476 4967 3637 5019 quem
3678 4954 3868 5006 exsilio
3905 4954 4041 5006 rele—

2454 5045 2602 5113 gavit
2653 5044 2705 5096 in
2751 5043 3089 5096 monasterio
3118 5041 3347 5103 Choras,
3392 5042 3788 5110 Niiolanmque
3842 5059 3868 5095 a
3920 5044 4042 5097 dia-

2456 5150 2596 5188 rono
2632 5149 2864 5187 caucum
2918 5132 3197 5193 eﬂ'ectuin,
3234 5134 3329 5200 qui
3370 5150 3493 5186 i-nm
3537 5135 3845 5188 niedicinali
3898 5145 4040 5188 esset

2453 5216 2746 5297 disciplina
2812 5227 3082 5294 sophista,
3135 5233 3265 5279 tunc
3326 5237 3570 5295 quaestor
3627 5237 3766 5285 erat.
3816 5228 4041 5307 Agmi-

2428 5312 2733 5389 dinmqne‘
2756 5319 3049 5373 diaconum
3081 5319 3285 5386 Magnae
3325 5322 3593 5381 ecclesize,
3652 5331 3814 5389 atque
3845 5322 4039 5374 Antio-

2452 5416 2616 5465 chum
2656 5413 3155 5482 chartophylacein,
3188 5404 3242 5465 et
3269 5414 3402 5465 alios
3442 5429 3651 5466 morum
3697 5417 4036 5473 eorumiem,

2452 5508 2547 5574 qui
2615 5487 2782 5559 etiam
2862 5507 3073 5574 scripto
3131 5506 3736 5560 anathematizaverunt
3792 5520 4037 5561 sanctam

2452 5602 2660 5652 sextam
2698 5594 2990 5669 sy’nodum.
3022 5598 3231 5653 Interea
3272 5599 3536 5669 Vulgares
3560 5616 3654 5668 per
3683 5599 3864 5654 Philea
3897 5603 4037 5655 clam

2453 5690 2506 5744 in
2531 5701 2823 5770 augustum
2853 5691 3177 5750 incidentes.
3210 5702 3262 5745 et
3293 5708 3485 5762 magna
3523 5692 3668 5747 caede
3698 5692 3837 5746 facta
3864 5710 4039 5760 usque

2452 5783 2518 5835 ad
2562 5783 2756 5837 urbem
2804 5782 3297 5844 discurrentes,'et
3335 5786 3536 5837 inultos
3587 5784 4033 5841 transrehentes.

2454 5874 2770 5944 nuptiisqne
2822 5875 3102 5944 opulentis
3158 5885 3209 5929 et
3245 5876 3553 5946 dapsilibns
3610 5877 3779 5945 prand
3809 5878 3850 5931 is
3911 5893 4036 5931 tum
