4414 6462
376 417 399 471 1
410 405 513 470 349

1184 406 1548 465 HISTORIA
1586 407 2163 469 ECCI.ESIASTICA
2334 415 2822 499 ΤΗΕΟΡΙῙΑΝΕ.

3518 428 3539 493 Ι
3551 432 3655 494 350

376 514 529 567 vario
572 520 801 582 argento
833 520 1144 580 ceteroque
1192 521 1457 581 apparatu
1519 516 1748 583 repertis
1792 530 1966 583 usque
1995 520 2048 577 A
2144 523 2305 580 Auno
2347 526 2561 597 imperii
2607 529 2861 598 Artemii,
2890 533 2984 603 qui
3021 543 3075 590 et
3108 539 3437 597 Anastasius
3472 544 3655 603 dictus

375 606 443 660 ad
502 619 726 658 auream
776 616 987 674 portam
1039 604 1441 672 discurrentes,
1493 615 1717 678 totaque
1759 608 1971 664 Thrace

374 700 555 768 prada
590 710 881 764 evacuata,
926 700 1082 756 illaesi
1132 716 1256 755 cum
1306 702 1616 759 innumeris
1677 705 1971 774 pecoribus

374 794 440 846 ad
496 793 717 863 propria
777 802 909 847 sunt
941 793 1173 847 reversi.
1211 793 1486 849 Similiter
1513 806 1567 850 et
1600 797 1813 851 Arabes
1838 797 1969 853 Mis-

373 885 542 939 tbiam
585 896 852 953 ceperunt
901 893 955 938 et
982 884 1085 939 alia
1124 895 1329 947 castra,
1362 887 1534 941 multa
1582 891 1763 959 praeda
1815 890 1972 945 fami-

376 979 572 1031 liarum
626 979 989 1047 plurimarum
1046 990 1099 1034 et
1149 994 1411 1050 pecorum
1470 982 1959 1039 innumerabilium

378 1074 581 1124 facta.r

446 1163 605 1217 Anno
636 1164 849 1232 imperii
896 1163 1188 1233 Philippici
1242 1166 1486 1221 secundo
1528 1166 1700 1222 movit
1751 1168 1966 1222 exerci-

375 1263 489 1309 tum
524 1255 705 1310 llabas
744 1270 934 1312 contra
971 1258 1321 1325 Romaniam,
1358 1269 1413 1314 et
1436 1260 1582 1330 cepit
1617 1260 1968 1315 Antiochiam

376 1345 592 1403 Pisidia.-
624 1365 746 1402 eum
802 1349 969 1401 nmlta
999 1348 1200 1419 praeda,
1231 1360 1288 1404 et
1337 1364 1595 1406 reversus
1625 1362 1728 1406 est.
1770 1351 1971 1408 Factus

375 1454 558 1497 autem
597 1454 680 1499 cst
732 1454 785 1497 et
830 1454 989 1497 terra:
1036 1452 1225 1497 motus
1258 1444 1312 1497 in
1346 1443 1527 1514 Syria.
1580 1444 1811 1497 Biennio
1842 1461 1971 1501 vero

374 1537 587 1605 imperii
647 1536 933 1605 Philippici
983 1540 1034 1589 in
1064 1536 1150 1591 his
1206 1548 1545 1600 transeunte,
1580 1538 1840 1607 circoque
1870 1554 1969 1591 na-

385 1630 569 1682 talicio
599 1638 1006 1692 consummato,
1041 1643 1165 1680 cum
1200 1628 1415 1682 Prasini
1461 1629 1744 1692 vicissent,
1788 1629 1965 1683 visum

374 1727 458 1772 est
514 1719 829 1789 ἱιιιιιςειειιωιοί
873 1720 1100 1774 sabbato
1164 1719 1519 1775 Pentecostes
1558 1722 1802 1790 equitem
1841 1730 1965 1776 cum

374 1813 728 1880 susceptione
777 1826 840 1865 ac
897 1813 1121 1880 organis
1162 1811 1399 1881 ingredi,
1451 1821 1503 1867 et
1563 1813 1734 1866 lavari
1782 1814 1833 1866 in
1866 1830 1965 1882 pu-

377 1907 518 1958 blico
579 1907 773 1958 balneo
837 1904 1125 1976 Zeuxippi,
1159 1916 1214 1960 et
1247 1923 1372 1961 cutn
1431 1907 1647 1961 ClViiiUS
1697 1908 1964 1977 prosapia:

366 1996 609 2065 antiquae
639 1996 925 2064 prandere.
967 1996 1104 2050 Cum
1151 2006 1334 2051 autem
1368 1998 1599 2051 meridie
1633 2000 1960 2065 quiesceret,

370 2098 596 2155 repente
629 2101 724 2155 per
754 2104 976 2140 auream
1011 2097 1226 2157 portam
1260 2089 1507 2145 introivit
1539 2085 1721 2144 Rufus
1754 2093 1963 2160 primus

369 2186 667 2231 stratarum
743 2179 1178 2247 Obsequii,....
1237 2191 1604 2249 cognomento
1665 2181 1842 2236 Burali
1907 2194 1961 2238 ct

371 2268 644 2323 Theodori
674 2270 891 2337 patricii
926 2268 1141 2338 Myacti,
1170 2285 1293 2323 cum
1328 2271 1527 2323 laxatis
1563 2285 1704 2339 quos
1728 2270 1959 2326 habebat

371 2364 424 2414 iu
478 2360 692 2414 'l‘brace
746 2364 1005 2417 thematis
1054 2364 1164 2426 sui,
1196 2372 1248 2416 et
1284 2362 1554 2417 festinans
1603 2366 1654 2417 in
1694 2365 1957 2433 palatium

375 2457 583 2507 invenit
623 2453 991 2525 Philippicum
1030 2455 1260 2510 meridie
1298 2456 1696 2525 quiescentem,
1729 2468 1779 2511 et
1804 2472 1955 2510 com-

366 2548 699 2613 prehensum
750 2563 874 2600 eum
914 2548 1068 2601 duxit
1098 2562 1320 2602 sursum
1381 2548 1433 2601 in
1486 2549 1789 2602 oratorium
1820 2548 1955 2602 Pra-

364 2639 635 2699 sinorum,
668 2648 720 2691 et
765 2637 877 2692 illic
910 2637 1032 2706 ejus
1064 2638 1255 2691 oculos
1302 2638 1468 2700 eruit,
1518 2640 1668 2692 nullo
1724 2641 1952 2699 sciente.

366 2729 428 2781 lu
463 2728 767 2782 trastiuum
806 2740 1009 2791 autem,
1044 2727 1097 2781 id
1135 2735 1219 2781 est
1248 2727 1591 2793 Pentecoste,
1629 2740 1955 2786 coacervato

366 2820 419 2870 in
467 2815 664 2887 Magna
702 2818 935 2871 ecclesia
974 2818 1175 2887 p0pu|o
1212 2827 1512 2873 coronatus
1540 2827 1625 2874 est
1671 2820 1953 2876 Artemius

362 2910 571 2974 primus
627 2902 671 2962 a‘
721 2911 974 2974 secretis,
1025 2918 1240 2963 mutato
1314 2912 1539 2966 nomine
1602 2913 1948 2968 Anastasius.

358 3001 600 3053 Sabbato
670 3015 801 3056 vero
862 3008 986 3070 post
1047 2999 1413 3055 Pentecosten
1481 3002 1655 3057 oculis
1708 3006 1951 3073 privatus

360 3096 413 3140 et
437 3086 757 3144 Theodorus
784 3087 1024 3160 Myaces,
1059 3099 1113 3145 et
1147 3091 1389 3146 secundo
1427 3091 1659 3147 sabbato
1688 3094 1741 3147 id
1770 3096 1949 3161 ipsum

359 3181 582 3248 pertulit
614 3180 883 3251 Georgius
915 3181 1287 3252 Buramphus,
1324 3184 1459 3238 etin
1502 3187 1759 3241 exsilium
1792 3186 1948 3242 missi
1977 3211 2019 3269 ε
2054 3204 2326 3272 principes
2366 3222 2531 3275 super
2569 3213 2810 3267 motione
2873 3229 2935 3271 ac
3003 3219 3199 3277 itinere

357 3282 487 3327 sunt
545 3273 690 3342 apud
745 3274 1206 3328 Thessalonicen.

423 3359 608 3415 Mundi
660 3378 804 3415 anno
863 3362 1043 3425 6'206,
1095 3364 1300 3417 divina:
1353 3364 1753 3419 incarnationis
1804 3382 1948 3425 anno

355 3452 477 3519 706,
512 3469 653 3507 anno
696 3468 824 3507 vero
854 3454 1068 3524 imperii
1107 3454 1341 3509 Artemii
1383 3457 1562 3525 primo
1592 3458 1946 3515 incursiones

355 3544 641 3601 Dlasalmas
669 3546 935 3601 adversus
960 3547 1290 3599 Romaniam
1322 3549 1513 3612 movit,
1558 3559 1613 3604 et
1646 3551 1943 3621 dispoliata

352 3636 561 3689 Calatia
627 3637 787 3689 rediit
844 3651 968 3689 cum
1026 3638 1204 3704 praeda
1247 3648 1299 3690 et
1333 3638 1527 3707 spoliis
1580 3640 1790 3696 multis.
1841 3642 1944 3697 Ast

353 3734 623 3785 Artemius
654 3732 1068 3800 magistratibus
1098 3734 1149 3785 in
1183 3736 1537 3802 equestribus
1566 3734 1778 3791 militiis
1816 3737 1939 3791 ido-

351 3823 490 3887 neis,
516 3831 571 3877 et
617 3820 1035 3874 rationabilibus
1067 3821 1120 3874 in
1158 3825 1320 3877 rebus
1352 3825 1611 3881 civilibus
1645 3827 1939 3892 ordinatis,

345 3916 457 3981 jam
524 3914 768 3979 requiem
822 3911 1056 3983 degebat
1108 3914 1361 3983 adeptus.
1422 3917 1671 3986 Cumque
1730 3920 1941 3975 Arabes

348 4012 540 4055 contra
571 3999 892 4055 Romaniam
928 4012 1072 4055 terra
1105 4006 1356 4072 marique
1393 4016 1762 4074 armarentur,
1791 4010 1940 4068 misit

349 4096 646 4163 imperator
688 4094 968 4164 principes
1021 4093 1075 4146 in
1128 4092 1343 4166 Syriam
1387 4096 1455 4151 ad
1507 4096 1725 4165 Vhalid,
1777 4106 1938 4171 quasi

348 4200 445 4250 pro
498 4185 583 4240 his
611 4202 732 4254 qua:
767 4189 832 4240 ad
867 4202 1057 4256 pacem
1088 4190 1363 4259 pertinent
1403 4191 1713 4260 locuturos,
1743 4195 1936 4251 Danie-

348 4280 449 4327 lem
500 4276 756 4331 videlicet
810 4278 955 4332 inter
998 4278 1158 4343 alios,
1206 4279 1518 4349 Sinopiten,
1558 4289 1851 4353 patricium
1881 4296 1936 4344 et

345 4367 658 4436 praefectum
688 4368 863 4433 urbis,
896 4370 1166 4426 mandans
1204 4373 1253 4426 ei
1288 4372 1581 4444 diligenter
1608 4378 1935 4450 investigare

342 4461 409 4512 de
433 4466 583 4512 motu
615 4475 803 4514 eorum
854 4471 909 4516 et
933 4463 1139 4518 virtute
1188 4476 1383 4520 contra
1422 4467 1747 4525 Romaniam
1799 4489 1919 4528 cou-

340 4552 623 4605 struenda.
657 4551 761 4618 Qui
796 4568 920 4607 cum
964 4557 1197 4612 abiisset
1236 4567 1291 4612 et
1338 4572 1657 4624 remeasset,
1696 4568 1920 4619 nuntia-
1946 4546 2000 4607 D
2030 4578 2040 4627 ί

339 4646 417 4697 vit
450 4645 766 4713 imperatori
815 4662 1071 4717 magnum
1125 4662 1318 4704 contra
1348 4655 1552 4722 regiam
1607 4656 1793 4711 urbem
1828 4676 1921 4727 per

339 4744 542 4787 terram
594 4744 647 4788 et
698 4751 846 4792 mare
906 4740 1334 4797 instrumentum
1386 4760 1599 4800 eorum.
1634 4747 1788 4803 Tunc
1831 4751 1920 4806 ille

339 4826 595 4895 praecepit
670 4843 779 4897 quo
855 4834 1239 4901 unusquisque
1296 4845 1548 4906 sumptus
1608 4856 1782 4909 usque
1849 4843 1916 4896 ad

336 4919 559 4972 triennii
618 4928 833 4989 tempus
891 4924 1127 4979 sollicite
1190 4939 1548 4997 praepararet,
1591 4932 1683 5002 qui
1732 4940 1914 4986 autem

336 5006 441 5060 hoc
503 5022 611 5062 non
674 5012 1003 5077 possederit,
1054 5015 1123 5067 ab
1177 5017 1338 5082 urbe,
1385 5016 1581 5086 inquit,
1624 5021 1890 5077 discedat.

332 5097 634 5154 Constituit
661 5111 844 5157 autem
880 5106 1207 5175 praepositos
1252 5111 1690 5166 construentium
1722 5129 1914 5181 naves,

330 5195 397 5257 et,
419 5192 587 5259 empit
614 5192 885 5249 aediﬁcare
916 5194 1215 5252 dromones
1254 5206 1309 5253 et
1339 5200 1518 5257 dieres
1563 5202 1825 5273 igniferas
1860 5214 1915 5261 et

331 5279 602 5336 maximas
658 5285 877 5352 trieres,
910 5295 965 5341 et
1017 5289 1326 5346 maritimos
1370 5294 1592 5357 quidem
1630 5299 1915 5353 renovavit

328 5385 540 5435 muros,
589 5373 845 5431 similiter
885 5386 1067 5433 autem
1098 5390 1155 5435 et
1189 5390 1459 5447 terrenos,
1515 5386 1717 5442 sistens
1753 5404 1911 5443 arro-

328 5460 555 5521 balistas
584 5476 638 5521 et
692 5482 963 5540 mangana
994 5472 1046 5525 iu
1102 5476 1347 5530 turribus
1392 5486 1447 5531 et
1492 5491 1910 5549 argumentosas

328 5554 464 5607 alias
514 5559 837 5627 machinas;
878 5572 933 5618 et
974 5567 1277 5622 secundum
1306 5570 1450 5637 quod
1499 5573 1762 5640 possibile
1800 5577 1907 5629 sibi

324 5654 443 5696 erat
495 5649 683 5703 urbem
734 5654 990 5721 munivit,
1041 5654 1333 5729 frugesque
1358 5659 1623 5728 plurimas
1666 5664 1717 5717 in
1751 5679 1907 5735 rega-

325 5734 469 5792 libus
527 5740 736 5800 horreis
790 5750 994 5816 posuit,
1040 5758 1205 5822 atque
1257 5755 1498 5811 munitas
1547 5757 1767 5814 sibimet
1816 5734 1901 5815 re-

322 5833 581 5891 servavit.

2076 622 2181 677 est,
2226 619 2468 673 secundo
2517 628 2767 678 mortuus
2802 633 2887 680 est
2925 623 3121 684 Vhalid
3163 631 3406 687 Arabum
3437 635 3570 703 dux,
3603 651 3657 695 et

2075 702 2321 758 Suliman
2357 706 2409 759 in
2462 710 2768 780 principatu
2816 717 3081 784 succedit,
3115 722 3206 789 qui
3238 724 3416 779 tribus
3438 728 3656 796 praefuit

2078 796 2261 851 annis.
2353 797 2659 858 Germanus
2724 821 2946 878 quoque
3002 809 3654 888 Coustantinopolitanus

2078 889 2308 944 habetur
2337 894 2588 956 antistes,
2608 898 2699 965 qui
2736 901 2911 955 eidem
2945 904 3146 959 throno
3174 908 3487 976 quindecim
3514 929 3653 983 pra--

2076 981 2217 1037 sedit
2253 987 2435 1042 annis.
2505 987 2707 1045 Eodem
2736 1010 2955 1067 quoque
2987 1014 3131 1054 anno
3164 1004 3467 1061 translatus
3501 1017 3587 1063 est
3621 1025 3651 1064 a

2072 1074 2273 1145 Cyzico
2302 1079 2435 1134 urbe
2459 1085 2748 1152 metropoli
2773 1086 3335 1163 Constantinopolim,
3376 1098 3427 1151 iu
3460 1115 3571 1170 quo
3599 1112 3654 1155 et

2075 1171 2556 1228 commonitorium
2612 1179 3015 1249 translationis,
3076 1188 3221 1255 quod
3279 1190 3648 1259 subinfertur,

2074 1266 2489 1330 pronuntiatum
2521 1279 2605 1324 est
2643 1274 2932 1331 continens
2960 1276 3031 1329 ita
3064 1296 3076 1332 :
3107 1280 3371 1339 Eleclione
3390 1296 3439 1341 et
3464 1305 3651 1357 appro-

2074 1353 2284 1411 batione
2322 1360 2849 1426 religiosissimorum
2899 1370 3325 1441 presbyterorum
3385 1391 3432 1433 et
3467 1382 3649 1438 dims-

2073 1462 2263 1499 uorum
2290 1458 2338 1500 et
2376 1452 2540 1504 totius
2569 1457 2883 1512 venerabilis
2920 1460 3049 1514 cleri
3086 1468 3331 1536 sacrique
3358 1487 3572 1528 senatus
3598 1487 3647 1528 et

2072 1538 2233 1590 amici
2268 1538 2467 1595 Christi
2504 1546 2687 1612 populi
2724 1546 2828 1601 Deo
2870 1544 3446 1628 cottservandte'lmjus
3490 1569 3648 1635 regite

2072 1629 2238 1693 urbis,
2264 1631 2441 1687 divina
2472 1638 2672 1705 gratia,
2700 1656 2817 1708 qua:
2844 1658 3044 1712 semper
3082 1648 3296 1715 inﬁrma
3330 1666 3483 1708 curat
3510 1670 3558 1711 et
3584 1678 3645 1715 ea

2069 1734 2186 1788 qua:
2220 1734 2345 1776 sunt
2388 1726 2663 1794 adimplet,
2713 1736 2987 1789 transtulit
3024 1736 3341 1797 Germanum
3366 1753 3647 1806 sanctissi-

2071 1828 2213 1865 mum
2248 1819 2528 1882 pra'sulem
2574 1820 2940 1891 Cyziceusium
2983 1837 3327 1900 metropoleos
3362 1841 3417 1894 in
3440 1845 3643 1907 episco-

2068 1923 2187 1966 rum
2222 1912 2377 1980 hujus
2425 1912 2529 1967 Deo
2571 1922 2942 1976 conserrandaz
2976 1941 3037 1977 ac
3068 1928 3422 1993 imperatoria:
3455 1939 3645 1991 civita-

2067 2000 2155 2051 tis.
2197 2000 2367 2056 Facla
2401 2015 2575 2059 autem
2609 2017 2686 2061 est
2714 2027 2948 2078 pra’scns
2982 2021 3330 2077 translatioiu
3358 2034 3640 2093 pra'sentiu

2067 2092 2337 2147 Michaelis
2372 2098 2698 2153 sanctissimi
2728 2105 3017 2174 presbyteri
3052 2121 3102 2164 et
3138 2120 3474 2180 apocrisiarii
3509 2140 3639 2189 apo-

2062 2188 2265 2242 stolica:
2293 2190 2454 2255 sedis,
2482 2202 2529 2245 et
2556 2196 2877 2263 reliquorum
2899 2206 3230 2259 sacerdotum
3259 2226 3322 2262 ac
3347 2216 3638 2279 pra‘sulum

2062 2281 2157 2332 sub
2218 2282 2451 2337 Artemio
2504 2285 2841 2353 imperatore.
2929 2293 3099 2349 Porro
3166 2315 3288 2353 cum
3356 2306 3637 2364 Artemius

2062 2373 2340 2431 didicisset
2363 2378 2506 2445 quod
2535 2382 2731 2437 classis
2769 2386 3165 2445 Saracenorum
3201 2394 3271 2448 ab
3303 2395 3633 2455 A‘exaudria

2065 2465 2115 2517 iu
2160 2465 2455 2523 Phoenicen
2496 2487 2847 2541 properasset
2883 2479 2947 2531 ad
2984 2481 3329 2540 incidendum
3360 2489 3631 2560 liguamen

2061 2562 2463 2627 cypressiuttttt,
2526 2565 2715 2619 electis
2762 2583 2824 2621 ex
2886 2575 3104 2640 proprio
3160 2570 3301 2632 stolo
3356 2584 3633 2639 velocibus

2060 2653 2278 2718 scaphis
2312 2656 2460 2708 misit
2494 2664 2709 2714 tavatos
2734 2676 2797 2714 ex
2831 2662 3070 2719 themate
3104 2667 3349 2736 Obsieio,
3403 2682 3457 2727 et
3486 2680 3627 2744 apud

2059 2743 2308 2799 Rhodum
2344 2762 2538 2805 omnes
2569 2752 2749 2821 colligi
2776 2754 2958 2821 jussit.
3000 2764 3398 2833 praeposuitque
3434 2743 3631 2837 prato.

2060 2851 2171 2889 rem
2210 2837 2292 2891 eis
2338 2848 2390 2893 et
2431 2850 2594 2907 caput
2619 2841 2885 2899 Joannem
2938 2847 3143 2917 Magna:
3177 2857 3423 2912 ecclesiae
3468 2861 3631 2914 mini-

2056 2939 2278 2990 strum,
2333 2934 2425 3000 qui
2480 2933 2767 2990 dicebatur
2827 2955 2963 3009 papa
3015 2942 3355 3008 Joannacis.
3421 2953 3626 3022 quique

2054 3022 2325 3089 generalis
2354 3034 2472 3078 erat
2501 3036 2625 3079 tunc
2659 3028 2949 3099 Iogotheta.
2982 3034 3032 3087 ls
3056 3052 3187 3105 ergo
3215 3053 3339 3093 cum
3371 3040 3623 3098 Rhodum

2055 3114 2282 3169 adiisset
2340 3123 2395 3169 et
2466 3120 2679 3189 navigia
2742 3127 3179 3191 convenissent,
3244 3134 3627 3204 alloquebatur

3258 3241 3502 3294 Ipsorum
3569 3241 3622 3286 in

2050 3292 2345 3350 thniceu
2400 3299 2466 3353 ad
2514 3300 2862 3359 incidendum
2919 3309 3193 3379 lignamen
3253 3325 3307 3371 et
3350 3335 3624 3391 prmpara-

2049 3386 2275 3452 tionem,
2336 3404 2456 3458 quae
2520 3393 2858 3452 inveniretur
2909 3400 3306 3471 Agarenorum.
3376 3413 3623 3483 Ctunque

2049 3490 2240 3533 omnes
2269 3479 2526 3536 alacriter
2564 3487 2943 3554 obaudissent,
2996 3495 3049 3549 hi
3093 3501 3185 3567 qui
3230 3511 3388 3555 erant
3416 3505 3621 3563 Obsicii

2048 3565 2151 3619 hoc
2181 3571 2496 3627 nullatenus
2524 3575 2885 3646 admiserunt,
2914 3596 2964 3637 et
2994 3565 3377 3656 imperatorem
3397 3598 3618 3665 quidem

2045 3656 2295 3713 detestati
2347 3672 2497 3725 sunt,
2558 3666 2848 3725 diaconum
2894 3690 3023 3729 vero
3075 3675 3340 3738 Joannem
3399 3686 3620 3744 frameis

2045 3763 2412 3815 peremerunt.
2476 3754 2613 3813 Hinc
2647 3776 2783 3831 ergo
2815 3768 2941 3819 stoli
2978 3768 3138 3825 divisi
3171 3772 3237 3826 ad
3268 3790 3366 3829 sua
3397 3780 3618 3849 naviga-

2043 3851 2239 3893 verunt
2285 3843 2423 3901 loca.
2486 3846 2565 3903 Illi
2621 3868 2751 3907 vero
2808 3874 3039 3928 nequam
3073 3877 3391 3933 operatorcs
3422 3881 3619 3928 contra

2042 3930 2241 3998 regiam
2278 3938 2647 3995 ascenderunt
2684 3945 2896 4002 urbem.
2946 3950 3083 4005 Cum
3111 3930 3312 4011 autem
3350 3959 3617 4032 Adramy-

2043 4024 2175 4076 tium
2232 4028 2499 4085 adiissent
2556 4048 2851 4107 essentque
2903 4044 3020 4097 sine
3046 4047 3244 4115 capite,
3288 4049 3616 4109 invenerunt

2041 4113 2152 4167 illic
2185 4117 2460 4175 hominem
2495 4126 2806 4198 indigenam
2849 4131 3220 4195 Theodosium
3250 4146 3491 4208 nomine,
3517 4150 3612 4217 qui

2038 4208 2381 4275 publicorum
2430 4226 2548 4271 erat
2606 4222 2936 4281 tributorum
2998 4245 3278 4303 exceptor,
3337 4239 3486 4298 iners
3547 4259 3613 4299 ac

2038 4299 2222 4363 idiota,
2256 4312 2309 4356 ct
2344 4306 2545 4363 hortati
2582 4325 2712 4369 sunt
2744 4333 2870 4374 eum
2918 4299 3208 4393 imperare.
3254 4332 3321 4384 At
3363 4335 3452 4389 ille
3484 4335 3609 4407 fuga

2038 4407 2168 4445 usus
2213 4393 2268 4447 in
2302 4411 2485 4453 monte.
2523 4403 2763 4476 latebat;
2819 4427 2979 4481 quem
3027 4418 3305 4477 inventum
3349 4436 3407 4479 ut
3440 4393 3609 4499 impe-

2037 4493 2271 4540 ratorem
2328 4491 2582 4551 laudibus
2651 4504 3003 4572 extulerunt,
3068 4513 3115 4565 vi
3171 4526 3429 4585 cogentes
3480 4539 3605 4575 eum

2049 4592 2314 4646 mperare.
2349 4585 2560 4649 Quibus
2590 4590 2865 4650 Artemius
2899 4604 3158 4669 cognitis,
3209 4610 3451 4677 praefecit
3484 4616 3602 4669 urbi

2023 4668 2356 4730 domesticos
2392 4677 2644 4737 homines
2679 4701 2810 4740 suos
2846 4695 3128 4763 principes
3153 4714 3256 4751 una
3287 4716 3407 4755 cum
3435 4708 3600 4767 slolo.

2022 4776 2183 4828 quem
2226 4764 2340 4833 ipse
2380 4781 2790 4838 construxerat.
2843 4792 2895 4834 et
2945 4788 3170 4843 armatis
3224 4795 3305 4846 eis
3360 4795 3476 4863 ipse
3512 4795 3603 4848 Ni-

2022 4868 2185 4908 czeam
2248 4858 2527 4928 ingressus
2590 4868 2701 4920 abit
2761 4872 2814 4924 in
2874 4876 3110 4943 urbem,
3163 4880 3473 4953 ibidemque
3542 4905 3599 4942 se.

2022 4946 2213 4999 munit.
2263 4949 2510 5009 Rebelles
2540 4966 2722 5014 autem
2772 4968 3166 5035 ascendentes,
3222 4982 3277 5027 et
3320 4989 3597 5032 commoto

2020 5040 2135 5088 toto
2163 5039 2399 5094 themate
2434 5041 2640 5102 Obsicii
2685 5061 2740 5105 et
2774 5053 3172 5126 Gotbogrtecis,
3228 5068 3594 5133 comprehen-

2019 5127 2205 5197 sisque
2232 5134 2417 5189 multis
2454 5141 2670 5206 pusillis
2700 5154 2753 5199 et
2786 5150 2995 5217 magnis
3047 5155 3423 5223 negotiatoriis
3463 5175 3596 5214 sca-

2017 5220 2161 5287 phis.
2220 5240 2317 5291 per
2361 5235 2562 5284 terram
2620 5251 2825 5306 perque
2857 5256 3009 5296 mare
3039 5244 3422 5317 ChrySOpolim
3459 5267 3591 5305 cur-

2018 5324 2161 5367 runt.
2210 5314 2345 5371 Cmn
2388 5333 2569 5377 autem
2602 5328 2751 5383 urbis
2781 5331 2981 5388 classis
3017 5336 3070 5390 in
3105 5314 3270 5407 portui
3301 5340 3357 5395 S.
3401 5340 3591 5398 illatua:

2016 5406 2304 5460 stationem
2349 5412 2577 5475 ﬁxisset.
2614 5418 2847 5488 singulis
2898 5406 3211 5497 quibusque
3253 5430 3449 5486 diebus
3494 5450 3591 5502 per

2013 5509 2105 5547 sex
2139 5511 2356 5554 menses
2393 5502 2623 5559 invicem
2656 5523 3062 5583 expugnarunt.
3110 5517 3243 5571 Cum
3272 5538 3403 5575 vero
3436 5527 3587 5580 urbis

2012 5587 2184 5641 stolus
2228 5591 2295 5645 ad
2327 5591 2509 5648 Neorii
2558 5600 2709 5653 urbis
2744 5618 2963 5672 portum
3001 5610 3279 5677 profectus
3321 5618 3581 5683 stetisset,

2009 5681 2288 5738 transiens
2320 5684 2661 5748 Theodosius
2723 5694 3065 5758 Thracenses
3110 5705 3345 5762 obtinuit
3375 5721 3579 5779 partes.

2008 5767 2327 5831 Proditione
2362 5795 2491 5834 vero
2532 5782 2672 5839 facta
2710 5803 2803 5855 per
2839 5802 3046 5857 portam
3088 5797 3384 5867 singularis
3434 5804 3581 5858 muri

2014 5861 2435 5925 lilarbernartun
2513 5876 2699 5932 urbem
2762 5885 2922 5951 repit.
2992 5887 3083 5943 Ast
3140 5861 3308 5962 iniqui
3376 5894 3576 5951 Obsicii
