4414 6462
786 446 919 512 1351

1945 432 2344 495 ANASTASII
2372 428 3003 489 BIBLIOTHECARII

3920 438 4060 499 135'}

783 557 965 627 populi
1007 568 1112 608 una
1149 566 1271 606 cum
1298 546 1677 617 Cothograecis
1724 554 1887 597 noctu
1933 558 2029 611 per
2060 544 2250 596 domos
2280 540 2357 592 cio
2392 547 2430 599 Α
2465 536 2683 589 nomine
2712 534 2909 595 Zuher,
2945 535 2997 588 in
3035 537 3326 604 praesentia
3378 538 3531 592 stetit
3578 538 3801 594 dicens;
3855 540 4060 598 senm;

789 646 935 698 vium
974 644 1370 701 discurrentes,
1424 636 1719 690 maximum
1770 633 1905 687 nulli
1951 641 2239 701 parcentes
2266 646 2363 681 ex-

785 739 991 790 cidium
1038 732 1243 802 operati
1296 738 1445 783 sunt.
1510 726 1790 794 Principes
1821 739 2024 787 autem,
2072 724 2163 790 qui
2202 723 2254 773 in
2303 736 2364 772 ea

785 836 980 888 erant,
1025 824 1247 877 Artemii
1332 836 1436 874 una
1498 834 1622 872 cum
1687 818 1961 870 Germano
2015 815 2367 868 sanctissimo

790 922 1099 992 patriarcha
1133 914 1744 983 Constantinopolitano
1795 910 2233 987 comprehensos
2264 908 2366 958 du-

789 1020 985 1064 xerunt
1033 1010 1084 1061 iu
1134 1022 1318 1061 casam
1359 1004 1589 1057 Artemii
1647 1012 1699 1056 et
1735 1015 1923 1055 eorum
1955 1001 2047 1069 qui
2085 1015 2209 1052 cum
2248 1000 2369 1064 ipso

785 1113 965 1153 erant.
1027 1099 1197 1151 Porro
1234 1096 1516 1149 Artemius
1555 1095 1641 1147 his
1678 1092 1832 1155 visis,
1868 1090 2249 1159 desperatione
2284 1089 2368 1142 sui

784 1196 1007 1254 t‘essus,
1038 1200 1211 1247 semet
1252 1191 1431 1258 ipsum
1488 1186 1755 1247 tradidit,
1804 1169 2080 1252 verboque
2130 1180 2372 1249 impuni-

789 1287 917 1336 tatis
958 1282 1195 1352 expetito
1226 1280 1535 1334 monastit-o
1573 1279 1796 1331 indutus
1823 1283 1909 1328 est
1939 1274 2148 1327 habitu.
2197 1275 2370 1337 Quem

789 1376 1132 1430 Theodosius
1187 1374 1417 1426 illaesum
1442 1384 1731 1424 reservans
1758 1369 1898 1435 apud
1919 1362 2371 1420 Thessalonicam

788 1470 984 1522 exsilio
1014 1468 1295 1536 relegavit.
1346 1464 1515 1516 Porro
1548 1462 1886 1529 Philippicas
1928 1460 2215 1527 imperavit
2248 1458 2399 1535 qui-1

788 1561 910 1611 dem
945 1560 1107 1611 anuis
1151 1559 1366 1610 duobus
1399 1562 1451 1606 et
1506 1553 1790 1605 mensibus
1838 1566 2057 1611 novem,
2094 1551 2373 1603 Artemius

790 1663 919 1700 tero
958 1664 1102 1699 anno
1138 1663 1245 1698 uno
1295 1654 1347 1697 et
1400 1644 1682 1696 mensibus
1724 1643 1919 1695 trilms.
1975 1640 2081 1694 Leo
2113 1646 2390 1709 praeterea”

790 1754 914 1791 cum
950 1748 1091 1792 esset
1130 1745 1327 1805 praetor
1356 1734 2041 1801 Orientalium.quoniam
2073 1733 2375 1787 auxiliaba-

792 1840 879 1881 tztr
909 1813 1311 1887 Artemiofuon
1339 1835 1422 1879 est
1453 1825 1707 1877 subditus
1739 1822 2071 1876 Theodosio.
2131 1820 2375 1875 Habebat

2470 626 2604 692 fugit
2654 625 2863 689 furatus
2915 624 3190 689 pecuniam
3243 623 3487 690 multum,
3538 637 3584 678 et
3639 637 3849 694 propter
3901 632 4055 681 illum

2469 715 2612 781 equis
2641 714 2952 766 insedimus.
3004 711 3173 767 Porro
3206 715 3449 783 ipsorum
3485 718 3666 785 agnita
3713 734 3907 787 praetor
3958 726 4056 771 de-

2471 807 2741 874 Ceptioue,
2774 806 2913 859 dixit
2939 807 3004 858 ad
3045 820 3180 861 eos:
3236 805 3319 860 Ne
3370 811 3699 863 turbemini:
3751 828 3871 864 nam
3922 830 4057 880 quo-

2470 914 2672 969 cunque
2728 901 3058 965 perrererit,
3113 902 3167 952 in
3223 903 3418 954 castris
3471 904 3669 955 nostris
3736 906 4055 971 reperiemus

2471 1010 2610 1046 eum.
2669 993 2948 1049 Tristatus
2984 1004 3163 1049 autem
3201 998 3379 1066 potuit
3409 1000 3622 1052 occulte
3655 1015 3749 1068 per
3776 1002 4056 1055 hominem

2474 1102 2635 1139 suum
2678 1087 3022 1140 innotescere
3078 1088 3161 1142 his
3206 1089 3299 1157 qui
3344 1091 3550 1143 Amorii
3582 1100 3773 1154 erant,
3818 1093 4053 1148 dicens:

2476 1175 2678 1231 Timete
2708 1177 2897 1243 Deum,
2941 1195 3002 1232 ne
3038 1170 3398 1241 vosmetipsos'
3426 1185 3690 1248 prodatis.
3752 1183 3887 1238 Ecce
3914 1187 4055 1237 enim

2471 1277 2522 1322 et
2560 1267 2858 1323 Hasalmas
2896 1273 3303 1341 appropinquat.
3361 1272 3425 1326 Et
3470 1275 3603 1327 exii:
3634 1276 3799 1328 etiam
3836 1276 4058 1345 episeo-

2478 1376 2579 1437 pus
2615 1360 2680 1413 ad
2742 1377 2891 1420 eum,
2934 1372 2988 1415 et
3039 1364 3225 1417 eadem
3279 1349 3393 1431 ipsa
3451 1365 3583 1418 dicit
3634 1366 3701 1418 ei.
3756 1365 3890 1419 Cum
3926 1381 4059 1423 vero

2479 1439 3131 1507 Suln-ihuan-didicisset
3182 1455 3324 1523 quod
3381 1455 3586 1509 exisset
3631 1458 3696 1508 ad
3759 1472 3884 1508 eum
3940 1458 4058 1524 epi-

2478 1560 2719 1613 scopus,
2778 1547 2937 1597 tuittit
2981 1546 3045 1597 ad
3099 1555 3425 1612 prtum-em:
3481 1545 3559 1597 Da
3612 1548 4054 1611 nobis,.diccus,

2475 1639 2801 1705 episcopum.
2863 1639 2967 1703 Qui
3037 1649 3267 1692 mmstus
3321 1638 3498 1692 iactus
3561 1640 3849 1693 abscondit
3906 1657 4053 1701 ettin,

2478 1729 2694 1782 cuidam
2731 1729 3010 1781 hominum
3051 1746 3273 1784 suorum
3314 1731 3677 1798 praecipiens:
3724 1729 3921 1792 Nobis,
3968 1734 4056 1784 itt-

2478 1820 2618 1889 quit,
2654 1819 3079 1889 celloquentibus
3114 1821 3273 1873 indue
3306 1837 3423 1873 eum
3462 1824 3582 1875 aliis
3614 1824 3788 1885 stolis,
3824 1833 3872 1875 et
3904 1825 4058 1892 quasi

788 1933 969 1975 autem
1005 1920 1409 1989 conspirantem
1444 1919 1548 1971 sibi
1581 1926 1634 1970 et
1660 1926 2078 1969 concurrentem
2110 1916 2363 1968 Artabas-
2398 1907 2444 1967 Β
2472 1921 2684 1980 propter
2714 1911 2857 1979 ligna
2904 1911 2981 1962 rel
3026 1926 3219 1979 aquam
3273 1913 3490 1965 missum
3548 1914 3660 1967 sine
3704 1925 3759 1967 ut
3812 1916 3965 1967 radat
4002 1918 4052 1966 in

789 2015 920 2066 dum
959 2013 1297 2073 Armenium,
1334 2019 1620 2078 primorem
1665 2008 2143 2072 Armeniacorum,
2199 2007 2285 2060 cui
2314 2004 2373 2060 et
2398 2015 2417 2029 ‘

792 2105 1085 2173 spopondit
1118 2104 1282 2156 tiliam
1312 2117 1370 2155 se
1401 2117 1552 2156 suam
1588 2102 1641 2153 in
1679 2115 1901 2153 uxorem
1939 2099 2053 2152 fore
2092 2100 2370 2167 daturum;

789 2197 937 2263 quod
966 2204 1017 2248 et
1052 2194 1172 2248 fecit
1190 2234 1202 2247 .
1704 2198 1710 2205 ’

865 2286 1048 2340 Mundi
1097 2270 1241 2337 anno
1304 2282 1465 2345 6208,
1519 2282 1716 2335 divina:
1771 2279 2171 2334 incarnationis
2226 2295 2372 2333 anno

796 2378 920 2437 708.
952 2378 1260 2432 Germanus
1303 2374 1949 2442 Constantinopolilatius
1994 2372 2225 2424 habetur
2276 2389 2375 2425 uno

792 2469 948 2522 tistes
972 2505 987 2529 ,
1029 2467 1121 2536 qui
1159 2466 1416 2518 Ecclesia:
1450 2480 1641 2517 novem
1671 2463 1885 2532 pneiuit
1912 2461 2090 2513 annis.
2123 2459 2375 2514 Theodo-

793 2558 910 2612 sius
943 2572 1071 2610 vero
1100 2557 1329 2625 imperat
1360 2570 1505 2608 anno
1538 2570 1645 2607 uno
1671 2572 1684 2619 ;
1717 2554 1877 2620 cujus
1904 2562 2149 2621 tempore
2178 2550 2377 2604 Masal—
2408 2580 2413 2587 -

800 2667 918 2704 tuas
959 2650 1221 2703 adversus
1270 2648 1802 2715 Constantinopolim
1855 2646 2028 2699 aciem
2062 2645 2269 2713 dirigit,
2324 2652 2378 2696 et

796 2742 1059 2809 praemisit
1120 2739 1456 2794 Suhclimam
1517 2754 1642 2793 cum
1700 2739 1944 2791 exercitu
2010 2753 2105 2805 per
2144 2738 2375 2799 siccam,

799 2836 1094 2889 llmnarum
1128 2848 1257 2885 vero
1289 2848 1380 2902 per
1409 2848 1577 2885 mare.
1610 2830 1781 2883 l’orro
1814 2831 1927 2898 ipse
1968 2838 2091 2897 post
2128 2843 2224 2881 eos
2251 2841 2375 2881 cum

797 2928 967 2980 multo
1021 2934 1283 2995 apparatu
1336 2924 1517 2977 hostili
1574 2927 1741 2975 venit.
1810 2922 2144 2976 Subelimam
2196 2929 2377 2973 autem

794 3030 850 3073 et
889 3019 1192 3073 Bacharum
1239 3020 1518 3072 Amorium
1571 3007 1959 3087 pervenientes
2000 3014 2269 3075 scribunt
2306 3013 2375 3066 ad

801 3109 1036 3163 Leonem
1087 3120 1376 3179 praetorem
1403 3109 1756 3161 Orientalium
1790 3107 1863 3159 ita
1897 3124 1909 3159 :
1960 3105 2216 3158 Nouimus
2255 3104 2381 3173 quia

798 3206 1077 3272 imperium
1114 3203 1468 3256 Romanorum
1502 3212 1550 3254 te
1583 3206 1747 3253 decet.
1820 3199 1945 3252 Veni
1983 3215 2105 3267 ergo
2157 3200 2227 3250 ad
2263 3213 2379 3262 nos,

798 3309 847 3349 et
898 3299 1176 3367 loquamur
1231 3312 1347 3365 qua:
1392 3296 1459 3347 ad
1521 3311 1702 3362 pacem
1758 3303 1901 3346 sunt.
1946 3293 2171 3345 intuens
2200 3300 2382 3343 autem

800 3390 1135 3441 Subelimam
1185 3387 1471 3440 Amm-ium
1534 3384 1835 3438 exercitum
1879 3400 1987 3436 non
2046 3382 2282 3443 habere,
2335 3386 2390 3432 et

801 3480 1345 3548 inimicitiam‘penes
1372 3478 1755 3544 magistratum
1790 3478 1970 3547 jacere
2004 3477 2073 3528 ob
2125 3474 2388 3527 auxilium

806 3573 957 3641 quod
999 3573 1245 3624 Artemio
1296 3570 1651 3634 conferebat,
1708 3567 1924 3622 obsedit
1982 3566 2148 3625 illttd,
2201 3564 2390 3618 volens

803 3665 914 3716 illic
943 3672 997 3716 et
1027 3662 1343 3715 Masaltnam
1372 3670 1714 3730 exspectare.
1745 3659 1863 3711 Mox
1897 3642 2075 3711 autem
2109 3665 2166 3709 ut
2199 3670 2388 3724 appro-

807 3754 1088 3822 pinquavit
1138 3753 1347 3807 civitati
1388 3792 1403 3812 ,
1464 3760 1754 3821 cmpertmt
1807 3749 2072 3803 Saraceni
2103 3746 2390 3823 'laudibus

803 3841 1085 3896 diﬂ‘ainare
1117 3851 1404 3912 praetorem
1453 3840 1690 3895 Leonem
1734 3842 2146 3909 imperatorem,
2182 3848 2388 3905 rogano

804 3945 891 3992 tes
952 3945 1005 3989 et
1047 3935 1146 3989 bos
1200 3935 1295 4004 qui
1365 3934 1512 3988 intus
1558 3942 1757 3997 erant,
1813 3932 1865 3985 id
1929 3932 2105 4000 ipsum
2153 3927 2388 3982 edicere.

810 4024 1070 4080 Videntes
1124 4015 1405 4078 autemet
1462 4024 1536 4076 hir
1565 4023 1659 4093 qui
1715 4032 1873 4076 erant
1928 4021 2178 4085 Amorii,‘
2240 4018 2390 4089 quod

810 4116 1069 4169 Saraceni
1132 4115 1277 4167 hunc
1326 4128 1514 4167 amore
1568 4112 1876 4174 laudarent,
1934 4110 2295 4164 laudaverunt
2331 4119 2389 4163 et

812 4203 937 4269 ipsi.
974 4202 1323 4266 Cognoscens
1355 4214 1485 4254 vero
1520 4183 1719 4269 praetor
1743 4200 1886 4269 quod
1914 4200 2115 4254 laxatis
2146 4214 2209 4252 ac
2239 4199 2391 4269 prin-

807 4295 1024 4364 cipibus
1044 4311 1149 4349 non
1175 4295 1569 4349 exsistentibus
1598 4294 1899 4364 pet-iturum
1921 4292 2063 4349 foret
2083 4294 2390 4357 Amorium,

808 4388 1080 4457 signiﬁcat
1128 4388 1486 4441 Subeliman:
1537 4386 1599 4442 Si
1644 4392 1742 4450 vis,
1774 4388 2053 4457 inquiens,
2090 4397 2147 4440 ut
2188 4388 2392 4440 ueniam

809 4483 877 4531 ad
904 4488 951 4532 te
975 4492 1022 4532 et
1049 4496 1165 4548 qui:
1197 4480 1343 4545 pacis
1375 4489 1496 4531 sunt
1534 4479 1835 4548 loquamur,
1884 4495 1979 4531 cur
2010 4479 2219 4531 obsides
2263 4478 2385 4533 civi-

2473 2102 2629 2155 cenis
2676 2100 2809 2153 dit-it
2869 2109 3118 2168 pra-tor:

2472 2192 2671 2261 pergite
2691 2193 2759 2242 ad
2785 2207 3041 2271 emeram.
3073 2202 3121 2244 et
3149 2193 3297 2244 venio
3327 2194 3489 2244 etiam
3525 2195 3653 2258 ipse,
3691 2205 3738 2246 et
3767 2196 3828 2244 de
3854 2195 4056 2250 cunctis

2473 2282 2767 2351 loquemur.
2809 2281 2911 2351 Ipsi
2956 2292 3138 2336 autem
3175 2284 3479 2351 cogitantes
3505 2287 3648 2353 quod
3698 2301 3823 2336 eum
3866 2287 4058 2341 introi-

2476 2013 2695 2055 montes.
2756 2002 3140 2055 lnsistentibus
3192 2014 3374 2056 autent
3423 2020 3521 2071 pro
3584 2007 3843 2075 episcopo
3894 2008 4056 2059 Sata-

3189 2100 3313 2154 Non
3373 2111 3449 2154 est
3498 2104 3603 2155 hic.
3684 2102 4056 2158 Verumtamen

2477 2382 2557 2425 ret
2592 2376 2656 2426 ad
2687 2388 2952 2432 amaram,
2992 2376 3041 2424 in
3085 2373 3265 2425 medio
3302 2374 3543 2442 ipsorum
3579 2389 3636 2427 re
3664 2376 3876 2430 inereut
3906 2394 4054 2442 eum,

2478 2464 2621 2517 hunc
2676 2463 3025 2516 dimisi-runt.
3096 2465 3163 2515 At
3218 2464 3309 2517 ille
3363 2480 3486 2517 cum
3542 2480 3682 2534 equo
3742 2469 4057 2535 insedisset,

2478 2555 2758 2625 proiectus
2791 2570 2913 2606 cum
2974 2555 3056 2608 bis
3100 2564 3317 2607 centqu
3372 2555 3687 2609 hominibus
3716 2559 3871 2625 quasi
3905 2574 4065 2610 rena-

2480 2658 2660 2711 turus,
2686 2646 2836 2700 dedit
2885 2646 2938 2698 in
2987 2656 3195 2713 partem
3252 2647 3554 2699 sinistram.
3607 2649 3867 2699 Saraceni
3908 2663 4058 2717 ergo,

2478 2743 2572 2813 qtti
2627 2750 2785 2795 erant
2829 2756 2953 2794 cum
2996 2754 3083 2798 eo.
3139 2739 3332 2792 dicunt
3386 2731 3533 2792 ilii:'
3565 2742 3682 2805 Quo
3733 2741 3932 2793 radis!
3992 2738 4061 2793 In

2479 2835 2672 2899 pratis,
2697 2834 2791 2894 ait,
2827 2835 2939 2884 uolo
2967 2847 3196 2884 manere.
3225 2831 3292 2883 At
3326 2830 3401 2883 illi
3434 2831 3686 2884 dixerunt
3718 2848 3728 2881 :
3764 2829 4063 2883 Consilium

2483 2940 2631 2980 tuum
2666 2942 2766 2978 non
2793 2937 2868 2978 est
2907 2926 3120 2984 bonum,
3147 2934 3195 2976 et
3228 2940 3330 2976 non
3371 2924 3632 2976 veniemus
3664 2937 3853 2975 rerum.
3910 2924 4066 2977 Tunc

2480 3021 2615 3076 dicit
2647 3033 2846 3091 praator
2878 3023 2990 3074 suis
3025 3037 3037 3072 :
3092 3019 3254 3073 Verbo
3298 3021 3442 3070 nobis
3476 3026 3602 3089 dato
3648 3031 3818 3071 tenere
3865 3036 3952 3071 nus
3985 3036 4067 3070 ro-

2483 3116 2799 3177 luernt,-et
2834 3126 3046 3181 prop'cr
3078 3129 3170 3166 nos
3207 3110 3540 3179 Christiaan
3577 3114 3811 3177 perdere.
3875 3111 4065 3162 Verum

2486 3222 2549 3259 ex
2584 3207 2880 3258 hominibus
2920 3207 3115 3257 nostris
3170 3205 3247 3256 rel
3287 3204 3669 3258 animantibus.
3706 3219 3818 3267 qum
3854 3219 4070 3254 rentur:-

2490 3310 2711 3361 serunt,
2764 3298 2967 3350 nullum
3029 3296 3274 3348 retinent.
3348 3296 3407 3347 lit
3462 3311 3585 3347 eum
3644 3297 3775 3348 isset
3829 3296 4073 3349 iuiilibus

2491 3388 2701 3448 decem,
2740 3387 2975 3441 .tnansit.
3019 3385 3244 3439 l'ostcra
3278 3368 3401 3437 vero
3445 3385 3533 3437 die
3565 3386 3727 3437 Ittiiltl
3771 3397 4071 3437 stratornm

2493 3492 2718 3532 suorum
2764 3477 3147 3536 domesticum,
3189 3485 3242 3529 et
3276 3476 3547 3543 signiﬁcat
3586 3479 3707 3529 eis:
3769 3478 3906 3539 Quia
3957 3494 4073 3527 rer-

2492 3570 2613 3621 bum
2650 3569 2778 3621 mihi
2820 3568 3041 3620 dedistis
3070 3576 3119 3619 et
3149 3566 3273 3619 dolo
3303 3582 3382 3618 me
3425 3568 3649 3618 retinere
3684 3569 3944 3625 roluistis.
3979 3569 4069 3619 it-

2491 3664 2631 3713 circo
2681 3659 2889 3711 recessi.
2943 3660 3012 3710 At
3071 3672 3200 3710 vero
3229 3656 3518 3709 Masabuas
3562 3659 3836 3710 claustras
3886 3667 4072 3712 trans-

2494 3754 2654 3817 ierat,
2738 3750 3054 3804 Subeliman
3115 3758 3297 3802 autem
3358 3748 3459 3800 hoc
3517 3747 3823 3815 ignorabat.
3902 3747 4075 3800 Porro

2492 3842 2806 3898 tumultuati
2844 3849 2974 3895 sunt
3014 3842 3216 3893 amerei
3259 3848 3312 3892 et
3350 3841 3581 3907 populus
3630 3849 3818 3891 contra
3867 3838 4080 3891 Stilich-

2494 3951 2643 3999 man,
2668 3933 3017 4002 perliibeutes
3049 3950 3061 3985 :
3102 3930 3168 3984 Ut
3203 3930 3328 3998 quid
3356 3929 3653 3983 obsidemns
3678 3946 3876 3989 inuras.
3918 3941 3966 3982 et
3998 3934 4075 3982 iu-

2494 4026 2761 4079 cursiones
2804 4040 2903 4076 non
2952 4023 3224 4089 [at-imus?
3272 4015 3659 4091 Repositisque
3705 4022 4075 4074 tabernaculis

2492 4119 2887 4172 discesserunt.
2943 4115 3152 4168 Praetor
3197 4126 3379 4167 autem
3430 4114 3667 4167 Nica-am
3698 4114 4071 4167 turmam-ham

2493 4224 2616 4262 eum
2645 4208 2977 4276 octingentis
3010 4205 3273 4258 tnilitibus
3304 4205 3359 4258 iu
3393 4204 3709 4257 Armorium
3736 4206 4073 4272 introduxit,

2493 4301 2709 4356 emissis
2741 4316 2806 4353 ex
2837 4315 2903 4355 eo
2948 4299 3135 4353 multis
3185 4299 3509 4351 mulieribus
3547 4310 3595 4351 et
3640 4297 3974 4361 iurantibus,
4022 4313 4074 4352 et

2496 4394 2865 4462 proﬁciscitur
2900 4393 3018 4463 ipse
3062 4393 3117 4445 in
3151 4391 3433 4445 Pisidiam.
3488 4391 3622 4445 Cum
3650 4403 3829 4445 autem
3875 4393 4073 4445 Massi-

2496 4504 2617 4542 mas
2658 4488 2903 4541 venisset
2934 4486 2986 4538 in
3026 4485 3451 4554 Cappadociam,
3494 4487 3765 4551 desperati
3811 4500 3976 4553 super
4019 4502 4078 4538 se

815 4582 975 4622 tatem
1002 4572 1027 4622 1³
1066 4572 1132 4622 At
1163 4572 1287 4624 ille:
1321 4569 1472 4633 Vetti,
1517 4570 1718 4639 inquit,
1746 4580 1795 4623 et
1831 4571 2033 4623 recedo.
2067 4569 2133 4624 Ει
2166 4578 2393 4640 accepto
2425 4594 2469 4649 Ι)
2497 4579 2853 4647 Cappadoces
2881 4577 3134 4631 exierunt
3170 4576 3232 4628 ad
3262 4591 3411 4635 cuni,
3446 4583 3506 4626 ιιι
3537 4590 3595 4627 se
3625 4577 4076 4645 recipcreiﬂugi-

814 4670 1013 4729 praetor
1057 4661 1124 4712 ab
1156 4676 1220 4713 eo
1258 4661 1424 4713 verbo
1465 4676 1587 4713 cum
1643 4661 1904 4715 trecentis
1943 4660 2218 4729 equitibus
2244 4662 2394 4715 venit

813 4753 878 4803 ad
937 4751 1111 4803 illum.
1186 4750 1442 4803 Videutes
1499 4759 1678 4802 autem
1730 4765 1853 4804 eum
1914 4752 2149 4820 Agareni
2208 4750 2393 4804 vestiti

819 4842 1004 4894 loricis
1044 4841 1159 4894 suis
1200 4854 1465 4895 venerunt
1498 4842 1544 4894 ei
1580 4842 1821 4906 obviam,
1874 4842 1966 4911 qui
2012 4844 2269 4897 manebat
2314 4842 2396 4895 di—

817 4928 985 4981 midio
1033 4929 1221 4997 procul
1272 4945 1301 4981 a
1348 4930 1545 4982 castris
1573 4945 1762 4984 eorum
1817 4932 2095 4987 milliario.
2153 4931 2254 4985 Per
2284 4940 2397 4989 tres

818 5034 950 5071 sane
973 5020 1091 5072 dies
1140 5034 1205 5073 eo
1236 5021 1570 5088 procedente
1600 5022 1664 5074 ad
1700 5022 1905 5090 ipsum,
1957 5040 2078 5091 quae
2107 5023 2173 5076 ad
2210 5038 2395 5091 pacein

820 5121 971 5177 sunt,
1030 5113 1420 5181 loquebantur,
1474 5122 1527 5167 et
1560 5122 1671 5166 uta
1700 5115 1921 5169 civitate
1957 5115 2316 5169 recederent:
2346 5125 2402 5170 at

822 5202 896 5255 illi
945 5204 1303 5255 asserebant:
1341 5202 1548 5272 Sponde
1573 5220 1776 5272 pacem,
1809 5215 1859 5257 et
1891 5207 2198 5258 recedimus.
2232 5205 2400 5258 Com-

822 5306 975 5363 perto
1036 5310 1166 5348 vero
1236 5306 1437 5364 praetor
1496 5297 1640 5366 quod
1699 5314 1821 5351 eum
1878 5299 2078 5351 vellent
2142 5300 2399 5363 retinere,

823 5390 1035 5441 vocavit
1078 5390 1280 5442 multos
1310 5405 1374 5442 ex
1414 5390 1718 5444 illustribus
1748 5389 2039 5445 Saracenis
2065 5392 2131 5443 ad
2160 5406 2398 5455 ctenam,
2442 5412 2443 5415 η

820 5493 877 5535 et
926 5483 1274 5536 vescentibus
1335 5484 1416 5536 eis
1486 5484 1636 5537 misit
1701 5482 2022 5537 Subeliman
2080 5484 2182 5536 tria
2234 5483 2402 5537 millia

823 5577 1178 5630 loricatormu
1208 5576 1272 5629 ad
1303 5576 1751 5631 circumdandum
1789 5593 1913 5631 eum
1953 5594 2021 5631 ne
2067 5576 2299 5647 fugeret,
2346 5587 2401 5632 et

825 5670 1174 5724 servandum.
1224 5670 1340 5735 Quo
1364 5670 1584 5740 cognito
1615 5672 1866 5726 custodia
1908 5670 2181 5725 nuntiavit
2205 5670 2253 5723 ei
2276 5670 2401 5739 quia

828 5763 1204 5817 multitudines
1252 5764 1587 5832 equestrium
1629 5761 2025 5818 Saracenorum
2072 5763 2122 5815 iu
2167 5762 2402 5815 circuitu

830 5866 1017 5910 nostro
1063 5865 1224 5911 stant.
1290 5854 1527 5913 Veniens
1578 5867 1755 5911 autem
1804 5864 1946 5913 unus
1991 5872 2053 5913 es
2105 5858 2183 5911 eis
2215 5871 2402 5925 eques.

2498 4679 2696 4723 tantes.
2776 4667 2976 4722 Audita
3036 4681 3169 4721 vero
3229 4664 3515 4717 Masaltnas
3572 4664 3853 4718 inimicitia
3912 4682 4075 4733 quam

2498 4758 2734 4811 habebat
2785 4753 3127 4809 Theodosius
3175 4742 3243 4805 in'
3294 4760 3579 4819 praetorem
3616 4793 3628 4809 .
3701 4755 3885 4805 ridens
3936 4756 4077 4806 hunc

2497 4849 2752 4917 decipere
2796 4856 2852 4900 et
2901 4844 3106 4914 pacisci
3151 4859 3275 4898 eum
3321 4857 3388 4896 eo
3423 4857 3483 4895 ac
3534 4858 3629 4910 per
3664 4844 3841 4911 ipsum
3876 4842 4080 4897 Roma-

2502 4940 2642 4993 niam
2679 4938 2780 4991 sibi
2813 4938 3111 5005 subjicere,
3142 4935 3277 4990 dicit
3308 4936 3389 4988 eis
3417 4950 3429 4985 :
3473 4932 3593 4987 Non
3620 4932 3761 4987 ‘estis
3802 4940 4040 5002 pra‘toris
4072 4943 4083 4965 ’

2500 5034 2593 5102 qui
2640 5031 2941 5085 dixerunt:
2973 5010 3179 5082 .Etiam.
3236 5026 3441 5079 Facitis
3484 5029 3736 5096 quidquid
3788 5032 3964 5095 {at-it?
3991 5022 4082 5082 Ἀι

2503 5125 2579 5177 illi
2611 5142 2625 5177 :
2676 5121 2877 5175 Etiam.
2922 5119 3073 5174 Tunc
3098 5121 3231 5174 dicit
3257 5123 3377 5173 eis:
3428 5118 3511 5172 Ite
3541 5122 3608 5171 ad
3657 5132 3836 5174 castra
3882 5132 4078 5179 t'cstra.

2502 5226 2548 5269 et
2576 5231 2884 5285 queinquam
2917 5214 3080 5265 nolite
3108 5214 3307 5272 timere,
3337 5212 3609 5279 jussitque
3643 5215 3842 5281 populo
3882 5229 3980 5266 suo
4015 5229 4083 5266 ne

2507 5309 2882 5376 praedarentur
2934 5306 2988 5357 in
3050 5305 3267 5357 cunctis
3307 5304 3557 5370 praetoris
3606 5304 3920 5371 provinciis.
3982 5302 4082 5355 ilis

2506 5403 2706 5463 praetor
2735 5392 3063 5462 compertis,
3107 5400 3158 5444 et
3215 5393 3526 5460 intelligens
3565 5392 3711 5460 quod
3757 5392 4081 5446 Subeliman

2506 5485 2788 5539 nuntiaret
2825 5483 3101 5536 Masaltna
3132 5482 3276 5554 quod
3316 5497 3374 5535 se
3417 5482 3687 5536 dimiserit
3718 5495 3767 5536 et
3802 5482 4083 5536 discesse-

2508 5578 2601 5639 rit,
2654 5576 2805 5629 misit
2850 5575 3069 5627 litteras
3131 5573 3197 5624 ad
3248 5571 3569 5632 Masalman,
3623 5571 3855 5626 dicens:
3904 5571 3986 5623 Ad
4037 5585 4087 5623 te

2506 5668 2952 5728 roiebamveuire,
3001 5665 3094 5718 sed
3130 5664 3463 5726 Subeliman,
3498 5679 3614 5714 cum
3653 5665 3806 5717 issem
3849 5664 3916 5715 ad
3939 5680 4087 5727 ρων,

2510 5775 2681 5816 tenere
2709 5776 2787 5813 me
2816 5760 2998 5822 voluit,
3030 5767 3077 5810 et
3108 5756 3303 5808 idcirco
3332 5765 3503 5808 metuo
3543 5758 3714 5810 renire
3738 5757 3808 5808 ad
3836 5770 3903 5808 te.
3946 5755 4037 5807 Die
4072 5773 4087 5807 t

2508 5870 2637 5925 ergo
2669 5853 2962 5908 Masalmas
2999 5849 3202 5906 homini
3237 5850 3486 5917 praetoris
3521 5866 3530 5899 :
3596 5848 3731 5902 Νοιοὲ
3787 5848 3923 5917 quod
3956 5850 4089 5900 iliu-
