4414 6462
829 420 964 485 .1355

1929 407 2326 467 ANASTASII
2369 408 2991 470 illBI.IOTHECARll

3951 420 4102 487 135.6

821 546 1100 592 mittentes
1168 526 1507 601 sp.:tharium
1579 524 1853 595 prodere,
1926 526 2160 593 plurima
2231 527 2388 579 xenia
2428 541 2468 590 Α
2501 528 2764 581 Armeniis
2820 528 3002 591 habes.
3047 528 3312 598 paciscere
3363 541 3413 586 et
3458 548 3681 599 mecum,
3738 545 3787 590 et
3826 548 3936 592 esto
3999 539 4104 595 sub

821 634 1184 699 perceperunt
1228 624 1296 675 ab
1331 620 1433 675 eis.
1485 618 1548 672 Et
1580 619 1765 686 plures
1797 617 1999 671 missos
2036 619 2220 671 denuo
2269 617 2400 670 mit-

825 732 968 785 tunt,
1009 717 1170 773 simul
1215 715 1379 769 etiam
1436 727 1559 766 cum
1613 710 1921 778 quantitate
1970 710 2088 763 auri
2138 709 2205 763 ad
2263 710 2405 765 reci-

826 814 1084 887 piendum
1131 809 1497 879 spatharium.
1532 803 1690 857 Alani
1723 818 1851 858 vero
1890 802 2175 871 spathario
2204 803 2355 855 aiunt
2389 822 2401 857 :

829 906 1078 961 Homines
1112 904 1224 967 isti,
1261 913 1307 955 et
1352 895 1795 970 quemadmodum
1839 896 2206 961 pra'diximus,
2251 895 2319 948 ad
2358 904 2406 949 te

823 996 1176 1067 recipiendum
1208 1000 1475 1055 venerunt,
1503 1000 1551 1045 et
1584 989 1817 1059 Abasgia
1857 998 1904 1041 te
1933 987 2302 1057 pra'stolatur.
2336 986 2405 1040 Et

821 1092 1073 1161 quoniam
1100 1088 1329 1159 proximi
1357 1101 1540 1139 sumus
1580 1086 1675 1147 eis,
1724 1083 2075 1152 negotiatores
2127 1092 2307 1136 euntes
2339 1080 2406 1133 ad

825 1184 950 1237 illos
1004 1199 1106 1235 non
1153 1180 1427 1248 deﬁciunt.
1470 1176 1611 1247 Ergo
1653 1192 1715 1229 ne
1753 1175 1947 1243 prodas
1997 1176 2070 1228 eis
2123 1176 2404 1228 consilium

826 1287 1087 1332 nostrum.
1141 1272 1435 1327 Trademus
1462 1282 1508 1325 te
1544 1268 1846 1338 manifeste,
1893 1278 1940 1322 et
1985 1284 2104 1320 cum
2140 1260 2233 1321 nos
2278 1269 2407 1321 moti

828 1366 1223 1427 recesserimus,
1258 1364 1525 1416 mittemus
1551 1360 1753 1415 occulte
1792 1368 1907 1426 post
1944 1368 2167 1427 tergum,
2206 1368 2251 1412 et
2283 1358 2407 1411 illus

825 1459 1036 1530 quidem
1089 1456 1410 1518 occidemus,
1463 1465 1511 1508 te
1563 1462 1735 1506 autem
1798 1451 2184 1504 occultabimus
2247 1451 2411 1504 donec

827 1558 1162 1605 conservetur
1193 1547 1416 1617 populus
1458 1553 1636 1598 noster
1674 1554 1722 1597 et
1753 1544 2089 1597 concorditer
2137 1543 2408 1612 ingredia-

830 1661 951 1697 mur
981 1654 1179 1698 terram
1232 1641 1490 1709 ipsorum.
1549 1636 1705 1702 Quod
1753 1648 1807 1691 ct
1860 1638 2062 1690 factum
2110 1644 2212 1691 est.
2244 1636 2410 1689 Com-

832 1736 1105 1806 prehenso
1136 1732 1373 1801 denique
1402 1729 1557 1783 missi
1587 1728 1929 1797 Abasgorum
1963 1727 2244 1795 spathario
2282 1742 2408 1780 cum

835 1828 1153 1881 hominibus
1217 1824 1338 1895 ejus
1400 1822 1709 1877 vincientes
1768 1835 1893 1875 cum
1966 1819 2212 1873 abibant.
2276 1818 2408 1873 Dein

830 1919 1270 1974 retrovenientes
1310 1917 1470 1970 Alani
1504 1930 1630 1969 cum
1664 1912 1879 1968 llictaxi
1913 1913 2138 1967 domino
2187 1929 2289 1968 suo
2319 1928 2411 1967 oc—

831 2014 1023 2067 riduut
1053 2013 1324 2081 Ahasgos,
1363 2008 1711 2080 spatharium
1762 2007 2149 2073 occultantes;
2204 2014 2257 2059 et
2302 2006 2412 2060 cle-

832 2110 941 2162 t-tis
979 2105 1248 2159 militibus
1284 2114 1467 2156 mutus
1496 2108 1579 2155 est
1611 2100 1662 2154 in
1704 2098 2019 2168 Abasgiam,
2052 2106 2112 2179 et
2135 2098 2413 2167 insperate

833 2201 1125 2253 clausurus
1186 2211 1379 2251 eorum
1429 2195 1719 2263 ingressus
1770 2191 1998 2246 multam
2048 2190 2103 2243 in
2160 2190 2412 2261 Abasgos

836 2293 1069 2362 praedam
1101 2299 1154 2344 et
1191 2286 1582 2345 exterminium
1625 2293 1890 2355 operatus
1925 2290 2031 2337 est.
2066 2281 2280 2348 Quibus
2310 2298 2412 2337 au-

836 2384 965 2437 ditis
1009 2380 1381 2445 Justinianus,
1438 2386 1494 2432 et
1541 2384 1828 2447 comperto
1878 2376 2026 2445 quod
2074 2378 2237 2429 etiam
2294 2376 2413 2432 sine

836 2477 1086 2545 pecuniis
1114 2482 1384 2545 prmeepta
1418 2486 1517 2526 sua
1546 2479 1677 2526 sunt
1714 2479 1860 2531 acta,
1904 2469 2070 2522 mittit
2104 2469 2315 2522 litteras
2344 2470 2409 2523 ad

837 2568 1105 2635 Abasgos,
1164 2565 1293 2634 quia
1346 2563 1403 2617 Si
1455 2562 1688 2625 salvum,
1743 2559 2019 2628 inquiens,
2074 2560 2410 2629 spatharium

840 2670 1087 2715 nostrqu
1122 2656 1500 2714 custodieritis
1544 2662 1598 2708 et
1634 2668 1730 2723 per
1756 2668 1853 2707 vos
1898 2652 2128 2707 illaesum
2154 2652 2416 2707 transire

840 2750 1227 2822 pet-miseritis,
1276 2762 1470 2802 onmes
1511 2760 1773 2800 excessus
1812 2754 2030 2799 vestros
2063 2743 2222 2798 vobis
2254 2744 2413 2813 igno-

838 2846 1069 2900 scimus.
1105 2842 1173 2896 At
1216 2842 1296 2896 illi
1328 2855 1453 2894 cum
1500 2840 1701 2909 gaudio
1737 2837 1825 2892 his
1875 2837 2113 2906 receptis
2146 2837 2415 2891 miserunt

834 2939 1020 2993 denuo
1053 2937 1106 2990 in
1137 2935 1390 2989 Alauiam
1435 2933 1790 3004 pet-bibentes
1817 2949 1829 2985 :
1860 2930 2116 2985 Dabimus
2146 2932 2290 2985 vobis
2321 2934 2414 2984 ob—

837 3031 975 3085 sides
1019 3029 1162 3099 ﬁlios
1198 3037 1434 3088 nostros,
1481 3035 1529 3080 et
1582 3026 1705 3079 date
1759 3024 1904 3077 nobis
1957 3023 2310 3092 spatharium,
2359 3033 2414 3077 ut

840 3124 1111 3175 mittamus
1140 3135 1256 3173 eam
1300 3117 1368 3170 ad
1409 3115 1806 3171 Justinianum.
1852 3112 2054 3168 Verum
2100 3114 2416 3182 spatharius

840 3216 946 3269 hoc
991 3212 1283 3267 admittere
1330 3208 1531 3270 noluit,
1566 3220 1826 3261 asserens
1860 3221 1873 3257 :
1909 3202 2060 3257 Valet
2113 3202 2241 3257 milii
2279 3202 2417 3257 Deus

840 3308 1046 3375 aperire
1103 3302 1299 3357 ostium
1347 3298 1616 3354 exeundi:
1648 3313 1771 3350 nam
1825 3312 1917 3365 per
1975 3295 2262 3366 Abasgiam
2314 3312 2419 3350 non

838 3413 986 3453 exeo.
1038 3395 1169 3451 Post
1227 3392 1449 3462 aliquod
1508 3405 1638 3445 vero
1695 3398 1913 3459 tempus
1961 3404 2089 3443 cum
2139 3388 2419 3444 exercitus

842 3491 1224 3545 Romanorum
1270 3493 1328 3541 et
1382 3483 1771 3537 Armeniorum
1833 3479 2066 3551 ingressi
2121 3487 2310 3536 essent
2363 3482 2418 3534 in

845 3583 1094 3637 Lazicam
1135 3586 1190 3634 et
1234 3574 1617 3645 Artbeopolim
1668 3579 2074 3643 expugnarent,
2108 3572 2418 3626 Saraceno-

849 3690 965 3729 rum
999 3672 1191 3727 audite
1222 3670 1457 3725 adventu
1494 3673 1868 3722 recesserunt.
1898 3663 2151 3734 Separati
2182 3679 2315 3719 vero
2353 3680 2419 3719 ex

844 3768 924 3822 eis
980 3780 1156 3831 usque
1229 3761 1295 3815 ad
1359 3760 1632 3815 ducentos
1688 3756 2064 3810 ascenderunt
2125 3755 2183 3810 in
2240 3764 2423 3825 partes

847 3861 1067 3932 Apsilias
1093 3868 1259 3927 atque
1281 3854 1689 3911 Caucaseorum
1716 3850 1986 3904 montium
2015 3850 2418 3920 deprtedantcs.

848 3953 1137 4008 Saracenis
1171 3965 1303 4006 sane
1349 3948 1419 4002 ad
1477 3946 1729 4001 Lazicam
1764 3942 2119 3998 venientibus
2164 3941 2294 4011 fuga
2344 3941 2425 3995 la-

849 4062 981 4116 psus
1014 4045 1387 4099 Romanorum
1424 4038 1921 4104 Armeniorumque
1955 4034 2190 4104 populus
2221 4033 2424 4088 Phasin

852 4153 1102 4195 remeans
1147 4136 1304 4190 adiit.
1362 4132 1592 4187 Ducenti
1646 4144 1778 4183 vero
1838 4128 1918 4182 illi
1972 4135 2321 4183 remanentes
2369 4127 2423 4181 in

849 4229 1134 4287 Caucasiis
1189 4234 1392 4283 stetere
1442 4222 1747 4286 montibus,
1794 4220 2191 4275 latrocinantes
2237 4228 2292 4274 et
2322 4208 2423 4274 usui

851 4322 1291 4392 desperationem
1336 4317 1629 4388 patientes.
1666 4313 1787 4380 Quo
1828 4322 2114 4383 cmnperto
2141 4311 2299 4366 Alani
2340 4328 2427 4367 ar-

854 4414 1040 4469 bitrati
1061 4422 1190 4468 sunt
1212 4409 1623 4465 multitudinem
1649 4406 2023 4460 Romanorum
2050 4407 2101 4459 iu
2127 4404 2428 4472 Caucaseis

854 4508 1132 4561 montibus
1192 4518 1358 4569 esse,
1408 4499 1821 4571 pandentesque
1887 4499 2043 4551 aiunt
2092 4496 2422 4567 spatbario:

2510 638 2669 691 regno
2715 638 2847 685 meo,
2895 630 2946 675 et
2996 623 3066 675 da
3116 624 3265 676 nobis
3326 626 3591 679 auxilium
3630 629 3985 686 descendendi
4034 636 4108 686 ad

2511 729 2658 767 mare
2703 724 2752 768 et
2805 715 3117 768 transeundi
3148 716 3220 768 ad
3284 714 3790 783 Trapezuntensium
3841 725 3981 777 loca.
4026 725 4110 778 Eo

2510 818 2641 858 vero
2670 813 2892 874 patrare
2938 805 3042 859 hoc
3089 822 3198 861 non
3250 821 3617 876 proponente,
3669 813 3839 866 mittit
3871 815 4108 884 spatba-

2510 898 2629 950 rius
2671 912 2839 950 unum
2883 914 2948 953 ex
3000 898 3319 957 hominibus
3366 902 3481 956 suis
3520 915 3573 957 et
3611 903 3920 974 Armenios,
3955 923 4106 977 prte-

2510 989 2726 1058 cipicns
2783 989 2866 1043 eis
2918 999 2979 1044 ut
3036 989 3283 1045 facerent
3340 994 3793 1051 occultationem.
3840 997 3909 1051 Et
3973 1018 4104 1054 cum

2512 1082 2761 1146 exierint,
2793 1082 2994 1150 inquit,
3032 1100 3059 1138 e
3089 1095 3267 1137 castro
3301 1086 3370 1138 ad
3412 1087 3671 1152 laborem,
3722 1092 3891 1160 capite
3919 1108 3985 1146 e.r
4021 1095 4104 1147 eis

2510 1185 2763 1245 quotquot
2793 1177 3060 1244 poteritis,
3082 1187 3365 1247 portasque
3397 1189 3565 1235 tenete
3599 1181 3663 1234 ab
3692 1183 3777 1236 Itis
3825 1186 3917 1253 qui
3958 1184 4102 1253 foris

2512 1278 2657 1333 sunt,
2686 1269 2849 1322 donec
2879 1279 2927 1323 et
2967 1284 3060 1322 nos
3090 1272 3479 1335 perveniamus.
3512 1271 3726 1338 Quibus
3758 1275 4102 1331 abeuntibus

2512 1370 2565 1413 ct
2598 1359 2936 1417 facientibus
2982 1361 3440 1427 occultationem,
3488 1380 3613 1419 cum
3668 1367 3906 1438 populus
3947 1381 4107 1424 esset

2512 1454 2578 1507 ad
2615 1454 2857 1507 laborem
2903 1470 3183 1525 egressus,
3231 1458 3418 1511 subito
3450 1458 3724 1513 irruentes
3776 1471 3829 1515 et
3878 1469 4102 1531 portam

2513 1552 2812 1599 tenuerunt
2842 1553 2898 1599 et
2934 1547 3136 1600 multos
3173 1556 3457 1617 ceperunt.
3494 1548 3629 1603 Cum
3659 1562 3841 1604 autem
3882 1553 4102 1606 Phara-

2515 1638 2761 1691 smanius
2794 1636 2847 1689 in
2894 1646 3085 1691 castro
3116 1653 3241 1692 cum
3270 1641 3463 1709 paucis
3499 1643 3820 1703 mansisset,
3851 1645 4105 1712 pervenit

2513 1731 2679 1784 etiam
2713 1729 3052 1799 spatbarius,
3081 1739 3135 1785 et
3158 1733 3492 1801 praelocutus
3538 1747 3664 1786 cum
3699 1733 4106 1790 Pharasmanio

2516 1832 2575 1876 ut
2635 1822 2876 1891 aperiret
2922 1837 3048 1876 cum
3099 1837 3270 1892 pace,
3320 1824 3531 1890 noluit,
3589 1826 3684 1878 sed
3747 1829 4105 1881 coacervavit

2516 1915 2742 1970 bellum.
2779 1913 2985 1969 Verum
3030 1930 3155 1968 cum
3196 1926 3438 1970 castrqu
3495 1918 3767 1970 munitum
3818 1927 3961 1972 esset
4009 1935 4104 1973 ca-

2514 2022 2644 2076 pere
2678 2006 2733 2060 id
2773 2007 3000 2061 miuime
3050 2016 3372 2077 potuerunt.
3426 2006 3675 2065 Marinus
3716 2024 3845 2063 vero
3888 2011 4103 2079 primus

2514 2099 2911 2153 Absiliensium
2954 2112 3079 2152 cum
3115 2098 3407 2154 didicisset
3446 2101 3593 2168 quod
3628 2110 3875 2154 castrum
3923 2117 4103 2170 expu-

2516 2202 2801 2263 gnaretur,
2832 2190 3031 2245 timore
3063 2191 3322 2247 detentus
3362 2201 3469 2258 est,
3504 2194 3832 2248 existimans
3865 2195 4101 2247 multum

2516 2299 2637 2339 esse
2683 2298 2810 2337 cum
2862 2283 3151 2352 Spathario
3198 2284 3487 2354 populum,
3542 2276 3594 2339 cl
3624 2286 3861 2354 sumptis
3910 2301 4103 2339 secum

2516 2376 2777 2430 trecentis
2823 2375 2939 2430 abit
2980 2374 3047 2429 ad
3073 2376 3435 2445 spatharium
3488 2377 3680 2433 dicens
3716 2395 3727 2430 :
3765 2376 3873 2448 Ego
3908 2390 3951 2432 te
3992 2381 4105 2432 sal—

2517 2484 2637 2521 vum
2671 2467 2865 2521 ducam
2894 2484 3056 2537 usque
3086 2468 3153 2521 ad
3182 2470 3479 2523 maritima.
3508 2470 3576 2523 At
3603 2486 3733 2523 vero
3772 2470 4103 2524 Pharasma-

2516 2560 2643 2615 nius
2686 2561 2804 2615 visa
2861 2561 3189 2615 necessitate
3239 2562 3306 2617 ad
3344 2562 3690 2631 spatharium
3721 2562 3860 2617 dixit
3892 2582 3903 2617 :
3940 2563 4107 2618 Sume

2517 2653 2691 2722 [ilium
2739 2668 2912 2705 meum
2950 2652 3207 2717 obsidem,
3260 2663 3309 2707 et
3360 2656 3613 2722 proﬁteor
3653 2656 3871 2723 imperio
3917 2656 4105 2709 deser-

2517 2745 2645 2798 vire.
2681 2742 2786 2809 Qui
2832 2752 3051 2813 recepto
3098 2754 3227 2798 nato
3260 2745 3381 2814 ejus
3413 2746 3548 2799 dicit
3595 2747 3642 2800 ei
3675 2764 3687 2800 :
3716 2747 3941 2813 Qualem
3990 2764 4107 2801 ser-

2518 2852 2639 2890 t'um
2684 2845 2732 2888 te
2774 2836 2947 2903 ipsum
2988 2825 3248 2903 perhibes,
3284 2837 3412 2905 quia
3457 2837 3693 2891 inclusus
3743 2854 3860 2891 cum
3899 2840 3973 2892 sis
4016 2836 4108 2892 ιυ-

2519 2928 2693 2998 queris
2736 2928 2931 2984 nobis?
2958 2928 3288 2997 impossibile
3316 2929 3465 2982 nobis
3496 2940 3572 2983 est
3614 2929 3905 2993 discedere,
3935 2929 4107 2984 donec

2520 3032 2757 3074 castrum
2790 3022 3086 3088 capiamus.
3134 3020 3291 3075 Tunc
3328 3021 3468 3075 dixit
3512 3020 3943 3077 Pharasmanius
3974 3039 3987 3074 :
4019 3024 4109 3074 Da

2521 3114 2649 3167 mihi
2675 3113 2908 3168 uerbum.
2944 3116 3015 3166 At
3045 3128 3179 3168 vero
3220 3114 3539 3183 spatharius
3585 3114 3737 3168 dedit
3781 3115 3829 3167 ei
3874 3114 4108 3169 verbum

2446 3228 2489 3288 ε
2523 3206 2659 3259 nihil
2684 3205 2733 3261 ei
2771 3206 3028 3269 nocendi,
3071 3205 3168 3261 sed
3204 3221 3327 3260 cum
3366 3207 3614 3275 triginta,
3641 3208 3731 3273 qui
3760 3220 3870 3260 una
3907 3220 4105 3260 secum

2522 3298 3003 3368 ingrediebantur,
3053 3298 3243 3353 dicens
3274 3295 3443 3352 :Moa:
3477 3306 3535 3350 ut
3571 3298 3796 3366 ingressi
3820 3298 4105 3366 fuerimus,

2524 3398 2689 3443 tenete
2734 3398 2944 3455 portas,
3005 3396 3055 3442 et
3098 3390 3363 3441 introeant
3420 3403 3623 3441 omnes.
3684 3386 3750 3441 Et
3802 3386 3905 3440 hoc
3958 3386 4110 3441 facta

2525 3482 2686 3537 rediit
2731 3482 3004 3536 missurus
3035 3483 3213 3551 ignem
3263 3481 3316 3535 in
3372 3490 3580 3535 castro.
3620 3479 3757 3534 Cum
3803 3488 3985 3534 autem
4021 3479 4110 3533 fa—

2523 3582 2673 3629 ctum
2724 3575 2925 3630 fuisset
2977 3574 3292 3628 incendium
3346 3580 3588 3637 vastum,
3639 3573 3828 3627 exiere
3859 3571 4107 3635 familiae,

2525 3666 2791 3736 quidquid
2825 3675 3081 3736 poterant
3115 3675 3331 3734 gestare
3365 3664 3647 3734 rapientes
3678 3680 3742 3718 ex
3778 3665 3937 3719 bonis
3962 3666 4107 3719 suis.

2525 3757 2593 3811 Et
2625 3757 2924 3811 transactis
2967 3757 3093 3809 aliis
3120 3752 3347 3826 triginta
3380 3756 3578 3809 diebus
3613 3756 3886 3809 destruxit
3916 3772 4110 3809 muros

2526 3863 2703 3919 usque
2730 3847 2797 3901 ad
2830 3855 3057 3908 terram.
3088 3853 3145 3901 et
3178 3854 3363 3900 motus
3394 3844 3683 3901 descendit
3716 3846 3771 3899 in
3804 3844 4107 3914 Dapsiliam

2526 3956 2649 3995 cum
2680 3938 2891 3993 Marino
2928 3937 3107 4007 primo
3133 3952 3351 4001 eorum,
3398 3946 3656 4006 suscepto
3688 3951 3717 3988 a
3750 3936 4110 4006 Dapsiliensi-

2528 4034 2632 4089 bus
2659 4048 2784 4087 cum
2817 4032 3025 4101 ingenti
3061 4032 3296 4086 honore.
3334 4029 3577 4100 Indeque
3617 4029 3809 4084 abiens
3840 4029 3905 4083 ad
3940 4034 4111 4084 mari-

2528 4127 2658 4182 tima
2691 4125 2977 4188 remeavit,
3010 4134 3064 4179 et
3106 4122 3258 4177 venit
3295 4122 3363 4175 ad
3397 4120 3792 4176 lustiniauum.
3837 4118 4107 4174 Praeterea

2526 4217 2846 4273 Iustiniano
2898 4217 3227 4285 interempto
3280 4222 3334 4269 ct
3389 4213 3696 4282 Philippica
3741 4215 3860 4267 visu
3909 4215 4107 4269 oculo-

2530 4328 2650 4366 rum
2681 4311 2879 4366 orbato
2914 4310 3147 4379 imperet
3172 4307 3473 4370 Artemius,
3500 4306 3593 4374 qui
3628 4316 3948 4374 provexerat
3978 4322 4107 4359 eum

2502 4412 2819 4474 praetorem
2860 4400 3248 4454 Orientalium.
3281 4398 3418 4452 Cum
3451 4413 3583 4452 Vero
3611 4395 3957 4451 Theod0sius
4002 4398 4109 4450 im-

2535 4500 2798 4562 perasset,
2829 4503 2881 4544 ct
2902 4492 3094 4560 pulsus
3129 4490 3410 4543 Artemius
3442 4489 3775 4551 exstitisset,
3822 4488 4108 4543 ﬂuuiana.

855 4599 1080 4652 Roinani
1124 4596 1590 4665 appropinquant:
1622 4607 1775 4661 perge
1828 4588 1897 4643 ad
1957 4605 2063 4645 eos.
2114 4588 2426 4658 Assumptis
2460 4595 2503 4648 ι)
2534 4599 2762 4654 rumque
2800 4599 2888 4639 res
2932 4582 3152 4653 publica
3188 4589 3337 4636 esset
3391 4579 3624 4634 confusa
3658 4589 3767 4633 tam
3802 4594 3866 4633 ex
3903 4579 4107 4633 Barba-

854 4707 983 4762 ergo
1030 4691 1345 4760 spatharius
1398 4685 1589 4740 Alanis
1625 4684 1692 4738 50
1719 4682 1976 4737 transivit
2006 4697 2129 4735 cum
2175 4682 2427 4763 cy‘cl0pe-

856 4785 1018 4839 dibus
1070 4781 1214 4835 Maio
1246 4794 1435 4833 mense
1482 4778 1799 4831 Caucaseos
1849 4781 2086 4835 montes,
2132 4781 2188 4828 et
2221 4774 2430 4827 invenit

856 4891 982 4934 eos:
1020 4875 1161 4929 unde
1211 4872 1444 4926 multum
1494 4868 1718 4938 gavisus
1769 4866 2157 4921 sciscitabatur
2204 4865 2427 4919 ubinam

854 4976 1003 5025 esset
1030 4966 1287 5037 p0pulus.
1318 4964 1422 5030 Qui
1454 4963 1706 5016 dixerqu
1740 4975 1753 5011 :
1789 4958 2074 5014 Saracenis
2108 4958 2427 5013 irruentibus

856 5062 911 5113 in
942 5057 1257 5111 Romaniam
1295 5054 1490 5108 τεινετεὶ
1518 5061 1663 5107 sunt.
1702 5050 1814 5105 N08
1846 5061 2024 5105 autem
2064 5067 2166 5103 ηοη
2200 5050 2427 5104 valentes

856 5153 913 5204 in
947 5148 1261 5203 Romaniam
1290 5147 1386 5208 ire,
1420 5147 1489 5199 ad
1534 5144 1784 5198 Alaniam
1816 5144 2069 5196 venimus.
2096 5140 2163 5195 Et
2192 5141 2330 5195 dixit
2361 5139 2428 5193 ad

856 5258 997 5297 eos:
1044 5239 1187 5306 Quid
1241 5238 1495 5308 faciemus
1552 5236 1744 5291 modo?
1795 5234 1898 5301 Qui
1959 5236 2211 5290 dixerunt
2262 5252 2276 5289 :
2326 5232 2429 5287 I’er

858 5336 1121 5403 regionem
1146 5332 1307 5385 istam
1346 5328 1667 5397 impossibile
1696 5336 1771 5382 est
1806 5328 2037 5381 transire
2064 5342 2180 5380 nos.
2205 5327 2275 5379 At
2306 5341 2429 5380 vero

861 5426 1179 5495 spatharius
1215 5425 1292 5479 ait
1325 5440 1339 5476 :
1374 5420 1496 5475 Non
1534 5432 1610 5475 est
1640 5420 1889 5491 possibile
1912 5436 2007 5489 per
2040 5420 2206 5472 aliam
2245 5418 2431 5472 exire?

859 5519 1114 5574 Castrum
1148 5532 1279 5586 ergo
1306 5524 1427 5571 erat
1478 5514 1589 5568 illic
1627 5514 2075 5583 cognominatum
2124 5511 2425 5575 Siudirum,

860 5614 916 5667 in
945 5624 1055 5679 quo
1090 5610 1193 5663 loci
1222 5619 1473 5663 servator
1508 5606 1810 5660 habebatur
1840 5606 2061 5675 quidam
2105 5604 2429 5659 Pharasma-

862 5703 988 5755 nius
1017 5701 1261 5763 nomine,
1299 5698 1401 5753 sub
1435 5697 1638 5752 ditione
1682 5695 2428 5750 S.-.racenorum.consistens

863 5796 915 5843 'et
938 5806 1123 5860 pacem
1141 5805 1265 5845 cum
1286 5788 1558 5844 Armeniis
1586 5788 1814 5841 habens.
1851 5786 2070 5840 Mittens
2094 5785 2278 5855 itaque
2304 5801 2429 5855 spa-

867 5883 1076 5936 tbarius
1125 5881 1394 5952 significat
1440 5880 1488 5935 ei
1531 5878 1756 5933 dicens:
1795 5877 2042 5943 Quandiu
2078 5894 2255 5935 narem
2311 5894 2427 5931 cum

2534 4693 2718 4733 rerum
2762 4678 2989 4731 incursu
3022 4688 3186 4745 quam
3233 4688 3299 4727 ex
3336 4671 3636 4726 .Iustiuiani
3689 4670 3999 4725 homicidiis
4051 4682 4106 4724 et

2530 4768 2827 4839 Philippici
2873 4767 3125 4823 scelestis
3174 4764 3412 4829 actibus,
3459 4764 3549 4817 hic
3592 4762 3703 4816 Leo
3736 4762 4106 4816 simulabatur

2530 4871 2583 4915 et
2612 4875 2714 4930 pro
2732 4859 2978 4914 Artcmio
3011 4861 3383 4927 expugnabat,
3420 4852 3731 4908 Theodosio
3759 4852 4102 4911 adversatus.

2531 4951 2667 5022 quin
2725 4958 2785 5005 ut
2832 4966 3021 5006 verum
3070 4950 3289 5004 dicatur
3344 4947 3411 4999 ad
3459 4960 3520 4999 se
3582 4944 3761 5014 ipsum
3815 4944 4103 5010 imperium

2533 5043 2839 5099 transferre
2908 5042 3245 5105 decertans;
3322 5035 3469 5106 quod
3525 5044 3580 5089 et
3646 5034 3796 5088 fecit.
3858 5032 4102 5087 Habebat

2532 5148 2715 5192 autem
2762 5135 3190 5191 concordantem
3228 5140 3283 5185 et
3322 5138 3745 5185 concurrentem
3796 5127 3898 5181 sibi
3944 5127 4106 5178 Art..-

2531 5230 2787 5293 hasdum,
2812 5226 3267 5282 Armeniacorum
3296 5235 3605 5293 praetorem,
3645 5232 3806 5287 quem
3850 5225 3901 5270 et
3934 5232 4104 5287 gene-

2531 5336 2652 5376 rum
2706 5321 2833 5384 sibi,
2901 5328 3193 5389 postquam
3250 5313 3522 5385 regnavit,
3576 5312 3750 5365 Anna:
3792 5308 3935 5362 tiliae
3989 5323 4105 5363 suae

2531 5413 2888 5483 conjunctum
2938 5411 3153 5474 eﬂecit,
3213 5421 3544 5480 promovens
3595 5405 3749 5459 illum
3798 5410 3855 5457 et
3896 5405 4104 5455 consti-

2533 5515 2692 5561 tuens
2729 5504 3106 5574 curopalaten.

2606 5598 2812 5653 Interea
2845 5597 3142 5652 Masalmas
3176 5610 3300 5649 cum
3348 5593 3401 5647 in
3431 5591 3558 5645 Asia
3612 5589 3929 5648 biemasset,
3963 5598 4104 5653 prte-

2532 5692 2841 5746 stolahatur
2894 5689 3095 5742 Leonis
3122 5687 3419 5757 promissa.
3468 5684 3711 5750 Cumque
3740 5680 3814 5733 nil
3842 5692 3868 5730 a
3919 5677 4103 5730 Leone

2533 5783 2855 5854 recepisset,
2893 5790 2947 5835 ct
2977 5790 3260 5849 comperto
3286 5776 3432 5846 quod
3464 5775 3655 5827 illusus
3692 5781 3834 5825 esset
3861 5769 3927 5823 ab
3958 5770 4102 5835 ipse.

2534 5876 2721 5931 adiens
2750 5874 2994 5945 Abydum
3046 5888 3240 5928 rursus
3270 5867 3571 5923 transvexit
3609 5864 3864 5935 populum
3911 5862 4101 5929 copio-
