4414 6462
383 441 520 506 i357

1175 434 1534 498 HISTORIA
1566 432 2132 494 ECCLESiASTlCA
2165 431 2264 490 EX
2303 424 2778 489 TiiEOPIiANE.

3449 413 3581 473 1358

365 570 482 610 sum
511 566 567 607 tn
601 549 892 612 Thracem.
922 560 974 605 et
997 557 1187 606 contra
1217 552 1418 616 regiam
1457 549 1646 600 urbem
1674 559 1913 598 commo-
1940 549 1991 606 Α
2016 542 2218 596 habens
2252 549 2306 593 ct
2334 543 2449 608 ipse
2479 552 2646 592 naves
2673 534 2778 589 360
2822 542 2874 584 et
2905 540 3301 584 armamentum
3328 535 3384 579 et
3414 539 3566 578 smn-

363 653 451 696 tus
477 647 583 704 est.
606 640 855 695 scribens
893 648 949 696 et
989 640 1056 694 ad
1109 637 1424 693 Suiehiman
1453 635 1919 711 protosymbolum

362 745 472 800 quo
497 731 710 786 veniret
736 745 842 786 una
889 745 1012 785 cum
1043 726 1359 800 praparatis
1413 726 1708 780 classibus.
1753 723 1923 777 Porro

368 816 437 871 i9
462 815 572 871 ital.
600 816 972 887 Septembrias
999 814 1251 869 obsidere
1276 812 1444 881 cepit
1497 811 1688 864 urbem
1722 808 1920 863 biasai-

365 924 511 975 tnas,
547 909 906 978 depopulatus
932 905 1177 960 Thracen
1230 917 1451 974 quoque
1510 900 1751 956 castella.
1807 899 1925 954 Cir.

367 998 698 1052 cumvallato
720 1011 850 1050 vero
877 1006 1096 1049 terreno
1123 1008 1282 1047 muro
1311 992 1567 1046 foderunt
1599 991 1654 1044 in
1684 989 1920 1044 circuitu

371 1089 580 1144 foveam
609 1088 872 1157 prolixam
917 1095 973 1139 et
1027 1098 1303 1154 magnam,
1335 1093 1392 1137 et
1424 1097 1588 1150 super
1612 1095 1731 1135 eam
1789 1079 1922 1132 sicci

369 1175 567 1247 lapidis
591 1173 876 1228 materiam
905 1186 1156 1240 posuere.
1189 1168 1447 1225 Kalendis
1471 1177 1649 1221 autem
1679 1164 1923 1235 Septem-

368 1267 508 1324 briis
532 1267 718 1336 primae
744 1262 1059 1318 indictionis
1086 1260 1335 1316 ascendit
1354 1260 1696 1327 impugnator
1720 1254 1923 1310 Christi

372 1356 684 1412 Sulehiman
716 1367 838 1407 cum
871 1353 1013 1408 stolo
1039 1361 1093 1406 et
1123 1350 1358 1404 amereis
1385 1349 1523 1412 suis,
1551 1348 1758 1402 habens
1774 1348 1926 1400 mira:

373 1444 770 1516 magnitudinis
795 1458 985 1507 naves,
1013 1450 1069 1497 et
1118 1441 1350 1512 scaphas
1387 1448 1638 1508 sumptus
1666 1437 1923 1500 ferentes,

368 1546 424 1593 et
451 1538 746 1590 dromones
776 1547 1005 1589 numero
1046 1534 1196 1587 mille
1218 1542 1272 1586 et
1310 1531 1675 1598 octingentos,
1731 1535 1784 1581 et
1810 1521 1928 1579 lisit

371 1628 663 1683 stationem
717 1640 747 1678 a
775 1622 1071 1691 Hagnaura
1109 1636 1282 1690 usque
1333 1619 1398 1675 ad
1426 1617 1764 1688 Cyclobium.
1795 1616 1925 1670 Post

368 1716 507 1772 duos
538 1731 672 1772 sane
701 1715 820 1771 dies
861 1726 1049 1771 austro
1094 1714 1257 1768 ﬂante
1293 1713 1416 1767 inde
1448 1709 1674 1781 profecti
1710 1708 1926 1776 navigio

369 1815 632 1864 venerunt
673 1808 740 1862 ad
771 1808 984 1870 urbem,
1010 1816 1066 1860 et
1103 1804 1321 1875 quidam
1354 1817 1539 1857 corum
1573 1816 1635 1857 ea
1668 1802 1782 1856 loca
1804 1814 1926 1870 qua:

2023 641 2170 700 ptus.
2193 629 2456 684 Similiter
2480 635 2534 680 et
2557 629 2673 694 ipse
2711 637 2835 677 cum
2869 620 3060 674 eadem
3095 619 3163 672 de
3190 615 3418 670 humido
3451 616 3573 682 igne

2023 719 2324 783 didicisset,
2343 715 2601 786 applicuit
2627 727 2793 783 penes
2819 711 3054 765 Saturon
3072 715 3129 760 et
3150 705 3311 759 Brian
3337 712 3391 758 et
3411 717 3580 769 usque

2025 808 2090 863 ad
2118 808 2334 862 Cartam
2367 816 2604 874 portum.
2642 800 2879 871 Egyptii
2938 812 3065 849 vero
3105 798 3298 848 harum
3342 795 3577 847 duarum

2023 898 2279 953 classium
2302 895 2440 966 apud
2468 910 2528 950 se
2557 901 2718 947 noctu
2748 887 3042 949 consiliati,
3068 887 3284 940 navium
3307 885 3582 938 frumenta

2025 986 2308 1042 ferentium
2369 984 2598 1040 sublatis
2643 980 2899 1034 lintribus
2928 975 2998 1029 ad
3059 975 3248 1026 urbem
3303 973 3579 1041 fugerunt,

2023 1079 2408 1146 imperatorem
2442 1074 2748 1136 laudantes,
2788 1072 2860 1123 ita
2891 1078 2948 1121 ut
2978 1068 3045 1121 ab
3085 1065 3264 1118 ilieria
3293 1080 3466 1133 usque
3513 1063 3581 1116 ad

2026 1168 2212 1222 urbem
2247 1168 2485 1235 ligneum
2518 1162 2797 1217 videretur
2823 1173 2988 1212 mare.
3018 1156 3369 1223 Comperiens
3400 1163 3579 1207 autem

2026 1274 2120 1328 per
2164 1275 2258 1314 eos
2309 1258 2610 1325 imperator
2646 1254 2712 1306 de
2748 1249 3078 1305 absconditis
3104 1248 3156 1300 in
3193 1249 3315 1300 sinu
3365 1247 3582 1300 duabus

2024 1349 2315 1412 classibus,
2349 1345 2672 1417 siphonibus
2703 1341 2951 1412 igniferis
2989 1337 3322 1392 constructis
3359 1339 3410 1389 in
3447 1338 3580 1389 dro-

2028 1453 2218 1493 mones
2269 1448 2436 1506 atque
2490 1436 2668 1489 dicres
2732 1432 2832 1485 hos
2888 1431 3188 1484 immittcns
3228 1435 3417 1481 contra
3448 1425 3585 1478 duas

2027 1531 2235 1585 classes
2268 1528 2486 1582 direxit.
2528 1526 2637 1579 Deo
2673 1533 2853 1577 autem
2913 1530 3242 1589 cooperante
3276 1535 3372 1587 per
3415 1518 3585 1572 inter-

2027 1619 2332 1673 cessionem
2378 1617 2715 1669 intemeratm
2752 1612 2843 1668 Dei
2889 1610 3183 1667 Genitricis
3211 1610 3459 1676 protinus
3489 1607 3585 1661 de-

2026 1706 2189 1761 mersi
2215 1715 2340 1760 sunt
2364 1705 2594 1765 inimici,
2632 1711 2685 1758 et
2706 1703 3008 1770 assumptis
3038 1701 3228 1768 spoliis
3259 1710 3311 1753 et
3335 1697 3586 1767 expensis

2029 1811 2217 1849 eorum
2249 1796 2422 1850 nostri
2445 1808 2568 1847 cum
2599 1791 2798 1861 gaudio
2822 1800 2876 1844 et
2908 1790 3186 1857 triumpho
3219 1791 3418 1842 reversi
3439 1797 3585 1842 sunt.

370 1899 628 1954 dicuntur
656 1899 904 1968 Eutropii
957 1909 1010 1954 et
1039 1896 1311 1950 Anthemii
1342 1901 1772 1956 transmearunt,
1805 1891 1927 1960 qui-
1960 1878 2002 1933 Β
2034 1881 2222 1936 Adhuc
2253 1889 2432 1934 autem
2455 1878 2750 1932 Mardasan
2783 1877 2977 1929 iterum
3006 1887 3032 1926 a
3066 1876 3239 1941 portis
3269 1887 3393 1925 cum
3425 1887 3587 1926 exer-

370 1990 494 2044 dam
521 1998 703 2045 autem
729 1990 795 2044 ad
841 1997 1024 2060 partes
1049 1986 1276 2042 Thrace
1305 2001 1336 2040 a
1388 1985 1622 2060 castello
1641 1982 1815 2038 Galati
1873 1988 1927 2037 et

373 2094 549 2149 usque
575 2079 644 2135 ad
674 2079 886 2134 Didium
936 2079 1338 2149 applicuerunt.
1380 2068 1581 2131 Verum
1630 2073 1928 2144 grandibus

373 2167 484 2222 illis
517 2168 746 2236 navibus
775 2183 840 2223 ex
877 2183 1045 2223 onere
1090 2166 1398 2237 aggravatis
1427 2175 1590 2234 atque
1615 2162 1924 2228 retardatis,

369 2256 520 2312 dorsi
545 2259 803 2313 custodes
828 2273 1004 2326 usque
1027 2257 1096 2311 ad
1131 2255 1323 2324 viginti
1357 2255 1590 2324 scaphas
1645 2266 1928 2307 remanse—

371 2356 520 2409 runt.
549 2348 814 2403 habentes
829 2355 1089 2402 centenos
1114 2345 1373 2400 loricatos
1406 2343 1473 2397 ad
1497 2345 1594 2397 has
1613 2341 1929 2397 custodien-

370 2440 493 2496 das.
527 2437 794 2494 Praterea
833 2437 1148 2500 serenitate,
1171 2449 1294 2504 qua
1320 2434 1420 2488 has
1442 2432 1496 2486 in
1517 2438 1758 2486 reumate
1775 2443 1928 2484 com-

373 2529 680 2600 prehendit,
719 2527 940 2593 effecta,
971 2539 1024 2582 et
1050 2534 1283 2596 augusto
1311 2523 1426 2596 (75)
1465 2522 1740 2578 modicum
1766 2519 1929 2574 flante

373 2622 441 2678 ad
465 2622 738 2677 exteriora
769 2620 1011 2690 impulsae
1028 2625 1176 2674 sunt.
1203 2614 1502 2687 imperator
1526 2629 1654 2670 vero
1678 2614 1928 2684 protinus

376 2709 626 2779 igniferis
671 2708 904 2764 navibus
942 2715 1132 2764 contra
1166 2720 1263 2761 eas
1310 2704 1538 2760 directis
1569 2703 1638 2758 ah
1675 2701 1929 2772 Acropoli

377 2797 478 2851 has
503 2797 688 2851 divina
732 2810 835 2866 ope
867 2798 991 2866 igne
1019 2793 1364 2862 consumpsit
1402 2809 1417 2848 :
1451 2799 1506 2846 et
1561 2790 1681 2844 alia
1708 2788 1928 2859 quidem

375 2896 443 2936 ex
474 2881 560 2936 his
577 2884 641 2937 ad
664 2882 792 2948 ripae
813 2897 999 2936 muros
1034 2880 1290 2950 proiecta
1325 2888 1477 2943 sunt,
1516 2879 1637 2933 alia
1665 2887 1791 2932 vero
1824 2891 1930 2930 una

376 2983 500 3025 cum
531 2969 845 3024 hominibus
871 2970 924 3022 in
949 2966 1277 3037 profundum
1299 2968 1560 3037 demersa
1590 2976 1740 3029 sunt,
1767 2979 1932 3028 porro

378 3057 499 3112 alia
533 3072 704 3128 usque
727 3057 794 3112 ad
828 3066 1044 3112 acutam
1068 3064 1124 3110 et
1150 3055 1316 3109 latam
1343 3054 1572 3110 insulam
1594 3064 1932 3123 consumpta

381 3155 608 3221 portata
636 3157 787 3202 sunt.
811 3144 950 3203 iiiuc
973 3158 1106 3215 ergo
1132 3145 1227 3214 qui
1246 3151 1403 3198 erant
1426 3158 1492 3197 ex
1523 3142 1655 3197 urbe
1679 3141 1930 3204 fiduciam

2034 1972 2146 2025 citu
2196 1969 2432 2024 Arabum
2497 1981 2670 2035 usque
2719 1965 2784 2019 ad
2827 1964 3063 2019 Nicmam
3118 1972 3170 2017 et
3217 1960 3584 2015 Nicomediam

2033 2060 2398 2122 discurrente,
2423 2055 2699 2126 principes
2716 2053 2889 2124 regni,
2914 2052 3004 2122 qui
3030 2051 3086 2104 in
3107 2048 3241 2105 Libo
3262 2059 3312 2102 ct
3331 2048 3589 2118 Sophene

2035 2164 2186 2205 more
2215 2147 2603 2202 Mardaitarum
2638 2143 2944 2200 absconditi
2980 2150 3165 2206 eum,
3199 2142 3362 2196 simul
3395 2151 3447 2194 et
3498 2155 3590 2208 pe-

2032 2239 2194 2301 dites,
2240 2238 2297 2293 in
2332 2237 2434 2290 hos
2465 2234 2630 2290 simul
2680 2234 2951 2287 irruentes
3005 2243 3062 2286 et
3093 2230 3326 2285 diversis
3376 2229 3590 2284 damnis

2033 2327 2329 2384 allicientes
2361 2326 2515 2381 illinc
2543 2324 2729 2394 fugere
2767 2322 3177 2390 compulerunt,
3208 2331 3261 2375 et
3285 2321 3351 2373 de
3397 2330 3593 2374 catcrn

2033 2419 2252 2474 modico
2277 2416 2527 2473 meabilis
2560 2415 2686 2470 freti
2719 2414 2871 2470 aditu
2905 2414 3133 2467 invento
3179 2411 3248 2465 ab
3296 2412 3432 2464 urbe
3467 2415 3594 2464 che—

2034 2507 2216 2564 landia
2239 2509 2496 2564 exeuntia
2527 2505 2794 2576 plurimas
2822 2519 3096 2574 expensas
3127 2501 3399 2557 ferebant.
3434 2500 3595 2554 Simi-

2034 2601 2160 2656 liter
2198 2606 2377 2654 autem
2406 2607 2459 2652 et
2493 2596 2803 2668 piscatoria
2833 2595 3122 2657 navicula.
3158 2601 3269 2647 tam
3312 2594 3365 2644 in
3399 2591 3597 2645 insulis

2036 2705 2201 2760 quam
2233 2690 2288 2744 in
2319 2689 2457 2745 iocis
2496 2688 2705 2744 circum
2749 2702 2934 2741 muros
2985 2685 3231 2740 civitatis
3258 2683 3473 2752 positis,
3503 2696 3598 2734 ca-

2036 2797 2163 2854 pere
2195 2783 2368 2852 pisces
2393 2796 2501 2836 non
2528 2781 2979 2852 prohibebantur.
3010 2779 3277 2833 Praeterea
3308 2777 3450 2829 fame
3486 2789 3598 2826 ma-

2035 2889 2139 2944 gna
2163 2873 2431 2929 Arabibus
2457 2873 2646 2927 innixa
2673 2874 2854 2925 omnia
2877 2871 3270 2930 moriebantur,
3316 2874 3372 2920 et
3393 2866 3598 2918 anima.

2037 2965 2108 3020 iia
2165 2978 2264 3019 sua
2331 2962 2714 3023 eomedebant,
2771 2975 2944 3027 equos
2990 2959 3260 3020 videlicet,
3310 2957 3494 3009 asinos
3546 2964 3602 3008 et

2034 3054 2293 3109 camelos.
2331 3053 2500 3106 Aiunt
2539 3064 2717 3106 autem
2771 3051 2993 3119 quidam
3051 3047 3196 3117 quod
3235 3057 3290 3102 et
3339 3047 3592 3100 homines

2037 3153 2305 3202 mortuos.
2329 3142 2461 3212 quin
2489 3148 2545 3196 et
2568 3149 2783 3195 stercus
2810 3153 2968 3194 suum
2993 3138 3047 3191 in
3073 3137 3347 3192 eiihanum
3365 3136 3598 3190 missum

379 3215 756 3316 perceperunt.
795 3235 892 3293 Ast
936 3236 1122 3291 hostes
1170 3237 1369 3302 magno
1426 3246 1626 3303 pavore
1673 3232 1929 3288 concussi
1956 3215 2000 3276 ο
2030 3241 2192 3303 atque
2221 3246 2577 3303 conspersum
2591 3232 2836 3288 ederent.
2857 3228 3106 3286 incubuit
3127 3237 3306 3283 autem
3327 3228 3380 3281 in
3411 3226 3513 3282 hos
3536 3234 3594 3281 et

379 3339 536 3398 sunt,
580 3326 787 3385 humidi
843 3330 1240 3396 cognoscentes
1293 3319 1732 3377 efﬁcacissimam
1792 3321 1937 3393 ignis

378 3421 775 3495 operationem.
814 3415 1084 3473 volebant
1147 3413 1293 3470 enim
1351 3413 1543 3469 eadem
1590 3413 1681 3468 die
1725 3413 1939 3485 vesperi

380 3503 449 3573 ad
473 3515 606 3588 ripa
631 3525 818 3570 muros
850 3508 1127 3580 applicare
1166 3505 1463 3563 stationem
1490 3515 1548 3561 et
1578 3514 1822 3562 temones
1846 3520 1941 3560 su-

381 3621 476 3679 pra
495 3602 903 3676 propugnacula
943 3599 1241 3671 imponere.
1279 3598 1388 3654 Sed
1418 3595 1713 3651 consilium
1750 3609 1940 3650 eorum

380 3682 671 3761 dissipavit
726 3690 1080 3757 omnipotens
1129 3684 1276 3741 Deus
1334 3698 1436 3752 per
1493 3683 1942 3758 intercessionem

381 3775 706 3841 castissima
727 3776 822 3832 Dei
848 3774 1162 3830 Genitricis.
1201 3772 1402 3826 Eadem
1428 3785 1562 3826 vero
1593 3776 1752 3825 nocte
1780 3770 1947 3839 impe-

382 3883 530 3929 rator
557 3879 807 3925 catenam
837 3865 1021 3919 alocis
1050 3861 1233 3917 Gaiati
1285 3867 1500 3916 secreto
1548 3858 1660 3930 (76)
1690 3859 1944 3915 removit.

383 3961 596 4020 inimici
623 3966 804 4013 autem
825 3956 1159 4010 aestimantes
1185 3952 1333 4023 quod
1361 3953 1552 4008 volens
1572 3966 1670 4008 eos
1691 3951 1947 4032 decipere

383 4054 526 4109 hanc
556 4047 851 4107 removerit
906 4048 1226 4117 imperator,
1259 4058 1368 4098 non
1408 4042 1529 4100 ausi
1558 4049 1687 4098 sunt
1737 4044 1946 4100 intrare

384 4160 560 4216 usque
612 4141 679 4198 ad
713 4156 776 4197 ea
820 4154 944 4212 qua:
975 4137 1235 4192 dicuntur
1257 4134 1457 4202 Galati,
1492 4136 1580 4190 vel
1633 4137 1944 4206 applicare.

385 4235 480 4296 sed
512 4236 833 4307 navigantes
859 4233 924 4286 ad
953 4229 1132 4285 sinum
1167 4225 1445 4283 Sosthenii
1483 4227 1596 4283 illic
1632 4227 1950 4284 munierunt

343 4323 347 4328 ’
387 4325 664 4396 navigium
691 4337 871 4381 suum.
905 4319 1051 4376 Sane
1086 4327 1282 4375 octavo
1304 4317 1428 4373 idus
1465 4316 1760 4374 Octobriaa
1781 4319 1952 4376 mori-

386 4426 476 4473 tur
497 4413 816 4471 Suleliiman
836 4412 945 4467 dux
979 4424 1192 4474 eorum,
1221 4416 1274 4463 et
1302 4421 1498 4462 amerze
1521 4407 1690 4462 sumit
1714 4406 1949 4463 olicium

386 4509 614 4564 Bumar.
641 4505 777 4563 Cum
808 4511 991 4559 autem
1025 4501 1201 4556 hiems
1232 4500 1287 4554 in
1321 4498 1535 4553 Thrace
1567 4499 1722 4554 valde
1767 4499 1950 4568 gravis

388 4600 742 4659 accessisset,
778 4595 916 4650 adeo
943 4599 1004 4646 ut
1032 4600 1177 4645 terra
1201 4604 1310 4642 non
1343 4596 1558 4655 pareret
1593 4601 1622 4640 a
1655 4589 1801 4650 nive,
1830 4602 1952 4657 qua:

385 4689 443 4744 in
464 4687 779 4760 crystallum
798 4696 955 4738 versa
978 4693 1103 4736 esse
1128 4676 1440 4741 videbatur,
1469 4675 1765 4729 multitudo
1785 4689 1954 4746 equo-

387 4793 509 4834 rum
537 4785 593 4832 et
614 4775 948 4831 camelorum
978 4777 1409 4834 ceterorumque
1449 4764 1810 4821 animantium
1842 4766 1950 4820 ini-

389 4867 657 4922 micarum
692 4874 906 4920 mortua
955 4869 1060 4917 est.
1089 4857 1264 4913 Por'ro
1290 4855 1498 4910 vernali
1528 4865 1774 4926 tempore
1800 4857 1949 4913 venit

391 4952 655 5023 Suphiam
680 4968 804 5007 cum
835 4951 999 5015 stolo,
1018 4951 1112 5019 qui
1132 4947 1309 5003 fuerat
1333 4942 1552 5014 Επμί
1577 4953 1949 5010 constructus,

390 5045 599 5098 habens
621 5057 788 5098 naves
808 5043 1141 5097 frumentum
1171 5038 1408 5095 ferentes
1431 5033 1536 5089 ιοο
1553 5042 1607 5088 et
1633 5033 1950 5093 dromones.

389 5128 691 5199 Comperta
744 5127 992 5184 itornaici
1036 5125 1278 5183 elleacia
1316 5127 1461 5197 ignis
1498 5128 1833 5182 transcurrit
1861 5127 1954 5183 Bi-

392 5219 659 5292 thyniam,
714 5230 768 5276 et
828 5221 884 5275 in
917 5227 1114 5276 contra
1150 5219 1430 5275 transiens
1457 5215 1524 5270 ad
1575 5226 1793 5285 portum
1829 5218 1954 5277 boni

397 5310 524 5380 Agri
548 5310 832 5382 applicuit.
859 5308 992 5366 Post
1021 5311 1304 5389 paululum
1334 5317 1512 5363 autem
1543 5307 1690 5360 venit
1715 5316 1772 5362 et
1801 5307 1956 5363 Hisid

397 5416 523 5458 clm
553 5402 664 5459 alio
691 5403 854 5466 stoio.
893 5405 989 5474 qui
1031 5402 1209 5459 fuerat
1235 5407 1589 5457 constructus
1635 5397 1690 5452 i‘n
1752 5397 1954 5465 Africa,

2036 3324 2300 3397 pestilens
2319 3324 2568 3394 languor,
2585 3332 2640 3379 et
2666 3322 3096 3378 innumerabiles
3117 3335 3182 3376 es
3202 3321 3281 3375 eis
3297 3317 3595 3388 perierunt.

2038 3415 2216 3472 Porro
2251 3418 2594 3473 coacervavit
2620 3415 2674 3469 in
2704 3429 2803 3470 eos
2847 3414 3045 3469 bellum
3091 3413 3253 3467 etiam
3295 3409 3594 3479 Vuigarunt

2033 3521 2195 3577 gens,
2256 3514 2312 3561 et
2343 3515 2398 3559 ut
2427 3504 2579 3560 aiunt
2605 3504 2698 3574 qui
2741 3506 2846 3558 hoc
2888 3507 3094 3557 certius
3135 3510 3358 3562 norunt,
3402 3499 3594 3570 viginti

2040 3595 2153 3649 duo
2183 3594 2351 3647 millia
2384 3608 2449 3647 ex
2506 3593 2778 3646 Arabibus
2805 3591 3149 3654 occiderunt,
3179 3600 3232 3646 et
3264 3592 3427 3645 multa
3460 3599 3604 3645 tem-

2044 3696 2174 3750 pore
2202 3682 2298 3734 illo
2317 3681 2398 3734 eis
2425 3680 2748 3734 acciderunt
2779 3681 3008 3742 atrocia,
3043 3680 3114 3731 ita
3144 3688 3204 3732 ut
3241 3683 3611 3748 experimento

2042 3771 2324 3826 discerent
2365 3769 2489 3839 quia
2535 3767 2679 3826 Deus
2723 3777 2780 3825 et
2820 3769 3167 3826 sanctissima
3207 3767 3372 3836 Virgo
3409 3769 3612 3841 Deique

2046 3859 2222 3915 Mater
2248 3859 2391 3915 hanc
2419 3859 2675 3914 muniunt
2724 3859 2915 3915 urbem
2948 3868 3004 3914 et
3028 3859 3472 3914 Christianorum
3509 3861 3610 3913 im-

2042 3960 2377 4021 peratorem.
2414 3958 2470 4006 et
2506 3964 2617 4006 non
2670 3957 2757 4006 est
2806 3951 3121 4007 omnimoda
3153 3949 3400 4005 dimissio
3430 3948 3525 4004 Dei
3555 3950 3610 4004 in

2044 4043 2132 4099 his
2155 4043 2249 4112 qui
2276 4044 2532 4098 invocant
2558 4055 2685 4097 eum
2716 4042 2770 4096 in
2802 4041 3051 4104 veritate,
3076 4042 3204 4097 licet
3245 4040 3312 4095 ad
3339 4029 3610 4095 modicum

2039 4134 2176 4207 quid
2211 4134 2546 4204 eastigemur
2571 4142 2793 4203 propter
2829 4139 3055 4202 peccata
3083 4143 3292 4186 nostra.

2118 4226 2306 4283 “undi
2329 4240 2474 4282 anno
2495 4225 2659 4291 6310,
2687 4225 2886 4279 divine
2903 4223 3300 4279 incarnationis
3325 4237 3470 4278 anno
3489 4223 3616 4285 7l0,

2051 4336 2199 4378 anno
2230 4335 2362 4378 vero
2401 4320 2615 4392 imperii
2665 4318 2864 4374 Leonis
2915 4315 3181 4380 secundo,
3208 4317 3318 4369 dux
3371 4316 3615 4370 Arabum

2057 4413 2290 4469 habetur
2328 4409 2553 4470 iiumar,
2577 4407 2669 4478 qui
2689 4408 2771 4463 eis
2809 4407 3025 4463 duobus
3054 4404 3271 4476 przfuit
3298 4404 3474 4458 anuis.
3510 4401 3615 4457 Eo-

2056 4502 2177 4557 dem
2208 4515 2430 4574 quoque
2451 4513 2596 4554 anno
2624 4497 2849 4567 Sergius
2877 4495 3359 4570 protospatharius
3389 4501 3444 4548 et
3478 4506 3616 4562 pra-

2055 4604 2139 4648 tor
2170 4591 2392 4654 Siciliae,
2436 4589 2626 4644 audito
2660 4586 2808 4658 quod
2853 4587 3114 4641 Saraceni
3175 4584 3494 4640 obsiderent
3532 4599 3618 4637 re-

2056 4681 2196 4749 giam
2223 4679 2434 4742 urbem,
2467 4677 2751 4732 coronavit
2779 4675 2890 4730 illic
2922 4675 3202 4746 proprium
3235 4675 3617 4741 imperatorem

2055 4773 2230 4824 virum
2278 4767 2979 4837 Constantinopolitauum,
3011 4779 3076 4819 ex
3125 4762 3444 4818 hominibus
3477 4760 3616 4823 suis,

2058 4862 2224 4915 filium
2273 4858 2520 4930 Gregorii
2570 4856 2918 4927 Onomaguli,
2946 4852 3225 4912 Tiberium
3255 4860 3466 4906 mutato
3519 4865 3620 4903 no-

2051 4952 2196 5007 mine
2261 4951 2580 5013 vocitatum,
2619 4950 2712 5020 qui
2755 4947 2886 5004 fecit
2944 4945 3318 5016 proniotiones
3374 4949 3430 4997 et
3487 4956 3620 4997 suos

2052 5044 2328 5115 principes
2359 5041 2603 5113 predicti
2651 5039 2882 5095 consilio
2914 5036 3113 5108 Sergii.
3168 5034 3270 5091 Ast
3321 5031 3622 5105 imperator

2053 5135 2140 5189 his
2165 5133 2366 5190 auditis
2396 5133 2542 5188 misit
2573 5131 2803 5186 Paulum
2838 5130 3120 5200 proprium
3141 5140 3302 5182 suum
3333 5123 3618 5180 chartula-

2051 5225 2220 5288 rium,
2253 5225 2398 5278 hunc
2441 5222 2732 5292 patricium
2764 5219 3076 5276 ordinatum
3109 5225 3163 5274 et
3196 5203 3488 5288 βιαιοτεαῖ
3530 5211 3621 5268 Si.-

2063 5313 2226 5377 Ciliae,
2270 5314 2411 5368 datis
2466 5313 2522 5366 in
2561 5311 2826 5365 auxilium
2869 5310 2918 5364 ei
2970 5306 3264 5378 spathariis
3302 5303 3517 5356 duobus
3565 5309 3622 5368 et

2065 5407 2121 5461 in
2168 5405 2452 5460 servitium
2493 5406 2613 5477 ejus
2672 5401 2958 5475 perpaucis
3025 5397 3354 5459 hominibus,
3416 5391 3622 5459 iussio-

1898 5538 2130 5596 NOTAE.

471 5633 585 5700 (⁸15)
611 5632 762 5687 Diac.
799 5647 1011 5692 eustro.

473 5700 586 5776 (τοι
611 5701 844 5776 Secreto.
865 5704 1177 5776 Μυστικῶς.
1216 5701 1308 5761 Sic
1344 5701 1517 5776 Graeci
1548 5700 1633 5757 lC.
1667 5709 1963 5758 testamen-

403 5773 518 5830 tum
552 5773 696 5847 quod
720 5788 786 5830 cx
813 5775 1020 5848 scripto
1039 5784 1257 5831 constat
1284 5774 1569 5846 mysticum
1604 5779 1656 5827 ct
1689 5780 1961 5828 aecreitttn

2070 5635 2370 5718 ?PPS€"‘“"
2406 5619 3425 5718 3P“...‘Y"“€‘I?3§X-."‘2§€‘i""i'i'
3478 5620 3621 5693 φιοά

2069 5689 2679 5765 ἱέςίἱήδιᾷέὴοῦάίεηὶὶδυσ
2711 5689 3071 5768 nuncupatur.
3101 5689 3267 5748 rus.
