4414 6462
790 392 916 454 L35!)

1889 387 2293 449 ANASTASII
2336 388 2966 450 BlBLIOTHECARlI

3909 388 4052 451 1360

779 512 1054 578 nibusque
1099 508 1164 562 ad
1215 505 1492 577 principes
1534 502 1855 559 Occidentis
1881 545 1896 568 ,
1949 513 2001 557 et
2060 518 2216 559 sacra
2259 517 2359 572 po-
2391 505 2435 562 Α
2467 503 2521 556 in
2547 504 3084 576 triclinioAugusta,
3117 510 3171 560 et
3203 503 3474 574 processit
3514 503 3630 560 sola
3662 520 3785 560 cum
3813 506 4044 562 solemni

778 602 908 671 pulo
954 599 1257 655 recitanila.
1310 599 1424 665 Qui.
1463 614 1587 653 cum
1637 606 1799 651 noctu
1852 596 2087 666 ingressi
2130 595 2360 649 fuissent

778 697 833 749 in
865 694 1183 749 dromonem
1224 693 1490 757 velocem,
1538 692 1794 747 esierunt
1832 691 1885 744 in
1925 700 2110 760 partes
2145 687 2355 759 Cyzici.

776 789 816 838 Α
849 788 968 842 loco
998 795 1181 841 autem
1227 785 1293 839 ad
1335 786 1515 839 locum
1556 800 1651 852 per
1683 791 1887 837 terram
1943 796 2151 852 perque
2206 794 2357 833 mare

773 879 971 933 itinere
995 878 1138 932 facto
1164 886 1388 947 repente
1410 876 1465 928 in
1486 874 1728 929 Siciliam
1761 882 2148 944 pervenerunt.
2180 871 2350 925 Cum-

772 986 880 1039 que
914 967 1244 1040 Syracusani
1280 967 1631 1029 introissent,
1662 965 1873 1019 audivit
1905 964 2131 1033 Sergius
2170 971 2225 1018 et
2257 963 2355 1017 0b-

772 1063 1006 1130 stupnit,
1046 1071 1101 1116 et
1159 1060 1382 1129 proprio
1413 1073 1645 1113 excessu
1685 1070 1958 1127 perpenso
2002 1055 2253 1124 confugit
2285 1053 2350 1106 ad

771 1154 1116 1225 prOpiuquos
1142 1150 1411 1207 Calabria:
1458 1149 1877 1221 Longobardos.
1932 1147 2176 1217 Populus
2224 1160 2379 1201 vero.

772 1254 1160 1317 congregatus,
1184 1255 1239 1301 et
1281 1259 1438 1300 saera
1472 1244 1671 1298 reiecta
1701 1256 1795 1310 per
1823 1254 1941 1295 eam
1968 1250 2152 1294 certus
2174 1237 2352 1292 factus

772 1342 917 1411 quod
956 1353 1008 1395 et
1046 1340 1359 1409 ‘imperium
1396 1344 1567 1392 staret
1596 1344 1650 1391 et
1679 1336 1810 1389 urbs
1849 1333 2160 1403 promptior
2203 1339 2351 1385 esset

770 1437 1033 1491 adversus
1050 1442 1262 1503 gentes,
1294 1445 1508 1485 necnon
1533 1438 1586 1484 et
1607 1428 1998 1483 enarrantihus
2021 1426 2129 1479 illis
2151 1440 2213 1479 ea
2228 1440 2350 1493 quae

769 1543 934 1597 super
967 1527 1183 1582 duobus
1211 1524 1368 1580 stolis
1401 1522 1621 1577 fuerant
1651 1530 1826 1591 gesta,
1854 1520 2090 1574 Leonem
2124 1518 2345 1588 quidem

770 1619 1155 1687 imperatorem
1188 1616 1454 1669 continuo
1506 1613 1890 1675 laudaverunt,
1951 1610 2212 1665 Basilium
2250 1624 2348 1663 au-

771 1719 876 1761 tem
911 1704 1312 1776 Onomagulum
1343 1711 1398 1758 et
1430 1704 1731 1774 principes,
1763 1702 1855 1771 qui
1893 1702 2079 1756 abillo
2102 1700 2345 1771 provecti

766 1802 1011 1864 .l'uerant,
1067 1799 1281 1853 vinctos
1331 1797 1553 1868 praetori
1614 1794 1985 1848 tradiderunt.
2047 1793 2169 1863 Ipse
2217 1806 2344 1845 vero

2468 597 2735 666 obsequio
2765 601 2881 653 sine
2923 597 3041 651 viro
3073 596 3137 651 ad
3171 595 3421 665 Magnam
3449 596 3775 661 Ecclesiam,
3826 607 3881 652 et
3912 612 4042 652 ora-

2466 689 2615 743 tione
2645 700 2771 744 ante
2800 689 3113 757 ingressum
3146 689 3335 745 altaris
3384 689 3558 745 effusa
3593 690 3814 744 transiit
3852 690 3923 744 ad
3946 692 4043 744 ba-

2467 781 2780 850 ptisterium
2827 796 3108 851 magnum,
3159 782 3280 836 viro
3307 780 3429 851 ejus
3448 780 3563 850 jam
3590 797 3711 836 eum
3746 784 3935 854 paucis
3964 782 4043 836 fa-

2465 872 2771 927 miliaribus
2800 874 2915 929 suis
2944 875 3215 942 ingresso.
3248 873 3350 928 Ubi
3384 889 3505 927 eum
3534 873 3840 930 Germanus
3885 890 4039 929 sum-

2463 980 2585 1017 mus
2620 964 2881 1021 sacerdos
2909 966 3353 1029 Constantinum,
3389 967 3643 1036 nequitiae
3694 968 3932 1037 ipsorum
3985 976 4039 1022 et

2463 1057 2674 1127 imperii
2716 1072 3121 1123 successorem,
3171 1059 3499 1128 baptizaret,
3546 1059 3726 1114 dirum
3776 1061 4033 1129 quiddam

2458 1160 2507 1205 et
2538 1151 2785 1206 foetidum
2818 1166 2846 1206 a
2873 1153 3261 1225 parvulo§idem
3284 1151 3681 1208 Constantinus
3699 1157 4038 1224 praesignans

2458 1246 2707 1299 exhibuit
2752 1256 3162 1317 argumentum,
3193 1260 3395 1300 caeans
3445 1249 3495 1299 in
3538 1257 3732 1300 sancto
3790 1248 4029 1310 lavacro,

2459 1340 2517 1383 ut
2546 1332 2703 1386 aiunt
2752 1332 2845 1403 qui
2892 1332 3187 1404 diligenter
3216 1335 3381 1404 hujus
3414 1336 3489 1389 rei
3536 1337 3663 1390 facti
3694 1348 3821 1391 sunt
3852 1337 4039 1406 inspe-

2455 1433 2656 1489 ctores,
2714 1425 2788 1478 ita
2824 1433 2883 1479 ut
2910 1424 3220 1483 Germanus
3270 1429 3657 1483 sanctissimus
3719 1430 4035 1499 prophetico

2454 1516 2701 1571 diceret:
2739 1516 2961 1571 Constat
3013 1520 3241 1573 maximi
3293 1518 3619 1574 Christianis
3672 1533 3720 1575 et
3776 1520 4032 1575 Ecclesia:

2453 1607 2584 1660 mali
2628 1622 2719 1674 per
2751 1625 2871 1661 eum
2905 1610 3159 1679 eﬂiciendi
3195 1610 3293 1664 hoc
3356 1613 3565 1681 signum
3610 1629 3722 1666 esse
3765 1612 4025 1676 futurum.

2453 1698 2613 1755 Hunc
2645 1700 2827 1771 itaque
2858 1702 3199 1773 baptizatum
3239 1705 3646 1774 provinciarum
3671 1715 3836 1776 atque
3870 1722 4030 1760 sena-

2454 1802 2545 1850 tus
2574 1795 2850 1865 principes
2877 1806 3264 1866 suseeperunt.
3298 1796 3427 1853 Post
3460 1799 3643 1852 divina
3690 1814 3825 1854 sane
3852 1800 4030 1855 ollieia

768 1891 1030 1967 Dasilium
1092 1889 1317 1960 quidem
1379 1904 1503 1942 cum
1560 1886 1831 1955 singulari
1874 1896 2109 1956 praetore
2166 1885 2342 1955 ipsius
2376 1871 2419 1927 Β
2445 1903 2567 1942 cum
2610 1889 2845 1945 solemni
2874 1904 3070 1946 rursus
3119 1890 3391 1961 obsequio
3421 1891 3666 1961 Augusta
3712 1891 3885 1947 Maria
3918 1909 4028 1947 una

766 1982 1080 2048 decollavit,
1108 1990 1163 2036 et
1190 1982 1369 2050 capita
1406 1994 1598 2046 eor-um
1640 1978 1791 2034 fusca
1823 1978 2042 2031 condita
2091 1992 2188 2047 per
2217 1992 2346 2047 spa-

753 2074 978 2129 'tharios
1030 2071 1349 2143 imperatori
1400 2071 1733 2134 transmisit,
1765 2070 2105 2139 reliquorum
2159 2076 2341 2123 autem

767 2164 1035 2234 quosdam
1067 2165 1385 2220 verberatos
1439 2172 1494 2218 et
1541 2171 1756 2229 tousos,
1788 2163 2056 2234 quosdam
2093 2178 2224 2219 vero
2253 2163 2342 2217 ab-

753 2258 957 2314 -scissis
983 2258 1211 2315 naribus
1229 2260 1282 2312 in
1305 2259 1561 2315 exsilium
1577 2258 1893 2314 destinavit.
1916 2254 2116 2326 Sicque
2138 2255 2341 2310 factum

765 2361 851 2407 est
885 2361 945 2406 ut
975 2352 1104 2406 hinc
1131 2352 1188 2406 in
1245 2350 1696 2407 Occidentalibus
1727 2363 1924 2419 magna
1975 2348 2341 2419 correptionis

764 2442 1088 2497 constitutio
1114 2441 1288 2497 ﬂeret.
1330 2442 1501 2496 Porro
1534 2441 1759 2511 Sergius
1794 2441 1963 2496 verbo
1994 2440 2341 2509 impunitatis

766 2549 795 2587 a
822 2542 1057 2605 praetore
1084 2534 1254 2604 petito
1283 2533 1488 2602 pariter
1519 2541 1573 2587 et
1635 2541 1857 2600 accepto
1883 2531 2052 2585 exivit
2101 2529 2166 2584 ad
2192 2546 2338 2597 eum,

762 2619 820 2682 et
879 2628 953 2683 ita
1011 2642 1203 2683 omnes
1257 2641 1391 2697 pace
1449 2627 1639 2696 potita:
1698 2623 2158 2713 sunt.Hesperi-.e
2215 2637 2389 2699 par-l

764 2727 871 2773 ιεε.

834 2810 1045 2865 Interea
1075 2810 1348 2865 Humarus
1370 2813 1495 2866 cum
1531 2810 1868 2866 obtinuisset
1906 2809 2139 2876 Arabes,
2196 2823 2334 2879 pne-

759 2901 909 2970 cepit
938 2901 1238 2957 Masalman
1264 2903 1463 2957 redire.
1499 2904 1760 2958 Saraceni
1797 2919 1928 2973 ergo
1959 2904 2089 2957 moti
2127 2904 2339 2957 decimo

759 3005 954 3052 octavo
982 2997 1257 3053 Kalendas
1286 2999 1564 3068 Augustas
1613 3013 1737 3053 cum
1796 3000 1968 3053 multa
2009 2996 2340 3052 confusione

766 3091 969 3144 reversi
1000 3100 1162 3158 sunt;
1192 3106 1316 3145 cum
1348 3092 1495 3146 enim
1524 3092 1629 3145 iter
1662 3100 1849 3159 ageret
1889 3090 2086 3145 classis
2124 3104 2336 3155 eorum,

762 3190 1058 3251 tempestas
1086 3198 1115 3236 a
1152 3183 1262 3238 Deo
1301 3198 1394 3251 per
1430 3184 1857 3239 intercessiones
1893 3182 1984 3238 Dei
2022 3181 2211 3236 Matris
2254 3182 2339 3235 ina
2368 3217 2410 3274 C

762 3274 1030 3329 eumbens
1054 3275 1109 3328 in
1145 3275 1271 3329 illos
1299 3276 1400 3330 h0s
1422 3275 1706 3345 dispersit.
1730 3284 1783 3329 et
1806 3275 1943 3330 alios
1989 3274 2209 3343 quidem
2239 3275 2339 3327 ho-

764 3382 885 3419 rum
917 3381 1085 3436 penes
1113 3365 1486 3431 Proconesum
1528 3374 1583 3421 et
1618 3366 1862 3435 reliquas
1911 3365 2143 3429 insulas,
2200 3364 2340 3419 alios

760 3475 891 3514 vero
941 3459 995 3513 in
1034 3459 1328 3530 vertigines
1362 3466 1417 3513 et
1466 3466 1662 3512 caetera
1702 3457 1966 3512 demersit
2003 3457 2057 3511 in
2092 3470 2336 3525 aequora.

682 3623 689 3629 ῃ
762 3552 986 3607 Residui
1030 3566 1252 3621 quoque
1285 3566 1407 3605 cum
1442 3551 1767 3605 .transirent
1798 3548 2044 3619 Egieum
2088 3550 2337 3617 pelagus,

760 3644 1035 3715 extemplo
1060 3644 1377 3713 supervenit
1400 3643 1455 3696 in
1485 3642 1566 3697 eis
1593 3641 1854 3697 terribilis
1878 3640 2180 3710 indignatio
2203 3640 2295 3696 Dei
2321 3658 2337 3696 :

761 3735 969 3805 grando
994 3749 1227 3804 namque
1258 3733 1415 3803 ignea
1430 3733 1787 3789 descendens
1822 3748 1989 3801 super
2045 3746 2339 3802 cosaquas

738 3827 929 3882 ‘maris
955 3827 1184 3881 ebullire
1213 3824 1367 3891 fecit,
1417 3836 1474 3881 et
1511 3826 1635 3896 pice
1667 3824 1962 3895 liquefacta
1997 3825 2162 3881 simul
2211 3841 2336 3882 cum

758 3902 1078 3975 hominibus
1107 3935 1275 3975 naves
1313 3920 1372 3973 in
1414 3918 1745 3988 profundum
1785 3918 2027 3973 inducta:
2056 3926 2210 3983 sunt,
2240 3917 2338 3973 de-

758 4029 876 4067 cem
904 4014 1038 4068 solis
1068 4027 1135 4067 ex
1162 4014 1245 4069 eis
1276 4022 1330 4066 et
1362 4013 1499 4079 ipsis
1534 4009 1874 4079 providentia
1902 4009 1997 4065 Dei
2033 4010 2336 4065 Salvatoris

758 4105 1119 4162 evadentibus
1156 4106 1226 4157 ad
1279 4102 1721 4157 annuntiandum
1774 4102 1958 4168 nobis,
2022 4116 2242 4181 necnon
2283 4111 2338 4163 et

757 4197 1056 4261 Arabibus,
1084 4195 1358 4266 magnalia
1392 4194 1508 4260 Dei,
1540 4210 1663 4265 quae
1709 4194 1767 4248 in
1808 4195 1919 4250 illis
1956 4193 2146 4251 elfecta
2166 4197 2336 4263 bunt.

761 4288 905 4357 Quas
933 4289 1096 4343 etiam
1129 4274 1412 4341 nostrates
1450 4287 1819 4350 invenientes,
1850 4278 2096 4357 quinque
2140 4286 2335 4341 harum

756 4377 1223 4447 comprehendere
1246 4384 1547 4446 potuerunt
1572 4394 1585 4430 :
1611 4376 1733 4431 alia:
1756 4391 1885 4431 vero
1906 4378 2152 4447 quinque
2173 4379 2337 4434 salva:

758 4471 814 4524 in
847 4470 1061 4542 Syriam
1099 4468 1279 4535 ductae
1316 4475 1483 4533 sunt,
1533 4468 1631 4524 Dei
1678 4469 2089 4525 annuntiaturaz
2137 4477 2334 4540 poten-

756 4575 1196 4689 ual'ii‘o'dem‘vero
1252 4647 1400 4688 anno
1438 4639 1602 4687 terra:
1632 4641 1782 4688 motu
1816 4647 2016 4703 magno
2069 4633 2125 4688 in
2166 4602 2334 4708 ‘S'yria

758 4725 904 4781 facto
937 4725 1144 4780 Humar
1173 4741 1203 4780 a
1237 4725 1559 4780 civitatibus
1584 4726 1771 4779 vinum
1806 4725 2065 4791 inhibuit,
2088 4735 2147 4781 et
2169 4724 2334 4781 Chri-

758 4819 969 4872 stianos
996 4824 1311 4888 apostatare
1337 4816 1539 4885 coegit,
1590 4826 1648 4871 et
1681 4823 2058 4886 apostatantes
2112 4816 2335 4886 quidem

758 4908 879 4963 sine
898 4908 1103 4964 tributo
1130 4924 1255 4964 esse
1298 4907 1555 4975 faciebat,
1594 4923 1707 4963 non
1741 4908 2160 4965 consentientes
2200 4923 2335 4963 vero

758 5002 1130 5066 interimebat,
1181 5017 1246 5057 ac
1286 5017 1385 5072 per
1409 4985 1481 5055 id
1525 5002 1731 5057 multos
1763 5010 2043 5073 martyres
2075 5012 2335 5071 operatus

761 5104 865 5150 est.
903 5093 1098 5150 Sanxit
1131 5095 1297 5150 etiam
1323 5095 1719 5151 testimonium
1747 5094 2044 5151 Christiani
2070 5094 2337 5150 adversus

760 5181 1096 5240 Saracenum
1137 5185 1365 5240 minime
1394 5183 1794 5254 recipiendum.
1828 5184 2186 5261 Fecitautem
2215 5184 2336 5254 epi-

761 5279 955 5333 stolam
990 5277 1357 5348 dogmaticam
1406 5278 1472 5331 ad
1508 5276 1745 5332 Leonem
1799 5276 2209 5348 imperatorem,
2248 5290 2340 5330 ra-

760 5380 852 5425 tus
878 5370 1077 5439 impius
1110 5370 1160 5425 ei
1197 5369 1531 5440 persuadere
1564 5385 1675 5441 quo
1735 5384 1765 5423 a
1829 5368 1933 5426 (ide
1962 5385 2062 5425 sua
2113 5370 2338 5426 recede-

762 5466 867 5515 ret.

831 5555 991 5608 Anno
1020 5550 1234 5623 imperii
1265 5553 1351 5608 sui
1385 5553 1551 5608 tertio
1589 5562 1755 5608 natus
1781 5561 1864 5607 est
1892 5552 2057 5607 Leoni
2105 5550 2338 5622 principi

763 5643 909 5713 filius
938 5646 1162 5700 nomine
1189 5626 1613 5711 Constantinus,
1666 5646 1761 5715 qui
1805 5645 1980 5716 magis
2011 5644 2105 5699 illo
2138 5628 2346 5714 impius

736 5736 871 5790 'fuit
896 5743 950 5790 et
978 5737 1299 5793 Antichristi
1328 5752 1659 5808 pnecursor.
1694 5738 1966 5792 Caeterum
2004 5746 2199 5792 octavo
2235 5736 2340 5791 Ka-

763 5828 955 5885 lendas
989 5827 1280 5886 Januarias
1320 5828 1490 5886 Maria
1540 5846 1677 5887 uxor
1731 5829 1930 5889 Leonis
1970 5840 2229 5913 coronata
2254 5840 2339 5889 est

2446 1997 2570 2036 cum
2600 1983 2877 2052 baptizata
2920 1982 3032 2038 filio
3069 1999 3290 2039 reversa
3324 1995 3410 2041 est
3452 1986 3729 2041 donatiris
3788 1988 4032 2057 erogatis

2444 2074 2511 2128 ab
2540 2075 2771 2129 ecclesia
2799 2089 2975 2145 usque
3002 2074 3067 2129 ad
3089 2074 3319 2130 Aineam
3355 2085 3591 2146 portam.
3628 2076 3826 2132 Eodem
3859 2080 4027 2132 etiam

2417 2146 2586 2218 ‘anno
2612 2162 2835 2221 Nicetas
2865 2165 3138 2236 Xylinites
3160 2167 3357 2221 scribit
3408 2167 3474 2221 ad
3524 2169 3825 2239 Artemium
3853 2167 4030 2224 Thes-

2440 2259 2698 2315 salonicze
2755 2270 3081 2325 morantem,
3144 2276 3256 2330 quo
3320 2271 3573 2332 pergeret
3615 2264 3678 2315 ad
3740 2261 4026 2329 Terbeliu,

2440 2361 2716 2422 quatenus
2735 2367 2858 2406 cum
2887 2352 3091 2406 au‘xilio
3115 2350 3412 2421 Vulgarico
3443 2363 3637 2407 contra
3663 2353 3901 2409 Leonem
3930 2370 4026 2409 ve-

2439 2445 2604 2498 niret.
2650 2442 2755 2511 Qui
2790 2444 3094 2499 obaudicns
3125 2444 3192 2498 ad
3245 2443 3497 2499 Terbeliu
3534 2444 3694 2507 abiit,
3751 2453 3805 2500 et
3847 2444 3939 2499 dat
3973 2443 4025 2500 ei

2438 2533 2762 2600 exercitum,
2798 2541 2853 2588 et
2882 2533 2975 2587 dat
3004 2534 3051 2588 ei
3082 2534 3485 2605 quinquaginta
3518 2536 3636 2588 auri
3666 2535 3981 2589 centenaria
4008 2551 4025 2597 ;

2437 2631 2492 2678 et
2516 2623 2601 2678 his
2626 2622 2863 2691 receptis
2890 2622 3427 2693 Constantinopolim
3472 2624 3625 2677 venit
3649 2624 3784 2677 urbe
3808 2639 3939 2678 sane
3967 2624 4024 2676 id

2440 2714 2660 2768 minime
2694 2713 3040 2769 admittente.
3078 2712 3345 2785 Vulgares
3398 2714 3544 2768 hunc
3584 2714 3752 2769 LeOni
3782 2714 4025 2769 tradide-

2439 2817 2590 2871 runt,
2627 2814 2681 2862 et
2703 2806 2914 2861 liberali
2945 2806 3203 2860 honorati
3237 2804 3305 2859 ab
3335 2820 3401 2860 eo
3435 2806 3779 2875 benignitate
3813 2808 4022 2861 reversi

2439 2911 2591 2955 sunt.
2643 2899 2743 2953 Ast
2799 2878 3099 2967 imperator
3136 2900 3282 2952 hunc
3315 2912 3440 2951 cum
3476 2896 3729 2969 Xyliuite
3761 2897 4020 2967 peremit,

2440 2990 2659 3060 publico
2690 3004 2910 3059 quoque
2941 2988 3072 3043 ﬁsco
3109 2982 3477 3043 substantiam
3536 2989 3820 3058 applicans
3868 2986 4023 3059 Xyli-

2441 3082 2587 3148 nitis,
2620 3083 2713 3152 qui
2746 3098 2869 3137 eum
2894 3081 3155 3153 magister
3182 3089 3352 3145 esset,
3382 3081 3752 3136 substantiam
3784 3083 4017 3136 multam

2444 3174 2787 3243 possederat.
2826 3174 3129 3229 Sisinnium
3168 3174 3461 3245 patricium
3516 3182 3885 3243 cognomento
3916 3173 4023 3245 Re-

2443 3263 2684 3327 dacium,
2739 3278 2805 3318 eo
2845 3261 2992 3333 quod
3048 3262 3230 3316 fuerit
3260 3277 3384 3316 cum
3435 3262 3703 3326 Artemio,
3750 3262 4022 3332 Volgares

2441 3355 2620 3424 capite
2652 3354 2951 3425 puuierunt
2977 3364 3078 3421 ;~_et
3112 3354 3587 3426 archiepiscopum
3618 3355 4021 3409 Thessalonicae

2442 3432 2610 3502 Leoni
2639 3448 2872 3517 principi
2894 3445 3261 3515 tradiderunt,
3297 3449 3386 3516 qui
3424 3447 3729 3501 decollatus
3767 3454 3850 3500 est
3890 3461 4017 3500 cum

2440 3539 2706 3593 Artemio.
2741 3537 3010 3592 Similiter
3034 3546 3086 3591 et
3110 3536 3315 3593 Hisoen
3355 3538 3649 3607 patricium
3683 3547 3734 3591 et
3760 3538 4017 3590 comitem

2440 3629 2669 3694 Obsicii,
2694 3639 2749 3684 et
2782 3629 3163 3693 Theoctistum
3196 3629 3435 3699 primum
3494 3643 3523 3682 a
3559 3628 3804 3690 secretis,
3842 3635 3894 3682 et
3924 3626 4018 3679 Ni-

2440 3732 2617 3777 eetam
2672 3721 3004 3775 Anthracem
3037 3729 3092 3773 et
3127 3721 3388 3775 comitem
3419 3719 3672 3787 Titichei,
3720 3731 3779 3773 ut
3810 3721 4016 3775 amicos

2440 3822 2495 3869 et
2527 3813 2832 3869 concordes
2875 3812 2997 3881 ejus
3042 3811 3246 3867 occidit
3284 3831 3297 3867 :
3332 3813 3574 3882 reliquos
3632 3821 3813 3866 autem
3849 3813 4018 3866 muti-

2442 3906 2566 3961 latis
2592 3906 2818 3961 naribus
2879 3904 3285 3977 proscriptione
3326 3904 3620 3959 damnatos
3649 3903 3704 3957 in
3759 3904 4014 3958 exsilium

2441 3998 2613 4054 misit.
3282 3989 3299 4003 ’
4003 4055 4016 4061 ,

2508 4088 2697 4143 Mundi
2717 4103 2862 4143 anno
2882 4087 3048 4152 6212,
3068 4086 3271 4142 divinae
3294 4087 3694 4143 incarnationis
3716 4102 3859 4141 anno
3889 4085 4014 4146 712,

2440 4196 2586 4237 anno
2612 4197 2741 4251 vero
2774 4179 3215 4251 imperiiLeonis
3246 4189 3446 4249 quarto
3474 4178 3628 4233 Hizid
3649 4178 3884 4234 Arabum
3904 4180 4015 4231 du:

2439 4249 2690 4340 habetur,
2747 4249 2977 4345 qui'eis
3031 4283 3269 4344 quatuor
3302 4273 3534 4343 'prasfuit
3578 4272 3760 4326 annis.
3814 4270 4014 4324 Eodem

2434 4378 2656 4434 quoque
2695 4377 2841 4417 anno
2888 4362 3190 4417 indictione
3221 4363 3404 4427 tertia,
3445 4363 3532 4415 die
3577 4360 3821 4423 Paschaz,
3857 4375 4016 4414 coro—

2440 4467 2604 4513 natus
2647 4465 2733 4512 est
2768 4455 3171 4512 Constantinus
3223 4470 3253 4509 a
3284 4454 3467 4507 Leone
3507 4462 3660 4522 patre
3708 4469 3808 4507 suo
3839 4453 3890 4506 in
3916 4454 4015 4506 tri-
4042 4490 4055 4498 .

2367 4563 2413 4619 ι)
2441 4545 2668 4601 bunalio
2701 4544 2888 4599 decem
2921 4552 2975 4599 et
3002 4558 3197 4598 novem
3226 4544 3601 4605 accubitunm,
3623 4539 3894 4595 Germano
3921 4557 4016 4611 pa-

2441 4636 2681 4693 triarcha
2713 4635 2949 4690 faciente
2989 4635 3269 4689 orationes
3304 4634 3605 4689 secundum
3647 4647 3873 4687 morem.
3902 4631 4014 4687 Hoc

2438 4729 2600 4784 etiam
2637 4742 2784 4782 anno
2808 4734 3059 4782 mortuus
3081 4735 3166 4780 est
3197 4724 3474 4780 Humarus
3508 4726 3616 4778 dux
3665 4724 3931 4788 Arabum,
3960 4734 4014 4779 et

2439 4821 2615 4874 oritur
2646 4819 2701 4875 in
2732 4818 2956 4875 Perside
3009 4828 3282 4889 tyrannus
3334 4826 3389 4872 et
3441 4818 3557 4887 ipse
3594 4818 3814 4870 nomine
3858 4815 4015 4870 Hizid

2440 4909 2718 4977 Moalabe,‘
2773 4920 2829 4968 et
2878 4912 3134 4967 abierunt
3159 4925 3286 4965 cum
3330 4894 3399 4965 eo
3443 4925 3508 4964 ex
3559 4908 3777 4963 Perside
3832 4911 4011 4962 multi.

2440 5005 2610 5061 Misso
2635 5012 2819 5060 autem
2865 5004 3026 5069 Hieid
3058 5002 3319 5088 Masalma
3350 5001 3554 5056 occidit
3583 5015 3707 5055 eum
3739 5011 3793 5056 et
3842 5000 4016 5057 Persi-

2441 5099 2563 5154 dem
2594 5098 2860 5154 subdidit.

2436 5195 2464 5248 6
2511 5192 2672 5244 Anno
2702 5188 2912 5259 imperii
2951 5188 3152 5243 Leonis
3213 5188 3410 5257 quinto
3468 5187 3727 5257 apparuit
3785 5184 4009 5256 quidam

2442 5273 2637 5351 syrius
2669 5279 3126 5349 pseudochristus
3157 5287 3212 5333 et
3240 5277 3457 5335 seduxit
3482 5277 3739 5332 Hebreos
3765 5318 3781 5344 ,
3825 5276 4014 5331 dicens

2441 5390 2500 5430 se
2525 5373 2830 5429 Christum.
3906 5354 3912 5360 ’

2513 5466 2674 5521 Anno
2707 5464 2924 5535 imperii
2955 5464 3041 5519 sui
3073 5470 3229 5518 sexto
3262 5460 3371 5516 Leo
3433 5462 3611 5530 coegit
3662 5459 3922 5515 liebraos
3960 5469 4014 5513 ει

2442 5556 2730 5612 Montanos
2763 5556 3051 5625 baptizari.
3084 5556 3154 5609 At
3188 5568 3317 5609 vero
3364 5551 3536 5607 Judasi
3571 5562 3761 5608 contra
3808 5568 4011 5621 pri-po-

2441 5648 2607 5703 situm
2629 5647 2890 5717 baptizati
2921 5646 3208 5700 diluebant
3232 5644 3586 5713 baptismum,
3637 5653 3688 5697 et
3722 5644 4015 5698 comeden-

2442 5748 2524 5795 tes
2554 5740 2730 5794 sancti
2755 5740 3001 5793 muneris
3025 5736 3522 5807 participabautur,
3583 5744 3636 5791 et
3671 5734 4013 5789 contamina-

2396 5822 2407 5827 "
2443 5832 2574 5890 bant
2601 5831 2787 5889 fidem.
2814 5829 2984 5888 Porro
3017 5829 3256 5886 Montani
3286 5829 3598 5886 divinantes
3629 5828 3755 5889 sibi,
3786 5834 3840 5882 et
3877 5825 4017 5881 difﬁ-
