4414 6462
400 441 529 507 13ὓί

1181 437 1550 498 HISTORIA
1591 437 2163 499 ECCLESIASTICA
2204 438 2308 499 EX
2346 437 2835 499 THEOPIIANE.

3515 437 3655 501 136?.

396 552 608 607 nientes
648 546 813 616 diem,
846 547 1038 603 domos
1066 545 1395 602 introierunt
1423 548 1596 603 errori
1626 561 1727 601 suo
1756 546 1983 618 deputa-
2015 551 2059 609 Α
2090 554 2257 602 aestus
2289 539 2566 613 incendio,
2599 556 2748 602 totus
2780 547 2967 602 fumus
3002 546 3196 617 igneus
3227 550 3659 606 monstrabatur.

398 657 502 712 tas,
538 655 591 699 et
621 640 985 698 incenderunt
1016 649 1187 695 semet
1218 639 1387 708 ipsos.

467 739 627 790 Anno
678 735 888 804 imperii
939 732 1140 790 Leonis
1194 733 1426 803 septimo
1453 730 1678 786 Iudaeus
1723 729 1970 800 quidam.

397 829 668 884 oriundus
703 844 766 881 ex
803 826 1073 880 Laodicea
1128 825 1415 879 maritimae
1445 823 1766 887 Phoenicia,
1808 822 1977 876 male-

399 923 558 985 ﬁcus,
613 919 840 975 veniens
882 916 949 971 ad
986 915 1145 970 Hizid
1194 917 1525 985 repromittit
1569 931 1693 970 eum
1740 913 1978 985 quadra-

398 1017 548 1085 ginta
600 1014 763 1068 annis
816 1016 1159 1065 retenturum
1200 1008 1441 1063 Arabum
1487 1008 1879 1078 principatum,
1929 1007 1975 1061 si

401 1105 767 1169 venerabiles,
790 1119 913 1174 qua:
955 1104 1009 1156 in
1040 1101 1291 1157 ecclesiis
1314 1100 1757 1156 Christianorum
1786 1100 1837 1153 in
1864 1107 1978 1153 toto

401 1199 711 1269 principatu
745 1212 846 1253 suo
880 1195 1148 1273 imagines
1181 1194 1621 1256 bonorabantur,
1654 1193 1975 1262 deponeret.

402 1290 540 1344 lluic
578 1291 759 1357 itaque
798 1286 1033 1342 stolidus
1071 1282 1303 1339 credens
1333 1280 1491 1336 llizid
1542 1281 1781 1336 edictum
1814 1295 1979 1351 gene-

402 1379 515 1430 rale
569 1385 759 1430 contra
812 1381 1038 1430 sanctas
1093 1372 1363 1442 imagines
1413 1370 1803 1441 promulgavit.
1872 1368 1977 1423 Sed

402 1471 574 1539 gratia
613 1468 828 1523 Domini
867 1467 1042 1521 nostri
1085 1463 1216 1520 Jesu
1253 1464 1484 1529 Christi,
1533 1472 1587 1518 et
1618 1463 1978 1518 intercessio-

404 1563 565 1617 nibus
608 1561 936 1628 incorrupta:
963 1557 1155 1612 Matris
1189 1557 1309 1625 ejus
1348 1556 1710 1625 omniumque
1758 1563 1980 1609 sancto-

405 1670 547 1713 rum.
599 1651 790 1706 eodem
854 1664 997 1705 anno
1051 1658 1299 1703 mortuus
1351 1659 1437 1703 est
1495 1647 1671 1710 llizid,
1729 1647 1978 1717 pluribus

403 1748 581 1801 adhuc
635 1761 733 1799 nec
797 1743 991 1798 audire
1042 1743 1355 1797 valentibus
1416 1741 1735 1796 Satanicum
1803 1741 1978 1811 ipsius

402 1838 660 1892 edictum.
698 1836 956 1905 l’erccpta
990 1849 1120 1889 vero
1169 1847 1356 1887 amara
1400 1837 1501 1887 ista
1545 1839 1601 1887 et
1644 1831 1837 1887 illicita
1885 1847 1979 1885 ne-

402 1945 567 1998 quam
630 1928 883 1983 doctrina
940 1926 1049 1982 Leo
1108 1928 1409 1997 imperator
1457 1926 1749 1979 ntultorum
1818 1924 1978 1979 nobis

401 2040 566 2080 eausa
610 2025 873 2077 malorum
909 2021 1136 2078 effectus
1168 2027 1275 2076 est.
1308 2020 1478 2075 Porro
1506 2033 1629 2073 cum
1678 2018 1977 2073 invenisset

405 2116 933 2187 indisciplinationis
986 2115 1148 2185 hujus
1202 2120 1635 2169 consentaneum
1686 2111 1975 2182 quemdam

408 2212 547 2266 Bisir
596 2210 843 2272 nomine,
899 2208 991 2277 qui
1045 2216 1209 2262 natus
1251 2206 1471 2277 quidem
1525 2196 1590 2261 ex
1638 2204 1976 2260 Christianis

405 2306 606 2367 fuerat,
639 2302 735 2358 sed
775 2302 1025 2370 captivus
1059 2300 1111 2353 in
1156 2300 1371 2371 Syriam
1414 2299 1612 2355 ductus
1643 2298 1833 2367 refuga
1864 2297 1976 2366 (77)

404 2400 550 2465 ﬁdei,
589 2414 709 2469 quae
739 2404 823 2453 est
857 2397 910 2451 in
945 2394 1246 2459 Christum,
1281 2404 1530 2464 repertus
1563 2401 1667 2457 est,
1703 2393 1974 2449 Arabum-

402 2507 511 2561 que
552 2490 811 2559 dogmata
858 2487 1061 2543 sectari
1104 2490 1376 2557 apparuit.
1414 2490 1554 2541 Ante
1593 2473 1808 2556 tempus
1851 2498 1980 2542 vero

406 2599 512 2637 non
556 2581 785 2634 multum
837 2580 906 2633 ab
961 2579 1178 2633 illorum
1235 2581 1501 2634 servitute
1548 2579 1685 2632 liber
1731 2578 1979 2643 effectus,

402 2692 529 2730 cum
579 2675 823 2730 venisset
872 2673 940 2727 ad
990 2688 1104 2726 rem
1146 2672 1422 2739 publicam
1474 2671 1870 2735 Romanorum,
1911 2672 1982 2727 ob

407 2772 574 2822 robur
606 2768 860 2837 corporis
905 2773 961 2821 et
994 2780 1325 2821 consensum
1358 2780 1538 2834 pravae
1573 2766 1853 2834 opinionis
1880 2765 1983 2820 ho-

408 2870 636 2915 noratus
680 2866 765 2914 est
799 2859 868 2913 ab
914 2858 1109 2912 eodem
1162 2857 1381 2922 Leone;
1421 2857 1512 2927 qui
1562 2866 1616 2911 et
1667 2857 1983 2927 imperatori

412 2952 595 3006 fautor
652 2952 708 3005 in
758 2965 959 3021 magno
1011 2949 1326 3018 bujusmodi
1380 2949 1597 3017 piaculo
1640 2947 1821 3005 factus
1875 2958 1981 3005 est.

407 3043 795 3101 Concordabat
840 3051 1023 3097 autem
1060 3041 1108 3097 ei
1158 3050 1213 3096 et
1257 3041 1552 3111 episcopus
1598 3038 1857 3106 Nacoliae,
1890 3044 1981 3112 qui

411 3137 904 3206 indisciplinationi
949 3135 1075 3205 ejus
1128 3151 1350 3205 operam
1387 3135 1525 3192 dans
1554 3138 1827 3191 consimili
1871 3139 1983 3191 vita

408 3231 627 3285 vivebat
650 3246 772 3285 cum
796 3231 937 3299 ipso.

480 3322 664 3377 Mundi
685 3338 828 3377 anno
846 3321 1004 3385 62l6,
1024 3321 1218 3376 divinae
1246 3320 1645 3375 incarnationis
1668 3336 1812 3376 anno
1858 3323 1981 3384 716,

409 3430 554 3468 anno
607 3430 741 3469 vero
798 3414 1012 3483 imperii
1068 3413 1267 3469 Leonis
1330 3422 1526 3467 octavo
1592 3423 1844 3469 mortuus
1901 3423 1987 3468 est

409 3507 569 3563 Hizid
608 3507 843 3560 Arabum
883 3506 1017 3570 dux,
1055 3505 1145 3559 cui
1183 3503 1434 3560 succedit
1476 3502 1645 3558 Nisan
1683 3503 1846 3573 hujus
1877 3502 1987 3557 fras

411 3609 514 3661 ter,
564 3605 619 3652 et
663 3595 830 3665 erepit
872 3594 1148 3650 aediﬁcare
1191 3609 1286 3663 per
1329 3592 1583 3648 civitates
1626 3602 1680 3648 et
1734 3595 1985 3663 regiones

409 3690 633 3758 palatia,
677 3696 732 3742 et
788 3688 1014 3741 novales
1070 3686 1251 3742 facere
1281 3695 1335 3739 et
1360 3687 1672 3756 paradisos,
1723 3695 1778 3740 et
1810 3700 1983 3756 aquas

413 3781 695 3834 reducere.
745 3777 911 3832 Movit
956 3778 1120 3833 etiam
1173 3777 1344 3833 aciem
1392 3785 1583 3833 contra
1636 3777 1983 3845 Romaniam,

411 3872 709 3942 multisque
756 3887 968 3937 eorum,
1020 3872 1116 3941 qui
1171 3886 1362 3928 secum
1396 3881 1575 3937 erant,
1619 3871 1841 3928 amissis
1900 3889 1987 3927 re-

411 3980 533 4018 vers
541 3979 570 4017 ll
580 3980 604 4018 S
632 3975 736 4019 εει.

485 4058 638 4111 Anno
674 4057 887 4125 imperii
930 4054 1133 4111 Leonis
1156 4070 1325 4111 'nono
1353 4054 1659 4125 Gregorius
1698 4070 1835 4126 papa
1872 4055 1986 4111 Ro-

410 4163 586 4202 mana:
622 4155 818 4217 praeest
861 4145 1139 4201 Ecclesiae.
1174 4144 1294 4212 Quo
1335 4145 1596 4201 videlicet
1640 4160 1788 4200 anno
1822 4146 1987 4216 coepit

409 4240 608 4309 impius
652 4241 954 4309 imperator
990 4238 1100 4294 Leo
1132 4238 1498 4308 depositionis
1524 4248 1713 4294 contra
1762 4249 1988 4295 sanctas

415 4336 464 4383 et
505 4327 845 4383 universales
882 4327 1150 4396 imagines
1179 4325 1361 4381 facere
1389 4327 1639 4381 verbum.
1669 4327 1827 4393 Quod
1861 4342 1989 4382 cum

384 4419 700 4479 'didicisset
756 4420 1056 4492 Gregorius
1110 4435 1246 4491 papa
1300 4419 1584 4477 Romanus
1635 4422 1841 4478 tributa
1879 4421 1988 4477 Ro-

410 4526 585 4566 mana:
630 4511 780 4566 urbis
815 4510 1098 4581 prohibuit
1132 4520 1187 4565 et
1232 4510 1419 4577 Italiae,
1455 4511 1707 4567 scribens
1748 4513 1813 4566 ad
1849 4511 1987 4567 Leo-

2079 641 2255 698 Porro
2314 641 2683 697 crassitudine
2737 650 2965 694 terrenae
3022 641 3347 695 substantiae
3414 643 3659 710 petrinas

2078 740 2325 809 pumices
2362 738 2599 808 grandes
2645 747 2702 789 ut
2735 737 2992 791 cumulos
3039 736 3306 803 quosdam
3350 738 3663 791 transmisit

2079 846 2177 902 per
2204 840 2371 884 totam
2406 830 2672 883 minorem
2706 830 2890 882 Asiam
2933 837 2987 883 et
3023 827 3285 889 Lesbum,
3328 829 3577 899 Abydum
3610 839 3664 882 et

2083 922 2359 979 maritima
2394 919 2746 982 Macedoniae,
2785 921 2860 974 ita
2894 929 2953 973 ut
2992 928 3105 973 tota
3136 919 3458 989 superﬁcies
3494 922 3663 975 maris

2081 1015 2247 1083 hujus
2277 1014 2593 1084 pumicibus
2622 1013 3116 1082 supernatantibus
3146 1022 3294 1066 esset
3330 1015 3559 1082 repleta.
3594 1014 3651 1067 lo

2083 1109 2263 1164 medio
2298 1117 2480 1162 autem
2520 1107 2654 1161 tanti
2688 1107 2829 1178 ignis
2866 1107 3039 1160 insula
3090 1122 3157 1161 ex
3210 1116 3371 1160 terrze
3408 1108 3665 1178 congerie

2080 1199 2222 1255 facta
2284 1183 2512 1262 insulae,
2558 1215 2681 1271 quae
2739 1214 2897 1253 sacra
2954 1199 3178 1263 dicitur,
3229 1200 3484 1269 copulata
3543 1206 3661 1259 est.

2079 1292 2325 1348 nondum
2373 1293 2528 1362 prius
2581 1292 2897 1355 exsistens,
2944 1306 3134 1346 verum
3190 1292 3335 1345 sicut
3386 1290 3664 1360 pradictze

2081 1384 2273 1440 Thera:
2295 1382 2552 1438 videlicet
2582 1391 2637 1437 et
2662 1383 2942 1438 Therasiae
2974 1382 3168 1436 insulae
3198 1381 3474 1449 quondam
3504 1379 3664 1433 ebul-

2081 1476 2449 1539 lieruntpita
2497 1486 2549 1529 et
2608 1475 2727 1541 ipsa
2791 1460 2962 1541 nunc,
3019 1472 3364 1543 temporibus
3412 1472 3665 1525 videlicet

2082 1567 2492 1638 impugnatoris
2542 1565 2638 1621 Dei
2671 1565 2895 1631 Leonis,
2934 1566 3028 1636 qui
3065 1565 3308 1619 divinam
3363 1565 3500 1619 iram
3541 1579 3665 1617 con-

2082 1671 2166 1718 tra
2216 1678 2274 1718 se
2308 1677 2407 1732 pro
2455 1676 2515 1716 se
2547 1659 2663 1715 fore
2714 1660 2997 1729 Opinatus,
3048 1642 3423 1728 impudentius
3471 1665 3661 1713 contra

2081 1763 2303 1810 sanctas
2329 1762 2384 1809 et
2410 1751 2759 1808 venerabiles
2789 1752 3058 1821 imagines
3092 1752 3337 1819 praelium
3379 1749 3661 1819 excitavit,

2082 1851 2345 1921 collegam
2378 1858 2432 1903 et
2483 1848 2870 1903 auxiliatorem
2915 1848 3122 1901 habens
3155 1846 3319 1901 Beser
3354 1846 3447 1899 Dei
3489 1846 3662 1901 abne-

2081 1952 2326 2014 gatorem
2355 1950 2411 1997 et
2437 1940 2920 1995 irrationabilitate
2949 1940 3052 1994 sibi
3086 1939 3423 1993 similiimum
3452 1957 3465 1993 :
3504 1939 3663 1993 ambo

2083 2036 2288 2105 quippe
2319 2034 2690 2090 ineruditione
2740 2043 2898 2089 erant
2940 2043 2995 2088 et
3038 2033 3548 2102 indisciplinatione
3579 2047 3666 2085 re-

2085 2128 2208 2183 ferti
2240 2170 2253 2191 ,
2312 2142 2380 2183 ex
2439 2142 2546 2197 qua
2601 2127 2775 2181 multa
2838 2126 3108 2180 malorum
3162 2139 3364 2196 genera
3413 2124 3660 2178 veniunt.

2085 2221 2281 2276 Turba:
2311 2231 2519 2286 autem,
2555 2236 2679 2288 qu:e
2723 2222 2774 2273 in
2816 2220 2965 2289 regia
3015 2219 3151 2272 urbe
3188 2224 3343 2272 erant
3375 2215 3529 2270 valde
3563 2216 3665 2271 tri-

2084 2322 2197 2369 stes
2238 2328 2404 2383 super
2436 2314 2593 2367 novis
2623 2312 2894 2367 doctrinis
2920 2311 3147 2375 effectae,
3177 2310 3587 2367 meditabantur
3610 2310 3665 2363 in

2084 2424 2207 2464 eum
2241 2408 2554 2474 insurgere,
2580 2414 2633 2460 et
2660 2406 2931 2484 quosdam
2964 2406 3146 2475 regios
3178 2402 3432 2458 homines
3455 2400 3669 2456 occide-

2082 2508 2236 2561 runt,
2267 2498 2475 2552 domini
2524 2498 2864 2566 deponentes
2900 2496 3117 2563 iconam
3169 2508 3291 2563 qua:
3325 2508 3491 2564 super
3539 2506 3666 2551 .ma-

2082 2608 2243 2663 gnam
2274 2590 2503 2646 Aineam
2539 2600 2753 2659 portam
2793 2587 2972 2658 posita
3025 2587 3376 2647 cernebatur.
3424 2584 3562 2639 adeo
3607 2597 3669 2639 ut

2085 2682 2242 2737 multi
2275 2696 2464 2737 eorum
2501 2696 2602 2751 pro
2638 2681 2872 2735 veritate
2914 2680 3243 2749 punirentur
3290 2678 3665 2733 membrorum

2085 2777 2600 2833 detruncationibus
2631 2775 2926 2844 “agrisque
2956 2782 3010 2829 et
3036 2773 3252 2829 exsiliis
3271 2768 3669 2840 rerumqueja-

2086 2870 2283 2933 cturis,
2304 2869 2650 2939 maximeque
2679 2869 2754 2922 illi
2789 2868 2881 2939 qui
2916 2867 3203 2921 nobilitate
3242 2880 3305 2918 ac
3330 2865 3496 2919 verbo
3527 2862 3668 2918 clari

2085 2975 2208 3015 esse
2237 2958 2585 3022 videbantur,
2618 2959 2689 3011 ita
2723 2966 2784 3012 ut
2844 2965 2897 3011 et
2941 2955 3313 3011 eruditionum
3358 2952 3580 3008 scholas
3614 2958 3671 3006 ct

2085 3052 2229 3122 piam
2282 3052 2649 3107 eruditionem
2710 3065 2739 3103 a
2794 3056 3000 3105 sanct:e
3059 3046 3342 3103 memoriae
3393 3044 3671 3100 Constan-
3750 3084 3754 3088 Α

2087 3143 2207 3195 tino
2239 3155 2437 3209 magno
2464 3141 2754 3209 hucusque
2777 3147 3051 3194 servatam
3084 3138 3475 3206 exstingueret.
3497 3134 3671 3202 Cujus

2013 3265 2053 3322 ο
2088 3232 2343 3287 videlicet
2371 3246 2494 3286 cum
2528 3230 2652 3285 aliis
2682 3243 2905 3299 quoque
2935 3228 3121 3283 multis
3148 3229 3309 3283 bonis
3356 3228 3671 3282 destructor

2090 3323 2199 3379 Leo
2231 3324 2407 3379 factus
2436 3332 2538 3388 est,
2566 3324 2707 3392 ejus,
2729 3322 2888 3391 cujus
2918 3329 2971 3376 et
2995 3320 3277 3387 Saraceni,
3306 3336 3504 3376 sensus
3526 3319 3674 3374 exsi«

2090 3426 2262 3471 stens.
2294 3414 2351 3471 In
2386 3416 2471 3470 his
2506 3430 2638 3484 ergo
2674 3416 2794 3469 zelo
2854 3415 3044 3470 divino
3079 3413 3211 3468 moti
3265 3413 3672 3469 tumultuantur

2088 3516 2279 3562 contra
2308 3522 2433 3562 eum
2470 3522 2665 3575 magna
2698 3507 3091 3576 congressione
3118 3506 3331 3560 navalis
3387 3505 3672 3558 exercitus

2088 3598 2437 3663 concinnata,
2475 3607 2583 3652 tam
2609 3596 2873 3652 Helladici
2925 3612 3089 3667 quam
3121 3597 3175 3651 hi
3225 3596 3318 3666 qui
3371 3595 3670 3667 Cycladum

2090 3691 2309 3745 fuerant
2378 3691 2707 3746 insularum.
2756 3690 3076 3759 Agallianus
3107 3696 3289 3744 autem
3346 3689 3669 3742 turmarcha

2089 3781 2496 3837 llelladicorum
2526 3792 2643 3837 erat
2668 3782 2876 3837 militiae
2902 3782 3036 3844 dux,
3061 3780 3228 3836 simul
3253 3788 3306 3834 et
3332 3779 3670 3850 Stephanus.

2087 3874 2179 3939 qui
2214 3883 2269 3929 et
2310 3874 2473 3944 regiae
2519 3873 2967 3945 approximantes
3028 3872 3149 3926 urbi
3204 3871 3443 3946 decimo~
3473 3881 3674 3941 quarto

2089 3966 2359 4021 Kalendas
2422 3965 2600 4020 Maias
2664 3965 2891 4021 decimae
2972 3964 3288 4018 indictionis
3346 3970 3675 4032 superantur

2089 4058 2370 4127 congressi
2396 4072 2520 4111 cum
2553 4057 2855 4129 Byzantiis,
2885 4055 2988 4110 sibi
3016 4054 3274 4110 confecto
3299 4055 3422 4124 igne
3442 4053 3675 4107 navibus
3748 4094 3753 4097 .

2092 4151 2482 4205 concrematis.
2521 4148 2584 4204 Et
2615 4149 2707 4203 alii
2740 4148 2962 4218 quidem
3012 4148 3207 4201 horum
3250 4146 3672 4215 demerguntur,

2044 4226 2053 4234 ’
2091 4240 2231 4295 inter
2248 4255 2389 4311 quos
2423 4250 2477 4295 et
2506 4223 2821 4310 Agallianus
2862 4248 3109 4293 armatus
3168 4253 3228 4293 se
3261 4236 3442 4307 ipsum
3477 4236 3674 4306 praeci-

2089 4332 2280 4411 pitavit
2319 4352 2331 4388 :
2367 4347 2534 4403 porro
2567 4333 2957 4402 superstitibus
2993 4332 3061 4386 ad
3102 4332 3491 4399 imperatorem
3540 4343 3679 4383 con-

2090 4420 2384 4477 ﬂuentibus
2413 4423 2646 4477 Cosmas
2674 4431 2725 4476 et
2757 4420 3072 4491 Stephanus
3110 4420 3374 4475 abscissis
3406 4418 3680 4487 capitibus

2090 4513 2418 4584 puniuntur.
2455 4512 2667 4567 Crescit
2708 4511 2893 4579 itaque
2947 4510 3156 4563 malitia
3213 4508 3415 4576 impius
3476 4505 3588 4558 Leo
3623 4514 3677 4557 ct

411 4620 533 4661 nem
565 4604 853 4675 epistolam
883 4594 1270 4672 dogmaticam,
1311 4620 1420 4658 non
1450 4614 1706 4673 oportere
1748 4605 1985 4672 impera—
2017 4602 2060 4657 D
2088 4594 2442 4659 consentanei
2475 4602 2639 4672 hujus
2673 4610 2869 4657 contra
2906 4600 3158 4671 pietatem
3186 4597 3531 4653 extendendo
3554 4611 3677 4665 per-

411 4709 583 4753 torem
639 4696 703 4752 de
754 4696 857 4750 fide
899 4694 1082 4750 facere
1129 4696 1357 4751 verbum
1398 4705 1452 4750 et
1495 4696 1738 4752 novitate
1784 4697 1989 4753 violare

410 4791 633 4860 antiqua
663 4790 915 4859 dogmata
945 4788 1201 4845 Ecclesiae
1230 4788 1537 4856 catholica,
1571 4805 1692 4861 quae
1718 4806 1746 4844 a
1781 4792 1991 4848 sanctis
2043 4860 2053 4869 η

411 4882 663 4937 Patribus
695 4892 777 4935 est
808 4882 1119 4950 praedicata.
1681 4924 1689 4929 .

481 4972 641 5026 Anno
681 4970 897 5041 imperii
948 4969 1148 5025 Leonis
1196 4966 1414 5025 decimo
1464 4971 1633 5026 movit
1684 4972 1989 5027 exercitum

412 5065 711 5119 Masalmas
743 5074 937 5119 contra
976 5062 1285 5117 Caesaream
1338 5063 1722 5133 Cappadociae,
1758 5072 1813 5119 et
1844 5065 1991 5135 cepit

409 5174 552 5213 eam.
588 5157 835 5212 Mauhias
862 5172 993 5213 vero
1026 5155 1169 5210 ﬁlius
1204 5155 1412 5210 llisami
1448 5156 1619 5211 aciem
1654 5158 1822 5211 movit
1850 5174 1988 5213 con-

413 5263 495 5307 tra
550 5251 913 5312 Romaniam,
967 5258 1022 5305 et
1069 5264 1195 5303 cum
1243 5249 1684 5313 deambulasset,
1735 5265 1990 5305 reversus

411 5354 516 5400 est.
568 5344 625 5397 In
679 5343 799 5411 ipso
850 5356 997 5396 anno
1042 5341 1231 5395 aestivo
1276 5350 1522 5409 tempore
1571 5355 1763 5410 vapor,
1817 5350 1877 5396 ut
1922 5357 1986 5397 ex

413 5432 632 5487 camino
681 5434 846 5503 ignis,
896 5432 1052 5487 visus
1100 5440 1186 5487 est
1227 5431 1464 5485 ebullire
1502 5430 1647 5485 inter
1692 5430 1902 5487 Theras
1936 5438 1991 5486 et

414 5522 710 5578 'l'hcrasias
747 5525 960 5580 insulas
1007 5540 1071 5578 ex
1113 5522 1390 5594 profundo
1438 5524 1612 5578 maris
1644 5538 1741 5592 per
1781 5523 1992 5591 aliquot

415 5612 557 5670 dies.
603 5614 724 5680 Quo
770 5616 1032 5685 paulatim
1087 5617 1399 5671 incrassato
1444 5623 1497 5669 et
1553 5613 1784 5668 dilatato
1830 5612 1985 5684 igniti

2091 4697 2454 4752 secutionem.
2482 4695 2583 4749 Per
2607 4694 3005 4749 aestivum'vero
3027 4691 3320 4747 solstitium
3347 4687 3512 4756 hujus
3529 4687 3676 4742 deci-

2093 4804 2194 4842 ma:
2225 4786 2563 4849 indictionis,
2600 4796 2730 4856 post
2778 4800 3016 4855 nequam
3049 4784 3116 4837 de
3146 4781 3551 4837 contribulibus
3579 4794 3673 4833 ac-

2091 4890 2304 4949 ceptam
2340 4878 2657 4941 victoriam,
2702 4887 2895 4931 contra
2958 4874 3377 4945 Bithynensium
3437 4869 3675 4925 Nicaeam

2092 4972 2340 5045 praelium
2360 4976 2694 5024 construunt
2709 4967 3113 5022 Saracenorum
3133 4964 3335 5019 amerei
3359 4963 3489 5028 duo,
3512 4962 3678 5015 Amer

2094 5066 2304 5122 scilicet
2329 5064 2382 5118 in
2408 5062 2650 5117 millibus
2673 5061 2988 5131 quindecim
3023 5056 3405 5127 expeditorum
3439 5068 3679 5125 prmcur-o

2094 5172 2222 5211 rens
2264 5163 2318 5209 et
2360 5156 2686 5223 imparatam
2714 5149 3063 5206 circumdans
3093 5148 3390 5206 civitatem,
3440 5152 3495 5197 et
3533 5139 3677 5194 Mau-

2099 5250 2221 5303 hias
2253 5246 2598 5314 subsequens
2632 5244 2683 5297 in
2720 5243 2838 5297 aliis
2880 5240 3203 5309 octuaginta
3235 5236 3477 5305 quinque
3511 5234 3674 5286 milli-

2093 5337 2231 5401 bus-;
2264 5352 2386 5406 quae
2417 5344 2544 5405 post
2576 5336 2798 5387 multam
2825 5330 3190 5396 obsidionem,
3217 5337 3271 5384 et
3290 5326 3674 5397 particularem

2095 5446 2379 5485 murorum
2414 5428 2760 5486 eversionem
2795 5426 2935 5479 hanc
3000 5424 3222 5494 quidem
3261 5437 3368 5475 non
3419 5418 3673 5473 obtinue-

2092 5534 2241 5589 runt,
2283 5523 2421 5577 bene
2446 5521 2686 5591 acceptis
2714 5528 3031 5573 sanctorum
3062 5511 3284 5570 Patrum
3318 5512 3575 5582 precibus
3608 5511 3683 5564 ad

2092 5617 2263 5673 Deum
2295 5616 2537 5679 directis,
2564 5623 2617 5668 et
2648 5611 3084 5668 sanctiﬁcatione
3117 5609 3347 5662 faciente
3384 5603 3672 5659 venerabi-

1918 5726 2154 5785 NOTAE.

490 5820 601 5889 (77)
668 5819 888 5890 Refugrt.
959 5822 1298 5877 Glossarium
1337 5840 1348 5874 :
1394 5820 1707 5888 ἀποστάτης
1773 5819 1985 5889 refuga.

420 5891 760 5949 Glossarium
826 5891 1060 5949 Dosithei
1122 5896 1364 5966 magistri
1407 5910 1417 5944 :
1457 5902 1701 5963 apostata
1765 5891 1974 5960 refuga.

2099 5820 2440 5875 Flodoardus
2468 5819 2520 5879 5,
2548 5819 2611 5873 18
2639 5834 2649 5866 τ
2686 5836 2702 5863 ι
2742 5833 2837 5885 pro
2868 5815 3102 5886 quodam
3128 5814 3335 5883 refuga.
3358 5812 3449 5886 qui
3475 5825 3666 5878 quatu-

2089 5893 2216 5947 dam
2248 5890 2719 5949 sanctimonialem
2744 5883 2863 5943 ‘Slbl
2887 5883 3273 5955 copulaverat.
3306 5902 3327 5933 γι
3362 5883 3522 5935 P‘Aaa.
