4414 6462
389 412 531 480 1365

1169 405 1537 466 HISTORIA
1579 403 2153 462 ECCLILSlAbIILA
2199 403 2294 459 [ιλ
2335 403 2812 459 'l‘lthl'Il.\.\b.

3524 405 3660 466 I360

382 532 578 583 doctor
613 523 850 593 optimus
883 520 989 574 vita
1018 527 1071 573 et
1096 518 1261 573 verbo
1288 516 1573 588 praefulsit.
1599 514 1796 568 Verum
1833 511 1972 566 Ger-
2003 499 2249 572 Art-tur,
2307 496 2509 565 tributa
2544 510 2802 580 capitalia
2863 510 3037 565 terti-.e
3092 515 3233 581 parti
3298 514 3501 568 Siciliae
3562 534 3658 570 seu

386 633 606 672 manum
669 624 855 684 utpote
887 613 991 668 sub
1018 626 1078 665 se
1107 610 1470 665 constitutum
1497 621 1527 660 a
1557 607 1758 660 throno
1788 602 1959 674 pellit.

383 710 681 780 Gregorius
711 715 890 760 autem
951 719 1047 774 per
1079 701 1347 771 epistolas
1381 715 1527 762 eum,
1590 711 1712 768 qua:
1775 695 1966 749 multis

384 812 510 858 sunt
541 809 704 864 notze,
755 795 1050 850 manifeste
1106 791 1403 862 redarguit.
1459 788 1566 843 Sed
1619 795 1673 842 et
1723 785 1967 842 Joannes

387 897 532 948 hunc
561 907 684 946 cum
711 888 955 945 Orientis
993 884 1271 954 episcopis
1297 877 1746 936 anathematibus
1775 874 1965 932 subdi-

388 984 487 1036 dit.
522 980 692 1036 Porro
745 977 979 1046 septimo
1035 974 1159 1028 ldus
1195 971 1486 1026 Januarias
1512 969 1739 1024 decimae
1795 965 1968 1021 tentia:

387 1071 729 1135 indictionis,
755 1069 915 1124 tertia
955 1065 1113 1130 feria,
1152 1063 1354 1134 impius
1382 1061 1491 1116 Leo
1524 1059 1805 1115 silentium
1836 1072 1970 1111 con-

387 1180 466 1221 tra
502 1181 692 1220 sacras
722 1173 775 1220 et
802 1161 1144 1219 venerabiles
1193 1157 1494 1214 celebravit
1532 1156 1722 1210 iconas
1779 1152 1833 1208 in
1865 1151 1959 1206 tri-

387 1261 610 1316 bunalio
665 1259 854 1313 decem
907 1267 960 1310 et
1019 1270 1212 1309 novem
1263 1251 1642 1313 accubituum,
1705 1246 1970 1325 advocato

387 1369 603 1422 quoque
637 1361 690 1407 et
725 1350 1080 1406 sanctissimo
1115 1346 1429 1417 patriarcha
1468 1344 1768 1403 Germano,
1817 1347 1970 1394 ratus

392 1461 639 1516 se'posse
672 1444 751 1497 illi
806 1441 1142 1512 persuadere
1184 1455 1293 1508 quo
1345 1437 1725 1492 subscriberet
1775 1442 1969 1488 contra

388 1549 608 1594 sanctas
641 1537 852 1590 iconas.
914 1533 1018 1588 Sed
1054 1542 1109 1588 et
1137 1531 1296 1585 fortis
1327 1529 1532 1584 Christi
1564 1533 1758 1583 servus
1793 1525 1970 1580 nulla-

388 1641 550 1683 tenus
602 1627 969 1697 acquiescens
1030 1623 1340 1679 detestabili
1395 1620 1713 1675 eacodoxim
1770 1611 1969 1688 ipsius,

390 1737 515 1775 eum
542 1720 767 1774 verbum
806 1716 1052 1772 veritatis
1091 1723 1239 1768 recte
1265 1712 1578 1776 direxisset,
1613 1710 1970 1764 abrenuntia-

389 1814 466 1863 vlt
502 1826 775 1865 summum
802 1807 1195 1871 sacerdotium,
1236 1805 1458 1858 tradens
1487 1805 1736 1874 pallium,
1765 1809 1818 1856 et
1846 1809 1972 1872 post

390 1903 588 1958 multos
632 1915 916 1958 sermones
949 1899 1312 1954 didascalicos
1371 1897 1600 1951 dicens:
1633 1894 1691 1973 Si
1718 1911 1810 1964 ego
1847 1911 1963 1947 sum

387 1995 582 2061 Jonas,
614 1994 766 2048 mitte
789 2009 869 2046 me
924 1993 978 2046 in
1010 2007 1176 2046 mare.
1219 1991 1427 2060 Absque
1456 1989 1744 2043 universali
1772 1989 1964 2058 quippe

389 2086 587 2159 ayNOdO
618 2088 868 2140 innovare
883 2084 1044 2154 ﬁdem
1073 2082 1398 2151 impossibile
1420 2081 1548 2134 mihi
1570 2089 1645 2134 est
1678 2077 1966 2133 secundum

390 2180 736 2246 apostolicam
791 2188 838 2232 et
869 2190 1148 2246 paternam
1194 2175 1569 2237 traditionem,
1602 2189 1630 2225 ο
1655 2173 1964 2240 imperator.

393 2275 456 2328 Et
492 2274 684 2329 abit-ns
717 2272 781 2325 ad
821 2273 999 2326 locum
1031 2271 1126 2340 qui
1165 2269 1373 2324 dicitur
1400 2267 1736 2330 Platanium,
1768 2266 1822 2318 in
1872 2279 1968 2334 pa-

392 2367 583 2422 rentali
614 2367 778 2422 domo
808 2381 906 2420 sua
947 2365 1114 2435 quieti
1145 2377 1369 2432 operam
1420 2360 1589 2422 dedit,
1625 2372 1840 2415 summo
1880 2372 1968 2412 sa-

391 2459 638 2513 cerdotio
694 2458 920 2511 functus
966 2454 1126 2510 annis
1173 2451 1624 2523 quatuordecim,
1684 2449 1968 2504 mensibus

393 2551 654 2619 quinque,
685 2547 879 2602 diebus
911 2555 1140 2614 septem.
1173 2543 1346 2597 Porro
1395 2541 1686 2596 undecimo
1718 2539 1835 2594 Kal.
1869 2538 1971 2594 Fe-

393 2642 642 2697 bruarias
671 2648 860 2695 creant
897 2639 1016 2694 falsi
1048 2638 1287 2692 nominis
1311 2635 1690 2699 Anastasium,
1725 2633 1970 2704 discipu-

396 2735 504 2789 lum
541 2748 606 2789 ac
656 2733 958 2805 syncellum
1013 2730 1261 2800 ejusdem
1319 2729 1464 2784 beati
1498 2727 1781 2791 Genuani,
1833 2741 1969 2780 cou-

396 2827 717 2882 sentientem
751 2823 952 2879 Leonis
992 2823 1262 2892 impietati
1294 2827 1522 2891 propter
1548 2834 1790 2872 amorem
1816 2817 1969 2887 prin-

395 2919 609 2986 cipatus
640 2914 935 2977 mundani,
989 2914 1134 2967 hunc
1188 2913 1242 2966 in
1291 2910 1787 2980 pseudepiscopum
1825 2907 1970 2961 Con-

397 3006 829 3076 stantinopoleos
894 3004 1277 3074 provehentes.
1320 3001 1466 3055 Sane
1505 2999 1802 3070 Gregorius
1845 3013 1971 3053 san~

398 3098 686 3153 ctissimus
734 3095 932 3165 prmsni
968 3092 1269 3154 Romanus,
1325 3089 1786 3160 quemadmodum
1830 3103 1971 3157 pra:-

399 3191 531 3253 dixi,
564 3189 920 3244 Anastasium
955 3202 1063 3239 una
1100 3201 1224 3240 eum
1259 3184 1458 3238 libellis
1481 3183 1700 3250 abjecit,
1733 3181 1970 3235 Leonem

401 3298 496 3351 per
533 3280 796 3348 epistolas
830 3289 1088 3347 tanquam
1135 3277 1300 3346 impie
1327 3281 1582 3346 agentem
1612 3274 1970 3344 redarguens,

398 3380 450 3426 et
486 3371 711 3425 [loturam
741 3385 866 3424 cum
907 3378 1018 3424 tota
1047 3367 1199 3421 Italia
1244 3369 1309 3421 ab
1334 3367 1483 3421 illius
1543 3365 1772 3434 imperio
1821 3380 1973 3420 rece-

398 3461 526 3516 dere
555 3461 784 3515 iaciens.
812 3457 1096 3514 Insaniens
1129 3474 1259 3522 ergo
1291 3467 1560 3528 tyrannus
1583 3466 1778 3511 contra
1804 3471 1971 3510 vene-

401 3553 601 3607 rabiles
648 3552 913 3622 imagines
965 3550 1410 3620 persecutionem
1463 3547 1730 3602 extendit.
1803 3545 1972 3600 Porro

400 3643 555 3696 multi
594 3642 778 3696 clerici
813 3649 866 3695 et
893 3641 1147 3695 monachi
1175 3648 1230 3696 et
1261 3640 1501 3711 religiosi
1533 3639 1657 3695 laici
1689 3655 1790 3710 pro
1822 3649 1973 3696 recto

401 3737 692 3806 periclitati
725 3743 855 3790 sunt
885 3733 1075 3790 verbo.

471 3826 654 3881 Mundi
679 3840 825 3879 anno
848 3824 1006 3888 6222,
1029 3825 1224 3879 divina:
1250 3825 1647 3881 incarnationis
1672 3839 1816 3880 anno
1840 3825 1969 3890 722,

401 3930 544 3969 anno
572 3931 702 3970 vero
731 3915 946 3984 imperii
994 3912 1195 3968 Leonis
1235 3915 1316 3978 lli,
1343 3916 1674 3970 Anastasius
1699 3915 1974 3978 Constan-

347 4046 349 4049 .
401 4007 705 4076 tinopoleos
744 4006 978 4060 habetur
1013 4006 1244 4061 antistes
1281 4006 1594 4068 hareticus,
1635 4008 1730 4077 qui
1773 4007 1844 4060 24
1875 4022 1975 4061 an.

399 4100 487 4152 nis
517 4098 734 4167 praefuit
771 4097 1052 4152 Ecclesiae.
1091 4097 1206 4153 Iloc
1230 4113 1448 4168 quoque
1480 4114 1626 4152 armo
1658 4100 1825 4153 movit
1859 4099 1972 4153 Ma-

401 4191 604 4246 salmas
622 4191 925 4245 exercitum
947 4199 1140 4244 contra
1174 4189 1521 4252 Romaniam,
1557 4202 1750 4246 etcum
1787 4193 1971 4248 venis-

403 4291 485 4337 set
517 4283 569 4337 in
614 4282 1059 4353 Cappadociam,
1091 4281 1221 4336 dolo
1275 4284 1418 4352 cepit
1456 4283 1822 4339 Charsianum
1880 4300 1973 4340 ca-

401 4386 598 4430 strum.

472 4467 632 4521 Anno
663 4466 878 4537 imperii
931 4466 1132 4524 Leonis
1168 4467 1230 4521 15
1271 4465 1561 4523 Masalmas
1609 4477 1794 4523 castra
1859 4481 1976 4522 mo-

2071 601 2342 656 Calabriae
2395 602 2578 672 populi
2636 601 3090 672 superimposuit.
3149 606 3219 657 lia
3259 621 3386 658 vero
3420 624 3541 677 qua:
3581 611 3661 661 di-

2073 705 2276 748 cuntur
2308 695 2640 765 patrimonia
2673 706 2990 752 sanctorum
3031 697 3340 767 principum
3385 702 3660 770 apostolo-

2076 802 2214 850 rum,
2254 802 2376 855 quze
2405 786 2474 840 ab
2506 787 2637 840 olim
2671 787 2920 843 ecclesiis
2953 789 3072 842 auri
3111 789 3402 845 dimidium
3458 803 3512 847 et
3554 796 3658 849 tria

2075 879 2432 935 conferebant
2467 881 2694 944 talenta,
2721 883 2949 951 publica:
2978 884 3178 936 rationi
3204 886 3414 939 exsolvi
3453 903 3660 956 praece-

2077 970 2179 1041 pit,
2208 973 2560 1026 considerare
2586 972 2749 1026 etiam
2770 982 2931 1042 atque
2954 975 3270 1029 describere
3295 987 3452 1033 natos
3479 995 3661 1034 mares

2072 1065 2291 1133 jnheus,
2327 1073 2384 1118 ut
2419 1065 2630 1119 Pharao
2667 1067 2941 1134 quondam
2983 1084 3076 1122 eos
3109 1069 3200 1137 qui
3238 1079 3397 1123 erant
3447 1087 3512 1124 ex
3551 1074 3659 1126 Ile-

2077 1154 2275 1220 brtcis;
2309 1155 2455 1224 quod
2481 1171 2580 1209 nec
2617 1154 2716 1224 ipsi
2754 1155 3000 1225 magistri
3027 1157 3147 1225 ejus
3179 1160 3384 1215 Arabes
3413 1160 3465 1214 in
3499 1161 3662 1216 Chri-

2079 1248 2309 1313 stianos,
2345 1247 2438 1316 qui
2474 1248 2523 1299 in
2552 1249 2667 1301 eois
2694 1255 2823 1302 sunt
2853 1249 2990 1306 oris.
3027 1252 3224 1306 fecisse
3256 1266 3587 1307 noscuntur.

2149 1339 2306 1391 Anno
2337 1338 2546 1406 imperii
2584 1337 2783 1393 Leonis
2831 1339 2897 1391 l7
2949 1340 3092 1394 facta
3135 1352 3219 1398 est
3255 1346 3563 1400 mortalitas
3605 1347 3660 1401 in

2081 1427 2260 1499 Syria,
2296 1430 2563 1499 multique
2591 1433 2896 1498 perierunt.

2151 1527 2307 1578 Anno
2333 1524 2547 1593 imperii
2575 1524 2773 1580 LCOIIIS
2812 1527 2871 1578 l8
2906 1525 3204 1580 Zacharias
3246 1531 3432 1583 Itonia:
3459 1532 3658 1599 pratsul

2084 1618 2345 1679 habetur;
2398 1617 2702 1687 eodemque
2765 1634 2910 1671 anno
2969 1617 3290 1676 Theodorus
3341 1621 3564 1677 Mansur
3605 1623 3657 1677 in

2082 1708 2334 1788 exsilium
2371 1709 2578 1764 missus
2607 1716 2687 1762 cst
2715 1709 2856 1777 apud
2885 1709 3103 1763 climata
3134 1712 3338 1776 eremi,
3365 1723 3418 1766 et
3457 1712 3657 1768 factum

2084 1809 2169 1853 cst
2201 1800 2416 1870 signum
2443 1801 2496 1855 in
2517 1801 2658 1855 emlo
2684 1802 2902 1871 igneum
2938 1803 3316 1870 resplendens,
3336 1813 3389 1858 et
3412 1803 3661 1861 Mauhias

2013 1882 2053 1936 Β
2083 1892 2268 1946 Asiam
2292 1893 2654 1962 depopulatus
2684 1900 2788 1949 est.

2144 1986 2302 2038 Anno
2339 1985 2548 2054 imperii
2579 1985 2779 2041 Leonis
2802 1987 2866 2041 19
2898 1989 3065 2043 movit
3095 1991 3400 2044 exercitum
3432 1991 3658 2046 Sulchi-

2076 2093 2198 2130 man
2231 2077 2374 2132 ﬁlius
2419 2079 2601 2133 llisam
2638 2079 2903 2136 adversus
2929 2082 3317 2138 Armeniorum
3354 2084 3658 2155 regionem,

2074 2180 2127 2225 et
2157 2171 2293 2226 nihil
2323 2172 2577 2242 profecit.

2145 2266 2300 2318 Anno
2338 2265 2554 2335 imperii
2617 2263 2816 2321 Leonis
2869 2266 2931 2318 21
2990 2264 3312 2320 Sulchiman
3367 2267 3558 2322 multis
3606 2271 3660 2321 in

2074 2358 2445 2425 captivitatem
2494 2372 2560 2411 ex
2616 2356 2745 2411 Asia
2805 2357 3027 2424 ductis,
3087 2361 3378 2428 quemdam
3443 2374 3663 2430 quoque

2079 2449 2475 2519 Pergamenum
2512 2450 2721 2518 pariter
2773 2449 2929 2503 duxit
2982 2451 3286 2520 captivum,
3320 2450 3415 2521 qui
3441 2452 3658 2507 dicebat

2077 2558 2137 2597 se
2162 2541 2443 2597 Tiberium
2477 2543 2649 2596 filium
2681 2558 2804 2598 esse
2826 2541 3150 2598 Justiniani.
3209 2542 3367 2598 IIunc
3402 2545 3569 2600 llison
3606 2545 3664 2598 in

2079 2633 2340 2688 honorem
2387 2633 2482 2686 ﬁlii
2534 2632 2618 2688 sui
2653 2639 2817 2702 atque
2858 2633 2912 2686 in
2947 2633 3344 2702 imperatorum
3391 2641 3661 2686 terrorem

2077 2742 2202 2780 eum
2238 2726 2599 2796 imperatorio
2630 2740 2694 2780 ac
2728 2726 2946 2781 decenti
2995 2725 3201 2779 honore
3236 2725 3562 2793 militiisque
3597 2740 3661 2777 ac

2082 2818 2276 2874 baudis
2329 2827 2382 2872 et
2430 2819 2668 2888 sceptris
2724 2818 2780 2871 in
2830 2815 3131 2872 Jerusalem
3175 2817 3360 2881 mittit,
3399 2825 3452 2870 et
3494 2825 3661 2870 totam

2079 2912 2290 2983 Syriam
2316 2912 2658 2966 circumduci
2688 2927 2813 2967 cum
2852 2912 3025 2967 multo
3049 2911 3208 2982 jubet
3234 2910 3443 2966 honore
3471 2909 3539 2964 ad
3579 2909 3663 2963 vi-

2080 3006 2292 3061 sionem
2325 3015 2675 3060 cunctorum.

2149 3095 2306 3146 Anno
2336 3092 2547 3160 imperii
2580 3091 2773 3149 Lenis
2805 3090 2876 3142 *ἓξ
2903 3100 3084 3145 movet
3113 3090 3412 3144 exercitum
3437 3089 3658 3144 Sulchi-

2082 3199 2206 3236 man
2241 3197 2430 3237 contra
2458 3181 2669 3235 Iloinan
2697 3197 2805 3246 am,
2835 3190 2891 3235 et
2918 3181 3283 3251 depopulatus
3307 3189 3393 3234 est
3415 3188 3658 3233 castrum

2078 3274 2222 3344 quod
2273 3274 2477 3328 dicitur
2507 3274 2780 3336 Siderum,
2817 3283 2874 3328 et
2911 3271 3270 3328 Eustachium
3323 3274 3489 3325 lilium
3550 3271 3662 3324 Ma-

2077 3365 2216 3420 riani
2244 3366 2459 3434 patricii
2491 3367 2771 3434 captivqu
2810 3363 2989 3418 duxit.

2144 3458 2302 3513 Anno
2331 3458 2545 3526 imperii
2583 3457 2783 3512 Leonis
2813 3459 2904 3521 25,
2946 3472 3136 3511 mense
3198 3454 3359 3511 Maio.
3403 3454 3661 3509 indictio-

2079 3550 2166 3605 nis
2198 3551 2252 3614 8,
2283 3560 2455 3605 movit
2508 3552 2814 3607 exercitum
2863 3550 3181 3606 Sulchiman
3218 3557 3439 3602 contra‘
3470 3548 3664 3602 Roma-

2078 3642 2221 3694 niam
2248 3655 2372 3694 cum
2395 3627 2688 3711 ttonaginta
2717 3642 2960 3695 millibus
2998 3649 3051 3695 et
3089 3639 3503 3710 magistratibus
3525 3655 3659 3709 qna-

2078 3745 2233 3796 tuor,
2277 3748 2508 3802 quorum
2549 3733 2752 3787 Gamer
2781 3732 2890 3786 dux
2927 3740 3047 3787 erat
3096 3732 3365 3788 insidians
3404 3731 3457 3784 in
3505 3732 3663 3786 denis

2077 3823 2321 3880 millibus
2349 3825 2678 3888 latrunculis
2723 3826 2942 3880 Asianae
2991 3833 3152 3879 terra:
3179 3823 3451 3894 partibus,
3502 3823 3662 3892 cujus

2079 3917 2212 3970 socii
2268 3928 2425 3972 erant
2481 3916 2672 3972 Melich
2715 3927 2770 3971 et
2813 3917 2964 3971 Batal
3011 3932 3136 3971 cum
3193 3917 3383 3987 viginti
3421 3915 3663 3969 millibus

2078 4009 2323 4078 equitum
2356 4011 2501 4064 circa
2530 4010 2907 4064 Aehrobinum
2945 4009 3360 4064 debacchantes
3383 4048 3398 4071 ,
3433 4017 3488 4062 et
3539 4017 3664 4078 post

2081 4100 2180 4156 hos
2209 4099 2530 4156 Sulchiman
2573 4104 2624 4156 in
2673 4101 2957 4171 sexaginta
2994 4101 3240 4155 millibus
3271 4101 3415 4154 circa
3448 4100 3659 4169 Cappa-

2079 4193 2273 4247 docmn
2300 4191 2532 4262 Tyanim
2579 4209 2926 4262 progressus,
2955 4207 3190 4262 quorum
3230 4191 3322 4244 alii
3356 4206 3452 4260 per
3470 4191 3660 4245 Asiam

2078 4297 2129 4341 et
2151 4287 2576 4356 Cappadociam,
2607 4289 2781 4340 multo
2822 4286 3036 4342 excidio
3064 4285 3304 4338 virorum
3352 4299 3415 4338 ac
3470 4284 3659 4338 mulie-

2084 4378 2201 4432 rum
2255 4389 2422 4448 atque
2473 4379 2852 4448 jumentorqu
2895 4361 3228 4449 perpetrato,
3272 4376 3424 4431 illaasi
3459 4379 3661 4431 reversi

2081 4482 2226 4528 sunt.
2261 4471 2324 4526 IIi
2371 4487 2501 4527 vero
2540 4473 2631 4542 qui
2661 4489 2784 4527 cum
2822 4471 3017 4528 Mclieh
3043 4480 3096 4526 et
3127 4471 3276 4524 Batal
3309 4470 3454 4540 apud
3499 4471 3665 4524 (lbra-

403 4561 480 4612 vit
508 4569 698 4613 contra
735 4559 1050 4623 Thraciam,
1105 4569 1158 4614 et
1220 4575 1342 4613 cum
1410 4560 1748 4630 pervenisset
1805 4575 1979 4630 usque
2012 4590 2056 4646 Β
2085 4564 2270 4617 himou
2305 4573 2482 4628 erant,
2521 4565 2816 4634 expugnati
2849 4580 2879 4618 a
2911 4563 3090 4618 Leone
3137 4579 3230 4616 seu
3292 4562 3661 4616 Constantino

403 4649 467 4702 ad
501 4648 725 4718 Caspias
760 4657 967 4718 portas,
1001 4658 1248 4703 metuens
1280 4647 1405 4702 inde
1444 4661 1694 4701 reversus
1727 4655 1830 4701 est.

475 4743 634 4794 Anno
668 4741 883 4810 imperii
911 4740 996 4794 sui
1055 4739 1118 4793 16
1152 4739 1259 4794 Leo
1293 4740 1589 4808 imperator
1640 4737 1804 4791 tiliam
1837 4737 1976 4792 Cha-

405 4833 527 4903 gani
561 4830 890 4903 Scytharum
924 4833 1115 4886 arbitri
1151 4832 1262 4885 lilio
1302 4847 1404 4885 suo
1432 4831 1821 4895 Constantino,
1851 4845 1975 4884 cum

409 4930 545 4980 lianc
594 4925 964 4979 Christianam
997 4923 1247 4992 fecisset,
1313 4923 1666 4978 matrimonio
1724 4924 1975 4985 sociavit,

406 5017 699 5070 nominans
736 5000 852 5069 cam
907 5013 1198 5068 IIeirenen.
1255 5015 1387 5080 Quae
1416 5029 1758 5069 cumsacras
1815 5014 1980 5070 Litte-

345 5122 348 5123 '
405 5122 498 5161 ras
538 5106 842 5168 didicisset,
898 5106 1092 5176 pietati
1146 5106 1556 5176 dausoperam
1617 5106 1843 5172 claruit,
1879 5106 1980 5161 hos

407 5199 705 5269 impietatis
730 5199 1087 5268 redarguens.
1122 5196 1366 5252 Mauhias
1394 5214 1523 5252 vero
1571 5197 1718 5252 ﬁlius
1771 5197 1978 5253 Hisami

408 5295 579 5347 aciem
607 5300 804 5346 contra
846 5291 1166 5345 ltomaniam
1204 5293 1433 5353 direxit,
1467 5299 1522 5345 et
1557 5293 1776 5347 veniens
1809 5308 1982 5362 usque

409 5386 463 5438 in
496 5384 922 5467 Paphlagoniam
959 5385 1136 5454 prteda
1170 5399 1294 5438 cum
1329 5385 1497 5439 multa
1528 5385 1708 5440 rediit.
1759 5387 1860 5440 Ast
1887 5386 1980 5439 im-
2035 5377 2046 5384 ’

411 5487 631 5546 perator
663 5487 854 5530 contra
911 5490 1104 5545 papam
1162 5485 1322 5547 atque
1369 5468 1644 5532 recessum
1678 5476 1864 5533 Romae
1918 5493 1982 5532 ac

411 5568 581 5624 Italia.-
630 5569 907 5634 saeviebat,
957 5576 1444 5641 eonstructumque
1473 5573 1675 5627 slolum
1725 5587 1980 5642 magnum

411 5662 610 5715 direxit
655 5663 920 5717 adversus
972 5677 1088 5728 eos,
1121 5661 1329 5718 Manent
1382 5661 1982 5735 pra3torem'Cihyrmo-

412 5743 647 5808 tensium
679 5765 844 5824 caput
879 5756 932 5809 itt
955 5757 1034 5812 eis
1061 5757 1426 5811 constituens.
1456 5756 1610 5811 'I‘nnc
1638 5757 1984 5828 impugnator

417 5847 506 5902 Dei
542 5850 874 5921 peramplius
916 5851 1163 5913 sa‘virns.
1205 5866 1328 5906 cum
1362 5851 1590 5907 Arabico
1619 5868 1784 5909 sensu
1842 5862 1982 5908 ωηο-

2087 4658 2326 4727 superati
2377 4667 2544 4723 sunt;
2575 4666 2628 4712 et
2677 4660 2864 4728 plures
2887 4673 2951 4710 ex
3001 4657 3086 4710 his
3138 4657 3307 4708 armis
3348 4654 3482 4724 ipsis
3538 4671 3662 4708 cum

2087 4747 2299 4802 duobus
2330 4749 2671 4818 principibus
2714 4749 3012 4817 perierunt,
3034 4747 3330 4815 octingenti
3389 4761 3515 4799 vero
3565 4761 3665 4815 pu-

2089 4851 2364 4910 gnatores,
2401 4841 2490 4909 qui
2527 4855 2589 4894 ex
2617 4842 2722 4894 illis
2750 4839 2814 4893 ad
2843 4856 2936 4894 sex
2971 4838 3135 4891 millia
3177 4838 3514 4898 institerant,
3558 4836 3630 4906 Sy

2091 4935 2281 4988 nadem
2319 4932 2668 5002 confugiunt,
2694 4941 2747 4986 et
2787 4933 2922 4986 salvi
2953 4939 3304 4984 remanentes
3341 4927 3662 4981 Sulehiman

2091 5025 2286 5082 SOciati
2326 5037 2476 5089 sunt,
2509 5034 2562 5078 et
2588 5024 2643 5077 in
2679 5023 2894 5094 Syriam
2933 5023 3263 5092 repedarunt
3289 5020 3528 5090 inglorii.
3565 5019 3665 5073 an

2090 5118 2212 5173 dem
2240 5118 2406 5170 etiam
2436 5132 2580 5170 anno
2613 5124 2667 5170 ct
2698 5117 2751 5169 in
2789 5115 2972 5169 Africa
3040 5113 3197 5167 multi
3250 5113 3320 5166 ab
3352 5113 3434 5166 eis
3480 5110 3661 5180 perdi~

2093 5214 2223 5266 tioni
2261 5229 2387 5266 cum
2416 5221 2643 5282 praetore
2679 5211 3017 5266 Datnasccno
3073 5211 3292 5265 nomine
3345 5217 3658 5278 patuerunt.

2162 5308 2318 5359 Anno
2351 5305 2562 5372 imperii
2591 5305 2809 5366 Leonis,
2835 5303 3156 5373 nequissimi
3181 5301 3324 5372 Syri,
3353 5300 3423 5353 Ἢ
3451 5300 3660 5352 incensi

2093 5405 2220 5452 sunt
2253 5397 2353 5450 fori
2410 5396 2552 5466 apud
2591 5397 2913 5449 [tantascum
2964 5395 3031 5447 ab
3068 5391 3513 5471 llieracensibus,
3569 5388 3662 5457 qui

2093 5489 2336 5557 patibulo
2366 5500 2497 5543 sunt
2529 5489 2693 5541 ailixi.
2727 5488 3041 5557 Eodemque
3094 5501 3239 5538 anno
3270 5494 3431 5538 terrre
3478 5488 3662 5534 motus

2095 5583 2268 5634 factus
2296 5591 2380 5636 cst
2410 5597 2642 5651 magnus
2675 5590 2838 5650 atque
2878 5580 3138 5635 terribilis
3159 5572 3659 5642 Constantinopoli,

2094 5675 2323 5743 St'PIllllo
2387 5673 2505 5726 Kal.
2539 5672 2914 5737 Novembrias,
2956 5671 3274 5726 indictionis
3313 5683 3490 5730 nonan,
3529 5666 3661 5721 feria

2093 5775 2313 5835 quarta,
2352 5768 2480 5820 liora
2515 5777 2731 5828 octava,
2778 5777 2830 5820 et
2874 5776 3201 5820 corruerunt
3229 5763 3475 5818 errlesia:
3500 5770 3661 5829 atque

2095 5860 2447 5924 monasteria,
2485 5860 2825 5930 populusque
2863 5860 3063 5914 Ittttllus
3097 5858 3397 5913 t,“.5lillt‘l‘h
3431 5863 3509 5909 est
3567 5854 3640 5901 Γε-
