4414 6462
770 434 899 497 1367

1884 435 2288 497 ANASTASII
2328 437 2957 518 BlBLlOT‘IlECARlI

3884 444 4023 511 1368

759 556 893 609 cidit
926 561 1107 609 autem
1140 561 1193 609 et
1225 553 1603 619 simulacrum,
1630 554 1774 625 quod
1797 556 1979 611 stabat
2003 572 2170 627 super
2193 556 2337 612 Atali
2369 563 2413 619 Α
2442 568 2496 613 et
2527 558 2711 613 comiti
2743 557 3026 630 Obsequii,
3058 557 3155 629 qui
3187 556 3397 613 Annam
3440 572 3686 614 sororem
3717 560 3838 631 ejus
3891 578 4029 618 uxo-

761 655 995 716 portam,
1044 646 1223 715 magni
1266 644 1779 726 Coustautiui,una
1819 662 1944 702 cum
1981 649 2103 718 ipso
2151 649 2332 716 Atalo,

756 750 810 795 et
843 740 1033 794 titulus
1063 738 1305 805 Arcadii,
1338 739 1432 810 qui
1466 754 1631 809 supra
1676 737 1970 811 Xerolophi
2013 741 2330 795 columnam

757 833 959 897 stabat,
1016 838 1071 885 et
1122 831 1474 885 simulacrum
1528 829 1756 899 majoris
1809 830 2132 896 Theodosii,
2186 832 2333 903 quod

757 938 921 989 supra
960 930 1176 991 portant
1216 923 1449 976 Auream
1505 921 1817 987 videbatur,
1871 937 2085 978 necnon
2102 918 2185 980 ἐι
2223 932 2335 980 ter-

757 1015 871 1067 reni
901 1014 1056 1069 urbis
1093 1013 1255 1075 muri.
1286 1020 1343 1069 et
1372 1013 1626 1069 civitates
1654 1029 1717 1069 ac
1748 1012 1892 1068 villae
1916 1016 1969 1070 in
2007 1013 2241 1081 Thrace,
2281 1024 2335 1071 et

753 1104 1073 1161 Nicomedia
1130 1105 1184 1159 in
1230 1104 1487 1177 Bithynia
1535 1114 1589 1161 et
1624 1105 1905 1162 Praenetus
1960 1117 2015 1164 et
2046 1107 2246 1175 Nicaea,
2280 1110 2334 1164 in

754 1213 861 1266 qua
912 1210 1019 1250 una
1048 1194 1199 1252 salva
1255 1197 1522 1251 remansit
1559 1196 1814 1253 ecclesia.
1848 1196 2008 1270 Fugit
2069 1208 2247 1254 autem
2281 1207 2335 1255 et

758 1305 908 1343 utare
941 1289 1203 1344 terminos
1234 1304 1366 1344 suos
1397 1290 1450 1342 in
1479 1290 1808 1359 quibusdam
1857 1292 2014 1358 lo'cis,
2050 1302 2104 1346 et
2140 1291 2333 1362 perdu-

756 1381 896 1435 ravit
918 1388 1079 1435 terra:
1106 1391 1289 1437 motus
1320 1383 1606 1437 mensibus
1654 1381 1964 1437 duodecim.
1995 1386 2095 1439 Ast
2155 1384 2330 1455 impe-

756 1480 905 1526 rator
934 1473 1216 1527 allocutus
1244 1480 1329 1528 est
1368 1473 1629 1543 populum
1659 1473 1854 1530 dicens
1896 1493 1909 1529 :
1957 1475 2058 1529 Vos
2106 1493 2208 1528 non
2241 1494 2331 1531 va-

756 1566 872 1617 letis
903 1562 1171 1632 adiﬁcare
1210 1581 1410 1628 muros,
1444 1567 1533 1619 sed
1581 1582 1675 1619 nos
1727 1567 2058 1636 pra’cipimus
2096 1568 2329 1622 admini-

754 1655 1100 1718 stratoribus,
1134 1662 1183 1707 et
1214 1654 1315 1722 ipsi
1341 1655 1548 1723 exigant
1592 1657 1647 1709 in
1687 1656 1922 1726 regulam
1956 1672 2048 1725 per
2092 1658 2331 1726 singulos

755 1760 941 1799 aureos
972 1761 1242 1796 nummum
1292 1753 1596 1815 argenteum
1656 1762 1842 1802 unum.
1884 1746 2003 1813 Quo
2042 1747 2329 1817 imperium

755 1843 978 1905 accepto
1008 1834 1300 1890 aedificavit
1326 1850 1539 1900 muros,
1590 1846 1645 1891 et
1699 1837 1772 1891 ita
1800 1836 1944 1891 facta
1975 1846 2059 1892 est
2100 1853 2333 1893 consue-

755 1909 886 1981 tudo
909 1926 1075 1981 dandi
1108 1927 1270 1982 binas
1331 1927 1563 1998 siliquas
1599 1929 2169 1997 administratoribus,
2203 1947 2327 1987 cum
2368 1924 2410 1979 Β

754 2016 931 2073 anntis
955 2026 1102 2074 esset
1135 2034 1163 2072 a
1199 2018 1515 2075 conditione
1555 2019 1773 2090 quidem
1804 2022 1991 2076 mundi
2033 2022 2187 2093 juxta
2229 2023 2331 2079 Ro-

754 2125 946 2164 manos
977 2110 1045 2164 ab
1080 2110 1251 2164 Adam
1282 2109 1443 2173 69.48,
1477 2111 1781 2166 secundum
1837 2112 2129 2185 Egyptios
2189 2132 2325 2171 vero

752 2217 848 2255 seu
877 2200 1280 2257 Alexandrinos
1302 2202 1463 2267 6252,
1486 2217 1516 2257 a
1542 2204 1794 2275 Philippo
1814 2207 2117 2262 secundum
2149 2207 2330 2263 Mace—

750 2294 924 2347 dones
967 2292 1128 2347 1065.
1170 2292 1440 2364 Regnavit
1481 2295 1630 2349 enim
1680 2296 1792 2354 Leo
1841 2299 1910 2354 ab
1963 2310 2159 2356 octavo
2189 2300 2327 2356 “Kal.

750 2385 1085 2454 Apriliarum
1126 2385 1354 2442 decima:
1412 2386 1628 2456 quintae
1669 2387 1988 2448 indictionis
2042 2406 2220 2463 usque
2262 2393 2329 2449 ad

749 2473 1024 2529 decimum
1083 2487 1339 2545 quartum
1389 2475 1509 2531 Kal.
1558 2477 1733 2534 Julias
1784 2494 1946 2539 nona:
1989 2482 2328 2547 indictionis,

748 2581 873 2621 cum
935 2575 1217 2637 regnasset
1298 2569 1460 2624 annis
1528 2569 1621 2637 24,
1674 2572 1956 2628 mensibus
2019 2574 2089 2637 2,
2136 2574 2331 2632 diebus

746 2658 839 2714 25.
912 2657 1175 2714 Similiter
1240 2658 1641 2717 Constantinus
1693 2664 1842 2720 filius
1899 2665 2043 2735 ejus,
2113 2667 2329 2737 imperii

746 2760 803 2806 et
856 2744 1392 2821 impietatis'ipsius
1425 2755 1742 2823 [successor
1776 2797 1792 2826 ,
1859 2756 1928 2813 ab
1976 2758 2170 2815 eodem
2231 2759 2329 2815 de-

748 2844 893 2897 cimo
926 2852 1125 2913 quarto
1180 2842 1302 2899 Kal.
1330 2843 1504 2901 Julias
1560 2862 1719 2902 nonae
1770 2848 2091 2906 indictionis
2149 2867 2330 2923 usque

750 2934 818 2989 ad
858 2936 1129 2989 decimum
1161 2950 1416 2991 octavum
1450 2939 1574 2994 Kal.
1596 2937 1885 2995 Octobrias
1910 2942 2139 2999 decima
2159 2960 2329 3015 quar-

750 3037 817 3081 tae
864 3026 1204 3091 indictionis,
1248 3043 1373 3083 cum
1420 3040 1707 3101 regnasset
1761 3039 1815 3087 et
1848 3033 1971 3104 ipse
2022 3036 2183 3092 annis
2236 3036 2326 3102 54,

751 3118 1034 3174 mensibus
1061 3120 1117 3185 ὅ,
1141 3119 1340 3176 diebus
1369 3120 1423 3174 2.
1784 3192 1793 3203 .

822 3206 1029 3263 Taliter
1066 3225 1222 3280 ergo,
1258 3220 1317 3265 ut
1349 3212 1726 3282 praediximus,
1750 3215 1938 3271 eodem
1985 3232 2128 3274 anno
2173 3235 2332 3275 nonae

749 3299 1069 3355 indictionis
1105 3310 1355 3358 mortuus
1380 3312 1464 3360 est
1501 3303 1610 3360 Leo
1646 3322 1753 3361 una
1780 3323 1902 3362 cum
1934 3310 2134 3365 animae
2164 3312 2327 3368 simul
2356 3281 2398 3339 Ο

748 3398 802 3445 ct
846 3392 1096 3461 corporis
1139 3403 1336 3458 morte,
1379 3404 1434 3449 et
1479 3396 1713 3467 imperat
1745 3396 2143 3459 Constantinus
2187 3403 2330 3460 ﬁlius

747 3481 890 3551 ejus.
924 3481 991 3537 Et
1012 3483 1233 3553 quidem
1268 3500 1607 3558 quacunque
1636 3489 1741 3544 sub
1772 3488 1955 3546 Leone
1983 3492 2151 3564 impio
2173 3495 2332 3551 Chri-

746 3574 942 3629 Stianis
984 3585 1307 3641 evenerunt,
1359 3579 1475 3632 sive
1518 3580 1667 3634 circa
1720 3581 1879 3636 fidem
1931 3584 2329 3654 orthodoxam,

749 3668 866 3719 sive
926 3680 1096 3736 super
1149 3666 1406 3724 civilibus
1452 3670 1954 3741 dispositionibus,
2001 3676 2119 3733 sive
2168 3693 2332 3749 super

752 3756 928 3827 turpis
967 3758 1103 3811 lucri
1134 3769 1348 3828 quaestu
1388 3768 1441 3814 et
1477 3763 1709 3817 avaritia
1757 3780 1852 3834 per
1879 3764 2146 3834 Siciliam,
2171 3768 2331 3825 Cala-

752 3847 929 3902 briam
952 3857 1008 3904 et
1030 3849 1248 3905 Cretam
1278 3852 1568 3907 adinventa
1604 3855 1813 3924 pariter
1828 3866 1881 3911 et
1912 3860 2188 3928 imposita,
2215 3862 2332 3917 sive

752 3938 807 3993 in
842 3940 1006 3995 Italiae
1041 3943 1317 4012 apostasia
1350 3954 1572 4015 propter
1605 3946 1768 4017 hujus
1801 3948 2179 4017 cacodoxiam,
2214 3953 2331 4010 sive

753 4030 809 4085 in
867 4031 1008 4087 fame
1061 4048 1127 4087 ac
1178 4035 1489 4103 pestilentia
1537 4039 1894 4108 gentiumque
1934 4042 2233 4110 pressuris,
2272 4052 2331 4098 ut

756 4125 1107 4195 particularia
1141 4135 1370 4195 taceam,
1405 4129 1460 4184 in
1499 4131 1939 4200 praecedentibus
1970 4136 2334 4192 ostenduntur

752 4217 1023 4286 capitulis.
1059 4218 1286 4290 Dignum
1316 4229 1603 4277 autemest
1640 4222 1709 4279 de
1733 4232 1930 4279 caetero
1958 4236 2011 4298 et
2058 4226 2207 4298 impii
2228 4228 2334 4282 ﬁlii

752 4307 896 4377 ejus,
935 4319 1190 4381 tanquam
1228 4311 1359 4378 Deo,
1408 4313 1500 4384 qui
1537 4314 1723 4368 omnia
1763 4318 2046 4386 perspicit,
2089 4330 2335 4381 contem-

747 4394 958 4467 planie,
1021 4403 1293 4458 veraciter
1347 4412 1402 4459 et
1461 4421 1569 4461 non
1620 4398 1896 4478 superflue
1934 4409 2001 4464 ad
2044 4410 2333 4466 utilitatem

756 4493 1015 4560 posteris,
1066 4503 1121 4549 et
1153 4497 1391 4560 miseris,
1429 4499 1521 4568 qui
1569 4515 1715 4554 nunc
1750 4501 1803 4555 in
1851 4503 2148 4558 cacoduxia
2184 4484 2336 4561 illius

2447 664 2561 703 rem
2595 648 2848 715 duxerat,
2876 650 2960 705 vis
2987 664 3084 720 pro
3114 649 3451 717 capessendo
3506 650 3736 719 imperio
3777 651 4027 722 impone-

2444 748 2613 797 retur.
2648 741 2850 797 Eodem
2885 757 3105 814 quoque
3143 758 3286 797 anno
3332 740 3517 811 Hisam
3552 743 3826 798 interfecit
3860 745 4024 799 Chri-

2444 835 2660 890 stianos
2711 837 2959 906 captivos
3011 836 3065 890 in
3103 836 3248 890 omni
3299 836 3547 899 civitate.
3604 836 3749 891 inter
3780 853 3921 908 quos
3966 847 4024 893 et
4120 902 4133 906 _

2447 926 2774 982 Enstachius
2834 927 2980 983 filius
3035 927 3263 981 Mariani
3330 927 3548 997 patricii
3605 934 3813 998 martyr
3860 942 4024 983 verus

2442 1028 2701 1073 ostensus
2734 1026 2820 1073 est
2847 1020 2898 1073 in
2928 1018 3152 1074 Carram
3185 1016 3614 1088 Mesopotamizc,
3665 1017 3756 1071 ubi
3807 1026 3859 1071 et
3892 1019 4024 1072 reli-

2442 1112 2584 1182 quia
2612 1112 2782 1182 ipsius
2817 1114 3081 1169 sanitates
3110 1127 3210 1184 per
3241 1110 3331 1166 Dei
3364 1110 3595 1182 gratiam
3625 1122 3944 1181 operantur,
3965 1120 4023 1165 et

2442 1205 2597 1259 multi
2624 1206 2717 1259 alii
2751 1221 2847 1276 per
2881 1207 3203 1275 sanguinem
3235 1205 3601 1295 consummati
3635 1212 3783 1259 sunt.

2515 1299 2701 1354 Mundi
2731 1315 2874 1355 anno
2902 1300 3061 1364 6255,
3081 1298 3279 1353 divinte
3308 1297 3708 1353 incarnationis
3732 1311 3875 1352 anno
3891 1296 4018 1360 755,

2440 1389 2857 1456 Constantinus,
2901 1400 3224 1458 persecutor
3254 1391 3433 1460 legum
3479 1404 3507 1443 a
3540 1389 3797 1445 Patribns
3849 1391 4012 1443 tradi-

2442 1489 2647 1548 tarum,
2678 1482 2909 1552 imperat
2940 1482 3141 1537 divinis
3168 1481 3394 1553 judiciis
3420 1490 3473 1536 et
3506 1480 3860 1556 multitudine
3898 1482 4021 1534 cul—

2442 1589 2635 1643 parum
2664 1574 2916 1644 exigente
2947 1583 3282 1629 nostrarum.
3327 1573 3432 1640 Qui
3486 1588 3610 1628 cum
3656 1573 3850 1643 quinto
3892 1571 4015 1628 Kal.

2438 1663 2615 1722 Julias
2646 1665 2714 1720 ad
2762 1674 2944 1735 partes
2976 1671 3236 1736 egressus
3262 1664 3467 1721 Obsicii
3505 1665 3769 1720 adversus
3807 1665 4018 1721 Arabes

2438 1767 2606 1825 esset,
2648 1760 2797 1813 venit
2829 1757 2897 1812 ad
2950 1760 3225 1813 civitatem
3259 1773 3379 1828 qua:
3407 1757 3609 1811 dicitur
3641 1757 3835 1811 Craso.
3869 1757 4010 1811 Cum

2440 1861 2619 1906 autem
2668 1852 2962 1923 praedictus
3004 1852 3281 1908 Artabuas
3330 1850 3546 1907 Dorilaei
3601 1868 3726 1907 cum
3779 1850 4015 1907 Obsiaco

2435 1945 2635 2014 populo
2665 1944 3303 2015 esset,suspiciebantur
3355 1944 3423 1999 ad
3480 1948 3737 2001 invicem.
3790 1946 4010 2001 Mittens

2434 2046 2615 2090 autem
2651 2036 3049 2092 Constantinus
3093 2038 3159 2092 ad
3191 2052 3314 2092 eum
3346 2037 3566 2108 petebat
3608 2038 3712 2093 sibi
3747 2038 3903 2108 dirigi
3949 2038 4011 2091 fi-

2433 2128 2535 2183 lios
2568 2128 2711 2198 ejus,
2765 2143 2905 2197 quos
2936 2129 3095 2198 quasi
3136 2128 3489 2185 desiderabat
3550 2138 3741 2201 utpote
3785 2139 4013 2200 nepotes

2434 2233 2562 2273 suos
2595 2219 2796 2276 videre.
2834 2217 3069 2276 Intentio
3095 2228 3278 2276 autem
3310 2220 3430 2291 ejus
3471 2229 3589 2276 erat
3638 2226 4005 2292 comprehcn-

2433 2312 2597 2367 dendi
2622 2328 2717 2369 eos
2751 2321 2805 2367 et
2839 2313 3179 2370 retrudendi.
3235 2315 3305 2369 At
3342 2315 3433 2370 ille
3475 2331 3600 2370 cum
3650 2299 4011 2373 intellexisset

2435 2404 2705 2472 fraudem,
2760 2405 3264 2461 immensurabilem
3316 2407 3581 2460 malitiam
3635 2407 3757 2477 ejus
3805 2410 4009 2472 sciens.

2433 2498 2519 2553 sui
2555 2496 2992 2567 desperationem
3034 2498 3288 2563 incurrit,
3321 2501 3694 2571 populumque
3726 2502 4012 2570 alloquens

2432 2596 2486 2642 et
2546 2587 2884 2657 persuadens
2916 2589 3124 2659 impetu
3173 2589 3434 2644 adversus
3489 2591 3639 2645 illum
3680 2606 3805 2646 cum
3858 2592 4009 2646 omni

2434 2681 2783 2736 multitudine
2806 2681 3143 2759 properavit.
3167 2681 3232 2735 Et
3263 2683 3427 2739 Beser
3451 2684 3669 2755 quidem
3697 2684 4008 2753 patricium,

2432 2774 2527 2843 qui
2557 2788 2756 2829 sensus
2784 2781 2902 2828 erat
2934 2772 3338 2830 Saracenorum
3376 2785 3619 2832 sectator
3641 2777 3845 2848 quique
3872 2792 4011 2848 pra:-

2432 2874 2698 2933 cesserat,
2750 2866 3047 2937 romphaeis
3100 2865 3520 2924 interfecerunt.
3578 2871 3645 2924 At
3686 2885 3819 2925 vero
3864 2869 4011 2925 Con-

2432 2959 2708 3015 stantinus
2743 2960 2944 3017 misere
2989 2977 3132 3032 equo
3187 2962 3329 3018 forte
3379 2970 3553 3018 strato
3603 2973 3844 3033 reperto,
3885 2979 4008 3019 cum

2432 3049 2776 3105 ascendisset
2835 3052 2891 3106 in
2922 3067 3067 3119 eum,
3126 3052 3341 3123 fugiens
3392 3054 3539 3107 venit
3579 3054 3882 3108 Amorium.
3947 3054 4013 3107 Et

2431 3155 2555 3196 cum
2591 3142 2658 3197 ad
2716 3143 3076 3197 Orientalium
3126 3145 3348 3207 thema,
3394 3146 3553 3215 cujus
3618 3152 3821 3215 praeter
3880 3158 4009 3202 tunc

2431 3233 2707 3291 Lancinus
2734 3245 2883 3302 erat,
2916 3238 3283 3301 cucurrisset,
3318 3239 3751 3293 circumvenitur
3781 3240 3847 3293 ab
3880 3240 4008 3308 illis,

2431 3343 2569 3397 quos
2594 3330 2767 3397 magis
2800 3329 3093 3383 sublevans
3137 3309 3622 3400 pollicitationibus
3654 3330 3719 3384 ad
3762 3332 4009 3386 Sisiuna-

2432 3420 2569 3474 tium
2598 3421 2761 3475 mittit
2792 3420 3104 3485 confestim,
3156 3422 3248 3491 qui
3280 3429 3410 3476 tunc
3459 3432 3663 3492 praetor
3692 3435 3806 3478 erat
3835 3422 4008 3479 Thra-

2432 3508 2677 3569 censium
2710 3512 2991 3579 thematis,
3022 3522 3076 3568 et
3109 3514 3400 3583 persuadet
3443 3515 3550 3569 illis
3598 3516 3848 3571 auxiliari
3885 3517 4005 3573 sibi.

2433 3602 2572 3658 llinc
2601 3618 2731 3674 ergo
2756 3604 3117 3658 atrocissima:
3149 3619 3339 3674 pugna)
3369 3612 3421 3658 et
3456 3604 3743 3661 conflictus
3778 3606 4010 3661 subditis

2431 3704 2785 3767 generantur,
2829 3710 2952 3749 cum
3004 3695 3304 3764 imperator
3332 3697 3705 3766 appellaretur
3758 3709 4005 3768 uterque.

2433 3788 2701 3843 Praeterea
2727 3788 2919 3843 scribit
2966 3788 3347 3844 Artahuasdus
3379 3789 3445 3843 ad
3481 3789 3870 3861 Theophanem
3912 3806 4007 3861 pa-

2432 3880 2651 3935 tricium
2676 3888 2730 3935 et
2780 3880 3128 3951 magistrum,
3157 3882 3252 3952 qui
3283 3898 3349 3937 ex
3382 3898 3616 3952 persona
3651 3885 3913 3955 principis
3955 3887 4009 3941 in

2436 3971 2571 4026 urbe
2624 3980 2987 4034 remanserat.
3040 3986 3137 4042 per
3189 3972 3551 4029 Athanasium
3614 3976 4007 4044 silentiarinm,

2434 4077 2554 4132 quae
2579 4068 2731 4133 gesta
2760 4071 2909 4117 sunt.
2948 4062 3051 4128 Qui
3079 4079 3201 4118 cum
3242 4065 3591 4122 Artahuasdo
3640 4066 3866 4134 faveret,
3912 4084 4009 4124 co-

2435 4162 2687 4209 acervata
2726 4156 2926 4224 populo
2956 4155 3098 4225 apud
3130 4158 3544 4213 catechumenia
3580 4157 3787 4229 Magnae
3830 4162 4009 4215 eccle-

2436 4246 2550 4309 siae,
2578 4253 2632 4301 et
2664 4261 2760 4316 per
2795 4247 3005 4300 litteras
3030 4256 3083 4301 et
3128 4262 3225 4317 per
3265 4248 3379 4317 jam
3415 4244 3619 4305 dictum
3652 4251 4009 4304 Athanasium

2436 4337 2706 4406 persuasit
2730 4336 2984 4391 omnibus
3014 4338 3236 4394 credere
3266 4341 3409 4409 quod
3436 4341 3732 4410 imperator
3762 4352 4012 4399 mortuus

2431 4427 2622 4492 fuerit,
2659 4426 3041 4482 Artahuasdus
3071 4438 3252 4483 autem
3306 4444 3336 4483 a
3388 4432 3722 4489 thematibus
3771 4450 4011 4504 pronun-

2438 4518 2607 4573 tiatus
2664 4519 2737 4571 sit
2794 4519 3113 4588 imperatur.
3176 4520 3329 4577 Tunc
3380 4525 3558 4579 omnis
3610 4527 3842 4597 pOpulus
3888 4544 4011 4582 cum

755 4585 1128 4683 decipiuntur,
1162 4587 1399 4683 ludibria
1426 4593 1674 4662 exsequi,
1713 4608 1836 4663 quae
1867 4595 1935 4648 ab
1965 4593 2068 4649 hac
2093 4596 2157 4650 lO
2191 4596 2335 4652 lndi-
2368 4619 2411 4675 ί)
2442 4610 2739 4664 Anastasio
2766 4585 2891 4669 falsi
2927 4614 3195 4667 nominis‘
3220 4615 3531 4683 patriarcha
3588 4585 3919 4673 auria-themati
3958 4628 4015 4673 et

754 4678 936 4732 ctione
970 4678 1144 4748 ipsius
1176 4681 1386 4751 imperii
1421 4686 1547 4739 anni
1582 4686 1744 4755 primi
1787 4703 1964 4758 usque
1996 4688 2063 4744 ad
2097 4689 2160 4744 14
2186 4690 2330 4746 iudi-

756 4768 992 4822 ctiouem
1034 4771 1225 4824 mortis
1253 4772 1399 4826 illius
1426 4775 1592 4845 impie
1623 4777 1814 4845 gessit.
1847 4777 1945 4834 llic
1968 4780 2112 4835 enim
2146 4773 2334 4850 perni-

755 4859 1104 4915 ciosissimus
1153 4872 1207 4916 et
1256 4866 1490 4933 agrestis
1517 4866 1707 4933 ferus,
1762 4877 1816 4924 et
1882 4872 2165 4942 tyrannice
2236 4886 2338 4928 nec

758 4952 997 5020 legitime
1039 4947 1243 5008 abusus
1286 4955 1538 5025 imperio,
1597 4959 1774 5028 primo
1812 4962 2033 5031 quidem
2066 4979 2094 5016 a
2137 4961 2249 5019 Deo
2285 4972 2339 5020 et

760 5041 1081 5095 intemerata
1112 5041 1279 5099 Matre
1300 5045 1471 5115 ipsius
1493 5062 1557 5102 ac
1574 5049 1829 5105 omnibus
1846 5052 2053 5107 sanctis
2070 5052 2337 5120 abscedit,

761 5130 988 5203 magicis
1006 5134 1287 5192 maleficiis
1313 5145 1367 5191 et
1390 5138 1626 5195 luxuriis
1663 5144 2017 5213 cruentisque
2047 5146 2338 5202 sacrificiis
2383 5186 2391 5193 -

760 5231 816 5276 et
874 5225 1166 5281 caballinis
1221 5231 1562 5287 stercoribus
1614 5242 1777 5303 atque
1830 5235 1964 5289 lotio
2007 5237 2337 5303 delectatus,

764 5315 1098 5373 mollitiebus
1147 5335 1366 5390 quoque
1415 5337 1480 5378 ac
1534 5324 1842 5379 daemonum
1893 5326 2339 5385 invocationibus

764 5409 1031 5479 gaudens,
1089 5420 1253 5482 atque
1300 5416 1562 5471 omnibus
1606 5419 1820 5474 animas
1862 5423 2340 5492 corrunipentibus

765 5502 1249 5561 adiuveutionibus
1305 5522 1335 5559 a
1390 5515 1579 5564 tenera
1622 5520 1785 5567 aetate
1836 5513 2159 5571 convivens.
2203 5515 2338 5584 Quia

764 5609 898 5647 vero
930 5606 1216 5664 paternum
1257 5600 1622 5672 principatum
1660 5619 1785 5659 cum
1839 5606 2046 5660 malitia
2078 5610 2339 5680 suscepit,

767 5702 874 5740 nou
906 5689 1176 5743 modicam
1219 5691 1270 5745 in
1297 5692 1447 5747 brevi
1479 5700 1725 5765 tempore
1764 5697 2110 5769 demonstrat
2149 5702 2340 5769 nequi—

767 5778 920 5842 tiam,
985 5781 1058 5835 ita
1111 5792 1174 5850 ,ιιι
1223 5783 1291 5837 ab
1335 5786 1591 5841 omnibus
1645 5788 1716 5841 ob
1765 5788 2157 5857 impudentiam
2210 5806 2340 5846 con-

767 5865 947 5923 festini
988 5870 1112 5927 odio
1147 5870 1461 5939 haberetur,
1520 5885 1573 5932 ct
1622 5876 1967 5935 Artaltuasdo
2026 5882 2332 5953 curopalati

2439 4700 2786 4756 detestationi
2842 4702 3223 4757 submiserunt
3272 4706 3695 4761 Constantinum
3750 4718 3807 4763 ut
3861 4724 4014 4763 arro-

2440 4790 2655 4858 gantem
2687 4797 2738 4844 et
2769 4790 3144 4846 adversarium
3196 4794 3309 4857 Dei,
3361 4805 3525 4865 atque
3582 4798 3758 4868 ipsius
3817 4799 4013 4855 caedem

2441 4882 2900 4951 amplectabiliter
2936 4883 3277 4940 admiserunt
3325 4895 3582 4958 tanquam
3632 4893 3845 4955 amalo
3902 4908 4016 4946 ma-

2440 4974 2590 5027 ximo
2645 4973 2922 5029 liberati:
2986 4976 3392 5033 Artahuasdum
3455 4996 3583 5035 vero
3612 4983 4015 5052 .impcratorem

2441 5063 2885 5130 praedicaverunt
2944 5074 3002 5118 ut
3056 5068 3421 5123 orthodoxum
3470 5080 3522 5125 et
3561 5071 3871 5127 divinorum
3923 5075 4017 5128 do-

2440 5162 2680 5222 gmatum
2716 5166 3201 5229 propugnatorem.
3239 5160 3357 5214 Mox
3394 5177 3523 5232 ergo
3570 5163 3815 5221 Monotes
3854 5166 4015 5220 mittit

2443 5246 2496 5298 in
2526 5254 2711 5315 partes
2737 5245 3083 5305 Thraceuses
3116 5251 3183 5305 ad
3217 5251 3585 5323 Nicephorum
3634 5255 3802 5310 [ilium
3834 5274 4012 5322 suum,

2442 5344 2730 5407 praetorem
2789 5338 3209 5409 Thraceusinm,
3263 5360 3372 5414 quo
3408 5346 3473 5399 ad
3522 5349 3826 5401 custodiam
3864 5350 4013 5403 urbis

2442 5427 2678 5484 minaret
2704 5429 2818 5484 illic
2846 5434 3145 5487 exercitum
3170 5437 3553 5490 constitutum.
3586 5436 3862 5494 Obseratis
3885 5456 4013 5509 ergo

2442 5520 2616 5590 portis
2648 5537 2934 5576 murorum
2968 5533 3019 5579 et
3052 5526 3250 5596 vigiliis
3277 5530 3486 5598 positis,
3511 5530 3649 5584 ﬁlios
3674 5531 4012 5586 Conmautini

2442 5613 2868 5681 comprehensos
2908 5632 3078 5672 caesos
3110 5634 3173 5673 ac
3206 5629 3395 5676 tonsos
3421 5621 3474 5675 in
3508 5620 3755 5676 custodia
3810 5628 4010 5693 posuit.

2442 5704 2576 5757 Cum
2611 5715 2794 5761 autem
2840 5710 3221 5767 Artahuasdus
3270 5730 3392 5767 cum
3430 5715 3717 5784 Obsequiis
3744 5726 3885 5770 esset
3920 5733 4011 5769 ur-

2444 5796 2561 5849 bem
2593 5796 2900 5867 ingressus,
2959 5804 3203 5869 pervenit
3254 5814 3305 5857 et
3336 5804 3737 5863 Constantinus
3777 5810 4013 5862 (ΛΜ-κε).

2445 5888 2606 5957 politn
2637 5903 2762 5943 cum
2792 5889 3007 5949 duobus
3039 5895 3403 5955 tltentatiluts.
3442 5898 3830 5957 letaccusiunt
3863 5903 4013 5958 scili-
