4414 6462
389 463 523 526 1369

1189 460 1555 521 HISTORIA
1587 459 2163 520 ECCLESIASTICA
2194 457 2315 518 EX
2345 459 2824 522 'J‘HEOPIIANE.

3520 468 3622 531 370

380 586 464 632 cet
494 584 545 631 et
574 573 967 634 Orientalium;
1002 577 1049 625 et
1084 584 1210 624 cum
1255 572 1391 625 nihil
1444 586 1605 641 agere
1664 570 1951 634 valuisset,
1984 574 2024 630 Α
2056 558 2309 635 ῑιιῇάειεε”
2337 569 2492 621 amici
2525 569 2639 622 sitis
2670 585 2687 622 :
2727 572 3025 623 testamenti
3058 585 3178 623 vero
3214 572 3314 623 mei
3354 580 3505 625 testes
3541 592 3628 628 ros

380 685 638 725 reversus
688 667 828 737 apud
887 667 1172 721 Amorium
1227 664 1507 720 hiemavit.
1567 662 1951 716 Artahuasdus

381 768 561 813 autem
595 774 687 829 per
733 767 900 811 totam
963 759 1152 813 urbem
1208 772 1397 812 sacras
1445 756 1620 809 erexit
1665 754 1950 822 imagines.

382 851 591 906 Interea
619 849 844 903 Barbari
879 849 1181 903 sentientes
1209 847 1403 900 horum
1430 846 1661 899 invicem
1681 843 1947 912 jurgium,

382 946 607 1000 multam
636 945 873 1014 prasdam
935 943 989 995 in
1041 941 1359 995 Romaniam
1404 946 1808 1008 perpetrarunt.
1854 937 1953 992 hos

383 1013 700 1090 Sulehiman
768 1043 1001 1105 praetore
1073 1013 1326 1087 ducente.
1395 1030 1567 1083 Porro
1627 1030 1954 1084 Anastasius

382 1127 899 1199 psemlopatriarcha
954 1134 1145 1179 tenens
1170 1122 1490 1178 honoranda
1529 1131 1583 1176 et
1624 1121 1852 1175 ~vivifica
1893 1122 1956 1172 li-

382 1236 505 1292 gna,
534 1221 739 1290 juravit
782 1219 983 1289 populo
1016 1218 1250 1272 dicens:
1287 1215 1391 1270 Per
1434 1232 1553 1269 eum
1598 1216 1690 1284 qui
1732 1214 1783 1266 in
1828 1214 1952 1273 ipsis

384 1312 569 1381 afﬁxus
613 1323 712 1375 est,
759 1312 834 1364 sic
872 1311 998 1363 mihi
1046 1310 1183 1362 dixit
1242 1306 1622 1370 Constantinus
1668 1307 1956 1372 imperator

384 1422 712 1466 asseverans,
747 1402 829 1457 Ne
874 1403 1100 1457 testimes
1156 1399 1353 1453 Filium
1394 1399 1492 1452 Dei
1521 1412 1632 1452 esse
1657 1415 1773 1451 eum
1804 1413 1955 1467 quem

384 1498 579 1564 peperit
612 1494 812 1559 Maria,
841 1495 1028 1561 quique
1075 1492 1271 1544 dicitur
1326 1490 1591 1551 Christus,
1624 1490 1714 1542 scil
1766 1505 1953 1557 purum

382 1588 664 1640 hominem.
693 1583 871 1639 Maria
916 1585 1053 1637 enim
1086 1599 1203 1637 eum
1248 1583 1443 1651 peperit
1481 1583 1615 1635 sicut
1645 1598 1725 1634 me
1759 1584 1956 1650 peperit

384 1690 551 1729 mater
599 1692 714 1728 mea
764 1672 963 1728 Maria.
1014 1672 1077 1725 Et
1121 1682 1249 1726 tunc
1278 1673 1457 1726 omnis
1510 1672 1740 1741 populus
1786 1671 1955 1724 male-

383 1769 521 1823 dixit
563 1769 633 1839 ei.

454 1860 641 1914 Mundi
696 1874 842 1913 anno
892 1857 1051 1920 6254,
1107 1856 1309 1911 divina:
1366 1854 1762 1909 incarnationis
1813 1868 1956 1907 anno

386 1950 509 2012 754,
565 1964 708 2003 anno
752 1964 883 2002 vero
920 1947 1136 2017 itnperii
1166 1946 1511 2000 Constantini
1559 1945 1825 2007 secundo,
1861 1944 1955 2013 qui

385 2043 757 2098 Romanorum
792 2041 1084 2111 imperium
1131 2041 1326 2106 tenuit,
1378 2031 1634 2094 mortuus
1662 2049 1744 2094 est
1773 2038 1957 2092 llisam

384 2133 624 2188 Arabum
660 2133 789 2187 dux.
826 2132 923 2186 Hic
955 2133 1301 2187 sanctissima
1339 2130 1680 2186 Antiochena
1728 2130 1958 2184 ecclesia

384 2242 483 2295 per
517 2241 692 2280 annos
716 2224 1075 2295 quadraginta
1098 2224 1317 2278 viduata
1349 2235 1624 2287 manente,
1657 2222 1959 2292 prohiben-

386 2317 535 2372 tibus
568 2316 685 2373 fieri
717 2318 1088 2387 patriarcham
1123 2316 1417 2381 Arabibus,
1449 2316 1505 2369 in
1530 2315 1720 2369 eadem
1752 2315 1960 2369 habens

384 2410 677 2479 quemdam
726 2410 1166 2464 amantissimum
1220 2410 1551 2472 monachum
1609 2398 1961 2481 Syrum‘no-

386 2501 531 2554 mine
575 2501 939 2570 Stephanum,
972 2500 1331 2571 agrestiorem
1358 2501 1582 2570 quidem
1613 2501 1709 2555 sed
1741 2501 1963 2571 relig‘io-

384 2606 527 2657 sum,
565 2592 723 2662 jubet
760 2592 813 2645 in
843 2592 1070 2646 Oriente
1119 2592 1314 2661 positis
1364 2592 1723 2656 Christianis,
1756 2594 1800 2647 si
1849 2594 1961 2647 vel-

384 2683 499 2737 lent
545 2684 789 2752 permitti
843 2683 949 2738 sibi
1002 2684 1659 2753 patriarcham‘habere,
1693 2686 1962 2755 eligerent

387 2775 765 2845 Stephanum;
828 2778 922 2846 qui
974 2776 1241 2831 divinitus
1302 2776 1407 2831 hoc
1459 2774 1578 2830 ﬁeri
1625 2776 1962 2831 arbitrantes

386 2882 850 2925 cunsecranteum
877 2871 930 2923 in
958 2870 1089 2925 sede
1116 2870 1485 2940 Theupoleos,
1520 2882 1575 2925 et
1595 2887 1660 2925 ex
1685 2880 1816 2925 tunc
1856 2871 1963 2926 huc

388 2977 559 3032 usque
581 2962 841 3018 discurrit
872 2965 992 3018 sine
1012 2964 1383 3032 prohibitione
1414 2962 1730 3032 huiusmodi
1753 2963 1889 3017 fieri.

460 3055 662 3110 Eodem
691 3071 836 3110 anno
868 3055 1322 3110 obtinuichalid
1351 3054 1495 3109 ﬁlius
1519 3055 1685 3109 llisan
1720 3053 1963 3107 Arabum

388 3148 776 3217 principatum,
829 3149 897 3202 ad
948 3164 1111 3219 quem
1145 3146 1541 3203 Constantinus
1591 3146 1811 3217 quidem
1850 3147 1963 3200 An-

2058 676 2165 713 esse
2185 659 2320 722 volo,
2348 677 2462 713 cum
2491 663 2557 714 sit
2582 660 2709 714 tale.
2756 660 2937 715 Omnis
2966 664 3054 731 qui
3095 679 3197 715 non
3238 664 3398 715 credit
3439 665 3492 717 in
3523 664 3632 718 Pa-

2058 763 2189 805 trem
2222 762 2268 805 et
2296 752 2485 805 Filium
2514 763 2559 804 et
2590 752 2849 823 Spiritum
2887 763 3150 817 sanctum,
3208 757 3633 829 consulgstantia-

2059 848 2158 902 lem
2188 858 2234 901 et
2269 850 2501 901 divinant
2544 849 2596 901 in
2646 851 2868 903 monade
2909 849 3238 913 Trinitatem,
3276 842 3529 904 mortuus.
3554 862 3629 905 est

2059 942 2260 1004 anima,
2298 953 2347 994 et
2381 944 2577 994 a‘terno
2613 942 2799 1011 dignus
2835 952 2908 996 est
2954 922 3234 997 tormenti).
3287 943 3429 997 Talis
3471 955 3544 997 est
3586 956 3633 998 et

2056 1034 2303 1087 Muumed
2338 1026 2787 1104 iiseudopro'pheta
2826 1043 2994 1088 vester
3049 1044 3095 1087 et
3131 1036 3438 1089 Antichristi
3499 1026 3633 1105 prie.-

2058 1142 2260 1177 cursor.
2294 1124 2550 1178 Discedite
2586 1140 2731 1194 ergo,
2767 1126 2812 1177 si
2844 1126 2967 1177 mihi
3003 1126 3216 1178 creditis
3253 1128 3467 1178 testanti
3497 1128 3635 1178 vobis

2058 1217 2207 1269 hodie
2238 1216 2421 1269 caelum
2456 1227 2503 1269 et
2536 1229 2753 1280 terram,
2802 1217 2864 1269 ab
2913 1217 3057 1270 illius
3101 1218 3426 1286 fabulatione
3455 1234 3473 1271 :
3509 1234 3634 1270 con-

2056 1305 2171 1358 sulo
2211 1308 2351 1359 enim
2384 1308 2542 1367 vobis.
2582 1324 2646 1360 ne
2691 1309 2996 1361 crueiemini
3023 1309 3181 1361 simul
3208 1326 3325 1361 cum
3353 1309 3462 1363 illo.
3496 1309 3634 1364 Cum

2060 1408 2241 1451 autem
2272 1398 2388 1452 haec
2423 1408 2478 1453 et
2502 1400 2588 1453 his
2631 1400 2784 1468 plura
2820 1415 2944 1453 cum
2975 1399 3057 1454 eis
3095 1399 3162 1454 de
3188 1400 3299 1454 Deo
3334 1401 3633 1454 ratiocina-

2062 1499 2149 1544 tus
2203 1490 2523 1555 dissereret,
2554 1490 2845 1546 audientes
2896 1491 2975 1545 illi
3021 1500 3246 1561 stupore
3279 1508 3376 1546 seu
3414 1494 3637 1546 vesania

2060 1566 2271 1636 detenti
2312 1582 2703 1651 longanimiter
2756 1582 2857 1636 visi
2890 1591 3021 1635 sunt
3071 1582 3238 1648 ferre,
3270 1598 3336 1636 ex
3372 1582 3636 1653 languore

2061 1673 2207 1727 hunc
2230 1682 2428 1743 praeter
2452 1688 2673 1727 sensum
2707 1688 2827 1727 esse
2870 1682 3145 1742 putantes.
3180 1674 3314 1729 Cum
3352 1683 3534 1729 autem
3571 1692 3637 1731 ex

2061 1765 2380 1819 infirmitate
2434 1765 2825 1825 convaluisset.
2877 1766 3069 1835 majori
3113 1768 3278 1835 coepit
3335 1749 3468 1841 voce
3523 1769 3637 1823 cla-

2062 1870 2250 1909 mare:
2292 1854 2591 1907 Anathema
2620 1853 2868 1907 Maumed
2909 1864 2957 1906 et
3006 1856 3243 1924 fabuloso
3279 1859 3471 1927 scripto
3503 1861 3639 1928 ejus,

2060 1958 2108 2003 et
2143 1951 2341 2003 cunctis
2376 1950 2465 2019 qui
2496 1950 2714 2002 credunt
2749 1950 2815 2002 ei.
2874 1949 3029 2003 Tunc
3074 1967 3171 2020 per
3227 1952 3469 2020 gladium
3522 1953 3640 2005 ani-

2062 2041 2500 2095 madversionem
2527 2056 2819 2110 perpessus
2850 2051 3057 2111 martyr
3077 2052 3333 2097 ostensus
3352 2054 3456 2098 est.
3484 2044 3641 2098 Hunc

2062 2133 2553 2188 declamationibus
2582 2149 2901 2188 sermonum
2952 2134 3243 2188 honoravit
3271 2147 3494 2191 sanctus
3540 2137 3645 2201 Pa-

2064 2237 2148 2280 ter
2195 2236 2383 2280 noster
2434 2226 2709 2289 Joannes,
2761 2224 2857 2293 qui
2910 2225 3047 2279 bene
3103 2228 3522 2295 cognominatus
3560 2236 3645 2281 est

2061 2316 2704 2387 ChrysorroaS‘propter
2746 2330 2968 2368 auream
3023 2323 3079 2369 et
3131 2314 3392 2384 fulgidam
3466 2316 3641 2369 sancti

2064 2390 2303 2478 Spiritus
2327 2409 2581 2479 gratiam,
2616 2400 2737 2476 quae
2782 2407 2834 2460 in
2872 2405 2990 2475 ipso
3038 2413 3146 2459 tam
3180 2408 3236 2459 in
3266 2406 3439 2461 verbo
3478 2422 3644 2476 quam

2065 2499 2119 2554 in
2142 2501 2267 2554 vita:
2294 2510 2417 2554 actu
2446 2498 2708 2553 eﬂloruit.
2742 2498 2914 2564 Quem
2964 2497 3222 2552 videlicet
3253 2497 3648 2553 Constantinus

2066 2592 2269 2660 impius
2307 2592 2609 2661 imperator
2653 2606 2839 2644 annuo
2881 2599 3111 2659 propter
3157 2589 3494 2643 eminentem
3550 2607 3646 2643 or-

2067 2684 2383 2738 thodoxiam
2432 2686 2552 2754 ejus
2603 2683 2940 2737 anathemati
2991 2682 3377 2746 submittebat,
3425 2691 3482 2736 et
3540 2697 3642 2751 pro

2066 2780 2309 2844 Mansur,
2338 2781 2483 2849 quod
2516 2788 2601 2834 est
2630 2781 2837 2835 avitum
2883 2796 3082 2834 nomen
3111 2782 3230 2851 ejus
3265 2780 3524 2849 quodque
3562 2795 3647 2833 re-

2067 2871 2322 2942 demptus
2344 2872 2742 2942 interpretatur
2761 2887 2924 2926 sensu
2954 2872 3204 2934 Iudaico,
3234 2887 3437 2925 novum
3459 2871 3647 2925 Eccle-

2068 2965 2161 3019 siae
2190 2965 2509 3035 magistrum
2532 2965 2822 3022 Manzerdn
2846 2977 3056 3021 mutato
3097 2968 3317 3021 nomine
3348 2968 3643 3023 vocitabat.

2136 3054 2343 3109 Eodem
2374 3070 2594 3126 quoque
2655 3071 2799 3112 anno
2832 3057 3025 3113 Vhalid
3057 3055 3285 3127 Cyprios
3326 3058 3380 3111 in
3432 3056 3643 3129 Syriam

2070 3146 2368 3208 transtulit,
2401 3146 2783 3203 Artahuasdus
2809 3159 2990 3203 autem
3029 3149 3277 3203 Nicetam
3326 3150 3496 3204 filium
3523 3167 3637 3218 mo;

387 3242 573 3296 dream
605 3244 969 3312 spatharium,
998 3243 1379 3298 Artahuasdus
1427 3252 1608 3296 autem
1639 3237 1961 3312 Gregorium
1992 3256 2033 3311 ε
2068 3247 2442 3308 nostrategum
2475 3248 2784 3308 promotum
2806 3240 2873 3294 ad
2900 3241 3082 3295 thema
3115 3241 3317 3297 direxit
3343 3245 3637 3298 Armenia-

388 3336 721 3405 logothetam
792 3337 1266 3400 transmiserunt,
1322 3334 1588 3389 auxilium
1657 3342 1967 3402 quaerentes

392 3425 631 3494 utrique.
665 3426 834 3479 Porro
862 3426 1059 3494 pluvias
1084 3424 1338 3478 defectus
1369 3432 1424 3476 et
1458 3431 1619 3476 terras
1655 3431 1836 3475 motus
1870 3437 1967 3491 per

390 3517 506 3571 loca
539 3516 663 3569 facti
698 3524 848 3579 sunt,
878 3516 950 3568 ita
982 3524 1041 3568 ut
1066 3522 1284 3569 montes
1310 3513 1599 3565 unirentur
1632 3511 1699 3565 ad
1729 3510 1964 3565 invicem

391 3625 489 3679 per
524 3624 772 3663 eremum
803 3608 999 3662 Sabbte
1040 3616 1097 3662 et
1128 3605 1351 3662 castella
1377 3604 1479 3659 sub
1516 3613 1716 3658 terram
1744 3603 1965 3657 immer-

390 3708 652 3768 gerentur
696 3697 974 3767 absorpta.

460 3790 665 3844 Eodem
693 3804 822 3843 vero
853 3804 998 3843 ainno
1026 3786 1252 3842 Cosmas
1279 3785 1623 3841 Alexandriae
1652 3784 1964 3855 patriarcha

393 3899 498 3937 una
527 3897 653 3937 cum
690 3891 800 3936 tota
834 3861 1055 3935 civitate
1085 3896 1116 3933 a
1150 3879 1636 3935 monothelitarum
1669 3878 1963 3932 cacodoxia

392 3975 557 4030 rediit
584 3974 651 4028 ad
682 3973 1089 4037 orthodoxiam,
1116 3988 1240 4028 cum
1267 3971 1538 4026 tenuisset
1584 3986 1615 4025 a
1667 3970 1831 4041 Cyro,
1867 3970 1963 4039 qui

392 4068 501 4137 sub,
550 4066 801 4120 Heraclio
859 4064 1201 4119 Alexandria:
1252 4063 1564 4133 patriarcha
1610 4062 1735 4116 fuit.
1791 4062 1962 4116 Porro

391 4161 692 4215 exercitum
732 4158 903 4213 movit
939 4157 1137 4212 Camer
1167 4172 1291 4212 cum
1338 4156 1578 4209 Arabum
1610 4154 1963 4221 multitudine

392 4262 582 4307 contra
618 4251 963 4315 Romaniam,
994 4259 1049 4305 et
1091 4249 1277 4303 multis
1304 4249 1358 4302 in
1384 4248 1756 4317 captivitatem
1785 4246 1959 4299 abdu-

391 4345 497 4398 ctis
537 4358 792 4397 reversus
845 4351 950 4406 est,
981 4350 1036 4397 et
1070 4340 1325 4410 apparuit
1356 4341 1573 4410 signum
1626 4339 1681 4392 in
1712 4338 1854 4392 coelo
1893 4337 1961 4392 ad

391 4436 704 4505 aquilonem
753 4448 943 4489 mense
1005 4432 1191 4487 Junio.
1251 4431 1446 4486 Vhalid
1502 4440 1686 4485 autem
1739 4431 1961 4485 Petrum

389 4527 799 4583 sanctissimum
852 4525 1257 4593 metropolitani
1294 4522 1541 4577 Damasci
1571 4523 1757 4592 lingua
1796 4521 1961 4575 muti-

387 4621 488 4684 lari
535 4620 793 4689 prmeepit
826 4626 1083 4687 tanquam
1119 4625 1440 4687 arguentem
1490 4615 1666 4686 palam
1717 4615 1959 4670 Arabum

385 4722 441 4767 et
485 4711 907 4765 Manichaeorum
955 4708 1359 4778 cognationem,
1394 4717 1449 4763 et
1495 4707 1741 4761 exsulem
1794 4721 1961 4776 penes

312 4854 313 4857 η
388 4803 603 4857 felicem
638 4802 894 4855 Arabiam
929 4801 1080 4863 fecit,
1123 4800 1216 4854 ubi
1259 4809 1315 4854 et
1355 4798 1588 4853 moritur
1618 4814 1716 4867 pro
1740 4796 1960 4852 Christo

388 4894 646 4965 martyrio
681 4903 964 4964 percepto,
993 4908 1117 4947 cum
1143 4890 1457 4961 expressius
1502 4890 1719 4944 divinas
1766 4890 1961 4943 missas

386 4987 817 5057 pronuntiasset,
867 4987 1008 5040 sicut
1061 4985 1225 5056 hujus
1292 4985 1367 5039 rei
1412 4995 1724 5039 narratores
1780 4984 1958 5049 aiunt,

385 5079 479 5149 qui
511 5093 567 5132 se
594 5078 831 5147 propriis
864 5077 1147 5131 auditibus
1182 5092 1348 5146 super
1378 5076 1483 5130 hoc
1508 5076 1817 5131 satisfactos
1835 5090 1958 5131 esse

361 5172 643 5227 'fatentur.
707 5171 879 5239 llujus
948 5171 1233 5224 aemulator
1278 5178 1333 5223 et
1385 5169 1702 5239 requivocus
1758 5170 1956 5226 Petrus

382 5264 524 5334 apud
579 5250 868 5331 Majtimam
918 5263 1125 5316 eisdem
1183 5262 1523 5331 temporibus
1570 5271 1827 5318 ostensus
1869 5270 1954 5316 est

382 5375 482 5428 pro
525 5357 744 5411 Christo
797 5364 1001 5427 martyr
1031 5357 1340 5419 ultroneus,
1375 5357 1639 5426 languore
1674 5356 1948 5425 siquidem

381 5450 636 5503 detentus
664 5448 932 5516 primores
957 5448 1198 5501 Arabum
1224 5446 1531 5512 advocavit,
1557 5455 1743 5517 utpote
1768 5463 1955 5501 assue-

381 5542 553 5619 factus
606 5541 711 5595 sibi
761 5556 884 5594 cum
923 5540 1295 5596 chartularius
1334 5550 1481 5595 esset
1513 5548 1569 5594 et
1613 5540 1827 5610 publica
1862 5541 1955 5594 tri-

381 5635 511 5687 buta
539 5633 678 5687 facta
706 5634 917 5687 ratione
950 5634 1245 5698 conferret,
1269 5642 1324 5687 et
1348 5633 1424 5687 ait
1452 5634 1517 5686 ad
1553 5633 1675 5687 illos
1702 5652 1715 5687 :
1753 5632 1954 5687 Merce-

379 5730 499 5781 dzm
517 5728 724 5797 quidem
752 5743 845 5797 pro
873 5728 969 5781 mci
1000 5728 1298 5781 risitatione
1323 5744 1353 5779 a
1384 5725 1488 5780 Deo
1519 5728 1803 5796 recipiatis,
1835 5729 1951 5781 licet

2068 3344 2279 3395 eorum,
2314 3347 2481 3401 porro
2504 3332 2877 3401 Nicephorum
2910 3348 3064 3402 aeque
3096 3333 3265 3387 filium
3301 3351 3459 3389 suum
3485 3351 3634 3391 coro-

2070 3423 2220 3474 navit
2263 3437 2361 3490 per
2419 3422 2769 3476 Anastasium
2828 3424 3218 3493 patriarcham.
3277 3426 3463 3481 Mense
3516 3443 3646 3482 vero

2067 3512 2207 3566 Maio
2238 3527 2364 3566 cum
2404 3512 2784 3568 Artahuasdus
2812 3514 2880 3567 ad
2930 3526 3116 3584 partes
3154 3514 3358 3571 Obsicii
3390 3534 3647 3588 egressus

2066 3604 2261 3673 fuisset
2296 3615 2352 3659 et
2386 3606 2590 3661 milites
2619 3608 2896 3677 elegisset.
2925 3615 3095 3661 totam
3124 3609 3307 3663 Asiam
3351 3610 3518 3678 cepit,
3551 3610 3641 3664 de-

2066 3699 2335 3767 populans
2372 3714 2513 3753 eam.
2544 3700 2662 3766 Quo
2693 3699 3089 3755 Constantinus
3137 3712 3421 3771 comperto
3464 3710 3648 3755 motus
3676 3748 3682 3753 .

2067 3798 2151 3843 est
2182 3798 2372 3844 contra
2430 3791 2628 3859 ipsum.
2691 3791 2827 3846 Cum
2880 3788 3017 3847 vero
3064 3792 3131 3847 ad
3194 3809 3322 3848 eum
3370 3794 3425 3847 in
3462 3802 3647 3862 partes

2068 3878 2401 3937 Sardeornm
2434 3899 2462 3937 a
2490 3883 2753 3939 Celbiano
2784 3884 3111 3939 redeuntem
3147 3886 3390 3941 venisset
3431 3895 3486 3941 et
3520 3902 3645 3941 cum

2068 3973 2162 4029 illo
2209 3974 2414 4028 bellum
2476 3975 2712 4039 iniisset,
2776 3976 2947 4030 vertit
3007 3992 3133 4041 eum
3204 3993 3269 4033 ac
3338 3978 3648 4046 insequitur

2065 4065 2347 4136 Cyzicum.
2379 4066 2447 4119 At
2472 4066 2562 4121 ille
2592 4082 2717 4122 cum
2746 4067 3008 4138 Cyzicum
3038 4069 3399 4138 pervenisset,
3433 4069 3648 4125 dromo-

2065 4174 2190 4212 nem
2216 4158 2495 4228 ingressus
2524 4160 2579 4213 in
2610 4160 2832 4215 civitate
2860 4161 3127 4215 salvatur.
3154 4162 3427 4216 Prmterea
3456 4178 3646 4217 mense

2064 4252 2309 4323 Augusto
2367 4254 2614 4322 ejusdem
2683 4255 2995 4310 undecima:
3053 4255 3373 4310 indietionis
3425 4256 3647 4311 Nicetas

2066 4351 2510 4414 monostrategus
2564 4343 2708 4399 filius
2752 4344 3126 4411 Artahuasdi,
3189 4360 3314 4398 cum
3369 4345 3647 4401 intulisset

2066 4433 2429 4489 Constantino
2484 4436 2629 4505 apud
2683 4436 2989 4491 Modrinem
3038 4426 3094 4491 et
3130 4436 3379 4491 Cisseum
3412 4437 3642 4501 bellum,

2070 4533 2218 4595 terga
2254 4535 2477 4581 vertens
2522 4527 2752 4597 aufugit.
2808 4528 2875 4581 Et
2904 4528 3127 4597 quidem
3161 4529 3451 4597 patricium
3481 4528 3640 4581 Teri-

1994 4602 2035 4655 D
2064 4616 2246 4671 datem
2288 4619 2635 4683 Armenium,
2669 4620 2898 4674 militem
2954 4620 3313 4675 fortissimum
3346 4628 3401 4674 et
3440 4634 3644 4674 conso-

2064 4708 2284 4763 brinum
2319 4712 2673 4775 Artahuasdi,
2715 4729 2839 4767 cum
2884 4714 3006 4767 aliis
3041 4712 3227 4767 multis
3261 4713 3451 4767 electis
3483 4714 3634 4782 prin-

2061 4801 2277 4870 cipibus
2328 4802 2602 4857 interfecit
2648 4821 2660 4856 :
2712 4804 2999 4873 utriusque
3068 4819 3198 4858 vero
3252 4804 3423 4873 partis
3478 4821 3643 4861 casus

2062 4892 2209 4946 haud
2268 4894 2519 4949 modicus
2566 4894 2742 4950 factus
2790 4906 2895 4961 est,
2936 4898 3322 4951 Armeniorum
3348 4897 3553 4951 scilicet
3589 4906 3643 4951 et

2063 4985 2513 5039 Armeniacorum
2564 4986 3004 5058 impugnantium
3041 4989 3304 5043 adversus
3330 4988 3639 5044 Orientales

2066 5090 2231 5149 atque
2261 5080 2609 5145 Thracesios,
2638 5082 2988 5136 Constantini
3041 5092 3498 5153 prepugnctores.
3525 5082 3641 5137 Cse-

2065 5182 2243 5227 terum
2276 5175 2541 5243 antiquus
2575 5176 2750 5229 hostis
2784 5175 3036 5230 diabolus
3067 5187 3259 5230 contra
3291 5176 3640 5231 Christianos

2066 5268 2409 5337 temporibus
2466 5268 2585 5323 istis
2660 5270 2819 5323 talem
2886 5269 3146 5323 excitavit
3192 5271 3517 5324 .sazvitatem
3585 5283 3642 5325 et

2060 5361 2443 5415 mactationem
2473 5362 2761 5427 alternam,
2791 5370 2852 5414 ut
2891 5362 2986 5416 filii
3019 5364 3183 5417 etiam
3225 5371 3415 5417 contra
3441 5378 3637 5431 paren-

2060 5463 2143 5507 tes
2166 5461 2222 5507 et
2258 5453 2458 5507 fratres
2506 5464 2695 5507 contra
2749 5454 2944 5509 fratres
2985 5464 3485 5518 commoverentur,
3526 5471 3637 5508 non

2061 5557 2352 5615 parcentes
2378 5547 2443 5600 ad
2504 5546 2728 5609 caedem,
2763 5556 2817 5601 et
2859 5549 3370 5602 immisericorditer
3416 5549 3641 5603 alternae

2027 5684 2035 5690 .
2063 5640 2328 5694 stationes
2362 5656 2425 5694 ac
2456 5639 2653 5693 domus
2683 5640 3130 5695 incenderentur.

2133 5731 2281 5786 Inter
2324 5732 2434 5799 ('79)
2476 5732 2591 5786 haec
2622 5742 2805 5787 autem
2848 5744 2905 5787 ct
2969 5732 3281 5803 hujusmodi
3324 5731 3641 5801 Stephanus

1924 5864 2154 5919 NOT

455 6008 566 6077 (TT?)
591 6009 668 6075 Qu
689 6027 715 6061 ιζ
743 6007 809 6063 dc
839 6008 1029 6078 l’ipmo
1054 6008 1137 6064 hic
1173 6013 1489 6073 narrantur,
1521 6022 1628 6062 non
1656 6014 1865 6063 exstant
1894 6005 2036 6076 apud
2062 6005 2479 6076 Theophanem,
2518 6005 2611 6061 sed
2642 6006 2785 6074 apud
2813 6003 3120 6059 Ccdrcnuni
3158 6021 3204 6061 υ.
3252 6006 3367 6061 νὶζῦ.
3412 6004 3568 6059 l'Aan.
3600 6042 3604 6047 «
