  <div class='ocr_page' id='page_1' title='image "/cluster/home/n/w/nwhite01/storage/ocr_20150623/108/nnc1.0046979921/709.png"; bbox 0 0 4414 6462; ppageno 0'>
   <div class='ocr_carea' id='block_1_1' title="bbox 807 381 905 446">
    <p class='ocr_par' dir='ltr' id='par_1_1' title="bbox 807 381 905 446">
     <span class='ocr_line' id='line_1_1' title="bbox 807 381 905 446; baseline 0.031 -3"><span class='ocrx_word' id='word_1_1' title='bbox 807 381 905 446; x_wconf 63' lang='grc'><strong>311</strong></span> 
     </span>
    </p>
   </div>
   <div class='ocr_carea' id='block_1_2' title="bbox 1925 392 2988 458">
    <p class='ocr_par' dir='ltr' id='par_1_2' title="bbox 1925 392 2988 458">
     <span class='ocr_line' id='line_1_2' title="bbox 1925 392 2988 458; baseline 0.01 -10"><span class='ocrx_word' id='word_1_2' title='bbox 1925 392 2323 451; x_wconf 72' lang='lat' dir='ltr'><strong>ANASTASil</strong></span> <span class='ocrx_word' id='word_1_3' title='bbox 2364 394 2988 458; x_wconf 75' lang='lat' dir='ltr'><strong>BlBLlOTllECARll</strong></span> 
     </span>
    </p>
   </div>
   <div class='ocr_carea' id='block_1_3' title="bbox 3899 411 4038 470">
    <p class='ocr_par' dir='ltr' id='par_1_3' title="bbox 3899 411 4038 470">
     <span class='ocr_line' id='line_1_3' title="bbox 3899 411 4038 470; baseline 0 -2"><span class='ocrx_word' id='word_1_4' title='bbox 3899 411 4038 470; x_wconf 70' lang='lat'><strong>1372</strong></span> 
     </span>
    </p>
   </div>
   <div class='ocr_carea' id='block_1_4' title="bbox 775 495 4035 586">
    <p class='ocr_par' dir='ltr' id='par_1_4' title="bbox 775 495 4035 586">
     <span class='ocr_line' id='line_1_4' title="bbox 775 495 4035 586; baseline 0.008 -41"><span class='ocrx_word' id='word_1_5' title='bbox 775 511 912 565; x_wconf 79' lang='lat' dir='ltr'><strong>papa</strong></span> <span class='ocrx_word' id='word_1_6' title='bbox 972 495 1252 548; x_wconf 81' lang='lat' dir='ltr'><strong>Romanus</strong></span> <span class='ocrx_word' id='word_1_7' title='bbox 1315 495 1488 549; x_wconf 90' lang='lat' dir='ltr'><strong>multa</strong></span> <span class='ocrx_word' id='word_1_8' title='bbox 1550 497 1691 551; x_wconf 88' lang='lat' dir='ltr'><strong>mala</strong></span> <span class='ocrx_word' id='word_1_9' title='bbox 1755 499 1826 553; x_wconf 86' lang='lat' dir='ltr'><strong>ab</strong></span> <span class='ocrx_word' id='word_1_10' title='bbox 1882 501 2153 572; x_wconf 83' lang='lat' dir='ltr'><strong>Astulpho</strong></span> <span class='ocrx_word' id='word_1_11' title='bbox 2231 520 2357 575; x_wconf 89' lang='lat' dir='ltr'><strong>rege</strong></span> <span class='ocrx_word' id='word_1_12' title='bbox 2390 515 2428 566; x_wconf 82' lang='lat' dir='ltr'><strong>A</strong></span> <span class='ocrx_word' id='word_1_13' title='bbox 2462 509 2697 563; x_wconf 86' lang='lat' dir='ltr'><strong>tensium</strong></span> <span class='ocrx_word' id='word_1_14' title='bbox 2748 519 2800 564; x_wconf 91' lang='lat' dir='ltr'><strong>et</strong></span> <span class='ocrx_word' id='word_1_15' title='bbox 2831 511 3022 566; x_wconf 77' lang='lat' dir='ltr'><strong>classis</strong></span> <span class='ocrx_word' id='word_1_16' title='bbox 3051 512 3247 584; x_wconf 74' lang='lat' dir='ltr'><strong>Ahjdi,</strong></span> <span class='ocrx_word' id='word_1_17' title='bbox 3285 525 3340 568; x_wconf 93' lang='lat' dir='ltr'><strong>et</strong></span> <span class='ocrx_word' id='word_1_18' title='bbox 3373 516 3473 569; x_wconf 87' lang='lat' dir='ltr'><strong>hos</strong></span> <span class='ocrx_word' id='word_1_19' title='bbox 3514 517 3938 586; x_wconf 86' lang='lat' dir='ltr'><strong>comprehensos</strong></span> <span class='ocrx_word' id='word_1_20' title='bbox 3965 521 4035 573; x_wconf 83' lang='lat' dir='ltr'><strong>ad</strong></span> 
     </span>
    </p>
   </div>
   <div class='ocr_carea' id='block_1_5' title="bbox 775 589 2351 666">
    <p class='ocr_par' dir='ltr' id='par_1_5' title="bbox 775 589 2351 666">
     <span class='ocr_line' id='line_1_5' title="bbox 775 589 2351 666; baseline 0.005 -24"><span class='ocrx_word' id='word_1_21' title='bbox 775 589 1267 660; x_wconf 81' lang='lat' dir='ltr'><strong>Longohardorum</strong></span> <span class='ocrx_word' id='word_1_22' title='bbox 1329 604 1624 658; x_wconf 85' lang='lat' dir='ltr'><strong>perpessus</strong></span> <span class='ocrx_word' id='word_1_23' title='bbox 1676 591 1741 645; x_wconf 91' lang='lat' dir='ltr'><strong>ad</strong></span> <span class='ocrx_word' id='word_1_24' title='bbox 1803 592 2045 649; x_wconf 90' lang='lat' dir='ltr'><strong>Francos</strong></span> <span class='ocrx_word' id='word_1_25' title='bbox 2102 597 2351 666; x_wconf 86' lang='lat' dir='ltr'><strong>confugit</strong></span> 
     </span>
    </p>
   </div>
   <div class='ocr_carea' id='block_1_6' title="bbox 776 679 2349 754">
    <p class='ocr_par' dir='ltr' id='par_1_6' title="bbox 776 679 2349 754">
     <span class='ocr_line' id='line_1_6' title="bbox 776 679 2349 754; baseline 0.004 -20"><span class='ocrx_word' id='word_1_26' title='bbox 776 681 881 734; x_wconf 83' lang='lat' dir='ltr'><strong>sub</strong></span> <span class='ocrx_word' id='word_1_27' title='bbox 908 679 1122 748; x_wconf 79' lang='lat' dir='ltr'><strong>Pipiho,</strong></span> <span class='ocrx_word' id='word_1_28' title='bbox 1179 680 1271 748; x_wconf 89' lang='lat' dir='ltr'><strong>qtti</strong></span> <span class='ocrx_word' id='word_1_29' title='bbox 1328 682 1504 750; x_wconf 98' lang='lat' dir='ltr'><strong>major</strong></span> <span class='ocrx_word' id='word_1_30' title='bbox 1553 681 1750 736; x_wconf 89' lang='lat' dir='ltr'><strong>domus</strong></span> <span class='ocrx_word' id='word_1_31' title='bbox 1808 693 1926 738; x_wconf 83' lang='lat' dir='ltr'><strong>eral</strong></span> <span class='ocrx_word' id='word_1_32' title='bbox 1969 695 2025 739; x_wconf 92' lang='lat' dir='ltr'><strong>et</strong></span> <span class='ocrx_word' id='word_1_33' title='bbox 2058 687 2262 754; x_wconf 86' lang='lat' dir='ltr'><strong>primas</strong></span> <span class='ocrx_word' id='word_1_34' title='bbox 2292 687 2349 740; x_wconf 90' lang='lat' dir='ltr'><strong>in</strong></span> 
     </span>
    </p>
   </div>
   <div class='ocr_carea' id='block_1_7' title="bbox 778 769 2348 847">
    <p class='ocr_par' dir='ltr' id='par_1_7' title="bbox 778 769 2348 847">
     <span class='ocr_line' id='line_1_7' title="bbox 778 769 2348 847; baseline 0.006 -25"><span class='ocrx_word' id='word_1_35' title='bbox 778 771 1025 824; x_wconf 87' lang='lat' dir='ltr'><strong>omnium</strong></span> <span class='ocrx_word' id='word_1_36' title='bbox 1081 769 1445 840; x_wconf 74' lang='lat' dir='ltr'><strong>dispositione</strong></span> <span class='ocrx_word' id='word_1_37' title='bbox 1503 789 1687 826; x_wconf 88' lang='lat' dir='ltr'><strong>rerum</strong></span> <span class='ocrx_word' id='word_1_38' title='bbox 1745 775 2084 828; x_wconf 77' lang='lat' dir='ltr'><strong>Francorum</strong></span> <span class='ocrx_word' id='word_1_39' title='bbox 2137 779 2348 847; x_wconf 85' lang='lat' dir='ltr'><strong>gentis,</strong></span> 
     </span>
    </p>
   </div>
   <div class='ocr_carea' id='block_1_8' title="bbox 777 860 2352 932">
    <p class='ocr_par' dir='ltr' id='par_1_8' title="bbox 777 860 2352 932">
     <span class='ocr_line' id='line_1_8' title="bbox 777 860 2352 932; baseline 0.007 -19"><span class='ocrx_word' id='word_1_40' title='bbox 777 862 984 930; x_wconf 77' lang='lat' dir='ltr'>quibus</span> <span class='ocrx_word' id='word_1_41' title='bbox 1016 860 1274 915; x_wconf 74' lang='lat' dir='ltr'><strong>videlicet</strong></span> <span class='ocrx_word' id='word_1_42' title='bbox 1305 863 1434 915; x_wconf 89' lang='lat' dir='ltr'><strong>olim</strong></span> <span class='ocrx_word' id='word_1_43' title='bbox 1465 863 1636 916; x_wconf 91' lang='lat' dir='ltr'><strong>moris</strong></span> <span class='ocrx_word' id='word_1_44' title='bbox 1687 875 1804 919; x_wconf 87' lang='lat' dir='ltr'><strong>erat</strong></span> <span class='ocrx_word' id='word_1_45' title='bbox 1837 865 2144 932; x_wconf 91' lang='lat' dir='ltr'><strong>dominum,</strong></span> <span class='ocrx_word' id='word_1_46' title='bbox 2178 869 2231 923; x_wconf 92' lang='lat' dir='ltr'><strong>id</strong></span> <span class='ocrx_word' id='word_1_47' title='bbox 2267 877 2352 924; x_wconf 85' lang='lat' dir='ltr'><strong>est.</strong></span> 
     </span>
    </p>
   </div>
   <div class='ocr_carea' id='block_1_9' title="bbox 778 954 2348 1028">
    <p class='ocr_par' dir='ltr' id='par_1_9' title="bbox 778 954 2348 1028">
     <span class='ocr_line' id='line_1_9' title="bbox 778 954 2348 1028; baseline 0.005 -22"><span class='ocrx_word' id='word_1_48' title='bbox 778 970 963 1023; x_wconf 90' lang='lat' dir='ltr'><strong>regem</strong></span> <span class='ocrx_word' id='word_1_49' title='bbox 991 969 1175 1016; x_wconf 88' lang='lat' dir='ltr'><strong>sumn,</strong></span> <span class='ocrx_word' id='word_1_50' title='bbox 1231 954 1530 1008; x_wconf 85' lang='lat' dir='ltr'><strong>secundum</strong></span> <span class='ocrx_word' id='word_1_51' title='bbox 1585 973 1758 1023; x_wconf 83' lang='lat' dir='ltr'><strong>genus</strong></span> <span class='ocrx_word' id='word_1_52' title='bbox 1807 958 2130 1028; x_wconf 87' lang='lat' dir='ltr'><strong>principari,</strong></span> <span class='ocrx_word' id='word_1_53' title='bbox 2175 971 2232 1016; x_wconf 87' lang='lat' dir='ltr'><strong>et</strong></span> <span class='ocrx_word' id='word_1_54' title='bbox 2275 961 2348 1015; x_wconf 93' lang='lat' dir='ltr'><strong>nil</strong></span> 
     </span>
    </p>
   </div>
   <div class='ocr_carea' id='block_1_10' title="bbox 774 1047 2351 1116">
    <p class='ocr_par' dir='ltr' id='par_1_10' title="bbox 774 1047 2351 1116">
     <span class='ocr_line' id='line_1_10' title="bbox 774 1047 2351 1116; baseline 0.005 -16"><span class='ocrx_word' id='word_1_55' title='bbox 774 1063 935 1116; x_wconf 88' lang='lat' dir='ltr'><strong>agere.</strong></span> <span class='ocrx_word' id='word_1_56' title='bbox 968 1048 1051 1100; x_wconf 97' lang='lat' dir='ltr'><strong>vel</strong></span> <span class='ocrx_word' id='word_1_57' title='bbox 1088 1047 1380 1115; x_wconf 84' lang='lat' dir='ltr'><strong>disponere</strong></span> <span class='ocrx_word' id='word_1_58' title='bbox 1415 1064 1578 1116; x_wconf 90' lang='lat' dir='ltr'><strong>quam</strong></span> <span class='ocrx_word' id='word_1_59' title='bbox 1619 1049 2069 1105; x_wconf 73' lang='lat' dir='ltr'><strong>irrationabiliter</strong></span> <span class='ocrx_word' id='word_1_60' title='bbox 2105 1054 2269 1108; x_wconf 90' lang='lat' dir='ltr'><strong>edere</strong></span> <span class='ocrx_word' id='word_1_61' title='bbox 2295 1065 2351 1108; x_wconf 90' lang='lat' dir='ltr'><strong>et</strong></span> 
     </span>
    </p>
   </div>
   <div class='ocr_carea' id='block_1_11' title="bbox 775 1138 2350 1213">
    <p class='ocr_par' dir='ltr' id='par_1_11' title="bbox 775 1138 2350 1213">
     <span class='ocr_line' id='line_1_11' title="bbox 775 1138 2350 1213; baseline 0.006 -23"><span class='ocrx_word' id='word_1_62' title='bbox 775 1138 990 1202; x_wconf 79' lang='lat' dir='ltr'><strong>bibere,</strong></span> <span class='ocrx_word' id='word_1_63' title='bbox 1018 1139 1274 1207; x_wconf 83' lang='lat' dir='ltr'><strong>domique</strong></span> <span class='ocrx_word' id='word_1_64' title='bbox 1306 1140 1530 1198; x_wconf 80' lang='lat' dir='ltr'><strong>morari,</strong></span> <span class='ocrx_word' id='word_1_65' title='bbox 1556 1151 1609 1192; x_wconf 93' lang='lat' dir='ltr'><strong>et</strong></span> <span class='ocrx_word' id='word_1_66' title='bbox 1635 1139 1880 1194; x_wconf 78' lang='lat' dir='ltr'><strong>kalendis</strong></span> <span class='ocrx_word' id='word_1_67' title='bbox 1905 1142 2026 1196; x_wconf 82' lang='lat' dir='ltr'><strong>Maii</strong></span> <span class='ocrx_word' id='word_1_68' title='bbox 2057 1145 2350 1213; x_wconf 61' lang='lat' dir='ltr'><strong>prmidere</strong></span> 
     </span>
    </p>
   </div>
   <div class='ocr_carea' id='block_1_12' title="bbox 775 1232 2340 1302">
    <p class='ocr_par' dir='ltr' id='par_1_12' title="bbox 775 1232 2340 1302">
     <span class='ocr_line' id='line_1_12' title="bbox 775 1232 2340 1302; baseline 0.004 -17"><span class='ocrx_word' id='word_1_69' title='bbox 775 1248 961 1285; x_wconf 81' lang='lat' dir='ltr'><strong>coram</strong></span> <span class='ocrx_word' id='word_1_70' title='bbox 987 1241 1094 1283; x_wconf 88' lang='lat' dir='ltr'><strong>tota</strong></span> <span class='ocrx_word' id='word_1_71' title='bbox 1115 1242 1296 1300; x_wconf 85' lang='lat' dir='ltr'><strong>gente,</strong></span> <span class='ocrx_word' id='word_1_72' title='bbox 1314 1241 1368 1285; x_wconf 93' lang='lat' dir='ltr'><strong>et</strong></span> <span class='ocrx_word' id='word_1_73' title='bbox 1386 1232 1622 1285; x_wconf 88' lang='lat' dir='ltr'><strong>salutare</strong></span> <span class='ocrx_word' id='word_1_74' title='bbox 1651 1233 1792 1296; x_wconf 86' lang='lat' dir='ltr'><strong>illos,</strong></span> <span class='ocrx_word' id='word_1_75' title='bbox 1813 1235 2106 1290; x_wconf 91' lang='lat' dir='ltr'><strong>etsalutari</strong></span> <span class='ocrx_word' id='word_1_76' title='bbox 2126 1238 2192 1290; x_wconf 90' lang='lat' dir='ltr'><strong>ab</strong></span> <span class='ocrx_word' id='word_1_77' title='bbox 2211 1238 2340 1302; x_wconf 86' lang='lat' dir='ltr'><strong>illis,</strong></span> 
     </span>
    </p>
   </div>
   <div class='ocr_carea' id='block_1_13' title="bbox 772 1323 2349 1392">
    <p class='ocr_par' dir='ltr' id='par_1_13' title="bbox 772 1323 2349 1392">
     <span class='ocr_line' id='line_1_13' title="bbox 772 1323 2349 1392; baseline 0.002 -14"><span class='ocrx_word' id='word_1_78' title='bbox 772 1333 827 1378; x_wconf 89' lang='lat' dir='ltr'><strong>et</strong></span> <span class='ocrx_word' id='word_1_79' title='bbox 857 1324 1119 1392; x_wconf 85' lang='lat' dir='ltr'><strong>obsequia</strong></span> <span class='ocrx_word' id='word_1_80' title='bbox 1150 1323 1312 1376; x_wconf 90' lang='lat' dir='ltr'><strong>solita</strong></span> <span class='ocrx_word' id='word_1_81' title='bbox 1360 1323 1602 1392; x_wconf 83' lang='lat' dir='ltr'><strong>impensa</strong></span> <span class='ocrx_word' id='word_1_82' title='bbox 1627 1327 1930 1392; x_wconf 89' lang='lat' dir='ltr'><strong>percipere,</strong></span> <span class='ocrx_word' id='word_1_83' title='bbox 1969 1337 2024 1380; x_wconf 92' lang='lat' dir='ltr'><strong>et</strong></span> <span class='ocrx_word' id='word_1_84' title='bbox 2057 1328 2162 1381; x_wconf 88' lang='lat' dir='ltr'><strong>illis</strong></span> <span class='ocrx_word' id='word_1_85' title='bbox 2204 1329 2349 1382; x_wconf 90' lang='lat' dir='ltr'><strong>dona</strong></span> 
     </span>
    </p>
   </div>
   <div class='ocr_carea' id='block_1_14' title="bbox 776 1415 2351 1484">
    <p class='ocr_par' dir='ltr' id='par_1_14' title="bbox 776 1415 2351 1484">
     <span class='ocr_line' id='line_1_14' title="bbox 776 1415 2351 1484; baseline 0.004 -17"><span class='ocrx_word' id='word_1_86' title='bbox 776 1415 1098 1484; x_wconf 82' lang='lat' dir='ltr'><strong>rependere,</strong></span> <span class='ocrx_word' id='word_1_87' title='bbox 1123 1425 1176 1468; x_wconf 89' lang='lat' dir='ltr'><strong>et</strong></span> <span class='ocrx_word' id='word_1_88' title='bbox 1206 1416 1285 1469; x_wconf 89' lang='lat' dir='ltr'><strong>sic</strong></span> <span class='ocrx_word' id='word_1_89' title='bbox 1317 1430 1499 1468; x_wconf 82' lang='lat' dir='ltr'><strong>secum</strong></span> <span class='ocrx_word' id='word_1_90' title='bbox 1530 1417 1776 1484; x_wconf 80' lang='lat' dir='ltr'><strong>usquead</strong></span> <span class='ocrx_word' id='word_1_91' title='bbox 1792 1418 1956 1472; x_wconf 91' lang='lat' dir='ltr'><strong>alium</strong></span> <span class='ocrx_word' id='word_1_92' title='bbox 1979 1420 2351 1474; x_wconf 83' lang='lat' dir='ltr'><strong>.‘llaiumhabi-</strong></span> 
     </span>
    </p>
   </div>
   <div class='ocr_carea' id='block_1_15' title="bbox 727 1507 2352 1578">
    <p class='ocr_par' dir='ltr' id='par_1_15' title="bbox 727 1507 2352 1578">
     <span class='ocr_line' id='line_1_15' title="bbox 727 1507 2352 1578; baseline 0.004 -18"><span class='ocrx_word' id='word_1_93' title='bbox 727 1565 735 1571; x_wconf 58' lang='grc'><strong>,</strong></span> <span class='ocrx_word' id='word_1_94' title='bbox 776 1517 912 1569; x_wconf 87' lang='lat' dir='ltr'><strong>tare,</strong></span> <span class='ocrx_word' id='word_1_95' title='bbox 941 1507 1144 1562; x_wconf 89' lang='lat' dir='ltr'><strong>habere</strong></span> <span class='ocrx_word' id='word_1_96' title='bbox 1174 1517 1354 1561; x_wconf 87' lang='lat' dir='ltr'><strong>autem</strong></span> <span class='ocrx_word' id='word_1_97' title='bbox 1383 1509 1642 1578; x_wconf 85' lang='lat' dir='ltr'><strong>majorem</strong></span> <span class='ocrx_word' id='word_1_98' title='bbox 1688 1510 1885 1564; x_wconf 84' lang='lat' dir='ltr'><strong>domus</strong></span> <span class='ocrx_word' id='word_1_99' title='bbox 1914 1513 2144 1566; x_wconf 89' lang='lat' dir='ltr'><strong>consilio</strong></span> <span class='ocrx_word' id='word_1_100' title='bbox 2170 1529 2270 1566; x_wconf 85' lang='lat' dir='ltr'><strong>suo</strong></span> <span class='ocrx_word' id='word_1_101' title='bbox 2295 1523 2352 1568; x_wconf 91' lang='lat' dir='ltr'><strong>et</strong></span> 
     </span>
    </p>
   </div>
   <div class='ocr_carea' id='block_1_16' title="bbox 771 1599 2349 1672">
    <p class='ocr_par' dir='ltr' id='par_1_16' title="bbox 771 1599 2349 1672">
     <span class='ocr_line' id='line_1_16' title="bbox 771 1599 2349 1672; baseline 0.006 -22"><span class='ocrx_word' id='word_1_102' title='bbox 771 1600 952 1667; x_wconf 71' lang='lat' dir='ltr'><strong>gentis</strong></span> <span class='ocrx_word' id='word_1_103' title='bbox 965 1601 1146 1654; x_wconf 89' lang='lat' dir='ltr'><strong>omnia</strong></span> <span class='ocrx_word' id='word_1_104' title='bbox 1163 1599 1506 1653; x_wconf 85' lang='lat' dir='ltr'><strong>ordinantem</strong></span> <span class='ocrx_word' id='word_1_105' title='bbox 1528 1603 1743 1672; x_wconf 86' lang='lat' dir='ltr'><strong>negotia</strong></span> <span class='ocrx_word' id='word_1_106' title='bbox 1760 1621 1771 1654; x_wconf 93' lang='lat'><strong>:</strong></span> <span class='ocrx_word' id='word_1_107' title='bbox 1786 1603 2109 1657; x_wconf 85' lang='lat' dir='ltr'><strong>dicebantur</strong></span> <span class='ocrx_word' id='word_1_108' title='bbox 2124 1607 2270 1659; x_wconf 90' lang='lat' dir='ltr'><strong>enim</strong></span> <span class='ocrx_word' id='word_1_109' title='bbox 2283 1622 2349 1660; x_wconf 84' lang='lat' dir='ltr'><strong>ex</strong></span> 
     </span>
    </p>
   </div>
   <div class='ocr_carea' id='block_1_17' title="bbox 771 1679 2348 1768">
    <p class='ocr_par' dir='ltr' id='par_1_17' title="bbox 771 1679 2348 1768">
     <span class='ocr_line' id='line_1_17' title="bbox 771 1679 2348 1768; baseline 0.008 -26"><span class='ocrx_word' id='word_1_110' title='bbox 771 1708 971 1760; x_wconf 82' lang='lat' dir='ltr'><strong>genere</strong></span> <span class='ocrx_word' id='word_1_111' title='bbox 1023 1692 1116 1746; x_wconf 92' lang='lat' dir='ltr'><strong>illo</strong></span> <span class='ocrx_word' id='word_1_112' title='bbox 1154 1692 1556 1748; x_wconf 83' lang='lat' dir='ltr'><strong>descendentes</strong></span> <span class='ocrx_word' id='word_1_113' title='bbox 1585 1679 1845 1759; x_wconf 73' lang='lat' dir='ltr'><strong>cristatm,</strong></span> <span class='ocrx_word' id='word_1_114' title='bbox 1879 1697 2024 1767; x_wconf 90' lang='lat' dir='ltr'><strong>quod</strong></span> <span class='ocrx_word' id='word_1_115' title='bbox 2071 1699 2348 1768; x_wconf 91' lang='lat' dir='ltr'><strong>interpre-</strong></span> 
     </span>
    </p>
   </div>
   <div class='ocr_carea' id='block_1_18' title="bbox 773 1783 2346 1854">
    <p class='ocr_par' dir='ltr' id='par_1_18' title="bbox 773 1783 2346 1854">
     <span class='ocr_line' id='line_1_18' title="bbox 773 1783 2346 1854; baseline 0.004 -18"><span class='ocrx_word' id='word_1_116' title='bbox 773 1792 920 1836; x_wconf 81' lang='lat' dir='ltr'><strong>tatur</strong></span> <span class='ocrx_word' id='word_1_117' title='bbox 954 1783 1344 1838; x_wconf 87' lang='lat' dir='ltr'><strong>trichorachati</strong></span> <span class='ocrx_word' id='word_1_118' title='bbox 1379 1804 1389 1836; x_wconf 95' lang='lat'><strong>:</strong></span> <span class='ocrx_word' id='word_1_119' title='bbox 1431 1786 1572 1854; x_wconf 88' lang='lat' dir='ltr'><strong>pilos</strong></span> <span class='ocrx_word' id='word_1_120' title='bbox 1619 1787 1766 1839; x_wconf 90' lang='lat' dir='ltr'><strong>enim</strong></span> <span class='ocrx_word' id='word_1_121' title='bbox 1802 1787 2079 1841; x_wconf 78' lang='lat' dir='ltr'><strong>habebant</strong></span> <span class='ocrx_word' id='word_1_122' title='bbox 2106 1801 2263 1842; x_wconf 90' lang='lat' dir='ltr'><strong>natos</strong></span> <span class='ocrx_word' id='word_1_123' title='bbox 2295 1789 2346 1843; x_wconf 93' lang='lat' dir='ltr'><strong>in</strong></span> 
     </span>
    </p>
   </div>
   <div class='ocr_carea' id='block_1_19' title="bbox 2456 600 4038 678">
    <p class='ocr_par' dir='ltr' id='par_1_19' title="bbox 2456 600 4038 678">
     <span class='ocr_line' id='line_1_19' title="bbox 2456 600 4038 678; baseline 0.006 -26"><span class='ocrx_word' id='word_1_124' title='bbox 2456 600 2843 670; x_wconf 88' lang='lat' dir='ltr'><strong>imperatorem</strong></span> <span class='ocrx_word' id='word_1_125' title='bbox 2874 604 3051 666; x_wconf 77' lang='lat' dir='ltr'><strong>duxit.</strong></span> <span class='ocrx_word' id='word_1_126' title='bbox 3087 605 3180 674; x_wconf 91' lang='lat' dir='ltr'><strong>qui</strong></span> <span class='ocrx_word' id='word_1_127' title='bbox 3227 604 3563 660; x_wconf 77' lang='lat' dir='ltr'><strong>frumentum</strong></span> <span class='ocrx_word' id='word_1_128' title='bbox 3595 607 3817 676; x_wconf 78' lang='lat' dir='ltr'><strong>quidem</strong></span> <span class='ocrx_word' id='word_1_129' title='bbox 3859 625 4038 678; x_wconf 87' lang='lat' dir='ltr'><strong>popu-</strong></span> 
     </span>
    </p>
   </div>
   <div class='ocr_carea' id='block_1_20' title="bbox 2453 692 4033 761">
    <p class='ocr_par' dir='ltr' id='par_1_20' title="bbox 2453 692 4033 761">
     <span class='ocr_line' id='line_1_20' title="bbox 2453 692 4033 761; baseline 0.007 -17"><span class='ocrx_word' id='word_1_130' title='bbox 2453 692 2522 746; x_wconf 89' lang='lat' dir='ltr'><strong>lis</strong></span> <span class='ocrx_word' id='word_1_131' title='bbox 2552 695 2668 748; x_wconf 90' lang='lat' dir='ltr'><strong>suis</strong></span> <span class='ocrx_word' id='word_1_132' title='bbox 2688 693 2934 761; x_wconf 87' lang='lat' dir='ltr'><strong>donavit,</strong></span> <span class='ocrx_word' id='word_1_133' title='bbox 2959 696 3322 750; x_wconf 81' lang='lat' dir='ltr'><strong>Athanasium</strong></span> <span class='ocrx_word' id='word_1_134' title='bbox 3340 707 3523 753; x_wconf 87' lang='lat' dir='ltr'><strong>autent</strong></span> <span class='ocrx_word' id='word_1_135' title='bbox 3545 708 3600 754; x_wconf 86' lang='lat' dir='ltr'><strong>et</strong></span> <span class='ocrx_word' id='word_1_136' title='bbox 3621 701 4033 755; x_wconf 88' lang='lat' dir='ltr'><strong>Artahuasdum</strong></span> 
     </span>
    </p>
   </div>
   <div class='ocr_carea' id='block_1_21' title="bbox 2452 779 4037 861">
    <p class='ocr_par' dir='ltr' id='par_1_21' title="bbox 2452 779 4037 861">
     <span class='ocr_line' id='line_1_21' title="bbox 2452 779 4037 861; baseline 0.005 -21"><span class='ocrx_word' id='word_1_137' title='bbox 2452 787 2628 842; x_wconf 88' lang='lat' dir='ltr'><strong>oculis</strong></span> <span class='ocrx_word' id='word_1_138' title='bbox 2661 788 2952 843; x_wconf 81' lang='lat' dir='ltr'><strong>confestim</strong></span> <span class='ocrx_word' id='word_1_139' title='bbox 2997 779 3260 857; x_wconf 75' lang='lat' dir='ltr'><strong>privavit.</strong></span> <span class='ocrx_word' id='word_1_140' title='bbox 3293 789 3422 844; x_wconf 87' lang='lat' dir='ltr'><strong>Post</strong></span> <span class='ocrx_word' id='word_1_141' title='bbox 3476 791 3592 845; x_wconf 79' lang='lat' dir='ltr'><strong>haec</strong></span> <span class='ocrx_word' id='word_1_142' title='bbox 3620 808 3751 846; x_wconf 90' lang='lat' dir='ltr'><strong>vero</strong></span> <span class='ocrx_word' id='word_1_143' title='bbox 3779 793 4037 861; x_wconf 89' lang='lat' dir='ltr'><strong>probavit</strong></span> 
     </span>
    </p>
   </div>
   <div class='ocr_carea' id='block_1_22' title="bbox 2455 879 4033 954">
    <p class='ocr_par' dir='ltr' id='par_1_22' title="bbox 2455 879 4033 954">
     <span class='ocr_line' id='line_1_22' title="bbox 2455 879 4033 954; baseline 0.004 -22"><span class='ocrx_word' id='word_1_144' title='bbox 2455 879 2837 933; x_wconf 87' lang='lat' dir='ltr'><strong>Artahuasdus</strong></span> <span class='ocrx_word' id='word_1_145' title='bbox 2884 896 2914 933; x_wconf 92' lang='lat' dir='ltr'><strong>a</strong></span> <span class='ocrx_word' id='word_1_146' title='bbox 2964 890 3111 934; x_wconf 87' lang='lat' dir='ltr'><strong>terra</strong></span> <span class='ocrx_word' id='word_1_147' title='bbox 3158 891 3344 951; x_wconf 88' lang='lat' dir='ltr'><strong>portas</strong></span> <span class='ocrx_word' id='word_1_148' title='bbox 3406 884 3624 954; x_wconf 87' lang='lat' dir='ltr'><strong>aperire</strong></span> <span class='ocrx_word' id='word_1_149' title='bbox 3675 894 3732 938; x_wconf 93' lang='lat' dir='ltr'><strong>et</strong></span> <span class='ocrx_word' id='word_1_150' title='bbox 3782 889 4033 954; x_wconf 70' lang='lat' dir='ltr'><strong>pneliuin</strong></span> 
     </span>
    </p>
   </div>
   <div class='ocr_carea' id='block_1_23' title="bbox 2453 971 4078 1047">
    <p class='ocr_par' dir='ltr' id='par_1_23' title="bbox 2453 971 4078 1047">
     <span class='ocr_line' id='line_1_23' title="bbox 2453 971 4078 1047; baseline 0.006 -23"><span class='ocrx_word' id='word_1_151' title='bbox 2453 987 2577 1024; x_wconf 88' lang='lat' dir='ltr'><strong>eum</strong></span> <span class='ocrx_word' id='word_1_152' title='bbox 2602 971 2964 1026; x_wconf 89' lang='lat' dir='ltr'><strong>Constantino</strong></span> <span class='ocrx_word' id='word_1_153' title='bbox 2999 973 3158 1028; x_wconf 83' lang='lat' dir='ltr'><strong>inire.</strong></span> <span class='ocrx_word' id='word_1_154' title='bbox 3209 975 3411 1029; x_wconf 74' lang='lat' dir='ltr'><strong>Verum</strong></span> <span class='ocrx_word' id='word_1_155' title='bbox 3450 975 3591 1029; x_wconf 86' lang='lat' dir='ltr'><strong>facta</strong></span> <span class='ocrx_word' id='word_1_156' title='bbox 3641 979 4030 1047; x_wconf 87' lang='lat' dir='ltr'><strong>congressione</strong></span> <span class='ocrx_word' id='word_1_157' title='bbox 4072 998 4078 1004; x_wconf 93' lang='grc'><strong>·</strong></span> 
     </span>
    </p>
   </div>
   <div class='ocr_carea' id='block_1_24' title="bbox 2453 1063 4029 1134">
    <p class='ocr_par' dir='ltr' id='par_1_24' title="bbox 2453 1063 4029 1134">
     <span class='ocr_line' id='line_1_24' title="bbox 2453 1063 4029 1134; baseline 0.005 -18"><span class='ocrx_word' id='word_1_158' title='bbox 2453 1063 2622 1134; x_wconf 87' lang='lat' dir='ltr'><strong>fugati</strong></span> <span class='ocrx_word' id='word_1_159' title='bbox 2659 1073 2786 1118; x_wconf 91' lang='lat' dir='ltr'><strong>sunt</strong></span> <span class='ocrx_word' id='word_1_160' title='bbox 2838 1066 3040 1120; x_wconf 87' lang='lat' dir='ltr'><strong>milites</strong></span> <span class='ocrx_word' id='word_1_161' title='bbox 3099 1066 3454 1133; x_wconf 82' lang='lat' dir='ltr'><strong>Artahuasdi,</strong></span> <span class='ocrx_word' id='word_1_162' title='bbox 3510 1079 3564 1124; x_wconf 92' lang='lat' dir='ltr'><strong>et</strong></span> <span class='ocrx_word' id='word_1_163' title='bbox 3620 1071 3773 1123; x_wconf 90' lang='lat' dir='ltr'><strong>multi</strong></span> <span class='ocrx_word' id='word_1_164' title='bbox 3825 1073 4029 1124; x_wconf 82' lang='lat' dir='ltr'><strong>mortui</strong></span> 
     </span>
    </p>
   </div>
   <div class='ocr_carea' id='block_1_25' title="bbox 2453 1156 4028 1226">
    <p class='ocr_par' dir='ltr' id='par_1_25' title="bbox 2453 1156 4028 1226">
     <span class='ocr_line' id='line_1_25' title="bbox 2453 1156 4028 1226; baseline 0.005 -18"><span class='ocrx_word' id='word_1_165' title='bbox 2453 1166 2602 1219; x_wconf 89' lang='lat' dir='ltr'><strong>sunt,</strong></span> <span class='ocrx_word' id='word_1_166' title='bbox 2657 1156 2802 1209; x_wconf 91' lang='lat' dir='ltr'><strong>inter</strong></span> <span class='ocrx_word' id='word_1_167' title='bbox 2851 1173 2988 1226; x_wconf 91' lang='lat' dir='ltr'><strong>quos</strong></span> <span class='ocrx_word' id='word_1_168' title='bbox 3035 1168 3090 1211; x_wconf 92' lang='lat' dir='ltr'><strong>et</strong></span> <span class='ocrx_word' id='word_1_169' title='bbox 3139 1159 3410 1213; x_wconf 79' lang='lat' dir='ltr'><strong>Monutes.</strong></span> <span class='ocrx_word' id='word_1_170' title='bbox 3470 1162 3812 1216; x_wconf 85' lang='lat' dir='ltr'><strong>Constructis</strong></span> <span class='ocrx_word' id='word_1_171' title='bbox 3844 1176 4028 1216; x_wconf 85' lang='lat' dir='ltr'><strong>autem</strong></span> 
     </span>
    </p>
   </div>
   <div class='ocr_carea' id='block_1_26' title="bbox 2454 1247 4031 1323">
    <p class='ocr_par' dir='ltr' id='par_1_26' title="bbox 2454 1247 4031 1323">
     <span class='ocr_line' id='line_1_26' title="bbox 2454 1247 4031 1323; baseline 0.005 -23"><span class='ocrx_word' id='word_1_172' title='bbox 2454 1247 2829 1301; x_wconf 84' lang='lat' dir='ltr'><strong>Artahuasdus</strong></span> <span class='ocrx_word' id='word_1_173' title='bbox 2863 1249 3110 1303; x_wconf 91' lang='lat' dir='ltr'><strong>dieribus</strong></span> <span class='ocrx_word' id='word_1_174' title='bbox 3133 1252 3334 1304; x_wconf 86' lang='lat' dir='ltr'><strong>eacabo</strong></span> <span class='ocrx_word' id='word_1_175' title='bbox 3363 1252 3665 1307; x_wconf 91' lang='lat' dir='ltr'><strong>ferentibus</strong></span> <span class='ocrx_word' id='word_1_176' title='bbox 3697 1256 3895 1323; x_wconf 78' lang='lat' dir='ltr'><strong>ignem.</strong></span> <span class='ocrx_word' id='word_1_177' title='bbox 3930 1256 4031 1308; x_wconf 91' lang='lat' dir='ltr'><strong>mi-</strong></span> 
     </span>
    </p>
   </div>
   <div class='ocr_carea' id='block_1_27' title="bbox 2453 1335 4028 1416">
    <p class='ocr_par' dir='ltr' id='par_1_27' title="bbox 2453 1335 4028 1416">
     <span class='ocr_line' id='line_1_27' title="bbox 2453 1335 4028 1416; baseline 0.002 -26"><span class='ocrx_word' id='word_1_178' title='bbox 2453 1337 2524 1390; x_wconf 91' lang='lat' dir='ltr'><strong>sit</strong></span> <span class='ocrx_word' id='word_1_179' title='bbox 2547 1335 2614 1390; x_wconf 90' lang='lat' dir='ltr'><strong>ad</strong></span> <span class='ocrx_word' id='word_1_180' title='bbox 2649 1337 2706 1390; x_wconf 91' lang='lat' dir='ltr'><strong>S.</strong></span> <span class='ocrx_word' id='word_1_181' title='bbox 2740 1337 2971 1391; x_wconf 84' lang='lat' dir='ltr'><strong>Mamam</strong></span> <span class='ocrx_word' id='word_1_182' title='bbox 3027 1341 3324 1395; x_wconf 90' lang='lat' dir='ltr'><strong>nonnullos</strong></span> <span class='ocrx_word' id='word_1_183' title='bbox 3356 1353 3548 1395; x_wconf 87' lang='lat' dir='ltr'><strong>contra</strong></span> <span class='ocrx_word' id='word_1_184' title='bbox 3580 1345 3808 1397; x_wconf 77' lang='lat' dir='ltr'><strong>elaSscm</strong></span> <span class='ocrx_word' id='word_1_185' title='bbox 3862 1345 4028 1416; x_wconf 62' lang='lat' dir='ltr'><strong>(liby-</strong></span> 
     </span>
    </p>
   </div>
   <div class='ocr_carea' id='block_1_28' title="bbox 2456 1430 4026 1494">
    <p class='ocr_par' dir='ltr' id='par_1_28' title="bbox 2456 1430 4026 1494">
     <span class='ocr_line' id='line_1_28' title="bbox 2456 1430 4026 1494; baseline 0.006 -13"><span class='ocrx_word' id='word_1_186' title='bbox 2456 1430 3000 1485; x_wconf 76' lang='lat' dir='ltr'><strong>rzeotcnsium.Cum</strong></span> <span class='ocrx_word' id='word_1_187' title='bbox 3049 1442 3230 1485; x_wconf 87' lang='lat' dir='ltr'><strong>autem</strong></span> <span class='ocrx_word' id='word_1_188' title='bbox 3275 1435 3514 1488; x_wconf 73' lang='lat' dir='ltr'><strong>venisset</strong></span> <span class='ocrx_word' id='word_1_189' title='bbox 3567 1435 3632 1490; x_wconf 88' lang='lat' dir='ltr'><strong>ad</strong></span> <span class='ocrx_word' id='word_1_190' title='bbox 3663 1439 3717 1490; x_wconf 74' lang='grc'><strong>5.</strong></span> <span class='ocrx_word' id='word_1_191' title='bbox 3776 1437 4026 1494; x_wconf 70' lang='grc' dir='ltr'><strong>Μειιιιδιιι,</strong></span> 
     </span>
    </p>
   </div>
   <div class='ocr_carea' id='block_1_29' title="bbox 2451 1524 4028 1596">
    <p class='ocr_par' dir='ltr' id='par_1_29' title="bbox 2451 1524 4028 1596">
     <span class='ocr_line' id='line_1_29' title="bbox 2451 1524 4028 1596; baseline 0.003 -20"><span class='ocrx_word' id='word_1_192' title='bbox 2451 1533 2718 1576; x_wconf 73' lang='lat' dir='ltr'><strong>exeuntes</strong></span> <span class='ocrx_word' id='word_1_193' title='bbox 2747 1524 3183 1594; x_wconf 70' lang='lat' dir='ltr'><strong>Cilivraeotenses</strong></span> <span class='ocrx_word' id='word_1_194' title='bbox 3209 1527 3538 1596; x_wconf 91' lang='lat' dir='ltr'><strong>pepulerunt</strong></span> <span class='ocrx_word' id='word_1_195' title='bbox 3576 1529 3716 1582; x_wconf 81' lang='lat' dir='ltr'><strong>illos.</strong></span> <span class='ocrx_word' id='word_1_196' title='bbox 3753 1530 3910 1583; x_wconf 74' lang='lat' dir='ltr'><strong>Facta</strong></span> <span class='ocrx_word' id='word_1_197' title='bbox 3941 1539 4028 1583; x_wconf 67' lang='lat' dir='ltr'><strong>est</strong></span> 
     </span>
    </p>
   </div>
   <div class='ocr_carea' id='block_1_30' title="bbox 2453 1615 4032 1696">
    <p class='ocr_par' dir='ltr' id='par_1_30' title="bbox 2453 1615 4032 1696">
     <span class='ocr_line' id='line_1_30' title="bbox 2453 1615 4032 1696; baseline 0.004 -28"><span class='ocrx_word' id='word_1_198' title='bbox 2453 1623 2638 1668; x_wconf 90' lang='lat' dir='ltr'><strong>autem</strong></span> <span class='ocrx_word' id='word_1_199' title='bbox 2669 1615 2722 1668; x_wconf 87' lang='lat' dir='ltr'><strong>itt</strong></span> <span class='ocrx_word' id='word_1_200' title='bbox 2753 1617 2887 1670; x_wconf 85' lang='lat' dir='ltr'><strong>urbe</strong></span> <span class='ocrx_word' id='word_1_201' title='bbox 2924 1617 3103 1671; x_wconf 89' lang='lat' dir='ltr'><strong>valida</strong></span> <span class='ocrx_word' id='word_1_202' title='bbox 3157 1619 3352 1683; x_wconf 83' lang='lat' dir='ltr'><strong>fames,</strong></span> <span class='ocrx_word' id='word_1_203' title='bbox 3391 1619 3462 1675; x_wconf 90' lang='lat' dir='ltr'><strong>ita</strong></span> <span class='ocrx_word' id='word_1_204' title='bbox 3500 1630 3558 1674; x_wconf 90' lang='lat' dir='ltr'><strong>ut</strong></span> <span class='ocrx_word' id='word_1_205' title='bbox 3601 1622 4032 1696; x_wconf 49' lang='lat' dir='ltr'><strong>senundaretur</strong></span> 
     </span>
    </p>
   </div>
   <div class='ocr_carea' id='block_1_31' title="bbox 2454 1701 4031 1782">
    <p class='ocr_par' dir='ltr' id='par_1_31' title="bbox 2454 1701 4031 1782">
     <span class='ocr_line' id='line_1_31' title="bbox 2454 1701 4031 1782; baseline 0.004 -21"><span class='ocrx_word' id='word_1_206' title='bbox 2454 1709 2672 1762; x_wconf 90' lang='lat' dir='ltr'><strong>modius</strong></span> <span class='ocrx_word' id='word_1_207' title='bbox 2700 1701 2892 1763; x_wconf 91' lang='lat' dir='ltr'><strong>hordei</strong></span> <span class='ocrx_word' id='word_1_208' title='bbox 2929 1710 3220 1764; x_wconf 85' lang='lat' dir='ltr'><strong>duodecim</strong></span> <span class='ocrx_word' id='word_1_209' title='bbox 3255 1713 3700 1770; x_wconf 86' lang='lat' dir='ltr'><strong>numismatibus,</strong></span> <span class='ocrx_word' id='word_1_210' title='bbox 3740 1714 4031 1782; x_wconf 71' lang='lat' dir='ltr'><strong>leguminis</strong></span> 
     </span>
    </p>
   </div>
   <div class='ocr_carea' id='block_1_32' title="bbox 2453 1799 4025 1872">
    <p class='ocr_par' dir='ltr' id='par_1_32' title="bbox 2453 1799 4025 1872">
     <span class='ocr_line' id='line_1_32' title="bbox 2453 1799 4025 1872; baseline 0.002 -20"><span class='ocrx_word' id='word_1_211' title='bbox 2453 1815 2586 1853; x_wconf 86' lang='lat' dir='ltr'><strong>vero</strong></span> <span class='ocrx_word' id='word_1_212' title='bbox 2614 1799 2954 1870; x_wconf 87' lang='lat' dir='ltr'><strong>quindecim,</strong></span> <span class='ocrx_word' id='word_1_213' title='bbox 2982 1801 3117 1854; x_wconf 90' lang='lat' dir='ltr'><strong>tnilii</strong></span> <span class='ocrx_word' id='word_1_214' title='bbox 3142 1817 3204 1856; x_wconf 87' lang='lat' dir='ltr'><strong>ac</strong></span> <span class='ocrx_word' id='word_1_215' title='bbox 3237 1803 3411 1872; x_wconf 90' lang='lat' dir='ltr'><strong>lupini</strong></span> <span class='ocrx_word' id='word_1_216' title='bbox 3434 1803 3854 1857; x_wconf 80' lang='lat' dir='ltr'><strong>numismatibus</strong></span> <span class='ocrx_word' id='word_1_217' title='bbox 3879 1811 4025 1863; x_wconf 82' lang='lat' dir='ltr'><strong>octo.</strong></span> 
     </span>
    </p>
   </div>
   <div class='ocr_carea' id='block_1_33' title="bbox 773 1858 4028 1963">
    <p class='ocr_par' dir='ltr' id='par_1_33' title="bbox 773 1858 4028 1963">
     <span class='ocr_line' id='line_1_33' title="bbox 773 1858 4028 1963; baseline 0.007 -39"><span class='ocrx_word' id='word_1_218' title='bbox 773 1876 927 1945; x_wconf 84' lang='lat' dir='ltr'><strong>spina</strong></span> <span class='ocrx_word' id='word_1_219' title='bbox 956 1877 1121 1930; x_wconf 82' lang='lat' dir='ltr'><strong>veluti</strong></span> <span class='ocrx_word' id='word_1_220' title='bbox 1161 1878 1333 1946; x_wconf 90' lang='lat' dir='ltr'><strong>porci.</strong></span> <span class='ocrx_word' id='word_1_221' title='bbox 1370 1878 1676 1932; x_wconf 70' lang='lat' dir='ltr'><strong>l&#39;raedicttts</strong></span> <span class='ocrx_word' id='word_1_222' title='bbox 1737 1879 1918 1949; x_wconf 89' lang='lat' dir='ltr'><strong>itaque</strong></span> <span class='ocrx_word' id='word_1_223' title='bbox 1950 1898 2086 1951; x_wconf 89' lang='lat' dir='ltr'><strong>papa</strong></span> <span class='ocrx_word' id='word_1_224' title='bbox 2115 1883 2348 1953; x_wconf 82' lang='lat' dir='ltr'><strong>Stepha-</strong></span> <span class='ocrx_word' id='word_1_225' title='bbox 2382 1858 2420 1912; x_wconf 71' lang='grc' dir='ltr'>Β</span> <span class='ocrx_word' id='word_1_226' title='bbox 2451 1891 2556 1945; x_wconf 89' lang='lat' dir='ltr'><strong>olei</strong></span> <span class='ocrx_word' id='word_1_227' title='bbox 2593 1901 2775 1946; x_wconf 91' lang='lat' dir='ltr'><strong>autem</strong></span> <span class='ocrx_word' id='word_1_228' title='bbox 2807 1893 2961 1946; x_wconf 68' lang='lat' dir='ltr'><strong>librae</strong></span> <span class='ocrx_word' id='word_1_229' title='bbox 2986 1893 3232 1963; x_wconf 92' lang='lat' dir='ltr'><strong>quinque</strong></span> <span class='ocrx_word' id='word_1_230' title='bbox 3292 1889 3622 1949; x_wconf 75' lang='lat' dir='ltr'><strong>numismate</strong></span> <span class='ocrx_word' id='word_1_231' title='bbox 3669 1912 3796 1957; x_wconf 90' lang='lat' dir='ltr'><strong>uno,</strong></span> <span class='ocrx_word' id='word_1_232' title='bbox 3848 1906 4028 1950; x_wconf 75' lang='lat' dir='ltr'><strong>sexta-</strong></span> 
     </span>
    </p>
   </div>
   <div class='ocr_carea' id='block_1_34' title="bbox 771 1972 2344 2047">
    <p class='ocr_par' dir='ltr' id='par_1_34' title="bbox 771 1972 2344 2047">
     <span class='ocr_line' id='line_1_34' title="bbox 771 1972 2344 2047; baseline 0.008 -24"><span class='ocrx_word' id='word_1_233' title='bbox 771 1987 879 2024; x_wconf 91' lang='lat' dir='ltr'><strong>nus</strong></span> <span class='ocrx_word' id='word_1_234' title='bbox 934 1972 984 2024; x_wconf 92' lang='lat' dir='ltr'><strong>vi</strong></span> <span class='ocrx_word' id='word_1_235' title='bbox 1034 1988 1256 2041; x_wconf 83' lang='lat' dir='ltr'><strong>pressus</strong></span> <span class='ocrx_word' id='word_1_236' title='bbox 1301 1983 1358 2027; x_wconf 93' lang='lat' dir='ltr'><strong>et</strong></span> <span class='ocrx_word' id='word_1_237' title='bbox 1417 1974 1742 2029; x_wconf 78' lang='lat' dir='ltr'><strong>crudelitate</strong></span> <span class='ocrx_word' id='word_1_238' title='bbox 1800 1976 2054 2047; x_wconf 83' lang='lat' dir='ltr'><strong>Astulphi</strong></span> <span class='ocrx_word' id='word_1_239' title='bbox 2099 1991 2344 2047; x_wconf 89' lang='lat' dir='ltr'><strong>coactus,</strong></span> 
     </span>
    </p>
   </div>
   <div class='ocr_carea' id='block_1_35' title="bbox 771 2063 2346 2138">
    <p class='ocr_par' dir='ltr' id='par_1_35' title="bbox 771 2063 2346 2138">
     <span class='ocr_line' id='line_1_35' title="bbox 771 2063 2346 2138; baseline 0.008 -23"><span class='ocrx_word' id='word_1_240' title='bbox 771 2063 1136 2138; x_wconf 35' lang='lat' dir='ltr'><strong>sitnul‘etiam</strong></span> <span class='ocrx_word' id='word_1_241' title='bbox 1165 2063 1234 2117; x_wconf 91' lang='lat' dir='ltr'><strong>ab</strong></span> <span class='ocrx_word' id='word_1_242' title='bbox 1263 2066 1381 2135; x_wconf 84' lang='lat' dir='ltr'><strong>ipso</strong></span> <span class='ocrx_word' id='word_1_243' title='bbox 1418 2067 1742 2137; x_wconf 85' lang='lat' dir='ltr'><strong>adhortatus</strong></span> <span class='ocrx_word' id='word_1_244' title='bbox 1770 2067 1848 2122; x_wconf 90' lang='lat' dir='ltr'><strong>ire</strong></span> <span class='ocrx_word' id='word_1_245' title='bbox 1878 2069 1932 2122; x_wconf 94' lang='lat' dir='ltr'><strong>in</strong></span> <span class='ocrx_word' id='word_1_246' title='bbox 1964 2070 2247 2126; x_wconf 82' lang='lat' dir='ltr'><strong>Franciam</strong></span> <span class='ocrx_word' id='word_1_247' title='bbox 2289 2083 2346 2128; x_wconf 91' lang='lat' dir='ltr'><strong>et</strong></span> 
     </span>
    </p>
   </div>
   <div class='ocr_carea' id='block_1_36' title="bbox 770 2139 2346 2233">
    <p class='ocr_par' dir='ltr' id='par_1_36' title="bbox 770 2139 2346 2233">
     <span class='ocr_line' id='line_1_36' title="bbox 770 2139 2346 2233; baseline 0.006 -25"><span class='ocrx_word' id='word_1_248' title='bbox 770 2156 950 2210; x_wconf 89' lang='lat' dir='ltr'><strong>facere</strong></span> <span class='ocrx_word' id='word_1_249' title='bbox 981 2139 1351 2226; x_wconf 84' lang='lat' dir='ltr'><strong>quodcunque</strong></span> <span class='ocrx_word' id='word_1_250' title='bbox 1375 2167 1594 2226; x_wconf 48' lang='lat' dir='ltr'><strong>posset,</strong></span> <span class='ocrx_word' id='word_1_251' title='bbox 1610 2161 1840 2215; x_wconf 88' lang='lat' dir='ltr'><strong>veniens</strong></span> <span class='ocrx_word' id='word_1_252' title='bbox 1871 2161 2122 2231; x_wconf 83' lang='lat' dir='ltr'><strong>Pipinum</strong></span> <span class='ocrx_word' id='word_1_253' title='bbox 2150 2180 2346 2233; x_wconf 86' lang='lat' dir='ltr'><strong>prove-</strong></span> 
     </span>
    </p>
   </div>
   <div class='ocr_carea' id='block_1_37' title="bbox 769 2247 2346 2325">
    <p class='ocr_par' dir='ltr' id='par_1_37' title="bbox 769 2247 2346 2325">
     <span class='ocr_line' id='line_1_37' title="bbox 769 2247 2346 2325; baseline 0.006 -25"><span class='ocrx_word' id='word_1_254' title='bbox 769 2247 872 2312; x_wconf 94' lang='lat' dir='ltr'><strong>hit,</strong></span> <span class='ocrx_word' id='word_1_255' title='bbox 910 2249 1087 2302; x_wconf 89' lang='lat' dir='ltr'><strong>virum</strong></span> <span class='ocrx_word' id='word_1_256' title='bbox 1120 2249 1174 2302; x_wconf 93' lang='lat' dir='ltr'><strong>in</strong></span> <span class='ocrx_word' id='word_1_257' title='bbox 1201 2250 1459 2305; x_wconf 91' lang='lat' dir='ltr'><strong>omnibus</strong></span> <span class='ocrx_word' id='word_1_258' title='bbox 1491 2252 1963 2320; x_wconf 85' lang='lat' dir='ltr'><strong>probatissimum,</strong></span> <span class='ocrx_word' id='word_1_259' title='bbox 1990 2255 2084 2324; x_wconf 92' lang='lat' dir='ltr'><strong>qui</strong></span> <span class='ocrx_word' id='word_1_260' title='bbox 2112 2267 2346 2325; x_wconf 67' lang='lat' dir='ltr'><strong>praeerat</strong></span> 
     </span>
    </p>
   </div>
   <div class='ocr_carea' id='block_1_38' title="bbox 771 2343 2345 2414">
    <p class='ocr_par' dir='ltr' id='par_1_38' title="bbox 771 2343 2345 2414">
     <span class='ocr_line' id='line_1_38' title="bbox 771 2343 2345 2414; baseline 0.008 -22"><span class='ocrx_word' id='word_1_261' title='bbox 771 2349 905 2395; x_wconf 91' lang='lat' dir='ltr'><strong>tunc</strong></span> <span class='ocrx_word' id='word_1_262' title='bbox 943 2356 1164 2412; x_wconf 87' lang='lat' dir='ltr'><strong>quoque</strong></span> <span class='ocrx_word' id='word_1_263' title='bbox 1192 2343 1359 2398; x_wconf 88' lang='lat' dir='ltr'><strong>rebus</strong></span> <span class='ocrx_word' id='word_1_264' title='bbox 1389 2353 1512 2413; x_wconf 86' lang='lat' dir='ltr'><strong>post</strong></span> <span class='ocrx_word' id='word_1_265' title='bbox 1536 2359 1718 2414; x_wconf 80' lang='lat' dir='ltr'><strong>regem</strong></span> <span class='ocrx_word' id='word_1_266' title='bbox 1743 2354 1797 2400; x_wconf 90' lang='lat' dir='ltr'><strong>et</strong></span> <span class='ocrx_word' id='word_1_267' title='bbox 1820 2346 2191 2403; x_wconf 88' lang='lat' dir='ltr'><strong>debellaverat</strong></span> <span class='ocrx_word' id='word_1_268' title='bbox 2209 2350 2345 2404; x_wconf 89' lang='lat' dir='ltr'><strong>Ara-</strong></span> 
     </span>
    </p>
   </div>
   <div class='ocr_carea' id='block_1_39' title="bbox 769 2433 2342 2508">
    <p class='ocr_par' dir='ltr' id='par_1_39' title="bbox 769 2433 2342 2508">
     <span class='ocr_line' id='line_1_39' title="bbox 769 2433 2342 2508; baseline 0.007 -21"><span class='ocrx_word' id='word_1_269' title='bbox 769 2433 890 2500; x_wconf 85' lang='lat' dir='ltr'><strong>bes,</strong></span> <span class='ocrx_word' id='word_1_270' title='bbox 922 2435 1016 2504; x_wconf 89' lang='lat' dir='ltr'><strong>qui</strong></span> <span class='ocrx_word' id='word_1_271' title='bbox 1054 2435 1122 2489; x_wconf 92' lang='lat' dir='ltr'><strong>ab</strong></span> <span class='ocrx_word' id='word_1_272' title='bbox 1161 2435 1345 2490; x_wconf 89' lang='lat' dir='ltr'><strong>Africa</strong></span> <span class='ocrx_word' id='word_1_273' title='bbox 1393 2437 1447 2490; x_wconf 92' lang='lat' dir='ltr'><strong>in</strong></span> <span class='ocrx_word' id='word_1_274' title='bbox 1480 2436 1796 2507; x_wconf 86' lang='lat' dir='ltr'><strong>Hispaniam</strong></span> <span class='ocrx_word' id='word_1_275' title='bbox 1845 2449 2342 2508; x_wconf 85' lang='lat' dir='ltr'><strong>transmeaverant,</strong></span> 
     </span>
    </p>
   </div>
   <div class='ocr_carea' id='block_1_40' title="bbox 768 2529 2387 2605">
    <p class='ocr_par' dir='ltr' id='par_1_40' title="bbox 768 2529 2387 2605">
     <span class='ocr_line' id='line_1_40' title="bbox 768 2529 2387 2605; baseline 0.005 -23"><span class='ocrx_word' id='word_1_276' title='bbox 768 2529 975 2599; x_wconf 87' lang='lat' dir='ltr'><strong>quique</strong></span> <span class='ocrx_word' id='word_1_277' title='bbox 1000 2539 1490 2600; x_wconf 87' lang='lat' dir='ltr'><strong>tenueruntusquc</strong></span> <span class='ocrx_word' id='word_1_278' title='bbox 1518 2547 1668 2586; x_wconf 93' lang='lat' dir='ltr'><strong>nunc</strong></span> <span class='ocrx_word' id='word_1_279' title='bbox 1710 2533 1960 2588; x_wconf 89' lang='lat' dir='ltr'><strong>eamdem</strong></span> <span class='ocrx_word' id='word_1_280' title='bbox 2001 2534 2341 2605; x_wconf 86' lang='lat' dir='ltr'><strong>Hispaniam,</strong></span> <span class='ocrx_word' id='word_1_281' title='bbox 2385 2574 2387 2576; x_wconf 88' lang='lat'><strong><em>-</em></strong></span> 
     </span>
    </p>
   </div>
   <div class='ocr_carea' id='block_1_41' title="bbox 767 2621 2344 2694">
    <p class='ocr_par' dir='ltr' id='par_1_41' title="bbox 767 2621 2344 2694">
     <span class='ocr_line' id='line_1_41' title="bbox 767 2621 2344 2694; baseline 0.004 -18"><span class='ocrx_word' id='word_1_282' title='bbox 767 2631 824 2676; x_wconf 89' lang='lat' dir='ltr'><strong>et</strong></span> <span class='ocrx_word' id='word_1_283' title='bbox 853 2621 1219 2691; x_wconf 78' lang='lat' dir='ltr'><strong>probaverant</strong></span> <span class='ocrx_word' id='word_1_284' title='bbox 1256 2623 1490 2694; x_wconf 72' lang='lat' dir='ltr'><strong>prteliari</strong></span> <span class='ocrx_word' id='word_1_285' title='bbox 1529 2623 1890 2680; x_wconf 88' lang='lat' dir='ltr'><strong>nihilominus</strong></span> <span class='ocrx_word' id='word_1_286' title='bbox 1947 2639 2139 2683; x_wconf 90' lang='lat' dir='ltr'><strong>contra</strong></span> <span class='ocrx_word' id='word_1_287' title='bbox 2170 2629 2344 2684; x_wconf 86' lang='lat' dir='ltr'><strong>Fran-</strong></span> 
     </span>
    </p>
   </div>
   <div class='ocr_carea' id='block_1_42' title="bbox 770 2714 2344 2790">
    <p class='ocr_par' dir='ltr' id='par_1_42' title="bbox 770 2714 2344 2790">
     <span class='ocr_line' id='line_1_42' title="bbox 770 2714 2344 2790; baseline 0.006 -20"><span class='ocrx_word' id='word_1_288' title='bbox 770 2731 886 2770; x_wconf 87' lang='lat' dir='ltr'><strong>cos.</strong></span> <span class='ocrx_word' id='word_1_289' title='bbox 912 2714 1124 2781; x_wconf 84' lang='lat' dir='ltr'><strong>Quibus</strong></span> <span class='ocrx_word' id='word_1_290' title='bbox 1147 2731 1177 2770; x_wconf 90' lang='lat' dir='ltr'><strong>e</strong></span> <span class='ocrx_word' id='word_1_291' title='bbox 1199 2727 1388 2772; x_wconf 87' lang='lat' dir='ltr'><strong>contra</strong></span> <span class='ocrx_word' id='word_1_292' title='bbox 1422 2718 1566 2772; x_wconf 92' lang='lat' dir='ltr'><strong>idem</strong></span> <span class='ocrx_word' id='word_1_293' title='bbox 1586 2720 1814 2790; x_wconf 89' lang='lat' dir='ltr'><strong>Pipinus</strong></span> <span class='ocrx_word' id='word_1_294' title='bbox 1831 2736 1955 2775; x_wconf 91' lang='lat' dir='ltr'><strong>cum</strong></span> <span class='ocrx_word' id='word_1_295' title='bbox 1987 2723 2344 2780; x_wconf 77' lang='lat' dir='ltr'><strong>multitudine</strong></span> 
     </span>
    </p>
   </div>
   <div class='ocr_carea' id='block_1_43' title="bbox 770 2807 2343 2885">
    <p class='ocr_par' dir='ltr' id='par_1_43' title="bbox 770 2807 2343 2885">
     <span class='ocr_line' id='line_1_43' title="bbox 770 2807 2343 2885; baseline 0.005 -23"><span class='ocrx_word' id='word_1_296' title='bbox 770 2807 1054 2872; x_wconf 85' lang='lat' dir='ltr'><strong>resistens,</strong></span> <span class='ocrx_word' id='word_1_297' title='bbox 1105 2810 1310 2865; x_wconf 90' lang='lat' dir='ltr'><strong>occidit</strong></span> <span class='ocrx_word' id='word_1_298' title='bbox 1364 2812 1654 2880; x_wconf 89' lang='lat' dir='ltr'><strong>quemdam</strong></span> <span class='ocrx_word' id='word_1_299' title='bbox 1711 2813 1878 2867; x_wconf 89' lang='lat' dir='ltr'><strong>etiam</strong></span> <span class='ocrx_word' id='word_1_300' title='bbox 1912 2813 2216 2885; x_wconf 87' lang='lat' dir='ltr'><strong>principem</strong></span> <span class='ocrx_word' id='word_1_301' title='bbox 2245 2831 2343 2870; x_wconf 88' lang='lat' dir='ltr'><strong>eo-</strong></span> 
     </span>
    </p>
   </div>
   <div class='ocr_carea' id='block_1_44' title="bbox 770 2901 2345 2978">
    <p class='ocr_par' dir='ltr' id='par_1_44' title="bbox 770 2901 2345 2978">
     <span class='ocr_line' id='line_1_44' title="bbox 770 2901 2345 2978; baseline 0.006 -24"><span class='ocrx_word' id='word_1_302' title='bbox 770 2917 893 2954; x_wconf 91' lang='lat' dir='ltr'><strong>rum</strong></span> <span class='ocrx_word' id='word_1_303' title='bbox 927 2919 940 2954; x_wconf 88' lang='lat'><strong>:</strong></span> <span class='ocrx_word' id='word_1_304' title='bbox 973 2901 1390 2958; x_wconf 85' lang='lat' dir='ltr'><strong>Abderachman</strong></span> <span class='ocrx_word' id='word_1_305' title='bbox 1424 2906 1571 2960; x_wconf 90' lang='lat' dir='ltr'><strong>enim</strong></span> <span class='ocrx_word' id='word_1_306' title='bbox 1627 2906 1773 2961; x_wconf 82' lang='lat' dir='ltr'><strong>filius</strong></span> <span class='ocrx_word' id='word_1_307' title='bbox 1825 2907 2043 2961; x_wconf 82' lang='lat' dir='ltr'><strong>Mahuhi</strong></span> <span class='ocrx_word' id='word_1_308' title='bbox 2070 2909 2345 2978; x_wconf 87' lang='lat' dir='ltr'><strong>principa-</strong></span> 
     </span>
    </p>
   </div>
   <div class='ocr_carea' id='block_1_45' title="bbox 770 2993 2346 3068">
    <p class='ocr_par' dir='ltr' id='par_1_45' title="bbox 770 2993 2346 3068">
     <span class='ocr_line' id='line_1_45' title="bbox 770 2993 2346 3068; baseline 0.006 -22"><span class='ocrx_word' id='word_1_309' title='bbox 770 3002 886 3048; x_wconf 91' lang='lat' dir='ltr'><strong>tum</strong></span> <span class='ocrx_word' id='word_1_310' title='bbox 913 2993 1076 3065; x_wconf 87' lang='lat' dir='ltr'><strong>hujus</strong></span> <span class='ocrx_word' id='word_1_311' title='bbox 1109 2996 1541 3068; x_wconf 81' lang='lat' dir='ltr'><strong>tencbatgentis.</strong></span> <span class='ocrx_word' id='word_1_312' title='bbox 1572 2998 1851 3054; x_wconf 87' lang='lat' dir='ltr'><strong>lnterlecit</strong></span> <span class='ocrx_word' id='word_1_313' title='bbox 1877 3009 2058 3054; x_wconf 88' lang='lat' dir='ltr'><strong>autem</strong></span> <span class='ocrx_word' id='word_1_314' title='bbox 2093 3000 2255 3056; x_wconf 90' lang='lat' dir='ltr'><strong>simul</strong></span> <span class='ocrx_word' id='word_1_315' title='bbox 2288 3011 2346 3056; x_wconf 90' lang='lat' dir='ltr'><strong>et</strong></span> 
     </span>
    </p>
   </div>
   <div class='ocr_carea' id='block_1_46' title="bbox 771 3087 2342 3162">
    <p class='ocr_par' dir='ltr' id='par_1_46' title="bbox 771 3087 2342 3162">
     <span class='ocr_line' id='line_1_46' title="bbox 771 3087 2342 3162; baseline 0.005 -22"><span class='ocrx_word' id='word_1_316' title='bbox 771 3087 1180 3142; x_wconf 87' lang='lat' dir='ltr'><strong>multitudinem</strong></span> <span class='ocrx_word' id='word_1_317' title='bbox 1213 3089 1358 3144; x_wconf 89' lang='lat' dir='ltr'><strong>haud</strong></span> <span class='ocrx_word' id='word_1_318' title='bbox 1395 3090 1552 3145; x_wconf 84' lang='lat' dir='ltr'><strong>facile</strong></span> <span class='ocrx_word' id='word_1_319' title='bbox 1583 3093 1976 3147; x_wconf 90' lang='lat' dir='ltr'><strong>numerabilem</strong></span> <span class='ocrx_word' id='word_1_320' title='bbox 2004 3094 2155 3162; x_wconf 80' lang='lat' dir='ltr'><strong>juxta</strong></span> <span class='ocrx_word' id='word_1_321' title='bbox 2189 3094 2342 3148; x_wconf 82' lang='lat' dir='ltr'><strong>Rho-</strong></span> 
     </span>
    </p>
   </div>
   <div class='ocr_carea' id='block_1_47' title="bbox 768 3179 2341 3247">
    <p class='ocr_par' dir='ltr' id='par_1_47' title="bbox 768 3179 2341 3247">
     <span class='ocr_line' id='line_1_47' title="bbox 768 3179 2341 3247; baseline 0.004 -14"><span class='ocrx_word' id='word_1_322' title='bbox 768 3180 972 3234; x_wconf 85' lang='lat' dir='ltr'><strong>danum</strong></span> <span class='ocrx_word' id='word_1_323' title='bbox 1012 3179 1341 3246; x_wconf 77' lang='lat' dir='ltr'><strong>fluvium,&#39;et</strong></span> <span class='ocrx_word' id='word_1_324' title='bbox 1369 3181 1716 3237; x_wconf 90' lang='lat' dir='ltr'><strong>admirationi</strong></span> <span class='ocrx_word' id='word_1_325' title='bbox 1749 3183 2001 3247; x_wconf 89' lang='lat' dir='ltr'><strong>habetur,</strong></span> <span class='ocrx_word' id='word_1_326' title='bbox 2047 3193 2101 3239; x_wconf 92' lang='lat' dir='ltr'><strong>et</strong></span> <span class='ocrx_word' id='word_1_327' title='bbox 2127 3197 2341 3239; x_wconf 90' lang='lat' dir='ltr'><strong>amatur</strong></span> 
     </span>
    </p>
   </div>
   <div class='ocr_carea' id='block_1_48' title="bbox 768 3271 2342 3344">
    <p class='ocr_par' dir='ltr' id='par_1_48' title="bbox 768 3271 2342 3344">
     <span class='ocr_line' id='line_1_48' title="bbox 768 3271 2342 3344; baseline 0.004 -22"><span class='ocrx_word' id='word_1_328' title='bbox 768 3287 797 3323; x_wconf 91' lang='lat' dir='ltr'><strong>a</strong></span> <span class='ocrx_word' id='word_1_329' title='bbox 823 3282 1004 3340; x_wconf 88' lang='lat' dir='ltr'><strong>gente,</strong></span> <span class='ocrx_word' id='word_1_330' title='bbox 1027 3288 1136 3324; x_wconf 91' lang='lat' dir='ltr'><strong>non</strong></span> <span class='ocrx_word' id='word_1_331' title='bbox 1157 3271 1334 3326; x_wconf 89' lang='lat' dir='ltr'><strong>solum</strong></span> <span class='ocrx_word' id='word_1_332' title='bbox 1366 3283 1592 3341; x_wconf 89' lang='lat' dir='ltr'><strong>propter</strong></span> <span class='ocrx_word' id='word_1_333' title='bbox 1620 3273 1744 3337; x_wconf 88' lang='lat' dir='ltr'><strong>hoc,</strong></span> <span class='ocrx_word' id='word_1_334' title='bbox 1777 3274 1870 3327; x_wconf 91' lang='lat' dir='ltr'><strong>sed</strong></span> <span class='ocrx_word' id='word_1_335' title='bbox 1903 3284 1958 3326; x_wconf 92' lang='lat' dir='ltr'><strong>et</strong></span> <span class='ocrx_word' id='word_1_336' title='bbox 1992 3283 2216 3344; x_wconf 83' lang='lat' dir='ltr'><strong>propter</strong></span> <span class='ocrx_word' id='word_1_337' title='bbox 2236 3275 2342 3330; x_wconf 90' lang='lat' dir='ltr'><strong>alia</strong></span> 
     </span>
    </p>
   </div>
   <div class='ocr_carea' id='block_1_49' title="bbox 769 3362 2345 3435">
    <p class='ocr_par' dir='ltr' id='par_1_49' title="bbox 769 3362 2345 3435">
     <span class='ocr_line' id='line_1_49' title="bbox 769 3362 2345 3435; baseline 0.003 -19"><span class='ocrx_word' id='word_1_338' title='bbox 769 3362 1044 3432; x_wconf 65' lang='lat' dir='ltr'><strong>praecipua</strong></span> <span class='ocrx_word' id='word_1_339' title='bbox 1077 3371 1248 3432; x_wconf 84' lang='lat' dir='ltr'><strong>gesta,</strong></span> <span class='ocrx_word' id='word_1_340' title='bbox 1281 3372 1338 3416; x_wconf 89' lang='lat' dir='ltr'><strong>et</strong></span> <span class='ocrx_word' id='word_1_341' title='bbox 1380 3362 1676 3432; x_wconf 65' lang='lat' dir='ltr'><strong>praeficitur</strong></span> <span class='ocrx_word' id='word_1_342' title='bbox 1707 3364 1854 3433; x_wconf 88' lang='lat' dir='ltr'><strong>genti</strong></span> <span class='ocrx_word' id='word_1_343' title='bbox 1892 3381 1998 3418; x_wconf 92' lang='lat' dir='ltr'><strong>non</strong></span> <span class='ocrx_word' id='word_1_344' title='bbox 2031 3365 2345 3435; x_wconf 79' lang='lat' dir='ltr'><strong>ignobiliter</strong></span> 
     </span>
    </p>
   </div>
   <div class='ocr_carea' id='block_1_50' title="bbox 768 3454 2342 3528">
    <p class='ocr_par' dir='ltr' id='par_1_50' title="bbox 768 3454 2342 3528">
     <span class='ocr_line' id='line_1_50' title="bbox 768 3454 2342 3528; baseline 0.006 -23"><span class='ocrx_word' id='word_1_345' title='bbox 768 3454 1001 3521; x_wconf 89' lang='lat' dir='ltr'><strong>primus,</strong></span> <span class='ocrx_word' id='word_1_346' title='bbox 1031 3455 1277 3509; x_wconf 76' lang='lat' dir='ltr'><strong>solvente</strong></span> <span class='ocrx_word' id='word_1_347' title='bbox 1310 3454 1521 3509; x_wconf 87' lang='lat' dir='ltr'><strong>scilicet</strong></span> <span class='ocrx_word' id='word_1_348' title='bbox 1577 3471 1703 3510; x_wconf 90' lang='lat' dir='ltr'><strong>eum</strong></span> <span class='ocrx_word' id='word_1_349' title='bbox 1734 3472 1764 3509; x_wconf 92' lang='lat' dir='ltr'><strong>a</strong></span> <span class='ocrx_word' id='word_1_350' title='bbox 1798 3457 2038 3528; x_wconf 90' lang='lat' dir='ltr'><strong>perjurio</strong></span> <span class='ocrx_word' id='word_1_351' title='bbox 2069 3458 2124 3512; x_wconf 86' lang='lat' dir='ltr'><strong>iit</strong></span> <span class='ocrx_word' id='word_1_352' title='bbox 2161 3475 2342 3528; x_wconf 85' lang='lat' dir='ltr'><strong>regem</strong></span> 
     </span>
    </p>
   </div>
   <div class='ocr_carea' id='block_1_51' title="bbox 767 3546 2344 3616">
    <p class='ocr_par' dir='ltr' id='par_1_51' title="bbox 767 3546 2344 3616">
     <span class='ocr_line' id='line_1_51' title="bbox 767 3546 2344 3616; baseline 0.006 -19"><span class='ocrx_word' id='word_1_353' title='bbox 767 3546 1061 3600; x_wconf 90' lang='lat' dir='ltr'><strong>commisso</strong></span> <span class='ocrx_word' id='word_1_354' title='bbox 1094 3546 1287 3600; x_wconf 88' lang='lat' dir='ltr'><strong>eodem</strong></span> <span class='ocrx_word' id='word_1_355' title='bbox 1316 3546 1630 3616; x_wconf 83' lang='lat' dir='ltr'><strong>Stephano;</strong></span> <span class='ocrx_word' id='word_1_356' title='bbox 1660 3548 1754 3616; x_wconf 90' lang='lat' dir='ltr'><strong>qui</strong></span> <span class='ocrx_word' id='word_1_357' title='bbox 1785 3557 1842 3602; x_wconf 88' lang='lat' dir='ltr'><strong>et</strong></span> <span class='ocrx_word' id='word_1_358' title='bbox 1880 3550 2120 3603; x_wconf 88' lang='lat' dir='ltr'><strong>attoudit</strong></span> <span class='ocrx_word' id='word_1_359' title='bbox 2147 3552 2344 3606; x_wconf 87' lang='lat' dir='ltr'><strong>deces-</strong></span> 
     </span>
    </p>
   </div>
   <div class='ocr_carea' id='block_1_52' title="bbox 767 3638 2344 3709">
    <p class='ocr_par' dir='ltr' id='par_1_52' title="bbox 767 3638 2344 3709">
     <span class='ocr_line' id='line_1_52' title="bbox 767 3638 2344 3709; baseline 0.004 -17"><span class='ocrx_word' id='word_1_360' title='bbox 767 3651 948 3692; x_wconf 88' lang='lat' dir='ltr'><strong>sorem</strong></span> <span class='ocrx_word' id='word_1_361' title='bbox 973 3638 1093 3708; x_wconf 88' lang='lat' dir='ltr'><strong>ejus</strong></span> <span class='ocrx_word' id='word_1_362' title='bbox 1121 3654 1324 3709; x_wconf 87' lang='lat' dir='ltr'><strong>regem,</strong></span> <span class='ocrx_word' id='word_1_363' title='bbox 1355 3650 1410 3694; x_wconf 89' lang='lat' dir='ltr'><strong>et</strong></span> <span class='ocrx_word' id='word_1_364' title='bbox 1443 3640 1496 3694; x_wconf 92' lang='lat' dir='ltr'><strong>in</strong></span> <span class='ocrx_word' id='word_1_365' title='bbox 1531 3643 1868 3698; x_wconf 88' lang='lat' dir='ltr'><strong>monasterio</strong></span> <span class='ocrx_word' id='word_1_366' title='bbox 1895 3659 2019 3698; x_wconf 92' lang='lat' dir='ltr'><strong>cum</strong></span> <span class='ocrx_word' id='word_1_367' title='bbox 2049 3644 2256 3699; x_wconf 87' lang='lat' dir='ltr'><strong>honore</strong></span> <span class='ocrx_word' id='word_1_368' title='bbox 2287 3653 2344 3698; x_wconf 90' lang='lat' dir='ltr'><strong>et</strong></span> 
     </span>
    </p>
   </div>
   <div class='ocr_carea' id='block_1_53' title="bbox 767 3728 2342 3805">
    <p class='ocr_par' dir='ltr' id='par_1_53' title="bbox 767 3728 2342 3805">
     <span class='ocr_line' id='line_1_53' title="bbox 767 3728 2342 3805; baseline 0.008 -24"><span class='ocrx_word' id='word_1_369' title='bbox 767 3728 957 3797; x_wconf 90' lang='lat' dir='ltr'><strong>requie</strong></span> <span class='ocrx_word' id='word_1_370' title='bbox 993 3729 1445 3800; x_wconf 86' lang='lat' dir='ltr'><strong>circumscripsit.</strong></span> <span class='ocrx_word' id='word_1_371' title='bbox 1501 3732 1599 3788; x_wconf 91' lang='lat' dir='ltr'><strong>Hie</strong></span> <span class='ocrx_word' id='word_1_372' title='bbox 1651 3735 1881 3805; x_wconf 88' lang='lat' dir='ltr'><strong>Pipinus</strong></span> <span class='ocrx_word' id='word_1_373' title='bbox 1905 3736 2044 3792; x_wconf 90' lang='lat' dir='ltr'><strong>duos</strong></span> <span class='ocrx_word' id='word_1_374' title='bbox 2076 3737 2218 3792; x_wconf 86' lang='lat' dir='ltr'><strong>filios</strong></span> <span class='ocrx_word' id='word_1_375' title='bbox 2241 3739 2342 3793; x_wconf 88' lang='lat' dir='ltr'><strong>ha-</strong></span> 
     </span>
    </p>
   </div>
   <div class='ocr_carea' id='block_1_54' title="bbox 767 3819 2342 3884">
    <p class='ocr_par' dir='ltr' id='par_1_54' title="bbox 767 3819 2342 3884">
     <span class='ocr_line' id='line_1_54' title="bbox 767 3819 2342 3884; baseline 0.007 -11"><span class='ocrx_word' id='word_1_376' title='bbox 767 3820 910 3884; x_wconf 86' lang='lat' dir='ltr'><strong>buit,</strong></span> <span class='ocrx_word' id='word_1_377' title='bbox 945 3819 1203 3876; x_wconf 83' lang='lat' dir='ltr'><strong>Carolum</strong></span> <span class='ocrx_word' id='word_1_378' title='bbox 1253 3823 1464 3877; x_wconf 90' lang='lat' dir='ltr'><strong>scilicet</strong></span> <span class='ocrx_word' id='word_1_379' title='bbox 1494 3833 1551 3878; x_wconf 84' lang='lat' dir='ltr'><strong>et</strong></span> <span class='ocrx_word' id='word_1_380' title='bbox 1603 3824 2069 3882; x_wconf 89' lang='lat' dir='ltr'><strong>Carolomannum</strong></span> <span class='ocrx_word' id='word_1_381' title='bbox 2117 3829 2342 3884; x_wconf 86' lang='lat' dir='ltr'><strong>fratrem</strong></span> 
     </span>
    </p>
   </div>
   <div class='ocr_carea' id='block_1_55' title="bbox 764 3913 902 3983">
    <p class='ocr_par' dir='ltr' id='par_1_55' title="bbox 764 3913 902 3983">
     <span class='ocr_line' id='line_1_55' title="bbox 764 3913 902 3983; baseline 0 -17"><span class='ocrx_word' id='word_1_382' title='bbox 764 3913 902 3983; x_wconf 89' lang='lat' dir='ltr'><strong>ejus.</strong></span> 
     </span>
    </p>
   </div>
   <div class='ocr_carea' id='block_1_56' title="bbox 836 4004 2339 4081">
    <p class='ocr_par' dir='ltr' id='par_1_56' title="bbox 836 4004 2339 4081">
     <span class='ocr_line' id='line_1_56' title="bbox 836 4004 2339 4081; baseline 0.007 -24"><span class='ocrx_word' id='word_1_383' title='bbox 836 4004 1022 4059; x_wconf 82' lang='lat' dir='ltr'><strong>Mundi</strong></span> <span class='ocrx_word' id='word_1_384' title='bbox 1052 4021 1196 4062; x_wconf 90' lang='lat' dir='ltr'><strong>anno</strong></span> <span class='ocrx_word' id='word_1_385' title='bbox 1220 4007 1378 4072; x_wconf 54' lang='lat'><strong>69.15,</strong></span> <span class='ocrx_word' id='word_1_386' title='bbox 1401 4008 1602 4063; x_wconf 73' lang='lat' dir='ltr'><strong>divina:</strong></span> <span class='ocrx_word' id='word_1_387' title='bbox 1629 4009 2024 4067; x_wconf 86' lang='lat' dir='ltr'><strong>incarnationis</strong></span> <span class='ocrx_word' id='word_1_388' title='bbox 2041 4029 2184 4067; x_wconf 89' lang='lat' dir='ltr'><strong>anno</strong></span> <span class='ocrx_word' id='word_1_389' title='bbox 2214 4013 2339 4081; x_wconf 78' lang='grc'><strong>755,</strong></span> 
     </span>
    </p>
   </div>
   <div class='ocr_carea' id='block_1_57' title="bbox 764 4097 2342 4173">
    <p class='ocr_par' dir='ltr' id='par_1_57' title="bbox 764 4097 2342 4173">
     <span class='ocr_line' id='line_1_57' title="bbox 764 4097 2342 4173; baseline 0.006 -23"><span class='ocrx_word' id='word_1_390' title='bbox 764 4112 910 4150; x_wconf 91' lang='lat' dir='ltr'><strong>anno</strong></span> <span class='ocrx_word' id='word_1_391' title='bbox 943 4113 1075 4151; x_wconf 84' lang='lat' dir='ltr'><strong>vero</strong></span> <span class='ocrx_word' id='word_1_392' title='bbox 1129 4097 1345 4166; x_wconf 88' lang='lat' dir='ltr'><strong>imperii</strong></span> <span class='ocrx_word' id='word_1_393' title='bbox 1401 4098 1748 4154; x_wconf 85' lang='lat' dir='ltr'><strong>Constantini</strong></span> <span class='ocrx_word' id='word_1_394' title='bbox 1809 4103 1974 4156; x_wconf 88' lang='lat' dir='ltr'><strong>tertio</strong></span> <span class='ocrx_word' id='word_1_395' title='bbox 2032 4103 2342 4173; x_wconf 87' lang='lat' dir='ltr'><strong>Stephanus</strong></span> 
     </span>
    </p>
   </div>
   <div class='ocr_carea' id='block_1_58' title="bbox 763 4189 2344 4262">
    <p class='ocr_par' dir='ltr' id='par_1_58' title="bbox 763 4189 2344 4262">
     <span class='ocr_line' id='line_1_58' title="bbox 763 4189 2344 4262; baseline 0.004 -19"><span class='ocrx_word' id='word_1_396' title='bbox 763 4189 1141 4244; x_wconf 86' lang='lat' dir='ltr'><strong>Antiochenus</strong></span> <span class='ocrx_word' id='word_1_397' title='bbox 1184 4190 1420 4244; x_wconf 87' lang='lat' dir='ltr'><strong>habetur</strong></span> <span class='ocrx_word' id='word_1_398' title='bbox 1462 4192 1710 4246; x_wconf 89' lang='lat' dir='ltr'><strong>antistes.</strong></span> <span class='ocrx_word' id='word_1_399' title='bbox 1747 4195 2016 4262; x_wconf 81' lang='lat' dir='ltr'><strong>Apparuit</strong></span> <span class='ocrx_word' id='word_1_400' title='bbox 2059 4205 2240 4250; x_wconf 87' lang='lat' dir='ltr'><strong>autem</strong></span> <span class='ocrx_word' id='word_1_401' title='bbox 2269 4197 2344 4255; x_wconf 81' lang='lat' dir='ltr'><strong>si-</strong></span> 
     </span>
    </p>
   </div>
   <div class='ocr_carea' id='block_1_59' title="bbox 765 4278 2337 4355">
    <p class='ocr_par' dir='ltr' id='par_1_59' title="bbox 765 4278 2337 4355">
     <span class='ocr_line' id='line_1_59' title="bbox 765 4278 2337 4355; baseline 0.006 -24"><span class='ocrx_word' id='word_1_402' title='bbox 765 4296 930 4347; x_wconf 85' lang='lat' dir='ltr'><strong>gnum</strong></span> <span class='ocrx_word' id='word_1_403' title='bbox 959 4278 1024 4333; x_wconf 89' lang='lat' dir='ltr'><strong>ad</strong></span> <span class='ocrx_word' id='word_1_404' title='bbox 1057 4279 1393 4348; x_wconf 88' lang='lat' dir='ltr'><strong>aquilonem,</strong></span> <span class='ocrx_word' id='word_1_405' title='bbox 1425 4291 1480 4334; x_wconf 91' lang='lat' dir='ltr'><strong>et</strong></span> <span class='ocrx_word' id='word_1_406' title='bbox 1525 4283 1666 4337; x_wconf 89' lang='lat' dir='ltr'><strong>cinis</strong></span> <span class='ocrx_word' id='word_1_407' title='bbox 1720 4283 2009 4338; x_wconf 87' lang='lat' dir='ltr'><strong>descendit</strong></span> <span class='ocrx_word' id='word_1_408' title='bbox 2051 4301 2151 4355; x_wconf 87' lang='lat' dir='ltr'><strong>per</strong></span> <span class='ocrx_word' id='word_1_409' title='bbox 2197 4287 2337 4353; x_wconf 90' lang='lat' dir='ltr'><strong>loca,</strong></span> 
     </span>
    </p>
   </div>
   <div class='ocr_carea' id='block_1_60' title="bbox 765 4371 2339 4446">
    <p class='ocr_par' dir='ltr' id='par_1_60' title="bbox 765 4371 2339 4446">
     <span class='ocr_line' id='line_1_60' title="bbox 765 4371 2339 4446; baseline 0.006 -22"><span class='ocrx_word' id='word_1_410' title='bbox 765 4371 1053 4440; x_wconf 88' lang='lat' dir='ltr'><strong>factusque</strong></span> <span class='ocrx_word' id='word_1_411' title='bbox 1089 4381 1172 4426; x_wconf 90' lang='lat' dir='ltr'><strong>est</strong></span> <span class='ocrx_word' id='word_1_412' title='bbox 1228 4382 1386 4426; x_wconf 74' lang='lat' dir='ltr'><strong>terrae</strong></span> <span class='ocrx_word' id='word_1_413' title='bbox 1410 4383 1596 4427; x_wconf 91' lang='lat' dir='ltr'><strong>motus</strong></span> <span class='ocrx_word' id='word_1_414' title='bbox 1626 4376 1678 4426; x_wconf 91' lang='lat' dir='ltr'><strong>in</strong></span> <span class='ocrx_word' id='word_1_415' title='bbox 1715 4373 1929 4444; x_wconf 85' lang='lat' dir='ltr'><strong>Caspiis</strong></span> <span class='ocrx_word' id='word_1_416' title='bbox 1952 4378 2148 4446; x_wconf 90' lang='lat' dir='ltr'><strong>portis.</strong></span> <span class='ocrx_word' id='word_1_417' title='bbox 2180 4378 2339 4432; x_wconf 84' lang='lat' dir='ltr'><strong>Occi-</strong></span> 
     </span>
    </p>
   </div>
   <div class='ocr_carea' id='block_1_61' title="bbox 765 4461 2340 4534">
    <p class='ocr_par' dir='ltr' id='par_1_61' title="bbox 765 4461 2340 4534">
     <span class='ocr_line' id='line_1_61' title="bbox 765 4461 2340 4534; baseline 0.004 -20"><span class='ocrx_word' id='word_1_418' title='bbox 765 4475 860 4515; x_wconf 85' lang='lat' dir='ltr'><strong>sus</strong></span> <span class='ocrx_word' id='word_1_419' title='bbox 883 4461 1048 4516; x_wconf 91' lang='lat' dir='ltr'><strong>etiam</strong></span> <span class='ocrx_word' id='word_1_420' title='bbox 1074 4471 1160 4516; x_wconf 87' lang='lat' dir='ltr'><strong>est</strong></span> <span class='ocrx_word' id='word_1_421' title='bbox 1182 4462 1374 4516; x_wconf 84' lang='lat' dir='ltr'><strong>Vhalid</strong></span> <span class='ocrx_word' id='word_1_422' title='bbox 1405 4463 1472 4517; x_wconf 88' lang='lat' dir='ltr'><strong>ab</strong></span> <span class='ocrx_word' id='word_1_423' title='bbox 1493 4463 1790 4528; x_wconf 80' lang='lat' dir='ltr'><strong>Arabibus,</strong></span> <span class='ocrx_word' id='word_1_424' title='bbox 1819 4465 1913 4533; x_wconf 88' lang='lat' dir='ltr'><strong>qui</strong></span> <span class='ocrx_word' id='word_1_425' title='bbox 1950 4466 2166 4534; x_wconf 68' lang='lat' dir='ltr'><strong>praefuit</strong></span> <span class='ocrx_word' id='word_1_426' title='bbox 2195 4483 2340 4521; x_wconf 88' lang='lat' dir='ltr'><strong>anno</strong></span> 
     </span>
    </p>
   </div>
   <div class='ocr_carea' id='block_1_62' title="bbox 2450 1985 4030 2056">
    <p class='ocr_par' dir='ltr' id='par_1_62' title="bbox 2450 1985 4030 2056">
     <span class='ocr_line' id='line_1_62' title="bbox 2450 1985 4030 2056; baseline 0.001 -17"><span class='ocrx_word' id='word_1_427' title='bbox 2450 1986 2566 2040; x_wconf 87' lang='lat' dir='ltr'><strong>rius</strong></span> <span class='ocrx_word' id='word_1_428' title='bbox 2596 1985 2710 2038; x_wconf 86' lang='lat' dir='ltr'><strong>vini</strong></span> <span class='ocrx_word' id='word_1_429' title='bbox 2734 1985 2984 2040; x_wconf 89' lang='lat' dir='ltr'><strong>dimidio.</strong></span> <span class='ocrx_word' id='word_1_430' title='bbox 3019 1986 3266 2056; x_wconf 83' lang='lat' dir='ltr'><strong>Cumque</strong></span> <span class='ocrx_word' id='word_1_431' title='bbox 3298 1993 3535 2056; x_wconf 85' lang='lat' dir='ltr'><strong>populus</strong></span> <span class='ocrx_word' id='word_1_432' title='bbox 3560 2001 3869 2051; x_wconf 84' lang='lat' dir='ltr'><strong>necaretur,</strong></span> <span class='ocrx_word' id='word_1_433' title='bbox 3903 2004 4030 2043; x_wconf 86' lang='lat' dir='ltr'><strong>coa-</strong></span> 
     </span>
    </p>
   </div>
   <div class='ocr_carea' id='block_1_63' title="bbox 2449 2078 4028 2134">
    <p class='ocr_par' dir='ltr' id='par_1_63' title="bbox 2449 2078 4028 2134">
     <span class='ocr_line' id='line_1_63' title="bbox 2449 2078 4028 2134; baseline 0.002 -3"><span class='ocrx_word' id='word_1_434' title='bbox 2449 2089 2571 2131; x_wconf 90' lang='lat' dir='ltr'><strong>ctus</strong></span> <span class='ocrx_word' id='word_1_435' title='bbox 2601 2088 2683 2132; x_wconf 91' lang='lat' dir='ltr'><strong>cst</strong></span> <span class='ocrx_word' id='word_1_436' title='bbox 2711 2078 3089 2132; x_wconf 82' lang='lat' dir='ltr'><strong>Artahuasdus</strong></span> <span class='ocrx_word' id='word_1_437' title='bbox 3121 2079 3402 2134; x_wconf 88' lang='lat' dir='ltr'><strong>dimittere</strong></span> <span class='ocrx_word' id='word_1_438' title='bbox 3432 2081 3555 2134; x_wconf 89' lang='lat' dir='ltr'><strong>illos</strong></span> <span class='ocrx_word' id='word_1_439' title='bbox 3577 2096 3606 2134; x_wconf 92' lang='lat' dir='ltr'><strong>e</strong></span> <span class='ocrx_word' id='word_1_440' title='bbox 3639 2080 3858 2134; x_wconf 84' lang='lat' dir='ltr'><strong>civitate</strong></span> <span class='ocrx_word' id='word_1_441' title='bbox 3882 2080 4028 2134; x_wconf 85' lang='lat' dir='ltr'><strong>foras</strong></span> 
     </span>
    </p>
   </div>
   <div class='ocr_carea' id='block_1_64' title="bbox 2446 2169 4026 2243">
    <p class='ocr_par' dir='ltr' id='par_1_64' title="bbox 2446 2169 4026 2243">
     <span class='ocr_line' id='line_1_64' title="bbox 2446 2169 4026 2243; baseline 0.002 -20"><span class='ocrx_word' id='word_1_442' title='bbox 2446 2169 2708 2223; x_wconf 81' lang='lat' dir='ltr'><strong>exeundi.</strong></span> <span class='ocrx_word' id='word_1_443' title='bbox 2729 2170 2927 2224; x_wconf 78' lang='lat' dir='ltr'><strong>Verum</strong></span> <span class='ocrx_word' id='word_1_444' title='bbox 2946 2171 3256 2226; x_wconf 87' lang='lat' dir='ltr'><strong>observatis</strong></span> <span class='ocrx_word' id='word_1_445' title='bbox 3274 2172 3520 2227; x_wconf 83' lang='lat' dir='ltr'><strong>faciebas</strong></span> <span class='ocrx_word' id='word_1_446' title='bbox 3541 2173 3806 2243; x_wconf 89' lang='lat' dir='ltr'><strong>quosdam</strong></span> <span class='ocrx_word' id='word_1_447' title='bbox 3833 2189 4026 2227; x_wconf 86' lang='lat' dir='ltr'><strong>eorum</strong></span> 
     </span>
    </p>
   </div>
   <div class='ocr_carea' id='block_1_65' title="bbox 2447 2260 4028 2334">
    <p class='ocr_par' dir='ltr' id='par_1_65' title="bbox 2447 2260 4028 2334">
     <span class='ocr_line' id='line_1_65' title="bbox 2447 2260 4028 2334; baseline 0.004 -21"><span class='ocrx_word' id='word_1_448' title='bbox 2447 2260 2798 2330; x_wconf 87' lang='lat' dir='ltr'><strong>prohibebat.</strong></span> <span class='ocrx_word' id='word_1_449' title='bbox 2838 2262 2993 2317; x_wconf 82' lang='lat' dir='ltr'><strong>L&#39;nde</strong></span> <span class='ocrx_word' id='word_1_450' title='bbox 3044 2263 3300 2334; x_wconf 39' lang='lat' dir='ltr'><strong>quidam.</strong></span> <span class='ocrx_word' id='word_1_451' title='bbox 3339 2281 3532 2318; x_wconf 89' lang='lat' dir='ltr'><strong>eorunt</strong></span> <span class='ocrx_word' id='word_1_452' title='bbox 3589 2265 4028 2320; x_wconf 87' lang='lat' dir='ltr'><strong>emundaverunt</strong></span> 
     </span>
    </p>
   </div>
   <div class='ocr_carea' id='block_1_66' title="bbox 2403 2351 3976 2411">
    <p class='ocr_par' dir='ltr' id='par_1_66' title="bbox 2403 2351 3976 2411">
     <span class='ocr_line' id='line_1_66' title="bbox 2403 2351 3976 2411; baseline 0.004 -8"><span class='ocrx_word' id='word_1_453' title='bbox 2403 2369 2414 2375; x_wconf 92' lang='grc'><strong>·</strong></span> <span class='ocrx_word' id='word_1_454' title='bbox 2446 2351 2633 2405; x_wconf 84' lang='lat' dir='ltr'><strong>vultus</strong></span> <span class='ocrx_word' id='word_1_455' title='bbox 2655 2366 2805 2411; x_wconf 85' lang='lat' dir='ltr'><strong>suos,</strong></span> <span class='ocrx_word' id='word_1_456' title='bbox 2839 2361 2889 2404; x_wconf 90' lang='lat' dir='ltr'><strong>et</strong></span> <span class='ocrx_word' id='word_1_457' title='bbox 2940 2353 3195 2406; x_wconf 89' lang='lat' dir='ltr'><strong>muliebri</strong></span> <span class='ocrx_word' id='word_1_458' title='bbox 3227 2355 3624 2408; x_wconf 89' lang='lat' dir='ltr'><strong>eireumamieti</strong></span> <span class='ocrx_word' id='word_1_459' title='bbox 3660 2367 3789 2410; x_wconf 90' lang='lat' dir='ltr'><strong>sunt</strong></span> <span class='ocrx_word' id='word_1_460' title='bbox 3826 2367 3976 2410; x_wconf 81' lang='lat' dir='ltr'><strong>veste</strong></span> 
     </span>
    </p>
   </div>
   <div class='ocr_carea' id='block_1_67' title="bbox 2447 2441 4018 2514">
    <p class='ocr_par' dir='ltr' id='par_1_67' title="bbox 2447 2441 4018 2514">
     <span class='ocr_line' id='line_1_67' title="bbox 2447 2441 4018 2514; baseline 0.003 -20"><span class='ocrx_word' id='word_1_461' title='bbox 2447 2451 2530 2496; x_wconf 92' lang='lat' dir='ltr'><strong>ast</strong></span> <span class='ocrx_word' id='word_1_462' title='bbox 2562 2441 2652 2496; x_wconf 92' lang='lat' dir='ltr'><strong>alii</strong></span> <span class='ocrx_word' id='word_1_463' title='bbox 2690 2444 3015 2498; x_wconf 89' lang='lat' dir='ltr'><strong>monachico</strong></span> <span class='ocrx_word' id='word_1_464' title='bbox 3063 2445 3341 2499; x_wconf 87' lang='lat' dir='ltr'><strong>schemate</strong></span> <span class='ocrx_word' id='word_1_465' title='bbox 3372 2454 3538 2514; x_wconf 91' lang='lat' dir='ltr'><strong>atque</strong></span> <span class='ocrx_word' id='word_1_466' title='bbox 3585 2445 3807 2499; x_wconf 92' lang='lat' dir='ltr'><strong>cilicino</strong></span> <span class='ocrx_word' id='word_1_467' title='bbox 3855 2447 4018 2499; x_wconf 75' lang='lat' dir='ltr'><strong>vesti-</strong></span> 
     </span>
    </p>
   </div>
   <div class='ocr_carea' id='block_1_68' title="bbox 2449 2534 4022 2605">
    <p class='ocr_par' dir='ltr' id='par_1_68' title="bbox 2449 2534 4022 2605">
     <span class='ocr_line' id='line_1_68' title="bbox 2449 2534 4022 2605; baseline 0.004 -20"><span class='ocrx_word' id='word_1_468' title='bbox 2449 2543 2636 2587; x_wconf 89' lang='lat' dir='ltr'><strong>mento</strong></span> <span class='ocrx_word' id='word_1_469' title='bbox 2683 2534 3138 2604; x_wconf 84' lang='lat' dir='ltr'><strong>contegebantur,</strong></span> <span class='ocrx_word' id='word_1_470' title='bbox 3194 2543 3248 2588; x_wconf 91' lang='lat' dir='ltr'><strong>et</strong></span> <span class='ocrx_word' id='word_1_471' title='bbox 3301 2534 3375 2588; x_wconf 90' lang='lat' dir='ltr'><strong>ita</strong></span> <span class='ocrx_word' id='word_1_472' title='bbox 3433 2535 3604 2590; x_wconf 85' lang='lat' dir='ltr'><strong>latere</strong></span> <span class='ocrx_word' id='word_1_473' title='bbox 3663 2546 3915 2605; x_wconf 87' lang='lat' dir='ltr'><strong>poterant</strong></span> <span class='ocrx_word' id='word_1_474' title='bbox 3971 2548 4022 2591; x_wconf 90' lang='lat' dir='ltr'><strong>et</strong></span> 
     </span>
    </p>
   </div>
   <div class='ocr_carea' id='block_1_69' title="bbox 2447 2625 4018 2698">
    <p class='ocr_par' dir='ltr' id='par_1_69' title="bbox 2447 2625 4018 2698">
     <span class='ocr_line' id='line_1_69' title="bbox 2447 2625 4018 2698; baseline 0.003 -20"><span class='ocrx_word' id='word_1_475' title='bbox 2447 2626 2617 2680; x_wconf 59' lang='lat' dir='ltr'><strong>exire.</strong></span> <span class='ocrx_word' id='word_1_476' title='bbox 2650 2625 2868 2680; x_wconf 86' lang='lat' dir='ltr'><strong>Nicetas</strong></span> <span class='ocrx_word' id='word_1_477' title='bbox 2890 2636 3072 2680; x_wconf 91' lang='lat' dir='ltr'><strong>autem</strong></span> <span class='ocrx_word' id='word_1_478' title='bbox 3100 2637 3544 2698; x_wconf 87' lang='lat' dir='ltr'><strong>monostratcgus</strong></span> <span class='ocrx_word' id='word_1_479' title='bbox 3565 2639 3890 2683; x_wconf 76' lang='lat' dir='ltr'><strong>coacervata</strong></span> <span class='ocrx_word' id='word_1_480' title='bbox 3920 2645 4018 2698; x_wconf 86' lang='lat' dir='ltr'><strong>po-</strong></span> 
     </span>
    </p>
   </div>
   <div class='ocr_carea' id='block_1_70' title="bbox 2445 2717 4022 2793">
    <p class='ocr_par' dir='ltr' id='par_1_70' title="bbox 2445 2717 4022 2793">
     <span class='ocr_line' id='line_1_70' title="bbox 2445 2717 4022 2793; baseline 0.002 -23"><span class='ocrx_word' id='word_1_481' title='bbox 2445 2717 2578 2786; x_wconf 89' lang='lat' dir='ltr'><strong>pqu</strong></span> <span class='ocrx_word' id='word_1_482' title='bbox 2616 2733 2717 2772; x_wconf 92' lang='lat' dir='ltr'><strong>suo</strong></span> <span class='ocrx_word' id='word_1_483' title='bbox 2745 2734 2775 2772; x_wconf 89' lang='lat' dir='ltr'><strong>a</strong></span> <span class='ocrx_word' id='word_1_484' title='bbox 2802 2717 3048 2772; x_wconf 83' lang='lat' dir='ltr'><strong>Modrina</strong></span> <span class='ocrx_word' id='word_1_485' title='bbox 3093 2718 3349 2790; x_wconf 89' lang='lat' dir='ltr'><strong>disperso</strong></span> <span class='ocrx_word' id='word_1_486' title='bbox 3376 2722 3528 2776; x_wconf 85' lang='lat' dir='ltr'><strong>venit</strong></span> <span class='ocrx_word' id='word_1_487' title='bbox 3563 2737 3736 2791; x_wconf 90' lang='lat' dir='ltr'><strong>usque</strong></span> <span class='ocrx_word' id='word_1_488' title='bbox 3787 2721 4022 2793; x_wconf 64' lang='lat' dir='ltr'><strong>Chryso-</strong></span> 
     </span>
    </p>
   </div>
   <div class='ocr_carea' id='block_1_71' title="bbox 2446 2810 4024 2882">
    <p class='ocr_par' dir='ltr' id='par_1_71' title="bbox 2446 2810 4024 2882">
     <span class='ocr_line' id='line_1_71' title="bbox 2446 2810 4024 2882; baseline 0.001 -19"><span class='ocrx_word' id='word_1_489' title='bbox 2446 2810 2645 2880; x_wconf 84' lang='lat' dir='ltr'><strong>polim;</strong></span> <span class='ocrx_word' id='word_1_490' title='bbox 2679 2817 2884 2864; x_wconf 92' lang='lat' dir='ltr'><strong>etcum</strong></span> <span class='ocrx_word' id='word_1_491' title='bbox 2931 2816 3324 2877; x_wconf 84' lang='lat' dir='ltr'><strong>reverteretur,</strong></span> <span class='ocrx_word' id='word_1_492' title='bbox 3356 2825 3699 2869; x_wconf 88' lang='lat' dir='ltr'><strong>transmeans</strong></span> <span class='ocrx_word' id='word_1_493' title='bbox 3728 2815 4024 2882; x_wconf 78' lang='lat' dir='ltr'><strong>imperator</strong></span> 
     </span>
    </p>
   </div>
   <div class='ocr_carea' id='block_1_72' title="bbox 2446 2907 4021 2975">
    <p class='ocr_par' dir='ltr' id='par_1_72' title="bbox 2446 2907 4021 2975">
     <span class='ocr_line' id='line_1_72' title="bbox 2446 2907 4021 2975; baseline 0.001 -19"><span class='ocrx_word' id='word_1_494' title='bbox 2446 2913 2770 2972; x_wconf 81' lang='lat' dir='ltr'><strong>persecutus</strong></span> <span class='ocrx_word' id='word_1_495' title='bbox 2790 2915 2875 2957; x_wconf 89' lang='lat' dir='ltr'><strong>est</strong></span> <span class='ocrx_word' id='word_1_496' title='bbox 2904 2914 3027 2973; x_wconf 91' lang='lat' dir='ltr'><strong>post</strong></span> <span class='ocrx_word' id='word_1_497' title='bbox 3065 2915 3213 2974; x_wconf 89' lang='lat' dir='ltr'><strong>terga</strong></span> <span class='ocrx_word' id='word_1_498' title='bbox 3243 2907 3508 2975; x_wconf 90' lang='lat' dir='ltr'><strong>ipsorum.</strong></span> <span class='ocrx_word' id='word_1_499' title='bbox 3539 2907 3751 2960; x_wconf 80' lang='lat' dir='ltr'><strong>Etcum</strong></span> <span class='ocrx_word' id='word_1_500' title='bbox 3784 2908 4021 2960; x_wconf 71' lang='lat' dir='ltr'><strong>venisset</strong></span> 
     </span>
    </p>
   </div>
   <div class='ocr_carea' id='block_1_73' title="bbox 2444 2993 4016 3067">
    <p class='ocr_par' dir='ltr' id='par_1_73' title="bbox 2444 2993 4016 3067">
     <span class='ocr_line' id='line_1_73' title="bbox 2444 2993 4016 3067; baseline 0.002 -20"><span class='ocrx_word' id='word_1_501' title='bbox 2444 2994 2510 3047; x_wconf 89' lang='lat' dir='ltr'><strong>ad</strong></span> <span class='ocrx_word' id='word_1_502' title='bbox 2549 3009 2676 3048; x_wconf 89' lang='lat' dir='ltr'><strong>eum</strong></span> <span class='ocrx_word' id='word_1_503' title='bbox 2703 2993 2848 3064; x_wconf 91' lang='lat' dir='ltr'><strong>apud</strong></span> <span class='ocrx_word' id='word_1_504' title='bbox 2907 2995 3308 3061; x_wconf 79' lang='lat' dir='ltr'><strong>Nicomediam,</strong></span> <span class='ocrx_word' id='word_1_505' title='bbox 3359 3012 3523 3051; x_wconf 91' lang='lat' dir='ltr'><strong>manu</strong></span> <span class='ocrx_word' id='word_1_506' title='bbox 3554 2999 3699 3067; x_wconf 90' lang='lat' dir='ltr'><strong>cepit</strong></span> <span class='ocrx_word' id='word_1_507' title='bbox 3732 3015 3858 3053; x_wconf 91' lang='lat' dir='ltr'><strong>eum</strong></span> <span class='ocrx_word' id='word_1_508' title='bbox 3892 3014 4016 3053; x_wconf 86' lang='lat' dir='ltr'><strong>cuiu</strong></span> 
     </span>
    </p>
   </div>
   <div class='ocr_carea' id='block_1_74' title="bbox 2445 3087 4025 3160">
    <p class='ocr_par' dir='ltr' id='par_1_74' title="bbox 2445 3087 4025 3160">
     <span class='ocr_line' id='line_1_74' title="bbox 2445 3087 4025 3160; baseline 0.003 -21"><span class='ocrx_word' id='word_1_509' title='bbox 2445 3095 2725 3152; x_wconf 89' lang='lat' dir='ltr'><strong>curatore,</strong></span> <span class='ocrx_word' id='word_1_510' title='bbox 2758 3087 2850 3158; x_wconf 90' lang='lat' dir='ltr'><strong>qtti</strong></span> <span class='ocrx_word' id='word_1_511' title='bbox 2885 3087 3063 3142; x_wconf 91' lang='lat' dir='ltr'><strong>fuerat</strong></span> <span class='ocrx_word' id='word_1_512' title='bbox 3105 3089 3312 3143; x_wconf 91' lang='lat' dir='ltr'><strong>dudum</strong></span> <span class='ocrx_word' id='word_1_513' title='bbox 3351 3089 3754 3144; x_wconf 76' lang='lat' dir='ltr'><strong>.‘llarcelliorunt</strong></span> <span class='ocrx_word' id='word_1_514' title='bbox 3811 3092 4025 3160; x_wconf 67' lang='lat' dir='ltr'><strong>episco-</strong></span> 
     </span>
    </p>
   </div>
   <div class='ocr_carea' id='block_1_75' title="bbox 2447 3181 4024 3253">
    <p class='ocr_par' dir='ltr' id='par_1_75' title="bbox 2447 3181 4024 3253">
     <span class='ocr_line' id='line_1_75' title="bbox 2447 3181 4024 3253; baseline 0.003 -21"><span class='ocrx_word' id='word_1_515' title='bbox 2447 3193 2585 3247; x_wconf 84' lang='lat' dir='ltr'><strong>pus;</strong></span> <span class='ocrx_word' id='word_1_516' title='bbox 2645 3195 2808 3248; x_wconf 90' lang='lat' dir='ltr'><strong>quem</strong></span> <span class='ocrx_word' id='word_1_517' title='bbox 2859 3191 2915 3236; x_wconf 93' lang='lat' dir='ltr'><strong>et</strong></span> <span class='ocrx_word' id='word_1_518' title='bbox 2962 3181 3221 3234; x_wconf 86' lang='lat' dir='ltr'><strong>decollari</strong></span> <span class='ocrx_word' id='word_1_519' title='bbox 3279 3183 3545 3236; x_wconf 91' lang='lat' dir='ltr'><strong>continuo</strong></span> <span class='ocrx_word' id='word_1_520' title='bbox 3595 3184 3757 3253; x_wconf 83' lang='lat' dir='ltr'><strong>jussit</strong></span> <span class='ocrx_word' id='word_1_521' title='bbox 3789 3202 3800 3236; x_wconf 93' lang='lat'>:</span> <span class='ocrx_word' id='word_1_522' title='bbox 3831 3200 4024 3236; x_wconf 88' lang='lat' dir='ltr'><strong>mono-</strong></span> 
     </span>
    </p>
   </div>
   <div class='ocr_carea' id='block_1_76' title="bbox 2449 3271 4024 3340">
    <p class='ocr_par' dir='ltr' id='par_1_76' title="bbox 2449 3271 4024 3340">
     <span class='ocr_line' id='line_1_76' title="bbox 2449 3271 4024 3340; baseline 0.003 -19"><span class='ocrx_word' id='word_1_523' title='bbox 2449 3277 2748 3339; x_wconf 85' lang='lat' dir='ltr'><strong>strategunt</strong></span> <span class='ocrx_word' id='word_1_524' title='bbox 2782 3286 2912 3323; x_wconf 84' lang='lat' dir='ltr'><strong>vero</strong></span> <span class='ocrx_word' id='word_1_525' title='bbox 2945 3271 3188 3324; x_wconf 91' lang='lat' dir='ltr'><strong>vinctum</strong></span> <span class='ocrx_word' id='word_1_526' title='bbox 3225 3273 3364 3340; x_wconf 89' lang='lat' dir='ltr'><strong>patri</strong></span> <span class='ocrx_word' id='word_1_527' title='bbox 3391 3288 3488 3340; x_wconf 90' lang='lat' dir='ltr'><strong>per</strong></span> <span class='ocrx_word' id='word_1_528' title='bbox 3510 3288 3728 3326; x_wconf 88' lang='lat' dir='ltr'><strong>murqu</strong></span> <span class='ocrx_word' id='word_1_529' title='bbox 3764 3284 4024 3327; x_wconf 89' lang='lat' dir='ltr'><strong>monstra-</strong></span> 
     </span>
    </p>
   </div>
   <div class='ocr_carea' id='block_1_77' title="bbox 2447 3360 4023 3435">
    <p class='ocr_par' dir='ltr' id='par_1_77' title="bbox 2447 3360 4023 3435">
     <span class='ocr_line' id='line_1_77' title="bbox 2447 3360 4023 3435; baseline 0.003 -21"><span class='ocrx_word' id='word_1_530' title='bbox 2447 3360 2562 3414; x_wconf 89' lang='lat' dir='ltr'><strong>bat.</strong></span> <span class='ocrx_word' id='word_1_531' title='bbox 2642 3362 2814 3416; x_wconf 90' lang='lat' dir='ltr'><strong>Porro</strong></span> <span class='ocrx_word' id='word_1_532' title='bbox 2867 3371 3065 3430; x_wconf 84' lang='lat' dir='ltr'><strong>quarto</strong></span> <span class='ocrx_word' id='word_1_533' title='bbox 3127 3379 3301 3417; x_wconf 90' lang='lat' dir='ltr'><strong>nonas</strong></span> <span class='ocrx_word' id='word_1_534' title='bbox 3361 3363 3720 3419; x_wconf 73' lang='lat' dir='ltr'><strong>Novembrias</strong></span> <span class='ocrx_word' id='word_1_535' title='bbox 3796 3377 4023 3435; x_wconf 86' lang='lat' dir='ltr'><strong>repente</strong></span> 
     </span>
    </p>
   </div>
   <div class='ocr_carea' id='block_1_78' title="bbox 2446 3454 4015 3524">
    <p class='ocr_par' dir='ltr' id='par_1_78' title="bbox 2446 3454 4015 3524">
     <span class='ocr_line' id='line_1_78' title="bbox 2446 3454 4015 3524; baseline 0.002 -17"><span class='ocrx_word' id='word_1_536' title='bbox 2446 3454 2728 3523; x_wconf 77' lang='lat' dir='ltr'><strong>pra-liatus</strong></span> <span class='ocrx_word' id='word_1_537' title='bbox 2756 3464 2881 3524; x_wconf 89' lang='lat' dir='ltr'><strong>post</strong></span> <span class='ocrx_word' id='word_1_538' title='bbox 2901 3455 3185 3508; x_wconf 87' lang='lat' dir='ltr'><strong>meridiem</strong></span> <span class='ocrx_word' id='word_1_539' title='bbox 3215 3472 3311 3524; x_wconf 85' lang='lat' dir='ltr'><strong>per</strong></span> <span class='ocrx_word' id='word_1_540' title='bbox 3338 3465 3620 3511; x_wconf 85' lang='lat' dir='ltr'><strong>terrenum</strong></span> <span class='ocrx_word' id='word_1_541' title='bbox 3655 3472 3872 3510; x_wconf 90' lang='lat' dir='ltr'><strong>murum</strong></span> <span class='ocrx_word' id='word_1_542' title='bbox 3923 3474 4015 3510; x_wconf 89' lang='lat' dir='ltr'><strong>ur-</strong></span> 
     </span>
    </p>
   </div>
   <div class='ocr_carea' id='block_1_79' title="bbox 2445 3545 4021 3615">
    <p class='ocr_par' dir='ltr' id='par_1_79' title="bbox 2445 3545 4021 3615">
     <span class='ocr_line' id='line_1_79' title="bbox 2445 3545 4021 3615; baseline 0.001 -16"><span class='ocrx_word' id='word_1_543' title='bbox 2445 3545 2570 3599; x_wconf 86' lang='lat' dir='ltr'><strong>bem</strong></span> <span class='ocrx_word' id='word_1_544' title='bbox 2594 3547 2853 3615; x_wconf 82' lang='lat' dir='ltr'><strong>captavit.</strong></span> <span class='ocrx_word' id='word_1_545' title='bbox 2890 3548 2958 3600; x_wconf 93' lang='lat' dir='ltr'><strong>At</strong></span> <span class='ocrx_word' id='word_1_546' title='bbox 3005 3563 3136 3599; x_wconf 88' lang='lat' dir='ltr'><strong>vero</strong></span> <span class='ocrx_word' id='word_1_547' title='bbox 3175 3548 3557 3602; x_wconf 88' lang='lat' dir='ltr'><strong>Artahuasdus</strong></span> <span class='ocrx_word' id='word_1_548' title='bbox 3586 3565 3718 3603; x_wconf 89' lang='lat' dir='ltr'><strong>una-</strong></span> <span class='ocrx_word' id='word_1_549' title='bbox 3745 3565 3867 3603; x_wconf 89' lang='lat' dir='ltr'><strong>cum</strong></span> <span class='ocrx_word' id='word_1_550' title='bbox 3922 3549 3988 3602; x_wconf 88' lang='lat' dir='ltr'><strong>Ba</strong></span> <span class='ocrx_word' id='word_1_551' title='bbox 4009 3579 4021 3588; x_wconf 89' lang='lat'><strong>-</strong></span> 
     </span>
    </p>
   </div>
   <div class='ocr_carea' id='block_1_80' title="bbox 2445 3638 4021 3709">
    <p class='ocr_par' dir='ltr' id='par_1_80' title="bbox 2445 3638 4021 3709">
     <span class='ocr_line' id='line_1_80' title="bbox 2445 3638 4021 3709; baseline 0.001 -18"><span class='ocrx_word' id='word_1_552' title='bbox 2445 3639 2703 3708; x_wconf 84' lang='lat' dir='ltr'><strong>gatangio</strong></span> <span class='ocrx_word' id='word_1_553' title='bbox 2729 3638 2964 3708; x_wconf 91' lang='lat' dir='ltr'><strong>patricio</strong></span> <span class='ocrx_word' id='word_1_554' title='bbox 3022 3638 3300 3708; x_wconf 83' lang='lat' dir='ltr'><strong>ingressus</strong></span> <span class='ocrx_word' id='word_1_555' title='bbox 3339 3640 3518 3693; x_wconf 90' lang='lat' dir='ltr'><strong>navim</strong></span> <span class='ocrx_word' id='word_1_556' title='bbox 3543 3640 3608 3694; x_wconf 92' lang='lat' dir='ltr'><strong>ad</strong></span> <span class='ocrx_word' id='word_1_557' title='bbox 3638 3656 3878 3709; x_wconf 70' lang='lat' dir='ltr'><strong>praesens</strong></span> <span class='ocrx_word' id='word_1_558' title='bbox 3907 3642 4021 3693; x_wconf 69' lang='lat' dir='ltr'><strong>exi-</strong></span> 
     </span>
    </p>
   </div>
   <div class='ocr_carea' id='block_1_81' title="bbox 2447 3729 4017 3794">
    <p class='ocr_par' dir='ltr' id='par_1_81' title="bbox 2447 3729 4017 3794">
     <span class='ocr_line' id='line_1_81' title="bbox 2447 3729 4017 3794; baseline -0.001 -10"><span class='ocrx_word' id='word_1_559' title='bbox 2447 3729 2556 3785; x_wconf 89' lang='lat' dir='ltr'><strong>isse</strong></span> <span class='ocrx_word' id='word_1_560' title='bbox 2583 3731 2737 3785; x_wconf 88' lang='lat' dir='ltr'><strong>visus</strong></span> <span class='ocrx_word' id='word_1_561' title='bbox 2768 3739 2852 3786; x_wconf 88' lang='lat' dir='ltr'><strong>est</strong></span> <span class='ocrx_word' id='word_1_562' title='bbox 2892 3731 2946 3784; x_wconf 92' lang='lat' dir='ltr'><strong>in</strong></span> <span class='ocrx_word' id='word_1_563' title='bbox 2983 3730 3239 3794; x_wconf 88' lang='lat' dir='ltr'><strong>Obsiciis,</strong></span> <span class='ocrx_word' id='word_1_564' title='bbox 3304 3740 3360 3784; x_wconf 89' lang='lat' dir='ltr'><strong>et</strong></span> <span class='ocrx_word' id='word_1_565' title='bbox 3411 3731 3605 3784; x_wconf 88' lang='lat' dir='ltr'><strong>abiens</strong></span> <span class='ocrx_word' id='word_1_566' title='bbox 3661 3731 3728 3784; x_wconf 92' lang='lat' dir='ltr'><strong>ad</strong></span> <span class='ocrx_word' id='word_1_567' title='bbox 3775 3742 4017 3785; x_wconf 87' lang='lat' dir='ltr'><strong>castrum</strong></span> 
     </span>
    </p>
   </div>
   <div class='ocr_carea' id='block_1_82' title="bbox 2444 3823 4016 3892">
    <p class='ocr_par' dir='ltr' id='par_1_82' title="bbox 2444 3823 4016 3892">
     <span class='ocr_line' id='line_1_82' title="bbox 2444 3823 4016 3892; baseline -0.001 -14"><span class='ocrx_word' id='word_1_568' title='bbox 2444 3823 2682 3878; x_wconf 68' lang='lat' dir='ltr'><strong>Puzante</strong></span> <span class='ocrx_word' id='word_1_569' title='bbox 2735 3833 2908 3878; x_wconf 89' lang='lat' dir='ltr'><strong>semet</strong></span> <span class='ocrx_word' id='word_1_570' title='bbox 2943 3823 3186 3877; x_wconf 89' lang='lat' dir='ltr'><strong>inclusit.</strong></span> <span class='ocrx_word' id='word_1_571' title='bbox 3243 3823 3454 3889; x_wconf 83' lang='lat' dir='ltr'><strong>Quibus</strong></span> <span class='ocrx_word' id='word_1_572' title='bbox 3507 3824 3806 3892; x_wconf 78' lang='lat' dir='ltr'><strong>imperator</strong></span> <span class='ocrx_word' id='word_1_573' title='bbox 3856 3839 4016 3876; x_wconf 86' lang='lat' dir='ltr'><strong>manu</strong></span> 
     </span>
    </p>
   </div>
   <div class='ocr_carea' id='block_1_83' title="bbox 2444 3915 4019 3986">
    <p class='ocr_par' dir='ltr' id='par_1_83' title="bbox 2444 3915 4019 3986">
     <span class='ocr_line' id='line_1_83' title="bbox 2444 3915 4019 3986; baseline -0.001 -15"><span class='ocrx_word' id='word_1_574' title='bbox 2444 3917 2624 3986; x_wconf 86' lang='lat' dir='ltr'><strong>captis</strong></span> <span class='ocrx_word' id='word_1_575' title='bbox 2656 3915 3065 3970; x_wconf 89' lang='lat' dir='ltr'><strong>Artahuasdum</strong></span> <span class='ocrx_word' id='word_1_576' title='bbox 3095 3932 3217 3969; x_wconf 90' lang='lat' dir='ltr'><strong>cum</strong></span> <span class='ocrx_word' id='word_1_577' title='bbox 3243 3915 3464 3970; x_wconf 89' lang='lat' dir='ltr'><strong>duobus</strong></span> <span class='ocrx_word' id='word_1_578' title='bbox 3494 3916 3618 3970; x_wconf 90' lang='lat' dir='ltr'><strong>tiliis</strong></span> <span class='ocrx_word' id='word_1_579' title='bbox 3643 3917 3757 3971; x_wconf 89' lang='lat' dir='ltr'><strong>suis</strong></span> <span class='ocrx_word' id='word_1_580' title='bbox 3787 3917 4019 3986; x_wconf 70' lang='lat' dir='ltr'><strong>privavit</strong></span> 
     </span>
    </p>
   </div>
   <div class='ocr_carea' id='block_1_84' title="bbox 2444 4003 4022 4077">
    <p class='ocr_par' dir='ltr' id='par_1_84' title="bbox 2444 4003 4022 4077">
     <span class='ocr_line' id='line_1_84' title="bbox 2444 4003 4022 4077; baseline -0.001 -15"><span class='ocrx_word' id='word_1_581' title='bbox 2444 4007 2640 4072; x_wconf 91' lang='lat' dir='ltr'><strong>oculis,</strong></span> <span class='ocrx_word' id='word_1_582' title='bbox 2677 4007 3026 4077; x_wconf 85' lang='lat' dir='ltr'><strong>Bagatangitn</strong></span> <span class='ocrx_word' id='word_1_583' title='bbox 3061 4017 3246 4061; x_wconf 85' lang='lat' dir='ltr'><strong>autem</strong></span> <span class='ocrx_word' id='word_1_584' title='bbox 3283 4007 3335 4061; x_wconf 93' lang='lat' dir='ltr'><strong>in</strong></span> <span class='ocrx_word' id='word_1_585' title='bbox 3366 4007 3576 4060; x_wconf 90' lang='lat' dir='ltr'><strong>vivario</strong></span> <span class='ocrx_word' id='word_1_586' title='bbox 3612 4003 3923 4066; x_wconf 82' lang='lat' dir='ltr'><strong>decollavit,</strong></span> <span class='ocrx_word' id='word_1_587' title='bbox 3960 4018 4022 4060; x_wconf 91' lang='lat' dir='ltr'><strong>et</strong></span> 
     </span>
    </p>
   </div>
   <div class='ocr_carea' id='block_1_85' title="bbox 2442 4098 4018 4170">
    <p class='ocr_par' dir='ltr' id='par_1_85' title="bbox 2442 4098 4018 4170">
     <span class='ocr_line' id='line_1_85' title="bbox 2442 4098 4018 4170; baseline -0.001 -16"><span class='ocrx_word' id='word_1_588' title='bbox 2442 4099 2608 4170; x_wconf 85' lang='lat' dir='ltr'><strong>hujus</strong></span> <span class='ocrx_word' id='word_1_589' title='bbox 2630 4109 2796 4170; x_wconf 87' lang='lat' dir='ltr'><strong>caput</strong></span> <span class='ocrx_word' id='word_1_590' title='bbox 2830 4100 2885 4153; x_wconf 92' lang='lat' dir='ltr'><strong>in</strong></span> <span class='ocrx_word' id='word_1_591' title='bbox 2928 4101 3075 4154; x_wconf 84' lang='lat' dir='ltr'><strong>Milio</strong></span> <span class='ocrx_word' id='word_1_592' title='bbox 3104 4099 3390 4168; x_wconf 84' lang='lat' dir='ltr'><strong>suspendit</strong></span> <span class='ocrx_word' id='word_1_593' title='bbox 3425 4098 3622 4153; x_wconf 89' lang='lat' dir='ltr'><strong>diebus</strong></span> <span class='ocrx_word' id='word_1_594' title='bbox 3659 4099 3853 4153; x_wconf 89' lang='lat' dir='ltr'><strong>tribus.</strong></span> <span class='ocrx_word' id='word_1_595' title='bbox 3892 4099 4018 4152; x_wconf 59' lang='grc' dir='ltr'><strong>νομί</strong></span> 
     </span>
    </p>
   </div>
   <div class='ocr_carea' id='block_1_86' title="bbox 2443 4189 4019 4262">
    <p class='ocr_par' dir='ltr' id='par_1_86' title="bbox 2443 4189 4019 4262">
     <span class='ocr_line' id='line_1_86' title="bbox 2443 4189 4019 4262; baseline -0.002 -16"><span class='ocrx_word' id='word_1_596' title='bbox 2443 4191 2665 4262; x_wconf 87' lang='lat' dir='ltr'><strong>triginta</strong></span> <span class='ocrx_word' id='word_1_597' title='bbox 2703 4207 2835 4245; x_wconf 89' lang='lat' dir='ltr'><strong>vero</strong></span> <span class='ocrx_word' id='word_1_598' title='bbox 2879 4206 3054 4244; x_wconf 86' lang='lat' dir='ltr'><strong>annos</strong></span> <span class='ocrx_word' id='word_1_599' title='bbox 3104 4191 3231 4244; x_wconf 89' lang='lat' dir='ltr'><strong>mali</strong></span> <span class='ocrx_word' id='word_1_600' title='bbox 3265 4205 3473 4243; x_wconf 89' lang='lat' dir='ltr'><strong>memor</strong></span> <span class='ocrx_word' id='word_1_601' title='bbox 3525 4200 3578 4244; x_wconf 89' lang='lat' dir='ltr'><strong>et</strong></span> <span class='ocrx_word' id='word_1_602' title='bbox 3629 4189 4019 4244; x_wconf 80' lang='lat' dir='ltr'><strong>immisericors</strong></span> 
     </span>
    </p>
   </div>
   <div class='ocr_carea' id='block_1_87' title="bbox 2445 4274 4014 4352">
    <p class='ocr_par' dir='ltr' id='par_1_87' title="bbox 2445 4274 4014 4352">
     <span class='ocr_line' id='line_1_87' title="bbox 2445 4274 4014 4352; baseline -0.002 -15"><span class='ocrx_word' id='word_1_603' title='bbox 2445 4283 2748 4352; x_wconf 87' lang='lat' dir='ltr'><strong>imperator</strong></span> <span class='ocrx_word' id='word_1_604' title='bbox 2770 4283 3029 4352; x_wconf 70' lang='lat' dir='ltr'><strong>prmee’pit</strong></span> <span class='ocrx_word' id='word_1_605' title='bbox 3060 4282 3224 4352; x_wconf 88' lang='lat' dir='ltr'><strong>hujus</strong></span> <span class='ocrx_word' id='word_1_606' title='bbox 3279 4296 3505 4335; x_wconf 72' lang='lat' dir='ltr'><strong>uxorem</strong></span> <span class='ocrx_word' id='word_1_607' title='bbox 3541 4282 3593 4335; x_wconf 93' lang='lat' dir='ltr'><strong>in</strong></span> <span class='ocrx_word' id='word_1_608' title='bbox 3623 4274 4014 4335; x_wconf 71' lang='lat' dir='ltr'><strong>monasterium</strong></span> 
     </span>
    </p>
   </div>
   <div class='ocr_carea' id='block_1_88' title="bbox 2440 4372 4018 4443">
    <p class='ocr_par' dir='ltr' id='par_1_88' title="bbox 2440 4372 4018 4443">
     <span class='ocr_line' id='line_1_88' title="bbox 2440 4372 4018 4443; baseline -0.002 -14"><span class='ocrx_word' id='word_1_609' title='bbox 2440 4373 2649 4430; x_wconf 86' lang='lat' dir='ltr'><strong>Choras</strong></span> <span class='ocrx_word' id='word_1_610' title='bbox 2677 4388 2910 4443; x_wconf 84' lang='lat' dir='ltr'><strong>pergere</strong></span> <span class='ocrx_word' id='word_1_611' title='bbox 2940 4372 3074 4440; x_wconf 90' lang='lat' dir='ltr'><strong>(illic</strong></span> <span class='ocrx_word' id='word_1_612' title='bbox 3106 4374 3253 4427; x_wconf 88' lang='lat' dir='ltr'><strong>enim</strong></span> <span class='ocrx_word' id='word_1_613' title='bbox 3286 4372 3539 4442; x_wconf 85' lang='lat' dir='ltr'><strong>sepultus</strong></span> <span class='ocrx_word' id='word_1_614' title='bbox 3584 4375 3726 4432; x_wconf 88' lang='lat' dir='ltr'><strong>erat)</strong></span> <span class='ocrx_word' id='word_1_615' title='bbox 3761 4383 3816 4426; x_wconf 88' lang='lat' dir='ltr'><strong>et</strong></span> <span class='ocrx_word' id='word_1_616' title='bbox 3852 4372 4018 4441; x_wconf 83' lang='lat' dir='ltr'><strong>hujus</strong></span> 
     </span>
    </p>
   </div>
   <div class='ocr_carea' id='block_1_89' title="bbox 2440 4464 4010 4533">
    <p class='ocr_par' dir='ltr' id='par_1_89' title="bbox 2440 4464 4010 4533">
     <span class='ocr_line' id='line_1_89' title="bbox 2440 4464 4010 4533; baseline -0.003 -13"><span class='ocrx_word' id='word_1_617' title='bbox 2440 4481 2564 4520; x_wconf 87' lang='lat' dir='ltr'><strong>ossa</strong></span> <span class='ocrx_word' id='word_1_618' title='bbox 2585 4465 2830 4520; x_wconf 80' lang='lat' dir='ltr'><strong>effodere</strong></span> <span class='ocrx_word' id='word_1_619' title='bbox 2861 4474 2915 4518; x_wconf 92' lang='lat' dir='ltr'><strong>et</strong></span> <span class='ocrx_word' id='word_1_620' title='bbox 2944 4465 3000 4518; x_wconf 91' lang='lat' dir='ltr'><strong>in</strong></span> <span class='ocrx_word' id='word_1_621' title='bbox 3033 4465 3200 4533; x_wconf 88' lang='lat' dir='ltr'><strong>pallio</strong></span> <span class='ocrx_word' id='word_1_622' title='bbox 3231 4479 3332 4517; x_wconf 90' lang='lat' dir='ltr'><strong>suo</strong></span> <span class='ocrx_word' id='word_1_623' title='bbox 3363 4475 3582 4533; x_wconf 84' lang='lat' dir='ltr'><strong>portare</strong></span> <span class='ocrx_word' id='word_1_624' title='bbox 3613 4476 3779 4532; x_wconf 91' lang='lat' dir='ltr'><strong>atque</strong></span> <span class='ocrx_word' id='word_1_625' title='bbox 3825 4464 3877 4517; x_wconf 90' lang='lat' dir='ltr'><strong>in</strong></span> <span class='ocrx_word' id='word_1_626' title='bbox 3925 4479 4010 4526; x_wconf 82' lang='lat' dir='ltr'><strong>se-</strong></span> 
     </span>
    </p>
   </div>
   <div class='ocr_carea' id='block_1_90' title="bbox 764 4553 4017 4628">
    <p class='ocr_par' dir='ltr' id='par_1_90' title="bbox 764 4553 4017 4628">
     <span class='ocr_line' id='line_1_90' title="bbox 764 4553 4017 4628; baseline -0 -21"><span class='ocrx_word' id='word_1_627' title='bbox 764 4569 899 4618; x_wconf 90' lang='lat' dir='ltr'><strong>uno,</strong></span> <span class='ocrx_word' id='word_1_628' title='bbox 929 4561 1188 4623; x_wconf 87' lang='lat' dir='ltr'><strong>tenetque</strong></span> <span class='ocrx_word' id='word_1_629' title='bbox 1249 4553 1618 4623; x_wconf 82' lang='lat' dir='ltr'><strong>principatum</strong></span> <span class='ocrx_word' id='word_1_630' title='bbox 1648 4555 1802 4608; x_wconf 85' lang='lat' dir='ltr'><strong>llizid</strong></span> <span class='ocrx_word' id='word_1_631' title='bbox 1854 4557 2066 4627; x_wconf 87' lang='lat' dir='ltr'><strong>Lipsos.</strong></span> <span class='ocrx_word' id='word_1_632' title='bbox 2093 4558 2144 4611; x_wconf 92' lang='lat' dir='ltr'><strong>ls</strong></span> <span class='ocrx_word' id='word_1_633' title='bbox 2166 4573 2336 4628; x_wconf 87' lang='lat' dir='ltr'><strong>peeu-</strong></span> <span class='ocrx_word' id='word_1_634' title='bbox 2363 4568 2416 4628; x_wconf 78' lang='grc' dir='ltr'><strong><em>υ</em></strong></span> <span class='ocrx_word' id='word_1_635' title='bbox 2441 4556 2651 4625; x_wconf 83' lang='lat' dir='ltr'><strong>pulcra,</strong></span> <span class='ocrx_word' id='word_1_636' title='bbox 2687 4571 2810 4625; x_wconf 74' lang='lat' dir='ltr'><strong>qua:</strong></span> <span class='ocrx_word' id='word_1_637' title='bbox 2835 4554 3100 4608; x_wconf 89' lang='lat' dir='ltr'><strong>dicuntur</strong></span> <span class='ocrx_word' id='word_1_638' title='bbox 3127 4553 3350 4624; x_wconf 82' lang='lat' dir='ltr'><strong>Pelagii,</strong></span> <span class='ocrx_word' id='word_1_639' title='bbox 3379 4569 3484 4608; x_wconf 88' lang='lat' dir='ltr'><strong>una</strong></span> <span class='ocrx_word' id='word_1_640' title='bbox 3511 4569 3636 4607; x_wconf 89' lang='lat' dir='ltr'><strong>eum</strong></span> <span class='ocrx_word' id='word_1_641' title='bbox 3676 4553 4017 4608; x_wconf 88' lang='lat' dir='ltr'><strong>Biotbanatis</strong></span> 
     </span>
    </p>
   </div>
   <div class='ocr_carea' id='block_1_91' title="bbox 765 4645 2338 4715">
    <p class='ocr_par' dir='ltr' id='par_1_91' title="bbox 765 4645 2338 4715">
     <span class='ocr_line' id='line_1_91' title="bbox 765 4645 2338 4715; baseline 0.003 -17"><span class='ocrx_word' id='word_1_642' title='bbox 765 4645 874 4700; x_wconf 92' lang='lat' dir='ltr'><strong>niis</strong></span> <span class='ocrx_word' id='word_1_643' title='bbox 900 4645 1088 4699; x_wconf 89' lang='lat' dir='ltr'><strong>multis</strong></span> <span class='ocrx_word' id='word_1_644' title='bbox 1119 4646 1360 4715; x_wconf 87' lang='lat' dir='ltr'><strong>erogatis</strong></span> <span class='ocrx_word' id='word_1_645' title='bbox 1391 4645 1629 4699; x_wconf 90' lang='lat' dir='ltr'><strong>obtinuit</strong></span> <span class='ocrx_word' id='word_1_646' title='bbox 1661 4646 2004 4712; x_wconf 75' lang='lat' dir='ltr'><strong>Damascum,</strong></span> <span class='ocrx_word' id='word_1_647' title='bbox 2029 4659 2086 4702; x_wconf 86' lang='lat' dir='ltr'><strong>et</strong></span> <span class='ocrx_word' id='word_1_648' title='bbox 2117 4649 2338 4704; x_wconf 76' lang='lat' dir='ltr'><strong>dextras</strong></span> 
     </span>
    </p>
   </div>
   <div class='ocr_carea' id='block_1_92' title="bbox 763 4737 1517 4808">
    <p class='ocr_par' dir='ltr' id='par_1_92' title="bbox 763 4737 1517 4808">
     <span class='ocr_line' id='line_1_92' title="bbox 763 4737 1517 4808; baseline -0.003 -14"><span class='ocrx_word' id='word_1_649' title='bbox 763 4739 973 4808; x_wconf 88' lang='lat' dir='ltr'><strong>accepit</strong></span> <span class='ocrx_word' id='word_1_650' title='bbox 1007 4747 1066 4791; x_wconf 92' lang='lat' dir='ltr'><strong>ut</strong></span> <span class='ocrx_word' id='word_1_651' title='bbox 1095 4737 1517 4807; x_wconf 87' lang='lat' dir='ltr'><strong>principaretur.</strong></span> 
     </span>
    </p>
   </div>
   <div class='ocr_carea' id='block_1_93' title="bbox 839 4827 2337 4899">
    <p class='ocr_par' dir='ltr' id='par_1_93' title="bbox 839 4827 2337 4899">
     <span class='ocr_line' id='line_1_93' title="bbox 839 4827 2337 4899; baseline 0.005 -19"><span class='ocrx_word' id='word_1_652' title='bbox 839 4828 1012 4881; x_wconf 82' lang='lat' dir='ltr'><strong>Porro</strong></span> <span class='ocrx_word' id='word_1_653' title='bbox 1055 4827 1453 4883; x_wconf 88' lang='lat' dir='ltr'><strong>Constantinus</strong></span> <span class='ocrx_word' id='word_1_654' title='bbox 1506 4829 1848 4899; x_wconf 83' lang='lat' dir='ltr'><strong>Septembrio</strong></span> <span class='ocrx_word' id='word_1_655' title='bbox 1911 4847 2097 4885; x_wconf 87' lang='lat' dir='ltr'><strong>mense</strong></span> <span class='ocrx_word' id='word_1_656' title='bbox 2127 4831 2337 4887; x_wconf 89' lang='lat' dir='ltr'><strong>duode-</strong></span> 
     </span>
    </p>
   </div>
   <div class='ocr_carea' id='block_1_94' title="bbox 764 4917 2338 4992">
    <p class='ocr_par' dir='ltr' id='par_1_94' title="bbox 764 4917 2338 4992">
     <span class='ocr_line' id='line_1_94' title="bbox 764 4917 2338 4992; baseline 0.004 -21"><span class='ocrx_word' id='word_1_657' title='bbox 764 4917 925 4971; x_wconf 69' lang='lat' dir='ltr'><strong>cimae</strong></span> <span class='ocrx_word' id='word_1_658' title='bbox 980 4918 1298 4974; x_wconf 91' lang='lat' dir='ltr'><strong>indictionis</strong></span> <span class='ocrx_word' id='word_1_659' title='bbox 1344 4921 1684 4976; x_wconf 89' lang='lat' dir='ltr'><strong>descendens</strong></span> <span class='ocrx_word' id='word_1_660' title='bbox 1718 4922 1784 4975; x_wconf 88' lang='lat' dir='ltr'><strong>ad</strong></span> <span class='ocrx_word' id='word_1_661' title='bbox 1818 4938 1998 4992; x_wconf 90' lang='lat' dir='ltr'><strong>partes</strong></span> <span class='ocrx_word' id='word_1_662' title='bbox 2033 4923 2338 4979; x_wconf 87' lang='lat' dir='ltr'><strong>Chalcedo-</strong></span> 
     </span>
    </p>
   </div>
   <div class='ocr_carea' id='block_1_95' title="bbox 764 5003 2338 5085">
    <p class='ocr_par' dir='ltr' id='par_1_95' title="bbox 764 5003 2338 5085">
     <span class='ocr_line' id='line_1_95' title="bbox 764 5003 2338 5085; baseline 0.004 -21"><span class='ocrx_word' id='word_1_663' title='bbox 764 5011 854 5065; x_wconf 89' lang='lat' dir='ltr'><strong>nis</strong></span> <span class='ocrx_word' id='word_1_664' title='bbox 879 5012 1145 5065; x_wconf 88' lang='lat' dir='ltr'><strong>remeavit</strong></span> <span class='ocrx_word' id='word_1_665' title='bbox 1175 5011 1243 5066; x_wconf 89' lang='lat' dir='ltr'><strong>ad</strong></span> <span class='ocrx_word' id='word_1_666' title='bbox 1296 5013 1577 5069; x_wconf 87' lang='lat' dir='ltr'><strong>Thracoas</strong></span> <span class='ocrx_word' id='word_1_667' title='bbox 1618 5003 1822 5085; x_wconf 80' lang='lat' dir='ltr'><strong>partes,</strong></span> <span class='ocrx_word' id='word_1_668' title='bbox 1889 5033 2014 5070; x_wconf 87' lang='lat' dir='ltr'><strong>cum</strong></span> <span class='ocrx_word' id='word_1_669' title='bbox 2065 5016 2338 5071; x_wconf 75' lang='lat' dir='ltr'><strong>Sisinnius</strong></span> 
     </span>
    </p>
   </div>
   <div class='ocr_carea' id='block_1_96' title="bbox 765 5101 2331 5176">
    <p class='ocr_par' dir='ltr' id='par_1_96' title="bbox 765 5101 2331 5176">
     <span class='ocr_line' id='line_1_96' title="bbox 765 5101 2331 5176; baseline 0.006 -23"><span class='ocrx_word' id='word_1_670' title='bbox 765 5110 972 5169; x_wconf 65' lang='lat' dir='ltr'><strong>prator</strong></span> <span class='ocrx_word' id='word_1_671' title='bbox 1021 5101 1444 5157; x_wconf 86' lang='lat' dir='ltr'><strong>Thracesiorum</strong></span> <span class='ocrx_word' id='word_1_672' title='bbox 1491 5115 1649 5159; x_wconf 87' lang='lat' dir='ltr'><strong>antea</strong></span> <span class='ocrx_word' id='word_1_673' title='bbox 1687 5122 1783 5174; x_wconf 88' lang='lat' dir='ltr'><strong>per</strong></span> <span class='ocrx_word' id='word_1_674' title='bbox 1810 5106 2059 5176; x_wconf 77' lang='lat' dir='ltr'><strong>Abydum</strong></span> <span class='ocrx_word' id='word_1_675' title='bbox 2095 5123 2331 5162; x_wconf 89' lang='lat' dir='ltr'><strong>remeas-</strong></span> 
     </span>
    </p>
   </div>
   <div class='ocr_carea' id='block_1_97' title="bbox 766 5195 2328 5263">
    <p class='ocr_par' dir='ltr' id='par_1_97' title="bbox 766 5195 2328 5263">
     <span class='ocr_line' id='line_1_97' title="bbox 766 5195 2328 5263; baseline 0.006 -19"><span class='ocrx_word' id='word_1_676' title='bbox 766 5202 849 5245; x_wconf 88' lang='lat' dir='ltr'><strong>set</strong></span> <span class='ocrx_word' id='word_1_677' title='bbox 883 5201 1276 5263; x_wconf 86' lang='lat' dir='ltr'><strong>terrenumque</strong></span> <span class='ocrx_word' id='word_1_678' title='bbox 1322 5212 1539 5249; x_wconf 90' lang='lat' dir='ltr'><strong>murum</strong></span> <span class='ocrx_word' id='word_1_679' title='bbox 1573 5198 1729 5251; x_wconf 89' lang='lat' dir='ltr'><strong>urbis</strong></span> <span class='ocrx_word' id='word_1_680' title='bbox 1767 5197 2066 5252; x_wconf 84' lang='lat' dir='ltr'><strong>obsideret.</strong></span> <span class='ocrx_word' id='word_1_681' title='bbox 2099 5199 2168 5252; x_wconf 89' lang='lat' dir='ltr'><strong>At</strong></span> <span class='ocrx_word' id='word_1_682' title='bbox 2194 5195 2328 5254; x_wconf 79' lang='lat' dir='ltr'><strong>vero</strong></span> 
     </span>
    </p>
   </div>
   <div class='ocr_carea' id='block_1_98' title="bbox 764 5285 2330 5359">
    <p class='ocr_par' dir='ltr' id='par_1_98' title="bbox 764 5285 2330 5359">
     <span class='ocr_line' id='line_1_98' title="bbox 764 5285 2330 5359; baseline 0.006 -22"><span class='ocrx_word' id='word_1_683' title='bbox 764 5285 996 5340; x_wconf 87' lang='lat' dir='ltr'><strong>veniens</strong></span> <span class='ocrx_word' id='word_1_684' title='bbox 1023 5286 1320 5355; x_wconf 88' lang='lat' dir='ltr'><strong>imperator</strong></span> <span class='ocrx_word' id='word_1_685' title='bbox 1346 5289 1414 5342; x_wconf 92' lang='lat' dir='ltr'><strong>ad</strong></span> <span class='ocrx_word' id='word_1_686' title='bbox 1449 5287 1664 5343; x_wconf 90' lang='lat' dir='ltr'><strong>Charsii</strong></span> <span class='ocrx_word' id='word_1_687' title='bbox 1695 5302 1910 5359; x_wconf 87' lang='lat' dir='ltr'><strong>portant</strong></span> <span class='ocrx_word' id='word_1_688' title='bbox 1944 5291 2205 5345; x_wconf 89' lang='lat' dir='ltr'><strong>discurrit</strong></span> <span class='ocrx_word' id='word_1_689' title='bbox 2238 5308 2330 5346; x_wconf 91' lang='lat' dir='ltr'><strong>us-</strong></span> 
     </span>
    </p>
   </div>
   <div class='ocr_carea' id='block_1_99' title="bbox 763 5379 2335 5471">
    <p class='ocr_par' dir='ltr' id='par_1_99' title="bbox 763 5379 2335 5471">
     <span class='ocr_line' id='line_1_99' title="bbox 763 5379 2335 5471; baseline 0.004 -40"><span class='ocrx_word' id='word_1_690' title='bbox 763 5394 873 5447; x_wconf 92' lang='lat' dir='ltr'><strong>que</strong></span> <span class='ocrx_word' id='word_1_691' title='bbox 899 5379 966 5432; x_wconf 92' lang='lat' dir='ltr'><strong>ad</strong></span> <span class='ocrx_word' id='word_1_692' title='bbox 994 5393 1217 5432; x_wconf 90' lang='lat' dir='ltr'><strong>auream</strong></span> <span class='ocrx_word' id='word_1_693' title='bbox 1245 5389 1482 5450; x_wconf 89' lang='lat' dir='ltr'><strong>portam,</strong></span> <span class='ocrx_word' id='word_1_694' title='bbox 1521 5383 1878 5471; x_wconf 77' lang='lat' dir='ltr'><strong>semetipsum</strong></span> <span class='ocrx_word' id='word_1_695' title='bbox 1940 5383 2116 5437; x_wconf 89' lang='lat' dir='ltr'><strong>turbis</strong></span> <span class='ocrx_word' id='word_1_696' title='bbox 2149 5393 2335 5438; x_wconf 89' lang='lat' dir='ltr'><strong>osten-</strong></span> 
     </span>
    </p>
   </div>
   <div class='ocr_carea' id='block_1_100' title="bbox 766 5467 2334 5547">
    <p class='ocr_par' dir='ltr' id='par_1_100' title="bbox 766 5467 2334 5547">
     <span class='ocr_line' id='line_1_100' title="bbox 766 5467 2334 5547; baseline 0.004 -23"><span class='ocrx_word' id='word_1_697' title='bbox 766 5481 909 5534; x_wconf 87' lang='lat' dir='ltr'><strong>tans,</strong></span> <span class='ocrx_word' id='word_1_698' title='bbox 941 5480 997 5525; x_wconf 90' lang='lat' dir='ltr'><strong>et</strong></span> <span class='ocrx_word' id='word_1_699' title='bbox 1029 5471 1229 5524; x_wconf 91' lang='lat' dir='ltr'><strong>iterum</strong></span> <span class='ocrx_word' id='word_1_700' title='bbox 1281 5487 1536 5528; x_wconf 90' lang='lat' dir='ltr'><strong>reversus</strong></span> <span class='ocrx_word' id='word_1_701' title='bbox 1565 5467 1741 5528; x_wconf 70' lang='lat' dir='ltr'><strong>castra</strong></span> <span class='ocrx_word' id='word_1_702' title='bbox 1772 5467 2010 5530; x_wconf 87' lang='lat' dir='ltr'><strong>metatus</strong></span> <span class='ocrx_word' id='word_1_703' title='bbox 2057 5485 2142 5530; x_wconf 92' lang='lat' dir='ltr'><strong>est</strong></span> <span class='ocrx_word' id='word_1_704' title='bbox 2190 5476 2334 5547; x_wconf 88' lang='lat' dir='ltr'><strong>apud</strong></span> 
     </span>
    </p>
   </div>
   <div class='ocr_carea' id='block_1_101' title="bbox 763 5560 2332 5638">
    <p class='ocr_par' dir='ltr' id='par_1_101' title="bbox 763 5560 2332 5638">
     <span class='ocr_line' id='line_1_101' title="bbox 763 5560 2332 5638; baseline 0.006 -22"><span class='ocrx_word' id='word_1_705' title='bbox 763 5560 822 5616; x_wconf 86' lang='lat' dir='ltr'><strong>S.</strong></span> <span class='ocrx_word' id='word_1_706' title='bbox 853 5561 1105 5618; x_wconf 82' lang='lat' dir='ltr'><strong>Matnam.</strong></span> <span class='ocrx_word' id='word_1_707' title='bbox 1131 5563 1293 5619; x_wconf 90' lang='lat' dir='ltr'><strong>Cives</strong></span> <span class='ocrx_word' id='word_1_708' title='bbox 1338 5575 1518 5619; x_wconf 91' lang='lat' dir='ltr'><strong>autem</strong></span> <span class='ocrx_word' id='word_1_709' title='bbox 1545 5567 1823 5637; x_wconf 87' lang='lat' dir='ltr'><strong>angustari</strong></span> <span class='ocrx_word' id='word_1_710' title='bbox 1848 5579 2134 5638; x_wconf 65' lang='lat' dir='ltr'><strong>coeperunt</strong></span> <span class='ocrx_word' id='word_1_711' title='bbox 2159 5586 2332 5625; x_wconf 91' lang='lat' dir='ltr'><strong>anno-</strong></span> 
     </span>
    </p>
   </div>
   <div class='ocr_carea' id='block_1_102' title="bbox 765 5653 2335 5729">
    <p class='ocr_par' dir='ltr' id='par_1_102' title="bbox 765 5653 2335 5729">
     <span class='ocr_line' id='line_1_102' title="bbox 765 5653 2335 5729; baseline 0.006 -23"><span class='ocrx_word' id='word_1_712' title='bbox 765 5653 850 5706; x_wconf 90' lang='lat' dir='ltr'><strong>nis</strong></span> <span class='ocrx_word' id='word_1_713' title='bbox 880 5653 1290 5712; x_wconf 84' lang='lat' dir='ltr'><strong>deficientibus.</strong></span> <span class='ocrx_word' id='word_1_714' title='bbox 1339 5656 1605 5722; x_wconf 88' lang='lat' dir='ltr'><strong>Quocirca</strong></span> <span class='ocrx_word' id='word_1_715' title='bbox 1660 5660 1827 5713; x_wconf 88' lang='lat' dir='ltr'><strong>misso</strong></span> <span class='ocrx_word' id='word_1_716' title='bbox 1867 5661 2164 5729; x_wconf 77' lang='lat' dir='ltr'><strong>Athanasio</strong></span> <span class='ocrx_word' id='word_1_717' title='bbox 2193 5679 2221 5715; x_wconf 92' lang='lat' dir='ltr'><strong>a</strong></span> <span class='ocrx_word' id='word_1_718' title='bbox 2253 5679 2335 5716; x_wconf 84' lang='lat' dir='ltr'><strong>se-</strong></span> 
     </span>
    </p>
   </div>
   <div class='ocr_carea' id='block_1_103' title="bbox 764 5748 2334 5825">
    <p class='ocr_par' dir='ltr' id='par_1_103' title="bbox 764 5748 2334 5825">
     <span class='ocr_line' id='line_1_103' title="bbox 764 5748 2334 5825; baseline 0.006 -27"><span class='ocrx_word' id='word_1_719' title='bbox 764 5748 932 5800; x_wconf 84' lang='lat' dir='ltr'><strong>cretis</strong></span> <span class='ocrx_word' id='word_1_720' title='bbox 958 5756 1013 5800; x_wconf 88' lang='lat' dir='ltr'><strong>ct</strong></span> <span class='ocrx_word' id='word_1_721' title='bbox 1039 5749 1388 5825; x_wconf 80' lang='lat' dir='ltr'><strong>Artahuasdo</strong></span> <span class='ocrx_word' id='word_1_722' title='bbox 1417 5749 1720 5804; x_wconf 71' lang='lat' dir='ltr'><strong>domestico</strong></span> <span class='ocrx_word' id='word_1_723' title='bbox 1767 5769 1867 5806; x_wconf 85' lang='lat' dir='ltr'><strong>suo</strong></span> <span class='ocrx_word' id='word_1_724' title='bbox 1893 5753 1958 5806; x_wconf 80' lang='lat' dir='ltr'><strong>ad</strong></span> <span class='ocrx_word' id='word_1_725' title='bbox 2006 5753 2334 5808; x_wconf 73' lang='lat' dir='ltr'><strong>deferendos</strong></span> 
     </span>
    </p>
   </div>
   <div class='ocr_carea' id='block_1_104' title="bbox 765 5839 2302 5911">
    <p class='ocr_par' dir='ltr' id='par_1_104' title="bbox 765 5839 2302 5911">
     <span class='ocr_line' id='line_1_104' title="bbox 765 5839 2302 5911; baseline 0.006 -20"><span class='ocrx_word' id='word_1_726' title='bbox 765 5847 1017 5908; x_wconf 64' lang='lat' dir='ltr'><strong>Eumptus</strong></span> <span class='ocrx_word' id='word_1_727' title='bbox 1051 5839 1103 5894; x_wconf 71' lang='lat' dir='ltr'><strong>in</strong></span> <span class='ocrx_word' id='word_1_728' title='bbox 1139 5841 1375 5911; x_wconf 66' lang='lat' dir='ltr'><strong>st&#39;apltis,</strong></span> <span class='ocrx_word' id='word_1_729' title='bbox 1418 5841 1621 5896; x_wconf 79' lang='lat' dir='ltr'><strong>invenit</strong></span> <span class='ocrx_word' id='word_1_730' title='bbox 1665 5842 1761 5898; x_wconf 60' lang='lat' dir='ltr'><strong>llt‘c</strong></span> <span class='ocrx_word' id='word_1_731' title='bbox 1808 5845 1996 5900; x_wconf 42' lang='grc' dir='ltr'><strong>(ιιι-ξς</strong></span> <span class='ocrx_word' id='word_1_732' title='bbox 2055 5845 2302 5901; x_wconf 59' lang='lat' dir='ltr'><strong>tf‘iln&#39;txt‘o</strong></span> 
     </span>
    </p>
   </div>
   <div class='ocr_carea' id='block_1_105' title="bbox 2436 4642 4014 4720">
    <p class='ocr_par' dir='ltr' id='par_1_105' title="bbox 2436 4642 4014 4720">
     <span class='ocr_line' id='line_1_105' title="bbox 2436 4642 4014 4720; baseline -0.004 -18"><span class='ocrx_word' id='word_1_733' title='bbox 2436 4651 2640 4720; x_wconf 85' lang='lat' dir='ltr'><strong>jacere.</strong></span> <span class='ocrx_word' id='word_1_734' title='bbox 2675 4647 2720 4703; x_wconf 93' lang='grc' dir='ltr'><strong>Ο</strong></span> <span class='ocrx_word' id='word_1_735' title='bbox 2748 4647 3237 4701; x_wconf 81' lang='lat' dir='ltr'><strong>inhumanitatem!</strong></span> <span class='ocrx_word' id='word_1_736' title='bbox 3264 4645 3464 4700; x_wconf 79' lang='lat' dir='ltr'><strong>Multos</strong></span> <span class='ocrx_word' id='word_1_737' title='bbox 3487 4654 3669 4698; x_wconf 90' lang='lat' dir='ltr'><strong>autem</strong></span> <span class='ocrx_word' id='word_1_738' title='bbox 3695 4652 3752 4697; x_wconf 88' lang='lat' dir='ltr'><strong>et</strong></span> <span class='ocrx_word' id='word_1_739' title='bbox 3783 4642 3919 4696; x_wconf 88' lang='lat' dir='ltr'><strong>alios</strong></span> <span class='ocrx_word' id='word_1_740' title='bbox 3948 4657 4014 4696; x_wconf 77' lang='lat' dir='ltr'><strong>ex</strong></span> 
     </span>
    </p>
   </div>
   <div class='ocr_carea' id='block_1_106' title="bbox 2440 4734 4082 4811">
    <p class='ocr_par' dir='ltr' id='par_1_106' title="bbox 2440 4734 4082 4811">
     <span class='ocr_line' id='line_1_106' title="bbox 2440 4734 4082 4811; baseline -0.005 -17"><span class='ocrx_word' id='word_1_741' title='bbox 2440 4741 2798 4811; x_wconf 89' lang='lat' dir='ltr'><strong>primoribus,</strong></span> <span class='ocrx_word' id='word_1_742' title='bbox 2827 4738 3194 4809; x_wconf 60' lang='lat' dir='ltr'><strong>quijauxiliati</strong></span> <span class='ocrx_word' id='word_1_743' title='bbox 3234 4737 3454 4791; x_wconf 86' lang='lat' dir='ltr'><strong>fuerant</strong></span> <span class='ocrx_word' id='word_1_744' title='bbox 3483 4734 3846 4797; x_wconf 88' lang='lat' dir='ltr'><strong>Artahuasdo,</strong></span> <span class='ocrx_word' id='word_1_745' title='bbox 3884 4750 4013 4802; x_wconf 83' lang='lat' dir='ltr'><strong>per-</strong></span> <span class='ocrx_word' id='word_1_746' title='bbox 4077 4791 4082 4795; x_wconf 27' lang='grc' dir='ltr'><strong>ε</strong></span> 
     </span>
    </p>
   </div>
   <div class='ocr_carea' id='block_1_107' title="bbox 2437 4827 4014 4898">
    <p class='ocr_par' dir='ltr' id='par_1_107' title="bbox 2437 4827 4014 4898">
     <span class='ocr_line' id='line_1_107' title="bbox 2437 4827 4014 4898; baseline -0.005 -11"><span class='ocrx_word' id='word_1_747' title='bbox 2437 4833 2591 4898; x_wconf 91' lang='lat' dir='ltr'><strong>emit,</strong></span> <span class='ocrx_word' id='word_1_748' title='bbox 2644 4832 3182 4898; x_wconf 81' lang='lat' dir='ltr'><strong>itmumcraliilesque</strong></span> <span class='ocrx_word' id='word_1_749' title='bbox 3229 4829 3406 4882; x_wconf 91' lang='lat' dir='ltr'><strong>oculis</strong></span> <span class='ocrx_word' id='word_1_750' title='bbox 3464 4841 3519 4881; x_wconf 86' lang='lat' dir='ltr'><strong>et</strong></span> <span class='ocrx_word' id='word_1_751' title='bbox 3563 4827 3702 4881; x_wconf 90' lang='lat' dir='ltr'><strong>alios</strong></span> <span class='ocrx_word' id='word_1_752' title='bbox 3757 4827 4014 4880; x_wconf 85' lang='lat' dir='ltr'><strong>manibus</strong></span> 
     </span>
    </p>
   </div>
   <div class='ocr_carea' id='block_1_108' title="bbox 2439 4920 4010 4994">
    <p class='ocr_par' dir='ltr' id='par_1_108' title="bbox 2439 4920 4010 4994">
     <span class='ocr_line' id='line_1_108' title="bbox 2439 4920 4010 4994; baseline -0.006 -15"><span class='ocrx_word' id='word_1_753' title='bbox 2439 4941 2536 4980; x_wconf 88' lang='lat' dir='ltr'><strong>seu</strong></span> <span class='ocrx_word' id='word_1_754' title='bbox 2569 4925 2804 4994; x_wconf 89' lang='lat' dir='ltr'><strong>pedibus</strong></span> <span class='ocrx_word' id='word_1_755' title='bbox 2827 4923 3026 4976; x_wconf 87' lang='lat' dir='ltr'><strong>ablatis</strong></span> <span class='ocrx_word' id='word_1_756' title='bbox 3052 4920 3380 4974; x_wconf 86' lang='lat' dir='ltr'><strong>debilitavit.</strong></span> <span class='ocrx_word' id='word_1_757' title='bbox 3417 4920 3683 4987; x_wconf 71' lang='lat' dir='ltr'><strong>Pra-eepit</strong></span> <span class='ocrx_word' id='word_1_758' title='bbox 3707 4930 3887 4971; x_wconf 83' lang='lat' dir='ltr'><strong>autem</strong></span> <span class='ocrx_word' id='word_1_759' title='bbox 3917 4933 4010 4971; x_wconf 63' lang='lat' dir='ltr'><strong>ex-</strong></span> 
     </span>
    </p>
   </div>
   <div class='ocr_carea' id='block_1_109' title="bbox 2441 5011 4010 5082">
    <p class='ocr_par' dir='ltr' id='par_1_109' title="bbox 2441 5011 4010 5082">
     <span class='ocr_line' id='line_1_109' title="bbox 2441 5011 4010 5082; baseline -0.004 -14"><span class='ocrx_word' id='word_1_760' title='bbox 2441 5017 2613 5069; x_wconf 90' lang='lat' dir='ltr'><strong>ternis</strong></span> <span class='ocrx_word' id='word_1_761' title='bbox 2643 5015 2934 5077; x_wconf 91' lang='lat' dir='ltr'><strong>militibus,</strong></span> <span class='ocrx_word' id='word_1_762' title='bbox 2967 5013 3059 5082; x_wconf 92' lang='lat' dir='ltr'><strong>qui</strong></span> <span class='ocrx_word' id='word_1_763' title='bbox 3101 5027 3288 5067; x_wconf 92' lang='lat' dir='ltr'><strong>secum</strong></span> <span class='ocrx_word' id='word_1_764' title='bbox 3331 5011 3561 5080; x_wconf 87' lang='lat' dir='ltr'><strong>ingressi</strong></span> <span class='ocrx_word' id='word_1_765' title='bbox 3595 5022 3742 5064; x_wconf 76' lang='lat' dir='ltr'><strong>sunt.</strong></span> <span class='ocrx_word' id='word_1_766' title='bbox 3783 5011 4010 5062; x_wconf 81' lang='lat' dir='ltr'><strong>introire</strong></span> 
     </span>
    </p>
   </div>
   <div class='ocr_carea' id='block_1_110' title="bbox 2439 5102 4010 5183">
    <p class='ocr_par' dir='ltr' id='par_1_110' title="bbox 2439 5102 4010 5183">
     <span class='ocr_line' id='line_1_110' title="bbox 2439 5102 4010 5183; baseline -0.01 -20"><span class='ocrx_word' id='word_1_767' title='bbox 2439 5110 2633 5163; x_wconf 91' lang='lat' dir='ltr'><strong>domos</strong></span> <span class='ocrx_word' id='word_1_768' title='bbox 2659 5117 2714 5162; x_wconf 91' lang='lat' dir='ltr'><strong>et</strong></span> <span class='ocrx_word' id='word_1_769' title='bbox 2742 5123 2934 5176; x_wconf 89' lang='lat' dir='ltr'><strong>rapere</strong></span> <span class='ocrx_word' id='word_1_770' title='bbox 2967 5106 3267 5160; x_wconf 78' lang='lat' dir='ltr'><strong>familiares</strong></span> <span class='ocrx_word' id='word_1_771' title='bbox 3297 5103 3498 5157; x_wconf 87' lang='lat' dir='ltr'><strong>civium</strong></span> <span class='ocrx_word' id='word_1_772' title='bbox 3535 5119 3643 5156; x_wconf 89' lang='lat' dir='ltr'><strong>res.</strong></span> <span class='ocrx_word' id='word_1_773' title='bbox 3675 5102 3840 5183; x_wconf 85' lang='lat' dir='ltr'><strong>.\lulta</strong></span> <span class='ocrx_word' id='word_1_774' title='bbox 3873 5117 4010 5169; x_wconf 85' lang='lat' dir='ltr'><strong>quo-</strong></span> 
     </span>
    </p>
   </div>
   <div class='ocr_carea' id='block_1_111' title="bbox 2439 5195 4006 5272">
    <p class='ocr_par' dir='ltr' id='par_1_111' title="bbox 2439 5195 4006 5272">
     <span class='ocr_line' id='line_1_111' title="bbox 2439 5195 4006 5272; baseline -0.006 -19"><span class='ocrx_word' id='word_1_775' title='bbox 2439 5217 2545 5272; x_wconf 91' lang='lat' dir='ltr'><strong>que</strong></span> <span class='ocrx_word' id='word_1_776' title='bbox 2571 5213 2627 5255; x_wconf 90' lang='lat' dir='ltr'><strong>et</strong></span> <span class='ocrx_word' id='word_1_777' title='bbox 2653 5200 2786 5262; x_wconf 70' lang='lat' dir='ltr'><strong>alia,</strong></span> <span class='ocrx_word' id='word_1_778' title='bbox 2816 5200 2949 5268; x_wconf 90' lang='lat' dir='ltr'><strong>quin</strong></span> <span class='ocrx_word' id='word_1_779' title='bbox 2973 5209 3030 5252; x_wconf 87' lang='lat' dir='ltr'><strong>et</strong></span> <span class='ocrx_word' id='word_1_780' title='bbox 3075 5198 3362 5250; x_wconf 89' lang='lat' dir='ltr'><strong>innumera</strong></span> <span class='ocrx_word' id='word_1_781' title='bbox 3404 5197 3538 5248; x_wconf 92' lang='lat' dir='ltr'><strong>mala</strong></span> <span class='ocrx_word' id='word_1_782' title='bbox 3577 5195 3697 5246; x_wconf 87' lang='lat' dir='ltr'><strong>urbi</strong></span> <span class='ocrx_word' id='word_1_783' title='bbox 3736 5204 4006 5246; x_wconf 60' lang='lat' dir='ltr'><strong>monstra-</strong></span> 
     </span>
    </p>
   </div>
   <div class='ocr_carea' id='block_1_112' title="bbox 2437 5285 4006 5361">
    <p class='ocr_par' dir='ltr' id='par_1_112' title="bbox 2437 5285 4006 5361">
     <span class='ocr_line' id='line_1_112' title="bbox 2437 5285 4006 5361; baseline -0.006 -14"><span class='ocrx_word' id='word_1_784' title='bbox 2437 5295 2538 5348; x_wconf 90' lang='lat' dir='ltr'><strong>vit.</strong></span> <span class='ocrx_word' id='word_1_785' title='bbox 2569 5295 2819 5361; x_wconf 88' lang='lat' dir='ltr'><strong>Cumque</strong></span> <span class='ocrx_word' id='word_1_786' title='bbox 2851 5290 3296 5360; x_wconf 89' lang='lat' dir='ltr'><strong>hippodromium</strong></span> <span class='ocrx_word' id='word_1_787' title='bbox 3331 5289 3656 5342; x_wconf 80' lang='lat' dir='ltr'><strong>celebraret.</strong></span> <span class='ocrx_word' id='word_1_788' title='bbox 3704 5285 4006 5338; x_wconf 76' lang='lat' dir='ltr'><strong>introduvit</strong></span> 
     </span>
    </p>
   </div>
   <div class='ocr_carea' id='block_1_113' title="bbox 2437 5379 4006 5456">
    <p class='ocr_par' dir='ltr' id='par_1_113' title="bbox 2437 5379 4006 5456">
     <span class='ocr_line' id='line_1_113' title="bbox 2437 5379 4006 5456; baseline -0.006 -17"><span class='ocrx_word' id='word_1_789' title='bbox 2437 5383 2978 5456; x_wconf 78' lang='lat' dir='ltr'><strong>Artahuasdumuna</strong></span> <span class='ocrx_word' id='word_1_790' title='bbox 3009 5397 3132 5435; x_wconf 90' lang='lat' dir='ltr'><strong>cum</strong></span> <span class='ocrx_word' id='word_1_791' title='bbox 3164 5381 3291 5434; x_wconf 83' lang='lat' dir='ltr'><strong>filiis</strong></span> <span class='ocrx_word' id='word_1_792' title='bbox 3334 5381 3452 5450; x_wconf 88' lang='lat' dir='ltr'><strong>ejus</strong></span> <span class='ocrx_word' id='word_1_793' title='bbox 3477 5389 3532 5433; x_wconf 86' lang='lat' dir='ltr'><strong>et</strong></span> <span class='ocrx_word' id='word_1_794' title='bbox 3564 5379 3754 5432; x_wconf 82' lang='lat' dir='ltr'><strong>amicis</strong></span> <span class='ocrx_word' id='word_1_795' title='bbox 3783 5379 4006 5446; x_wconf 79' lang='lat' dir='ltr'><strong>ligatum</strong></span> 
     </span>
    </p>
   </div>
   <div class='ocr_carea' id='block_1_114' title="bbox 2438 5456 4008 5548">
    <p class='ocr_par' dir='ltr' id='par_1_114' title="bbox 2438 5456 4008 5548">
     <span class='ocr_line' id='line_1_114' title="bbox 2438 5456 4008 5548; baseline -0.006 -16"><span class='ocrx_word' id='word_1_796' title='bbox 2438 5493 2538 5548; x_wconf 86' lang='lat' dir='ltr'><strong>per</strong></span> <span class='ocrx_word' id='word_1_797' title='bbox 2579 5456 2898 5545; x_wconf 88' lang='lat' dir='ltr'><strong>Dihippium</strong></span> <span class='ocrx_word' id='word_1_798' title='bbox 2926 5475 2978 5527; x_wconf 92' lang='lat' dir='ltr'><strong>in</strong></span> <span class='ocrx_word' id='word_1_799' title='bbox 3032 5474 3259 5535; x_wconf 85' lang='lat' dir='ltr'><strong>circum,</strong></span> <span class='ocrx_word' id='word_1_800' title='bbox 3319 5472 3500 5526; x_wconf 84' lang='lat' dir='ltr'><strong>simul.</strong></span> <span class='ocrx_word' id='word_1_801' title='bbox 3541 5488 3663 5524; x_wconf 70' lang='lat' dir='ltr'><strong>tum</strong></span> <span class='ocrx_word' id='word_1_802' title='bbox 3725 5472 4008 5523; x_wconf 51' lang='lat' dir='ltr'><strong>Anastasio</strong></span> 
     </span>
    </p>
   </div>
   <div class='ocr_carea' id='block_1_115' title="bbox 2439 5561 4008 5635">
    <p class='ocr_par' dir='ltr' id='par_1_115' title="bbox 2439 5561 4008 5635">
     <span class='ocr_line' id='line_1_115' title="bbox 2439 5561 4008 5635; baseline -0.007 -11"><span class='ocrx_word' id='word_1_803' title='bbox 2439 5569 2560 5624; x_wconf 91' lang='lat' dir='ltr'><strong>falsi</strong></span> <span class='ocrx_word' id='word_1_804' title='bbox 2611 5567 2850 5623; x_wconf 90' lang='lat' dir='ltr'><strong>nominis</strong></span> <span class='ocrx_word' id='word_1_805' title='bbox 2897 5566 3227 5635; x_wconf 85' lang='lat' dir='ltr'><strong>patriarcha,</strong></span> <span class='ocrx_word' id='word_1_806' title='bbox 3274 5579 3532 5635; x_wconf 73' lang='lat' dir='ltr'><strong>percusso</strong></span> <span class='ocrx_word' id='word_1_807' title='bbox 3581 5561 3799 5630; x_wconf 73' lang='lat' dir='ltr'><strong>publite</strong></span> <span class='ocrx_word' id='word_1_808' title='bbox 3852 5571 3904 5613; x_wconf 82' lang='lat' dir='ltr'><strong>et</strong></span> <span class='ocrx_word' id='word_1_809' title='bbox 3957 5563 4008 5613; x_wconf 93' lang='lat' dir='ltr'><strong>in</strong></span> 
     </span>
    </p>
   </div>
   <div class='ocr_carea' id='block_1_116' title="bbox 2439 5652 4006 5732">
    <p class='ocr_par' dir='ltr' id='par_1_116' title="bbox 2439 5652 4006 5732">
     <span class='ocr_line' id='line_1_116' title="bbox 2439 5652 4006 5732; baseline -0.009 -16"><span class='ocrx_word' id='word_1_810' title='bbox 2439 5662 2593 5732; x_wconf 84' lang='lat' dir='ltr'><strong>asino</strong></span> <span class='ocrx_word' id='word_1_811' title='bbox 2616 5675 2779 5715; x_wconf 89' lang='lat' dir='ltr'><strong>verso</strong></span> <span class='ocrx_word' id='word_1_812' title='bbox 2812 5659 2965 5712; x_wconf 86' lang='lat' dir='ltr'><strong>vultu</strong></span> <span class='ocrx_word' id='word_1_813' title='bbox 3015 5657 3261 5732; x_wconf 84' lang='lat' dir='ltr'><strong>sedente,</strong></span> <span class='ocrx_word' id='word_1_814' title='bbox 3295 5671 3435 5725; x_wconf 89' lang='lat' dir='ltr'><strong>quos</strong></span> <span class='ocrx_word' id='word_1_815' title='bbox 3464 5671 3654 5708; x_wconf 88' lang='lat' dir='ltr'><strong>omnes</strong></span> <span class='ocrx_word' id='word_1_816' title='bbox 3697 5670 3792 5722; x_wconf 86' lang='lat' dir='ltr'><strong>per</strong></span> <span class='ocrx_word' id='word_1_817' title='bbox 3821 5652 4006 5721; x_wconf 74' lang='lat' dir='ltr'><strong>Diliip-</strong></span> 
     </span>
    </p>
   </div>
   <div class='ocr_carea' id='block_1_117' title="bbox 2439 5746 4008 5824">
    <p class='ocr_par' dir='ltr' id='par_1_117' title="bbox 2439 5746 4008 5824">
     <span class='ocr_line' id='line_1_117' title="bbox 2439 5746 4008 5824; baseline -0.006 -18"><span class='ocrx_word' id='word_1_818' title='bbox 2439 5755 2588 5824; x_wconf 90' lang='lat' dir='ltr'><strong>piutn</strong></span> <span class='ocrx_word' id='word_1_819' title='bbox 2617 5752 2965 5808; x_wconf 85' lang='lat' dir='ltr'><strong>intromissos</strong></span> <span class='ocrx_word' id='word_1_820' title='bbox 2990 5750 3042 5803; x_wconf 92' lang='lat' dir='ltr'><strong>in</strong></span> <span class='ocrx_word' id='word_1_821' title='bbox 3067 5750 3275 5804; x_wconf 87' lang='lat' dir='ltr'><strong>circum</strong></span> <span class='ocrx_word' id='word_1_822' title='bbox 3305 5749 3597 5817; x_wconf 72' lang='lat' dir='ltr'><strong>puinpavit.</strong></span> <span class='ocrx_word' id='word_1_823' title='bbox 3636 5746 3834 5800; x_wconf 64' lang='lat' dir='ltr'><strong>\‘cruni</strong></span> <span class='ocrx_word' id='word_1_824' title='bbox 3870 5748 4008 5797; x_wconf 71' lang='lat' dir='ltr'><strong>Aca-</strong></span> 
     </span>
    </p>
   </div>
   <div class='ocr_carea' id='block_1_118' title="bbox 2440 5841 4058 5915">
    <p class='ocr_par' dir='ltr' id='par_1_118' title="bbox 2440 5841 4058 5915">
     <span class='ocr_line' id='line_1_118' title="bbox 2440 5841 4058 5915; baseline -0.004 -17"><span class='ocrx_word' id='word_1_825' title='bbox 2440 5847 2664 5902; x_wconf 61' lang='lat' dir='ltr'><strong>sur-ium</strong></span> <span class='ocrx_word' id='word_1_826' title='bbox 2697 5855 2884 5915; x_wconf 80' lang='lat' dir='ltr'><strong>utpote</strong></span> <span class='ocrx_word' id='word_1_827' title='bbox 2928 5853 3360 5899; x_wconf 66' lang='lat' dir='ltr'><strong>consentaneum</strong></span> <span class='ocrx_word' id='word_1_828' title='bbox 3393 5858 3550 5896; x_wconf 59' lang='lat' dir='ltr'><strong>stium</strong></span> <span class='ocrx_word' id='word_1_829' title='bbox 3583 5843 3630 5890; x_wconf 65' lang='lat' dir='ltr'><strong>in</strong></span> <span class='ocrx_word' id='word_1_830' title='bbox 3675 5841 3884 5894; x_wconf 70' lang='grc' dir='ltr'><strong>ἰιςιιιιινι</strong></span> <span class='ocrx_word' id='word_1_831' title='bbox 3923 5853 3974 5892; x_wconf 57' lang='lat' dir='ltr'><strong>sn</strong></span> <span class='ocrx_word' id='word_1_832' title='bbox 4051 5869 4058 5874; x_wconf 91' lang='lat'><strong>-</strong></span> 
     </span>
    </p>
   </div>
  </div>
