4414 6462
402 386 543 447 13Ῑ3
1186 393 1555 454 HISTORIA
1586 389 2163 453 ECCLESIASTICA
2199 396 2301 455 EX
2337 396 2826 462 TIIEDPIIANE.
3508 410 3643 475 137‘.

391 497 625 553 eerdotii
698 515 893 557 rursus
946 502 1170 571 locavit,
1244 506 1536 561 deterrens
1587 515 1643 559 et
1713 502 1964 558 servituti
1996 502 2045 558 Α
2068 514 2264 573 gnatos
2290 515 2343 561 et
2373 508 2835 577 lib’ertosllisam,
2870 524 3258 588 expugnatque
3309 535 3499 576 muros
3546 524 3651 579 lle-

390 590 707 662 subiiciens.
740 594 1043 651 Sisinnium
1074 614 1204 652 vero
1233 598 1526 669 patricium
1571 607 1629 651 et
1672 604 1965 666 praetorem
2070 597 2335 668 liopoleos
2361 612 2415 657 et
2446 604 2694 660 Damasci
2718 617 2775 661 et
2806 607 3331 681 Hierosolymorum,
3366 617 3651 673 trueidans

389 685 835 753 Thracesiorum,
879 691 974 759 qui
1015 693 1251 746 multum
1286 707 1411 745 cum
1443 706 1510 745 eo
1541 698 1865 745 cucurrerat
1913 696 1969 743 ct
2070 693 2274 749 multos
2300 704 2555 763 potentes
2588 707 2644 750 et
2680 698 3016 757 detruncans
3052 705 3328 763 residuos.

386 792 489 846 pro
523 778 640 848 ipso
665 790 974 837 certaverat
1015 786 1247 854 ejusque
1293 783 1665 838 consobrinus
1717 797 1838 837 esse
1869 797 1968 835 no-
2140 785 2325 839 Mundi
2350 802 2495 840 anno
2524 787 2685 853 6258,
2707 789 2907 846 divinae
2938 793 3336 852 incarnationis
3355 814 3499 855 anno
3522 804 3646 867 758,

385 869 665 936 scebatur,
691 882 816 942 post
847 874 917 929 40
955 876 1075 930 dies
1106 876 1348 941 caecavit,
1377 877 1473 930 Dei
1528 876 1788 929 nimirum
1816 874 1967 944 judi-
2067 891 2213 930 anno
2266 894 2397 932 vero
2458 881 2676 952 imperii
2734 884 3078 939 Constantini
3141 895 3296 940 sexto
3350 888 3526 943 factus
3562 902 3648 945 est

386 960 494 1016 cio.
528 962 632 1031 Qui
662 967 812 1020 enim
854 969 1155 1023 auxiliatur
1208 970 1397 1039 impio,
1455 970 1658 1023 incidet
1686 969 1741 1023 in
1772 984 1965 1022 manus
2069 972 2225 1017 teme
2266 977 2450 1023 motus
2485 986 2715 1041 magnus
2752 972 2807 1027 in
2856 974 3142 1029 Palaastina
3188 985 3243 1030 et
3278 978 3423 1032 circa
3453 978 3646 1035 Jorda-

383 1053 524 1123 ejus,
557 1058 858 1113 secundum
885 1060 1029 1130 quod
1064 1062 1333 1131 scriptum
1360 1072 1463 1116 est,
2067 1071 2190 1111 nem
2220 1068 2276 1112 et
2302 1068 2469 1114 totam
2506 1062 2715 1134 Syriam
2750 1080 2936 1120 mense
2955 1065 3238 1129 Januario,
3276 1068 3408 1123 hora
3426 1082 3641 1139 quarta,

456 1147 643 1203 Mundi
693 1167 839 1206 anno
896 1153 1056 1217 6256,
1106 1155 1307 1209 divina;
1356 1154 1752 1209 incarnationis
1819 1169 1963 1207 anno
2065 1152 2309 1206 ctmulta
2342 1153 2535 1218 millia,
2562 1156 2696 1224 quin
2726 1164 2781 1211 et
2806 1157 3229 1215 innumerabilia
3261 1174 3639 1227 mortuasunt,

385 1238 505 1303 756,
552 1255 698 1296 anno
727 1259 857 1296 vero
909 1244 1123 1313 imperii
1171 1244 1519 1300 Constantini
1550 1254 1746 1315 quarto
1782 1245 1964 1299 Theo-
2064 1245 2421 1315 ecclesiaeqne
2456 1264 2519 1304 ac
2546 1254 2875 1307 monasteria
2923 1268 3278 1322 corruerunt,
3313 1268 3368 1313 et
3404 1261 3640 1316 maxime

381 1331 670 1402 phylactus
699 1337 1080 1392 Antiochenus
1108 1338 1343 1393 habetur
1367 1339 1619 1405 antistes,
1652 1339 1745 1408 qui
1778 1338 1962 1393 Eccle-
2063 1349 2232 1403 penes
2254 1353 2503 1392 ercmum
2535 1353 2737 1398 sancta:
2772 1346 3032 1401 civitatiS.

379 1426 473 1479 sia:
502 1436 710 1496 septem
737 1430 953 1498 przefuit
984 1432 1170 1486 annis.
1203 1431 1547 1499 Maruhaquc
1575 1431 1684 1485 dux
1713 1432 1959 1487 Arabum
2132 1428 2338 1482 Eodem
2370 1447 2502 1485 vero
2525 1448 2670 1488 anno
2701 1438 2961 1503 pestilens
2997 1456 3147 1497 mors
3187 1460 3215 1497 a
3244 1443 3430 1498 Sicilia
3454 1455 3509 1499 et
3538 1446 3640 1501 Ca-

379 1520 653 1585 noscitur,
686 1524 778 1590 qui
828 1522 1169 1592 principatus
1209 1534 1291 1578 est
1326 1524 1407 1578 eis
1465 1525 1625 1578 annis
1682 1539 1796 1578 sex.
1844 1523 1961 1577 Hoc
2061 1512 2122 1565 lal

1894 1538 1961 1576 oc
2061 1512 2235 1568 labria
2276 1515 2568 1585 incipiens,
2606 1520 2779 1574 veluti
2802 1524 3024 1591 quidam
3051 1527 3193 1595 ignis
3217 1529 3541 1598 depasecns,
3569 1532 3634 1583 ad

379 1624 601 1678 quoque
628 1625 772 1664 anno
806 1623 1051 1667 cometes
1082 1629 1312 1682 magnus
1341 1613 1393 1666 in
1442 1612 1599 1685 syria
1648 1614 1798 1668 visus
1849 1623 1954 1678 est,
2061 1604 2454 1673 Monobasiam,
2488 1610 2768 1666 llelladem
2801 1625 2965 1684 atque
3009 1617 3394 1688 intcrjaeentes
3431 1624 3638 1676 insulas

374 1700 779 1757 etseditionem
811 1705 1113 1759 concitavit
1166 1705 1371 1760 Thebit
1406 1715 1596 1760 contra
1647 1707 1955 1773 Maruham,
2058 1712 2117 1750 νε

1890 1722 1955 1773 ω,
2058 1697 2211 1752 venit
2258 1714 2355 1767 per
2405 1709 2573 1756 totam
2611 1703 2883 1760 decimam
2942 1720 3193 1777 quartam
3253 1712 3633 1778 indietionem,

374 1795 430 1839 et
463 1787 703 1842 Dachata
736 1791 1134 1857 lturitensium,
1177 1810 1316 1863 quos
1352 1795 1577 1849 Marulla
1627 1807 1815 1866 captos
1861 1814 1955 1852 oc—
1987 1850 2026 1866 ,,
2059 1788 2117 1843 “3

1891 1814 1955 1852 ηρ-
1987 1850 2026 1866 η
2059 1788 2339 1861 ﬂagellans
2389 1792 2569 1862 ipsum
2623 1795 3044 1854 Constantinum
3074 1842 3087 1862 .
3152 1814 3208 1857 et
3265 1805 3532 1859 cohibens
3566 1809 3634 1861 ah

373 1878 510 1933 cidit
548 1881 600 1935 in
630 1884 881 1937 terminis
911 1885 1158 1940 llemesa‘:
1196 1902 1321 1941 cum
1372 1888 1729 1944 multitudine
1784 1890 1952 1944 bella—
1986 1850 2029 1906 Β
2057 1881 2290 1948 insania,
2323 1900 2430 1953 qua
2464 1886 2729 1943 adversus
2757 1903 2976 1946 SﬂnClaS
2999 1896 3260 1951 ecclesias
3300 1907 3356 1951 et
3404 1914 3636 1953 venera-

377 1982 580 2033 torum,
623 1975 674 2029 id
703 1986 788 2031 est
815 1979 1046 2031 millium
1072 1978 1281 2035 decem,
1338 1980 1544 2035 Eodem
1602 1981 1764 2037 etiam
1806 1998 1952 2037 anno
2055 1975 2195 2030 biles
2226 1976 2494 2048 imagines
2526 1979 2870 2039 irritabatur.
2897 1985 3100 2041 Verum
3157 1989 3269 2053 ille,
3311 2001 3370 2045 ut
3423 1994 3635 2048 Pharao

375 2078 538 2132 prece
573 2066 1011 2123 Christianorum
1043 2070 1288 2125 orientis
1337 2072 1587 2141 permisit
1634 2075 1951 2128 consecrari
2053 2068 2353 2137 quondam,
2390 2071 2735 2129 incorrectus
2765 2081 3091 2146 permansit.
3125 2081 3266 2137 Sane
3320 2087 3632 2153 pestilentia

371 2154 843 2229 Theophylactum
878 2161 1262 2233 presbyterum
1289 2157 1654 2220 lledessinum
1712 2168 1953 2237 patriar-
2054 2160 2170 2215 haec
2203 2162 2441 2218 bubonis
2476 2165 2796 2225 discurrens
2842 2172 3056 2229 decima
3102 2178 3295 2245 quinta
3333 2179 3634 2237 indictione

370 2247 531 2303 cham
576 2253 901 2319 Antiochiae,
960 2255 1242 2325 Stephano
1296 2257 1633 2322 dormiente,
1687 2269 1744 2315 et
1802 2262 1952 2316 hunc
2056 2254 2258 2323 regiam
2294 2256 2547 2325 Ροτνθηίί
2579 2259 2645 2313 ³⁸1
2708 2262 2927 2319 urbem
2960 2265 3262 2336 (Ῑαέβθτυηῐ
3308 2280 3492 2328 autem
3545 2291 3635 2329 Sli-

371 2340 576 2399 litteris
621 2348 911 2403 catholicis
942 2349 1202 2404 honorari
1230 2352 1492 2421 prmcepit
1521 2353 1591 2407 ah
1628 2355 1909 2411 Arabibus
1934 2374 1948 2409 ε
2052 2345 2533 2405 bitoinvisibiliter
2556 2351 2694 2419 fieri,
2716 2363 2822 2409 tam
2845 2356 3200 2415 inhominum
3220 2366 3562 2422 vestimentis
3577 2379 3634 2423 et

367 2431 530 2487 donis
551 2434 696 2488 enim
732 2446 851 2491 erat
874 2439 1261 2507 spiritnaiibns
1288 2441 1608 2507 adornatus,
1635 2452 1691 2498 et
1714 2446 1950 2501 maxime
2054 2438 2107 2493 in
2124 2442 2353 2496 sacratis
2375 2444 3087 2507 ecclesiarumindumentis
3122 2471 3285 2524 quam
3306 2466 3361 2513 et
3394 2458 3450 2513 in
3474 2461 3630 2527 velis,

368 2523 656 2591 pudicitia.
679 2529 835 2597 Apud
867 2530 983 2585 Etzi
1013 2540 1196 2586 autem
1231 2542 1450 2587 centum
1474 2542 1527 2589 et
1546 2535 1766 2591 vicenos
1793 2536 1951 2593 Chal-
2052 2535 2345 2590 cruciculze
2360 2537 2609 2606 plurimae
2625 2542 2794 2596 veluti
2815 2558 2879 2597 ex
2893 2545 3016 2600 oleo
3033 2546 3529 2619 designatas.Facta
3549 2568 3633 2610 est

366 2614 541 2670 benos
572 2618 625 2671 in
660 2619 807 2689 ligno
850 2623 1156 2692 suspendit.
1192 2625 1365 2680 Porro
1415 2625 1614 2692 llabas,
1663 2629 1758 2698 qui
1806 2631 1949 2685 mul-
2051 2640 2183 2696 ergo
2214 2627 2343 2682 hinc
2365 2630 2585 2685 tristitia
2611 2643 2667 2687 et
2690 2634 2929 2691 defectio
2961 2639 3128 2694 animi
3158 2614 3346 2699 'multa
3400 2660 3631 2717 propter

369 2717 483 2762 tum
514 2708 955 2767 Christianorum
988 2718 1311 2786 sanguinem
1340 2717 1557 2773 fuditet
1584 2722 1753 2774 multa
1783 2721 1952 2791 depo-
2055 2717 2287 2774 dubium
2327 2722 2711 2791 hujuscemodi
2737 2727 2898 2798 signi.
2934 2732 3097 2786 Venit
3154 2708 3521 2797 nihilominus
3577 2753 3633 2796 et

368 2801 589 2867 putatus
622 2813 676 2858 et
704 2804 1053 2875 depmedatus
1082 2818 1166 2864 est
1204 2811 1346 2878 loca,
1380 2811 1585 2866 occidit
1610 2813 1665 2866 in
1702 2830 1946 2869 carcere.
2052 2810 2106 2863 (li

1885 2831 1946 2869 ιθ,
2052 2810 2320 2867 divinitus
2346 2812 2671 2882 indignatio.
2700 2816 2974 2889 dissipans
3028 2822 3373 2882 incessanter
3398 2844 3509 2883 non
3535 2847 3628 2885 so-

365 2892 503 2947 Cutn
536 2897 683 2951 enim
716 2899 939 2968 quidam
969 2918 998 2956 a
1029 2903 1312 2958 Maruham
1356 2905 1425 2959 ad
1452 2906 1558 2961 hoc
1578 2906 1780 2962 missus
1804 2918 1951 2963 esset
2050 2901 2161 2955 lum
2195 2904 2346 2957 urbis
2374 2905 2523 2960 Cives
2555 2907 2649 2960 sed
2696 2917 2751 2963 Cl
2784 2910 2838 2964 in
2867 2913 3127 2969 omnibus
3152 2917 3490 2977 suburbanis
3510 2924 3632 2994 ejus

369 2981 648 3055 Ethiops,
677 2989 845 3053 venit,
876 3002 931 3045 et
953 2992 1178 3061 impleto
1206 3009 1365 3049 sacco
1389 2996 1511 3050 viva
1535 2997 1684 3053 calce
1699 2997 1949 3053 introizit
2049 2991 2329 3062 degentes.
2370 2996 2545 3052 Factae
2570 3000 2717 3053 enim
2768 3012 2896 3056 sunt
2936 3012 2991 3058 et
3046 3005 3294 3066 fantasize
3339 3013 3395 3066 in
3426 2981 3631 3071 mullos

366 3074 434 3127 ad
467 3089 615 3140 eum,
642 3078 880 3150 follcque
906 3084 971 3137 ad
1000 3093 1172 3139 totum
1208 3098 1374 3156 caput
1400 3096 1456 3143 et
1493 3104 1656 3144 nares
1680 3092 1800 3161 ejus
1849 3091 1947 3144 im-
2051 3085 2356 3151 hominum,
2389 3090 2482 3158 qui
2512 3090 2565 3143 in
2598 3093 2801 3147 ecstasi
2842 3095 2974 3151 facti
3004 3099 3398 3159 existimabant
3424 3122 3628 3163 secum

366 3165 545 3233 posito
567 3168 857 3226 suﬂ‘ocavit
883 3174 1057 3239 illum,
1097 3176 1300 3245 justam
1333 3178 1703 3235 adinveniens
1744 3182 1943 3236 malefi-
1974 3194 2019 3255 (ζ
2051 3179 2355 3247 peregrinis
2380 3182 2733 3249 quibumlam.
2763 3194 2822 3239 ut
2848 3189 3136 3255 putabant,
3184 3202 3239 3248 et
3268 3198 3518 3253 trucibus
3547 3200 3627 3253 fa-

364 3257 451 3311 cio
482 3258 648 3316 llaba:
677 3278 893 3332 poenam
926 3284 938 3319 :
975 3269 1203 3337 magicis
1226 3271 1376 3324 enim
1422 3271 1849 3342 deceptionibus
1883 3291 1949 3328 ac
2050 3269 2243 3326 ciehus
2297 3274 2574 3338 comitari,
2635 3287 2691 3329 et
2725 3293 2821 3332 eos
2870 3280 2965 3348 qui
3026 3282 3079 3336 in
3114 3283 3313 3340 itinere
3346 3288 3450 3342 sibi
3478 3291 3628 3345 obvii

365 3350 682 3408 daemonum
717 3356 1161 3415 invocationibus
1190 3363 1361 3417 multa
1388 3373 1580 3418 contra
1602 3364 1948 3422 Christianos
2051 3360 2256 3417 ﬁebant
2284 3378 2343 3418 se
2374 3367 2530 3434 quasi
2557 3368 2762 3423 amicos
2816 3372 3057 3429 salutare
3079 3391 3143 3429 ac
3169 3378 3428 3449 colloqui.
3464 3383 3632 3438 Nota-

366 3442 668 3501 fabricatus
690 3458 774 3503 est
795 3450 954 3506 mala.
996 3449 1095 3506 Hic
1122 3454 1290 3509 etiam
1332 3455 1588 3526 sanguini
1638 3458 1947 3513 communi-
2048 3451 2120 3507 lis
2158 3469 2290 3509 vero
2329 3455 2416 3509 llis
2434 3473 2556 3527 quae
2586 3460 2917 3517 dicebantur
2948 3465 3017 3519 ab
3053 3468 3156 3531 eis,
3180 3469 3295 3525 haec
3316 3483 3507 3540 postea
3543 3490 3630 3529 rc-

360 3538 508 3591 cavit
542 3538 756 3594 Vhalid.
2045 3543 2097 3600 fe

2045 3543 2319 3601 ferebant.
2376 3547 2908 3619 Contemplahantur
2951 3566 3132 3613 autem
3186 3538 3408 3618 eosdem
3435 3575 3493 3620 et
3524 3567 3625 3621 do-

432 3630 591 3683 Anno
622 3631 836 3700 imperii
860 3633 1206 3691 Constantini
1238 3638 1432 3707 quinto
1472 3639 1794 3697 Sulchiman
1821 3658 1947 3699 coa—
2047 3650 2167 3691 mos
2212 3637 2447 3708 ingredi,
2500 3652 2555 3696 ει
2599 3644 2737 3699 alios
2797 3648 3021 3717 ‘lUidem
3081 3668 3147 3706 ex
3195 3656 3360 3711 domo
3413 3661 3623 3729 θετθάῙ.

362 3719 604 3773 cer-vatis
636 3720 850 3777 militiis
874 3740 1065 3779 rursus
1094 3727 1149 3779 in
1189 3728 1471 3783 Mal-ultam
1501 3731 1720 3794 bellua;
1750 3749 1943 3805 aggre-
2044 3744 2210 3799 porro
2259 3732 2396 3787 alios
2453 3736 2765 3792 vulnerare.
2820 3739 3062 3812 Contigit
3085 3755 3269 3800 autem
3325 3758 3383 3803 et
3429 3765 3625 3807 eorum

359 3811 535 3874 ditur.
559 3815 848 3871 etamissis
874 3819 1059 3887 populi
1084 3829 1292 3890 septem
1327 3823 1574 3878 millibus
1629 3836 1941 3895 superatur,
2044 3836 2162 3889 quae
2201 3822 2348 3877 dicta
2392 3834 2523 3880 sunt
2575 3828 2645 3882 ab
2680 3829 2784 3892 eis,
2813 3831 3052 3899 plurima
3088 3845 3147 3887 ut
3187 3837 3443 3894 viderant
3478 3843 3618 3901 ﬁeri.

359 3913 413 3957 et
446 3903 607 3974 fugax
631 3921 803 3975 penes
838 3908 1141 3982 Palmyram
1174 3913 1435 3979 salvatur,
1465 3924 1521 3970 et
1572 3916 1839 3988 deinceps
1884 3919 1941 3974 in
2042 3910 2314 3967 Praeterea
2347 3917 2556 3970 vernali
2582 3927 2827 3988 tempore
2870 3922 3059 3990 primm
3106 3925 3429 3985 indictionis
3452 3935 3625 4004 magis

358 3992 608 4049 Perside.
644 3997 983 4056 Seditionem
1009 4017 1231 4073 quoque
1269 4005 1693 4062 concitaverunt
1720 4008 1938 4064 Metsini
2041 4012 2268 4060 extensa
2302 4017 2407 4061 est.
2438 4007 2654 4064 [Estivo
2687 4025 2870 4067 autem
2905 4031 3132 4083 prorsus
3159 4020 3424 4088 incendit,
3468 3992 3625 4081 itavut

356 4097 413 4140 et
478 4087 822 4160 Ileliopolitze
871 4108 937 4149 ac
991 4094 1311 4151 Damasceni
1360 4097 1612 4154 civitates
1653 4099 1937 4157 Maruham
2041 4094 2096 4148 in

1885 4118 1937 4157 m
2041 4094 2270 4165 integrze
2316 4114 2537 4167 quoque
2568 4100 2765 4158 domus
2802 4106 3021 4172 penitus
3053 4108 3468 4177 clauderentur,
3520 4132 3622 4172 nec

357 4178 705 4247 obserantes,
754 4184 849 4253 qui
882 4184 994 4248 ﬁlio
1048 4202 1150 4241 suo
1200 4188 1425 4257 quidem
1481 4200 1673 4246 contra
1725 4194 1939 4251 Dachac
2039 4190 2346 4256 essentqui
2378 4189 2642 4245 deberent
2677 4205 2926 4250 mortuos
2983 4200 3240 4268 sepelire.
3274 4200 3353 4254 Ex
3382 4206 3624 4258 necessi-

356 4285 486 4325 cnm
518 4272 723 4329 vii-tute
759 4276 947 4345 misse,
980 4278 1097 4347 ipse
1146 4281 1299 4334 venit
1349 4281 1623 4347 Emesam,
1677 4300 1840 4353 quam
1879 4287 1935 4341 in
2042 4287 2150 4334 tate
2184 4280 2368 4348 itaque
2429 4283 2599 4337 multa
2651 4287 3020 4355 excogitatum
3067 4299 3152 4343 est
3182 4305 3292 4360 quo
3314 4307 3480 4361 super
3504 4295 3623 4349 ani-

355 4373 599 4431 qnntuor
652 4369 936 4423 mensibus
986 4370 1150 4439 cepit,
1184 4372 1399 4427 paenae
1428 4383 1611 4429 autem
1650 4391 1679 4430 ε
1708 4377 1934 4433 Perside
2046 4373 2207 4426 malia
2241 4373 2438 4428 tabulae
2464 4384 2875 4443 sternerentur,
2922 4388 2978 4434 et
3008 4382 3082 4435 ita
3117 4398 3284 4451 super
3314 4384 3413 4438 has
3446 4386 3621 4456 impo-

358 4468 485 4506 cum
516 4455 755 4523 plurimo
786 4467 1068 4527 potentatu
1099 4462 1376 4516 veniebat.
1403 4463 1473 4517 At
1498 4480 1627 4519 vero
1651 4466 1932 4522 Maruham
2042 4464 2132 4517 siti
2168 4465 2370 4518 mortui
2408 4466 2783 4524 deferrentur.
2811 4470 2933 4526 Pari
2968 4474 3132 4528 modo
3162 4483 3218 4528 el
3250 4476 3305 4529 in
3360 4477 3622 4545 plaustris

357 4558 649 4614 aggressus
724 4563 850 4601 eum
926 4549 980 4604 in
1068 4551 1461 4621 Mesopotamia
1532 4572 1657 4611 eum
1732 4560 1935 4615 multos
1969 4564 2013 4619 ι)
2042 4557 2131 4612 alii
2166 4561 2497 4628 suprapositi
2533 4562 2659 4616 aliis
2685 4566 3130 4633 asportabantur.
3159 4569 3294 4623 Cum
3320 4582 3504 4627 autem
3528 4590 3619 4628 re-

357 4636 695 4707 collegarum
728 4640 1114 4708 interfecisset,
1159 4644 1306 4700 hunc
1350 4649 1811 4717 comprehensum
1855 4652 1939 4706 in-
2044 4651 2187 4720 picta
2218 4651 2455 4708 fuissent
2483 4655 2765 4719 universa,
2798 4669 2907 4712 tam
2949 4660 3164 4716 scilicet
3207 4662 3419 4717 urbana
3454 4681 3617 4733 quam

357 4726 595 4783 terfeeit.
2043 4742 2383 4806 suburbana,
2442 4759 2821 4813 monumenta,
2863 4759 2921 4805 et
2944 4752 3200 4808 cisternae
3224 4770 3445 4825 quoque
3500 4758 3620 4812 sine

431 4824 492 4877 ln
525 4823 611 4879 his
656 4823 1053 4884 Constantinus
1083 4829 1488 4887 Germaniciam
1538 4835 1705 4905 cepit,
1757 4838 1936 4894 aciem
2040 4848 2174 4902 aqua

1874 4855 1936 4893 ειη
2040 4848 2180 4902 aqua
2206 4844 2263 4889 et
2296 4836 2450 4890 lacus
2497 4846 2553 4891 et
2598 4839 2850 4906 plurima:
2909 4841 3105 4906 vineae,
3140 4860 3355 4899 necnon
3389 4856 3447 4901 et
3474 4847 3617 4901 inte-

361 4912 608 4985 dirigens
636 4927 829 4972 contra
849 4918 1060 4990 Syriam
1086 4932 1141 4976 et
1166 4923 1506 4991 Dulechiam,
1536 4927 1689 4982 aditu
1720 4940 1937 4999 reperto
2041 4926 2215 4979 flores
2244 4925 2413 4991 hor".
2450 4928 2544 4997 (illi
2576 4928 2716 4983 intra
2740 4939 2956 4986 Veteres
2979 4948 3166 4988 muros
3192 4946 3372 4998 erant.
3408 4935 3476 4989 ad
3515 4936 3619 4990 llu-

363 5017 588 5077 proptcr
642 5009 883 5065 Arabum
937 5024 1185 5069 mutuam
1252 5033 1511 5087 pugnam,
1577 5022 1751 5076 verbo
1800 5038 1937 5081 sane
2033 5018 2273 5087 jusmodi
2301 5019 2694 5088 capessendam
2754 5024 3092 5091 sepulturam
3139 5012 3325 5081 effossi
3360 5038 3511 5090 sunt,
3562 5039 3619 5085 et

359 5099 569 5153 Arabes
603 5102 843 5157 inermes
878 5103 1181 5169 dimittens,
1212 5108 1306 5177 qui
1362 5119 1520 5164 erant
1564 5112 1620 5165 in
1651 5113 1805 5182 ipsis.
1834 5115 1938 5171 As-
2042 5109 2115 5163 ita
2135 5110 2226 5162 vix
2247 5112 2432 5164 omnia
2464 5114 2580 5166 haec
2607 5111 2675 5165 ad
2711 5120 2916 5166 tantam
2947 5116 3336 5170 necessitatem
3368 5118 3619 5173 sutﬁeere

358 5193 596 5262 sumpsit
627 5204 809 5248 autem
857 5204 912 5250 et
943 5206 1207 5267 cognatos
1245 5215 1375 5254 suos
1402 5218 1469 5256 ex
1500 5212 1747 5260 materna
1790 5207 1936 5262 linea
2041 5203 2353 5257 valuerunt.
2386 5202 2546 5259 Omni
2574 5212 2758 5258 autem
2781 5202 2946 5260 domo
2997 5206 3092 5259 tali
3148 5207 3458 5262 calamitate
3492 5225 3603 5262 cor-

359 5281 782 5349 descendentes,
814 5297 872 5340 et
899 5287 1145 5358 Byzantii
1178 5291 1470 5346 collocavit
1495 5310 1600 5349 una
1636 5311 1760 5350 cum
1791 5300 1935 5351 mul-
2042 5305 2201 5365 rupta
2224 5306 2449 5364 propter
2473 5295 2897 5364 depositionem,
2920 5312 3043 5365 qua:
3070 5297 3236 5367 impie
3276 5298 3416 5352 facta
3450 5297 3619 5352 estab

362 5375 431 5431 tis
472 5375 624 5447 Syris
655 5380 1056 5451 monophysitis
1106 5382 1403 5449 hmreticis,
1432 5401 1497 5441 ex
1528 5388 1732 5457 quibus
1752 5391 1939 5459 plures
2044 5388 2449 5458 imperantibus
2476 5388 2531 5442 in
2564 5404 2748 5443 sacras
2806 5389 3092 5457 imagines,
3132 5390 3420 5443 confestim
3455 5390 3589 5443 nimi

362 5472 414 5525 in
468 5471 680 5528 Thrace
717 5490 890 5544 usque
939 5492 1088 5532 nunc
1143 5478 1393 5533 habitant
1434 5489 1489 5533 et
1525 5483 1676 5549 juxta
1710 5483 1933 5538 Petrum
2040 5497 2161 5535 rum
2183 5480 2557 5550 Agarenorum
2586 5478 2775 5533 classis
2812 5478 2881 5532 ab
2908 5478 3235 5532 Alexandria
3256 5478 3406 5532 venit
3438 5478 3491 5531 in
3516 5479 3608 5548 Cy-

358 5563 613 5635 Cnaphea
639 5564 965 5623 Trinitatem
991 5569 1044 5623 in
1072 5570 1298 5641 trisagio
1322 5572 1670 5641 cruciﬁgunt.
1704 5576 1874 5627 Porro
1905 5591 1933 5630 a
2040 5590 2224 5644 prum,
2258 5573 2349 5627 ubi
2385 5581 2581 5627 eratet
2610 5572 2902 5625 Romaieus
2940 5571 3133 5624 stolus.
3174 5570 3242 5625 At
3270 5587 3401 5625 vero
3422 5580 3615 5640 pra-tor

361 5669 555 5727 quarto
582 5660 707 5714 idus
736 5660 1011 5732 Augustas
1046 5678 1219 5732 usque
1269 5663 1336 5716 ad
1381 5674 1635 5719 octavum
1664 5667 1935 5722 Kalendas
2039 5667 2474 5738 Cibyrzeotorum
2527 5665 2744 5719 irruens
2781 5664 2835 5718 in
2875 5680 2975 5720 eos
3025 5664 3301 5733 extemplo
3347 5664 3401 5717 in
3456 5672 3617 5732 portu

361 5750 699 5819 Septembris
757 5753 997 5809 tenebra:
1046 5754 1200 5809 factae
1261 5764 1390 5808 sunt
1440 5756 1738 5811 nebulosa.
1778 5758 1933 5814 Tunc
2037 5760 2323 5823 Ceramca,
2350 5769 2407 5812 et
2448 5765 2656 5811 retenta
2687 5766 2881 5827 portus
2916 5757 3094 5818 fauce,
3147 5772 3271 5810 cum
3309 5766 3491 5809 essent
3526 5754 3601 5809 lii

364 5841 639 5901 \lcruham
665 5846 844 5903 victor
878 5848 1072 5904 Emesa
1108 5861 1266 5919 capta
1313 5851 1585 5909 interfecit
1632 5869 1821 5909 onntes
1847 5872 1931 5909 eu-
2041 5855 2189 5910 einta
2222 5852 2536 5915 dromeues,
2574 5862 2683 5907 tres
2710 5852 2854 5907 solos
2886 5850 3156 5907 cxsiliisse
3191 5850 3449 5904 fatentur.
