4414 6462
791 405 924 470 13τὸ

1849 410 2249 470 ANASTASII
2293 411 2796 472 BIBLIOTHECA
2810 414 2919 472 RH

3915 409 4063 475 1376

860 523 1046 576 Mundi
1073 538 1217 576 anno
1241 521 1403 590 6239,
1432 521 1629 577 divinte
1658 522 2056 578 incarnationis
2074 539 2220 578 anno
2237 524 2360 589 759,
2395 533 2436 588 Α
2470 526 2688 588 ruham,
2725 527 3011 582 venientes
3047 529 3114 582 ab
3145 525 3378 598 .Egypto
3432 527 3484 582 in
3517 527 3780 588 Africam,
3807 528 4064 599 indeque

786 632 930 672 anno
979 631 1112 682 vero
1168 615 1382 683 imperii
1427 615 1776 669 Constantini
1808 616 2062 683 septimo,
2092 616 2368 671 occiditur

787 708 1084 776 Gregorius
1117 705 1185 760 ab
1211 706 1658 771 Arirutcnsibus,
1689 716 1745 761 et
1777 707 1944 762 evicit
1973 707 2276 771 Maruham,
2303 716 2368 761 ut

786 801 1024 872 primo“.

858 897 1017 950 Anno
1069 894 1285 962 imperii
1327 893 1676 950 Constantini
1737 903 1934 947 octavo
1979 901 2162 946 motus
2201 891 2364 946 estin

785 974 1158 1042 exterioribus
1183 987 1425 1042 Orientis
1457 986 1706 1056 partibus
1729 976 1969 1040 Persidis
1989 984 2246 1054 populus,
2269 985 2364 1054 (ιυί

786 1080 1053 1135 dicuntur
1071 1078 1446 1134 Cborosanitae
1473 1072 1845 1146 Maurophori,
1868 1083 2055 1130 contra
2083 1075 2364 1130 Maruham

786 1184 842 1225 ct
880 1189 1099 1228 omnem
1130 1172 1514 1243 cognationem
1545 1173 1687 1240 ejus,
1707 1171 1799 1239 qui
1829 1168 2120 1239 principali
2152 1177 2278 1224 sunt
2299 1169 2367 1223 ab

788 1267 908 1334 ipso
950 1265 1200 1320 Maumed
1252 1264 1733 1335 pseudopropheta
1787 1247 1960 1330 usque
2009 1262 2074 1315 ad
2109 1261 2364 1315 eumdem

789 1359 1092 1425 Marubam,
1139 1358 1190 1412 id
1243 1367 1328 1412 est
1363 1370 1555 1412 contra
1591 1371 1686 1410 eos
1707 1356 1800 1425 (ιυί
1829 1341 2092 1408 dicuntur
2124 1354 2218 1407 filii
2253 1354 2368 1408 llu-

788 1451 949 1503 maia.
989 1451 1084 1504 llis
1102 1451 1246 1504 enim
1273 1458 1393 1514 post
1440 1447 1923 1515 interemplinnem
1952 1442 2148 1498 V’balid
2179 1442 2368 1496 debel-

791 1539 1030 1592 lantibns
1057 1547 1113 1592 et
1137 1520 1644 1606 coiistriitgetitibus
1679 1537 1935 1592 invicem,
1971 1535 2025 1587 hi
2075 1533 2169 1602 qui
2208 1522 2358 1587 dich

791 1630 992 1682 lmntur
1030 1629 1124 1682 filii
1159 1629 1346 1682 Echim
1377 1637 1431 1681 et
1476 1628 1676 1690 llalim,
1721 1627 1932 1696 cognati
1969 1635 2023 1678 et
2072 1625 2171 1694 ipsi
2209 1640 2369 1694 pseu-

791 1721 1164 1790 doprophetze,
1199 1719 1293 1774 sed
1323 1719 1628 1774 absconditi
1660 1729 1824 1787 atque
1852 1718 2072 1786 fugaces
2099 1717 2370 1770 exsisten-
2425 1735 2433 1742 ·

791 1823 872 1866 tes
895 1814 946 1867 in
973 1815 1170 1867 minori
1205 1813 1422 1876 Arabia,
1456 1812 1801 1882 congregati,
1829 1820 2051 1865 tenente
2076 1811 2127 1864 in
2155 1811 2236 1864 eis
2255 1810 2368 1880 pri-

2473 624 2879 671 transmeantes
2929 618 3128 672 fretum
3187 620 3403 689 angusti
3436 619 3604 674 maris
3653 619 3721 673 ad
3767 618 4062 675 Oceanum

2471 707 2659 774 positi,
2698 708 2846 778 quod
2901 709 3106 764 dicitur
3144 709 3308 778 Septe
3335 709 3592 779 quodque
3650 708 3848 763 diflinit
3903 710 4064 763 inter

2468 796 2696 868 Libyam
2751 809 2808 852 et
2857 801 3150 868 Europam,
3204 801 3440 869 Europa:
3485 799 3801 870 Hispaniam
3835 800 4030 854 habita

2470 901 2598 944 runt
2623 908 2796 962 usque
2834 893 2900 946 ad
2951 909 3194 962 praesens
3220 902 3456 963 tempus.
3492 893 3761 948 habentes
3778 893 4058 964 quosdam

2469 984 2563 1054 qui
2597 985 2800 1039 ibidem
2831 985 3145 1040 habitantes
3170 996 3329 1040 antea
3361 987 3750 1050 noscebantur,
3777 1002 3805 1040 a
3831 985 4060 1040 Mauhia

2470 1075 2602 1129 illnc
2651 1077 2866 1146 traiecti
2893 1077 3135 1148 navigio,
3190 1095 3313 1132 cum
3353 1088 3539 1134 essent
3586 1080 3706 1149 ejus
3735 1077 3950 1148 cognati
3994 1085 4060 1130 et

2473 1166 2644 1234 ipsius
2679 1168 2986 1238 religionis.
3017 1169 3347 1225 Perduravit
3385 1181 3567 1224 autem
3605 1171 3881 1226 excidium
3945 1173 4058 1250 sub

2471 1258 2686 1313 Maubia
2739 1275 2836 1314 sex
2885 1261 3062 1324 annis,
3105 1278 3214 1331 quo
3256 1262 3425 1317 diruti
3453 1275 3581 1319 sunt
3618 1265 3865 1319 omnium
3915 1265 4058 1318 illu-

2471 1350 2666 1404 strium
2698 1351 2981 1407 civitatum
3044 1354 3097 1407 in
3144 1354 3298 1424 Syria
3355 1371 3529 1424 usque
3584 1357 3648 1408 ad
3702 1355 4058 1411 Antiochiam

2471 1442 2636 1503 muri,
2683 1458 2749 1496 eo
2783 1444 2929 1512 quod
2991 1445 3129 1498 hanc
3178 1447 3230 1498 in
3265 1445 3536 1516 refugium
3573 1447 3775 1501 habere
3825 1447 4060 1500 medita-

2472 1541 2684 1595 rentur,
2715 1532 3104 1605 innumerique
3132 1537 3372 1590 Arabum
3405 1537 3472 1592 ab
3497 1553 3562 1592 eo
3599 1539 3901 1608 perierunt.
3937 1537 4057 1607 Op-

2471 1625 2602 1694 pido
2664 1628 2811 1680 enim
2857 1629 3439 1697 erateircnmspectus
3473 1629 3620 1684 circa
3671 1630 3874 1684 civilia.
3921 1631 4060 1684 Erat

2470 1727 2653 1771 autem
2681 1720 3186 1781 antomatistarum,
3216 1721 3268 1774 id
3301 1731 3382 1776 est
3410 1723 3835 1791 Epicureorum.
3869 1724 4054 1778 barre-

2471 1821 2618 1869 seos,
2675 1822 2744 1860 ex
2776 1808 3038 1876 gentibus
3067 1810 3159 1877 qui
3189 1809 3513 1863 habitabant
3551 1809 3757 1865 Carran
3794 1812 4055 1881 impieta-

792 1914 998 1958 malum
1025 1904 1306 1966 Abrahiin,
1331 1903 1559 1958 mittunt
1581 1903 1838 1956 libertum
1876 1917 2034 1956 suum
2065 1903 2361 1972 quendam.
2401 1891 2438 1946 Β
2472 1907 2579 1952 tem
2609 1915 2914 1954 assumens.
2952 1901 3122 1954 Porro
3153 1913 3348 1956 octavo
3395 1902 3750 1958 kalendarum
3806 1905 4056 1958 Februa-

791 1997 1058 2050 Amnslim
1092 1995 1323 2059 dictum,
1352 1995 1406 2050 in
1440 1995 1740 2051 Chorosam
1767 1995 1832 2048 ad
1867 1995 2128 2064 quosdam
2161 1994 2364 2047 ibidem

792 2103 828 2158 p
860 2089 1234 2150 imminentes,
1267 2095 1456 2142 contra
1486 2087 1773 2141 Maruham
1801 2086 1904 2139 sibi
1950 2087 2232 2158 suffragari
2269 2101 2366 2154 pe-

795 2157 990 2236 tentes.
1027 2181 1130 2247 Qui
1157 2181 1371 2236 collccti
1404 2181 1547 2250 apud
1595 2180 1879 2235 Caecaban
1903 2157 2194 2248 quemdam
2231 2195 2367 2233 con-

794 2276 1074 2335 ciliantur,
1105 2283 1160 2328 et
1191 2274 1472 2328 concitant
1509 2289 1700 2328 servos
1729 2274 1782 2326 in
1815 2273 2069 2326 dominus
2089 2273 2364 2342 proprios,

771 2374 850 2418 «et
880 2364 1133 2419 occidunt
1161 2366 1361 2418 multos
1385 2375 1545 2418 nocte
1575 2379 1704 2422 una.
1731 2377 1965 2432 quorum
1993 2361 2184 2423 armis,
2210 2361 2369 2429 equis

796 2466 855 2512 et
880 2457 1127 2526 pecuniis
1153 2456 1470 2524 locupletati
1502 2455 1629 2509 facti
1657 2464 1786 2508 sunt
1811 2453 2173 2522 potentiores.
2209 2451 2364 2505 Divi-

797 2549 1004 2602 duntur
1029 2559 1213 2603 autem
1239 2548 1292 2601 in
1329 2548 1509 2624 tribus.
1554 2547 1712 2610 duas,
1753 2545 2042 2601 Cbaisinos
2069 2544 2370 2600 scilicet-et

798 2640 1159 2694 lliamanitas.
1193 2637 1814 2709 Quorum‘potentiores
1848 2640 2069 2692 intuens
2097 2636 2371 2691 Abumus-

803 2732 899 2786 lim
922 2747 1043 2786 esse
1070 2730 1431 2790 lliamanitas.
1476 2731 1716 2784 concitat
1751 2739 1943 2782 contra
1976 2728 2285 2792 Cbaisinos,
2317 2737 2372 2782 et

799 2823 1106 2878 interfectis
1129 2822 1210 2876 cis
1229 2823 1382 2875 venit
1412 2823 1467 2874 in
1504 2818 1792 2875 Persidem
1815 2834 1940 2875 cum
1965 2819 2270 2882 Caecaban,
2315 2829 2373 2874 et

799 2930 1126 2986 expugnans
1159 2913 1590 2968 llibindabarem
1633 2914 1782 2982 capit
1812 2928 1936 2966 cum
1968 2912 2198 2966 victoria
2234 2927 2372 2966 cun-

800 3017 942 3071 ctos,
978 3008 1225 3061 virorum
1261 3007 1470 3060 scilicet
1494 3005 1664 3059 ferme
1693 3013 1912 3058 centum
1957 3003 2147 3056 millia.
2177 3003 2246 3056 Et
2278 3017 2374 3056 ve-

802 3101 961 3154 niens
982 3099 1047 3152 ad
1078 3099 1414 3153 Ilibinubera
1466 3097 1742 3150 hostiliter
1771 3111 1895 3150 eum
1928 3095 2180 3157 ducentis
2207 3094 2375 3148 milli-

804 3191 907 3245 bus
937 3191 1394 3260 proficiscentem,
1424 3190 1517 3244 sed
1545 3197 1598 3242 et
1626 3189 1777 3241 illum
1805 3187 2074 3253 dissolvit.
2107 3187 2377 3240 Veniens-

804 3298 911 3351 quc
970 3267 1055 3336 ad.
1081 3282 1362 3351 Marultam
1400 3280 1541 3350 apud
1579 3279 1775 3347 Zabari
1818 3277 2045 3332 ﬂuvium
2081 3277 2375 3331 habentem

809 3350 1050 3431 trecenta
1075 3350 1274 3438 miliia,
1310 3373 1546 3427 debellat
1571 3386 1696 3426 eum
1732 3381 1787 3423 et
1815 3369 2220 3424 multitudinem
2251 3370 2376 3423 infi-

806 3469 976 3521 nitam
1031 3466 1234 3521 occidit
1260 3481 1354 3518 -ex
1384 3465 1500 3526 eis.
1527 3464 1764 3532 Eratque
1796 3447 1913 3514 visu
1941 3461 2210 3524 mirabile,
2252 3475 2375 3514 cum

805 3557 1110 3613 secundum
1156 3556 1495 3624 Scripturam
1556 3564 1687 3608 tunc
1746 3569 1890 3606 unus
1944 3563 2378 3622 persequeretur

807 3651 976 3714 mille,
1007 3659 1064 3702 et
1097 3650 1208 3703 duo
1243 3640 1685 3701 transiuovcrent
1707 3645 1848 3700 dena
1876 3647 2064 3700 millia.
2087 3646 2237 3712 Quos
2251 3662 2376 3701 cum

809 3744 882 3796 ita
913 3742 1288 3812 potentialiter
1332 3741 1614 3796 vincentes
1639 3740 1920 3794 Maruham
1954 3741 2186 3797 intuitus
2206 3742 2376 3797 exsti-

811 3830 1383 3895 tisset,aditCarran,
1419 3838 1476 3883 et
1523 3845 1649 3883 cum
1694 3828 1921 3883 fluvium
1975 3812 2378 3894 transnieasset,

760 3907 1010 3982 -incidit'
1059 3934 1276 3995 pontem
1331 3939 1408 3978 ex
1466 3922 1703 3978 navibus
1748 3922 1978 3988 factum,
2005 3931 2061 3977 et
2083 3925 2381 3995 assumptis

809 4034 995 4074 secum
1031 4006 1288 4072 omnibus
1334 4016 1584 4086 pecuniis
1615 4030 1679 4069 ac
1727 4015 1891 4068 domo
1935 4029 2056 4078 sua,
2087 4031 2211 4070 cum
2242 4033 2382 4086 qua-

811 4123 941 4166 tuor
967 4111 1214 4165 millibus
1242 4111 1378 4164 viris
1400 4107 1709 4163 vernaculis
1763 4108 1879 4164 suis
1913 4107 2038 4179 fuga
2066 4108 2252 4179 lapsus
2297 4119 2382 4165 est

813 4207 870 4261 in
896 4205 1206 4278 Egyptum.

787 4293 793 4298 ’
882 4285 1042 4353 Anno
1079 4282 1318 4378 ‘in'iperii
1352 4295 1700 4351 Constantini
1738 4297 1770 4351 9
1821 4295 2258 4366 persecutionem
2285 4309 2381 4364 pa-

815 4394 953 4448 titur
986 4393 1267 4446 Marubam
1304 4391 1786 4460 a'Maurophoriis,
1838 4399 1894 4445 et
1953 4391 2386 4459 comprehensus

815 4484 885 4537 ab
913 4483 994 4548 eis
1037 4483 1328 4546 occiditur,
1388 4482 1533 4536 bello
1570 4491 1724 4551 gesto
1772 4481 2116 4551 gravissimo.
2147 4482 2386 4534 Praeerat

817 4583 1000 4628 autem
1037 4575 1118 4628 eis
1151 4573 1329 4628 Salich
1367 4571 1728 4642 filiusjlalim,
1761 4572 1853 4641 qui
1888 4587 2029 4627 unus
2057 4589 2122 4627 ex
2149 4571 2385 4642 praelatis

818 4665 1061 4736 profugis
1093 4675 1227 4728 erat,
1255 4666 1348 4734 qui
1373 4675 1428 4720 et
1460 4664 1834 4719 destinaverat
1883 4663 2208 4718 Bumuslim.
2233 4662 2386 4718 [teli-

817 4756 910 4826 qui
941 4772 1071 4810 vero
1103 4757 1414 4826 congregati
1450 4763 1640 4809 contra
1678 4755 1979 4808 Samariam
2034 4763 2091 4808 et
2143 4754 2386 4809 Tracha-

817 4848 1049 4902 uitidem
1108 4847 1390 4917 regionem
1453 4856 1603 4900 sorte
1659 4846 2028 4914 principatum
2089 4845 2390 4901 distribue-

821 4949 970 5000 runt,
1011 4937 1275 4992 Abulalas
1316 4936 1548 5004 scilicet,
1584 4945 1641 4990 et
1691 4944 1818 5005 post
1854 4933 2008 4988 illum
2042 4934 2240 4990 fratres
2271 4936 2391 5006 ejus

820 5031 1049 5092 Abdela,
1073 5039 1130 5104 et
1163 5039 1285 5100 post
1299 5029 1445 5084 hunc
1472 5027 1720 5083 iliseidin
1755 5027 1939 5081 Musas.
1981 5027 2050 5081 Et
2073 5026 2241 5099 Syriae
2265 5027 2390 5097 qui—
2434 5051 2442 5058 -

822 5125 948 5178 dem
983 5137 1252 5177 summam
1287 5131 1582 5192 praeturam
1639 5127 1961 5174 taxaverunt
2008 5119 2272 5175 Abdelam
2306 5129 2391 5175 te-

823 5234 954 5273 nere
989 5218 1161 5272 filium
1207 5216 1406 5280 Halim,
1445 5215 1668 5270 fratrem
1699 5229 1831 5268 vero
1861 5212 2049 5278 Salim,
2081 5214 2257 5283 ipsum
2289 5230 2392 5267 au-

825 5319 934 5363 tem
969 5307 1135 5362 Salim
1193 5305 1424 5377 Egypto
1457 5319 1714 5374 praeesse.
1772 5303 1947 5357 Porro
1989 5301 2251 5354 Abdelam
2283 5301 2394 5356 fra-

827 5411 967 5454 trem
997 5398 1274 5453 Abulabas
1303 5399 1371 5451 ab
1407 5397 1500 5451 illo
1550 5395 1754 5450 habere
1799 5405 2006 5449 sortem
2054 5393 2393 5462 principatus

827 5507 996 5563 super
1034 5491 1479 5561 Mesopotamiam
1511 5495 1846 5543 statuerunt.
1875 5487 1995 5556 Ipse
2033 5501 2162 5540 sane
2188 5485 2394 5540 Abula-

829 5586 947 5650 bas,
981 5585 1076 5654 qui
1103 5593 1159 5640 ct
1203 5583 1450 5638 omnium
1483 5568 1688 5651 primas
1722 5581 2052 5644 habebatur,
2082 5581 2136 5634 in
2171 5579 2394 5634 Perside

827 5677 989 5740 sedit,
1024 5675 1285 5731 translato
1305 5689 1524 5746 quoque
1552 5673 1855 5744 principatu
1876 5672 1978 5726 sub
1999 5687 2056 5727 se
2084 5671 2392 5734 Persarum,

827 5767 921 5837 qui
959 5768 1008 5822 ei
1065 5767 1308 5822 anxiliati
1367 5766 1588 5821 fuerant
1622 5781 1651 5818 a
1688 5765 1971 5822 Damasco.
2024 5762 2086 5817 Ili
2122 5777 2254 5816 vero
2299 5761 2394 5830 qui

833 5858 1023 5914 salvati
1052 5858 1286 5924 fuerant,
1316 5868 1422 5912 tam
1446 5857 1701 5913 videlicet
1731 5855 1825 5910 filii
1862 5871 2023 5944 quam
2047 5854 2262 5924 cognati
2290 5853 2396 5910 Ma-

2475 1992 2679 2046 riarum
2709 1993 2954 2063 ejusdem
2995 1996 3172 2049 tertire
3219 1995 3538 2050 indictiouis
3571 2007 3735 2050 natus
3761 2008 3843 2051 est
3880 1997 4057 2067 impe-

2459 2084 2643 2138 ‘ratori
2676 2085 3040 2141 Constantino
3070 2087 3234 2146 filius,
3255 2103 3417 2157 quem
3450 2089 3753 2142 nominavit
3783 2087 4054 2154 Leonem,

2473 2193 2540 2232 ex
2570 2178 2800 2248 chagaui
2825 2178 3104 2234 Chazarize
3137 2180 3266 2234 filia.

2545 2272 2702 2323 Anno
2729 2287 2862 2325 vero
2891 2272 3087 2326 eodem
3119 2275 3296 2328 factus
3321 2282 3407 2328 est
3437 2284 3594 2330 teme
3638 2284 3820 2330 motus
3867 2275 3918 2329 in
3954 2274 4057 2347 Sy-

2476 2360 2580 2426 ria,
2622 2375 2678 2418 et
2735 2365 2928 2435 ingens
2949 2380 3013 2419 ac
3056 2365 3328 2421 terribilis
3357 2383 3537 2430 casus,
3584 2368 3730 2423 unde
3766 2368 4055 2422 civitatum

2475 2457 2596 2510 alite
2627 2456 2848 2525 quidem
2893 2458 3114 2528 penitus
3146 2461 3524 2515 exterminata:
3571 2471 3720 2523 sunt,
3772 2461 3890 2515 ali:e
3922 2476 4058 2514 vero

2476 2548 3001 2612 mediocri‘ter,ali:e
3043 2559 3226 2604 autem
3279 2566 3310 2604 a
3369 2553 3644 2607 montanis
3684 2553 3749 2606 ad
3808 2551 4057 2622 subjecta

2477 2642 2805 2710 campestria
2841 2657 2965 2697 cum
2995 2643 3168 2697 muris
3191 2652 3246 2697 et
3289 2642 3727 2697 habitationibus
3761 2644 3875 2698 suis
3908 2645 4057 2697 inte-

2477 2749 2586 2803 grze
2613 2732 2991 2804 migraverunt
3020 2742 3076 2789 et
3103 2735 3266 2789 salvte
3290 2735 3443 2804 quasi
3472 2735 3536 2789 ad
3562 2735 3815 2790 milliaria
3850 2751 3942 2789 sex
3967 2735 4057 2787 vel

2478 2825 2643 2881 etiam
2698 2825 2976 2880 modicum
3028 2826 3160 2895 quid
3197 2827 3361 2880 ultra.
3395 2826 3642 2895 Denique
3707 2841 4051 2880 asseverave-

2483 2925 2611 2971 runt
2640 2917 2696 2970 hi
2733 2917 2828 2986 qui
2878 2918 3116 2987 propriis
3153 2918 3368 2972 visibus
3417 2918 4061 2987 terram‘Mesopotamlze

2482 3008 2836 3078 contemplati
2861 3017 3011 3070 sunt,
3045 3010 3099 3063 iu
3130 3008 3534 3079 longitudinem
3576 3009 3853 3078 diruptam
3888 3008 4059 3065 fuisse

2482 3102 2550 3155 ad
2607 3102 2862 3170 milliaria
2895 3102 3026 3167 duo,
3063 3111 3120 3156 et
3163 3117 3229 3156 ex
3257 3102 3530 3171 profundo
3579 3105 3701 3173 ejus
3745 3104 4061 3156 ascendisse

2483 3193 2645 3247 aliam
2671 3202 2872 3247 terram
2903 3193 3070 3266 nimis
3109 3193 3289 3247 albam
3325 3202 3378 3248 et
3432 3209 3740 3252 arenosam,
3783 3192 3849 3246 de
3903 3193 4064 3261 cujus

2482 3284 2665 3337 medio
2703 3283 2970 3347 ascendit,
3002 3293 3063 3338 ut
3110 3284 3286 3347 aiunt,
3335 3284 3533 3336 animal
3567 3283 3834 3336 mulinnm
3869 3282 4064 3336 incon-

2482 3377 2832 3440 taminatum,
2869 3377 3100 3444 loquens
3141 3377 3378 3430 humana
3413 3392 3568 3438 voce,
3593 3387 3647 3430 et
3682 3375 4063 3446 pneuuntians

2481 3467 2660 3537 gentis
2722 3467 3092 3521 incursionem
3143 3467 3212 3520 ab
3250 3483 3439 3521 eremo
3490 3467 3756 3522 adversus
3823 3467 4062 3521 Arabes.

2481 3555 2636 3623 Quod
2661 3565 2715 3611 et
2749 3555 2949 3612 factum
2974 3563 3079 3609 est.
3103 3555 3372 3610 Praeterea
3403 3556 3654 3625 sequenti
3688 3571 3831 3608 anno
3851 3564 4066 3624 quarlze

2482 3647 2826 3711 indictionis,
2860 3648 3208 3702 solemnitate
3235 3659 3437 3702 sancite
3487 3648 3864 3707 Pentecostes,
3895 3663 4060 3701 coro-

2481 3740 2636 3794 navit
2659 3738 3054 3794 Constantinns
3091 3740 3390 3809 imperator
3422 3739 3660 3792 Leonem
3693 3738 3862 3793 filium
3895 3733 4059 3794 suum

2483 3829 2874 3900 imperatorem
2901 3844 2999 3899 per
3020 3828 3368 3883 Anastasium
3421 3827 3787 3898 patriarcham
3813 3824 4052 3884 consen-

2484 3929 2707 3975 taneunn
2753 3937 2936 3976 suunt.

2554 4013 2742 4069 Mundi
2798 4029 2944 4069 anno
2997 4013 3183 4078 6242,
3254 4013 3453 4069 divinae
3510 4014 3904 4070 incarnationis
3961 4031 4070 4069 au-

2486 4121 2558 4160 no
2605 4104 2708 4159 742
2743 4147 2758 4171 ,
2807 4120 2954 4160 anno
3007 4120 3141 4160 vero
3205 4105 3419 4175 imperii
3450 4103 3796 4161 Constantini
3847 4106 3910 4161 i0
3942 4106 4069 4177 Mn:

2479 4197 2681 4253 hamed
2735 4196 2794 4251 fit
2843 4197 3089 4251 Arabum
3152 4197 3285 4258 dux,
3345 4197 3439 4265 qui
3501 4198 3586 4252 eis
3639 4198 3884 4266 quinque
3921 4213 4068 4266 prae-

2485 4291 2590 4345 fuit
2639 4289 3056 4346 annis.'Eodem
3114 4305 3332 4360 quoque
3364 4305 3510 4343 anno
3566 4290 3874 4344 simultates
3899 4291 4067 4345 Chal-

2485 4381 2738 4436 cidenses
2812 4381 3076 4436 adversus
3157 4381 3553 4451 Maurophoros
3620 4381 3814 4435 Persas
3877 4382 4060 4436 ennci—

2488 4481 2765 4538 taverunt,
2827 4481 2881 4526 et
2929 4473 3259 4542 interempta
3308 4483 3538 4527 suntex
3571 4473 3652 4526 eis
3683 4475 3736 4526 in
3789 4474 4065 4526 montatis

2489 4563 2762 4619 Hemesste
2808 4579 2907 4633 per
2932 4563 3054 4618 illos
3101 4573 3340 4632 quatuor
3390 4564 3580 4617 millia.
3634 4563 3690 4616 Id
3727 4563 3904 4634 ipsum
3935 4581 4062 4642 vero

2491 4655 2692 4709 factum
2717 4663 2874 4709 estet
2910 4670 3007 4724 per
3044 4655 3302 4710 Arabiam
3351 4655 3403 4708 in
3435 4653 3727 4710 Cbaisinos
3761 4654 3828 4708 ab
3854 4655 4061 4710 eisdem

2490 4741 2693 4796 Persis.
2718 4741 2854 4796 Cum
2895 4753 3078 4796 autem
3103 4756 3266 4812 caput
3297 4742 3577 4797 Marnham
3619 4745 3840 4814 myrrha
3874 4746 4066 4799 condi-

2496 4840 2610 4885 tum
2644 4831 2838 4887 fuisset
2871 4833 3122 4898 allatum,
3179 4834 3368 4904 plures
3398 4849 3427 4887 a
3458 4834 3834 4889 simultatibus
3883 4851 4065 4890 cessa-

2490 4931 2710 4978 verunt.

2562 5016 2722 5070 Anno
2747 5015 2962 5085 imperii
2988 5016 3071 5070 sui
3111 5017 3168 5069 Η
3212 5015 3610 5071 Constantinus
3643 5016 4064 5087 Tbeodosiopo-

2493 5110 2589 5164 lim
2622 5118 2677 5163 et
2707 5109 3014 5164 Melitencm
3043 5109 3209 5178 cepit,
3228 5118 3284 5163 et
3307 5111 3554 5178 captivos
3573 5109 3729 5163 duxit
3753 5110 4042 5164 Armenios

2458 5202 2820 5258 .Theodorus
2874 5198 3096 5272 quoque
3144 5201 3290 5256 ﬁlius
3347 5202 3538 5256 vicarii
3597 5203 3825 5256 minoris
3851 5203 4066 5257 Arabia:

2494 5294 2786 5355 oriundus,
2834 5293 3074 5348 obeuute
3125 5295 3468 5367 sanctissimo
3519 5295 3927 5366 Theoplnlaeto
3956 5298 4066 5349 An-

2498 5388 2713 5442 tiochite
2741 5386 3052 5456 patriarcha
3080 5385 3394 5456 praeficitur,
3423 5387 3516 5456 qui
3549 5401 3640 5440 sex
3667 5387 3884 5456 praefuit
3909 5388 4066 5442 annis

2497 5480 2772 5536 Ecclesiae.

2567 5571 2725 5625 Anno
2775 5570 2990 5640 imperii
3016 5569 3101 5624 sui
3156 5569 3220 5622 l9.
3249 5568 3642 5624 ConStantiuns
3671 5568 3868 5638 impius
3894 5569 4065 5639 impe-

2499 5672 2673 5725 rator,
2729 5663 2907 5716 elatus
2956 5677 3144 5726 sensu,
3195 5661 3364 5715 multa
3417 5669 3608 5741 contra
3655 5656 3953 5712 Ecclesiam
3992 5671 4067 5732 et

2497 5757 2860 5813 orthodoxam
2889 5755 3048 5810 fidem
3072 5755 3359 5816 meditans,
3381 5764 3433 5808 et
3459 5754 3678 5808 silentia
3705 5767 3800 5822 per
3824 5752 4070 5821 singulos

2500 5851 2617 5906 dics
2667 5843 2888 5906 faciens.
2952 5848 3212 5917 populum
3259 5845 3325 5901 ad
3364 5859 3583 5900 sensum
3641 5859 3798 5897 suum
3863 5841 4068 5896 inflexit
