4414 6462
380 425 509 488 1377

1187 425 1554 486 HISTORIA
1587 425 2167 486 ECCLESIASTICA
2205 428 2309 489 EX
2346 428 2825 495 ΤΙΙΕΟΡΙῙᾹΧΕ.

3505 431 3640 494 1378

372 538 666 597 Infelicitcr
690 538 1145 605 consectandum,
1173 541 1411 611 prrcvius
1435 540 1955 610 futurzeimpietatis
1986 544 2029 597 Α
2057 539 2459 612 Maurophoros
2498 542 2905 597 insurrexerint
2945 552 2999 597 et
3031 543 3230 599 mullos
3264 544 3315 598 in
3354 544 3639 602 Paltestina

372 636 665 690 exsistens.

446 725 606 778 Anno
638 723 854 792 imperii
874 722 1221 779 Constantini
1245 723 1309 777 l5
1324 723 1647 780 Anastasius
1670 724 1957 790 scelestus,

377 817 469 887 qui
496 817 756 871 Ecclesia:
792 816 993 870 throno
1036 814 1662 886 Constantinopolitanaa
1716 816 1957 886 praefuit.

375 919 628 965 mortuus
678 918 773 986 est
821 923 1054 978 corpore
1096 908 1258 963 simul
1318 916 1375 963 et
1426 909 1609 963 anima
1657 909 1959 965 miserabili

374 1000 631 1070 passione
673 1016 796 1070 qua:
853 1000 1055 1055 dicitur
1109 1000 1447 1071 chordapsos
1494 1003 1774 1073 fatigatus,
1835 1020 1960 1058 cum

376 1104 588 1150 stercus
621 1090 719 1165 per
751 1096 1186 1159 osevomnissct,
1232 1095 1449 1167 dignam
1500 1097 1793 1152 exsolvens
1840 1099 1959 1151 vin-

379 1185 606 1253 dictam,
656 1202 759 1256 pro
818 1188 1047 1241 audacia
1083 1188 1317 1251 scilicet,
1369 1203 1531 1257 quam
1556 1196 1748 1243 contra
1788 1188 1960 1244 Deum

377 1287 679 1350 contraque
715 1279 1032 1350 magistrum
1079 1296 1241 1334 suum
1268 1280 1539 1335 exhibuit.

447 1372 655 1427 Eodem
713 1388 934 1442 quoque
994 1388 1139 1428 anno
1191 1382 1247 1427 et
1304 1373 1707 1430 Constantinus
1758 1374 1964 1445 impius

378 1470 572 1515 contra
620 1471 837 1517 sanctas
878 1472 935 1516 et
967 1462 1319 1517 venerabiles
1369 1464 1640 1534 imagines
1667 1466 1962 1520 concilium

379 1553 631 1622 iniquum
692 1552 796 1608 558
858 1554 1247 1623 episcoporum
1288 1557 1640 1625 congregavit
1682 1557 1736 1610 in
1763 1557 1964 1627 palatio

380 1644 622 1709 liieriae,
692 1659 926 1714 quorum
990 1645 1205 1713 primus
1261 1652 1383 1699 erat
1442 1646 1755 1714 Ephesinus
1819 1646 1965 1701 filius

379 1732 654 1804 Apsimari
703 1744 760 1788 et
790 1733 1042 1788 Pastillas
1088 1733 1401 1804 Pergensis,
1435 1735 1529 1803 qui
1580 1736 1723 1805 apud
1752 1751 1811 1791 se
1842 1723 1965 1805 quas

379 1826 486 1881 sibi
553 1825 670 1880 visa
732 1834 864 1881 sunt
901 1825 1365 1896 dogmatizarunt,
1401 1827 1554 1881 nullo
1599 1836 1871 1897 praesente
1896 1844 1961 1882 ex

2059 644 2114 688 et
2136 634 2331 689 Emesa
2356 646 2411 689 et
2445 636 2717 688 maritima
2744 635 3011 705 ceperint.
3038 645 3201 705 atque
3233 637 3285 690 in
3309 653 3405 691 eos
3434 638 3645 694 irruere

2062 726 2421 781 meditantem
2448 727 2700 779 cohibuit
2726 744 2849 779 cum
2874 727 3228 781 exercitibus.
3250 727 3317 781 At
3345 728 3435 782 ille
3471 728 3646 782 iratus

2059 814 2279 868 Abdelze
2320 815 2386 869 ad
2425 814 2750 869 interiorem
2796 816 3075 871 Persidem
3127 832 3252 870 cum
3288 818 3645 872 multitudine

2061 908 2398 976 properavit.
2428 907 2600 973 Quem
2651 924 2775 962 eum
2817 910 3176 963 vehementer
3220 909 3313 963 ille
3350 920 3645 975 metueret,

2062 1000 2294 1052 accersit
2339 1015 2465 1053 eum
2511 1000 2779 1053 suasoriis
2822 1001 3008 1055 verbis
3057 1010 3112 1055 et
3146 1002 3430 1070 precibus,
3482 1014 3649 1071 atque

2064 1091 2197 1161 ipsis
2242 1092 2680 1145 cxsecrabilibus
2727 1093 2992 1161 principis
3027 1109 3219 1147 eorum
3248 1094 3512 1164 symbolis
3554 1095 3650 1148 de-

2047 1183 2304 1269 xstinatis,
2340 1184 2490 1252 virga
2518 1183 2778 1238 videlicet
2804 1195 2969 1253 atque
3007 1186 3272 1239 sandaliis
3304 1186 3653 1256 pseudopro-

2064 1275 2243 1344 phetre
2293 1276 2564 1337 Maumcd,
2593 1288 2859 1347 expetens
2892 1289 2950 1332 ut
2989 1278 3055 1331 ad
3097 1294 3154 1333 se
3191 1279 3275 1333 via
3334 1280 3499 1333 unius
3538 1279 3649 1333 diei

2063 1364 2455 1430 diverteretur,
2505 1377 2777 1436 quatenus
2818 1369 2867 1422 ei
2912 1368 3174 1423 decentes
3223 1371 3522 1437 gratiarum
3563 1387 3653 1423 ac-

2067 1456 2245 1510 tiones
2274 1456 2539 1510 dcferret.
2576 1458 2644 1511 At
2674 1459 2764 1511 ille
2796 1450 3063 1529 deceptus
3098 1461 3248 1512 venit
3282 1476 3404 1513 cum
3428 1472 3653 1514 centum

2066 1548 2311 1603 millibus
2338 1551 2609 1619 equitum,
2636 1552 2933 1620 unitusque
2959 1553 3034 1605 illi
3059 1553 3329 1607 occiditur
3355 1553 3423 1607 ab
3449 1568 3514 1608 eo
3539 1569 3654 1607 ma-

2067 1638 2231 1692 nibus
2265 1640 2528 1707 propriis,
2563 1640 2757 1709 sicque
2788 1642 3132 1710 principatus
3162 1642 3387 1696 Abdcla:
3434 1643 3653 1696 confer-

2069 1739 2180 1793 tur,
2206 1731 2300 1799 qui
2334 1731 2397 1784 ‘21
2436 1731 2711 1787 Arabibus
2742 1734 2965 1802 praefuit
2993 1736 3171 1789 annis.

2140 1824 2299 1878 Anno
2349 1824 2565 1893 imperii
2616 1823 2963 1880 Constantini
3024 1827 3090 1879 15
3156 1828 3357 1883 Paulus
3397 1830 3657 1882 Romana:

380 1920 669 1977 catholicis
698 1920 947 1984 sedibus,
981 1921 1223 1974 ltomana
1273 1919 1565 1976 scilicetet
1591 1921 1957 1987 Antiochena,
1990 1891 2038 1949 Β
2066 1916 2214 1969 sedis
2252 1916 2449 1985 pracsul
2503 1915 2765 1970 habetur.
2793 1917 3012 1971 Nicetas
3048 1916 3397 1988 Ileliopuleus
3428 1920 3658 1973 anather

381 2013 753 2069 Alexandrina
807 2012 924 2067 sive
967 2012 1489 2085 Hierosolymitana.
1543 2013 1814 2083 Aquarto
1838 2013 1961 2068 idus

383 2106 715 2163 Februarias
773 2105 1103 2177 incipientes
1161 2105 1605 2177 perduraverunt
1664 2118 1840 2175 usque
1894 2105 1961 2159 ad

380 2207 595 2255 sextum
628 2196 752 2253 idus
767 2197 1044 2268 Augustas
1072 2197 1319 2268 ejusdem
1342 2196 1591 2266 septimae
1617 2195 1960 2251 indictionis.

382 2290 486 2357 Qui
514 2304 638 2345 cum
693 2289 749 2343 in
781 2289 1114 2344 Blachernas
1159 2287 1253 2344 Dei
1286 2287 1585 2344 Genitricis
1615 2289 1803 2342 hostes
1834 2302 1965 2342 con-

381 2382 710 2446 venissent,
770 2379 1018 2435 ascendit
1078 2378 1488 2435 Constantinus
1562 2380 1863 2449 imperator
1908 2379 1963 2434 in

381 2471 697 2534 ambonem,
750 2479 943 2525 tenens
971 2468 1404 2525 Constantinum
1458 2470 1814 2535 monachum,
1868 2454 1963 2540 qui

383 2559 490 2615 fuit
543 2559 703 2631 Sylaei
760 2560 1075 2630 episcopus.
1110 2558 1248 2614 Cum
1297 2568 1530 2625 orasset,
1582 2575 1717 2615 voce
1766 2576 1963 2631 magna

382 2648 763 2721 pronuntiavit
806 2652 997 2708 dicens
1048 2668 1062 2704 :
1116 2651 1469 2706 Constantino
1527 2653 1819 2707 universali
1863 2670 1963 2723 pa-

384 2744 635 2797 triarcha:
663 2742 855 2796 multos
889 2759 1079 2797 annos.
1117 2742 1182 2797 Et
1213 2742 1341 2798 dein
1378 2743 1627 2799 ascendit
1664 2744 1965 2814 imperator

382 2849 509 2891 cum
538 2833 898 2890 Constantino
922 2836 1187 2890 scelerato
1213 2835 1448 2904 praesule
1504 2843 1559 2890 et
1592 2836 1821 2905 reliquis
1849 2837 1965 2907 epi-

388 2927 577 2996 scopis
613 2928 813 2991 forum,
842 2935 900 2981 et
926 2925 1376 2982 exclamaverunt
1417 2926 1762 2998 divulgantes
1811 2944 1966 2983 suam

386 3019 722 3075 cacodoxam
778 3018 1031 3075 haeresim
1068 3020 1123 3076 in
1180 3027 1481 3088 conspectu
1540 3020 1710 3076 totius
1764 3020 1963 3091 plebis,

385 3112 919 3167 anathematizantes
943 3110 1278 3166 Germanum
1306 3111 1709 3166 sanctissimum
1752 3123 1810 3168 et
1832 3112 1965 3169 Gre-

384 3203 596 3273 gorium
625 3203 885 3274 Cyprium
920 3212 977 3257 et
997 3203 1262 3257 Joannem
1307 3200 1740 3273 Chrysorrhoam
1781 3206 1970 3259 Dama-
1994 3240 2038 3300 ο

385 3308 637 3362 scenum,
666 3304 921 3365 nepotem
942 3296 1185 3360 Mansur,
1216 3294 1360 3349 viros
1381 3305 1600 3351 sanctos
1626 3306 1682 3352 et
1707 3313 1968 3352 reveren-

385 3384 486 3441 dos
509 3387 822 3455 magistros.

459 3475 647 3529 Mundi
675 3491 820 3530 anno
843 3475 1005 3541 6246,
1030 3475 1231 3533 divina
1257 3478 1657 3533 incarnationis
1678 3494 1823 3534 anno
1840 3479 1967 3546 746,

385 3581 534 3621 anno
584 3583 718 3622 vero
766 3569 986 3639 imperii
1037 3568 1388 3625 Constantini
1429 3570 1518 3634 14,
1574 3570 1972 3629 Constantinus

384 3659 1035 3730 Constantinopolitanus
1075 3662 1311 3717 habetur
1341 3662 1592 3727 antistes,
1630 3663 1725 3731 qui
1756 3662 1821 3717 12
1870 3663 1972 3719 Ec-

384 3752 568 3807 clesiae
605 3752 829 3821 praefuit
872 3754 1052 3808 annis.
1091 3752 1207 3808 Hoc
1253 3769 1475 3824 quoque
1520 3769 1665 3808 anno
1696 3753 1969 3821 Maumed,

396 3845 481 3915 {ui
536 3853 594 3899 et
640 3844 940 3909 Ahulabas,
987 3855 1242 3902 mortuus
1280 3856 1387 3912 est,
1426 3862 1552 3902 cum
1594 3849 1627 3903 5
1660 3849 1971 3918 praefuisset

386 3937 572 3992 annis.
607 3937 849 4006 Eratque
887 3937 1126 3992 Abdelas
1170 3938 1341 3992 frater
1365 3940 1486 4009 ejus
1524 3940 1579 3993 in
1611 3939 1821 3994 Machia
1849 3941 1972 3995 loco

387 4026 745 4096 blasphemiae
772 4028 1043 4096 ipsorum.
1074 4027 1284 4082 Scribit
1313 4044 1444 4099 ergo
1468 4029 1841 4094 Ahumuslim,
1875 4032 1971 4100 qui

385 4128 507 4188 erat
539 4119 592 4173 in
629 4118 878 4184 Perside,
925 4119 1372 4175 conservandum
1409 4122 1514 4177 sibi
1543 4123 1724 4179 locum
1760 4127 1972 4195 princi-

385 4221 573 4281 patus.
617 4212 763 4265 sicut
795 4212 901 4265 sibi
939 4220 1090 4267 sorte
1132 4212 1313 4269 fuerat
1357 4214 1676 4285 deputatus.
1708 4217 1811 4284 Qui
1844 4234 1971 4273 cum

385 4303 674 4359 didicisset
727 4303 994 4359 Abdelam
1046 4303 1220 4359 filium
1280 4304 1499 4370 Halim,
1550 4308 1776 4364 fratrem
1840 4327 1973 4366 vero

385 4394 580 4461 Salim,
612 4410 891 4450 summum
917 4404 1209 4464 praetorem
1246 4395 1435 4467 Syrize,
1467 4398 1839 4468 principatum
1866 4400 1972 4455 sibi

387 4483 762 4548 aflectantem,
796 4495 852 4539 et
880 4487 1219 4541 veniendum
1262 4488 1330 4543 ad
1358 4488 1731 4543 obtinendam
1788 4492 1973 4547 Persi-

2064 2006 2358 2059 matizatus
2404 2016 2489 2060 est
2542 2021 2570 2059 a
2631 2016 2743 2060 tota
2788 2008 3053 2063 Ecclesia.
3103 2010 3407 2078 Imperator
3470 2019 3654 2064 autem

2063 2097 2461 2152 Constantinus
2502 2098 2668 2169 Syros
2712 2110 2768 2154 et
2806 2100 3117 2164 Armenios,
3156 2118 3295 2170 quos
3336 2119 3364 2156 a
3396 2103 3654 2157 Theodo-

2064 2191 2262 2261 siopoli
2285 2202 2340 2245 et
2376 2191 2634 2245 Melitana
2660 2184 2917 2252 duxerat.
2954 2194 3009 2247 in
3042 2194 3313 2249 Thracem
3340 2196 3655 2265 emigravit,

2064 2300 2128 2338 ex
2159 2284 2363 2353 quibus
2384 2284 2548 2337 etiam
2572 2282 3014 2340 Paulicianorum
3041 2296 3125 2341 est
3156 2287 3381 2341 haeresis
3410 2288 3653 2342 dilatata.

2066 2371 2333 2427 Similiter
2359 2382 2414 2427 et
2449 2373 2501 2426 in
2536 2374 2673 2428 urbe
2728 2374 2921 2445 paucis
2953 2391 3067 2445 prae
3110 2378 3447 2432 mortalitate
3496 2379 3660 2434 factis

2065 2464 2471 2520 habitatoribus
2499 2467 2639 2536 ejus,
2668 2465 2827 2520 duxit
2855 2482 2962 2520 una
2999 2483 3123 2521 cum
3162 2468 3406 2531 familiis,
3447 2479 3554 2524 tam
3590 2486 3659 2525 ex

2066 2556 2266 2611 insulis
2308 2566 2365 2612 et
2416 2557 2639 2613 Hellade
2673 2575 2837 2628 quam
2881 2575 2946 2613 cx
2993 2560 3353 2617 inferioribus
3385 2564 3656 2632 partibus,

2067 2648 2257 2717 sicque
2301 2648 2495 2704 urbem
2544 2650 2796 2705 habitare
2831 2649 2983 2718 fecit,
3016 2668 3178 2722 quam
3211 2662 3267 2709 et
3310 2654 3656 2709 condensam

2068 2740 2334 2795 reddidit.
3662 2800 3675 2808 _

2138 2833 2347 2887 Eodem
2398 2850 2620 2904 quoque
2672 2851 2818 2890 anno
2867 2836 3134 2906 quzesiere
3188 2838 3454 2910 Vulgarcs
3497 2849 3658 2909 pacta

2068 2934 2297 2996 propter
2321 2934 2501 2981 castra
2541 2943 2663 2997 quae
2693 2937 3013 2982 constructa
3062 2922 3313 3004 fuerant.
3336 2930 3433 2985 Ast
3479 2929 3658 2998 impe-

2070 3025 2254 3071 ratore
2288 3017 2709 3086 apocrisiarium
2744 3034 2938 3072 eorum
2969 3019 3369 3073 debonestante
3400 3018 3660 3073 exierunt

2069 3107 2364 3173 hostiliter,
2387 3115 2443 3161 et
2491 3123 2668 3178 usque
2704 3107 2771 3161 ad
2812 3107 3063 3179 Longum
3109 3125 3327 3163 murum
3360 3118 3655 3174 venerunt,

2070 3210 2127 3255 et
2154 3201 2329 3255 multo
2359 3199 2575 3253 excidio
2601 3209 2920 3269 perpetrato
2952 3200 3107 3255 illazsi
3144 3203 3354 3257 reversi
3379 3210 3529 3254 sunt.

2146 3296 2306 3350 Anno
2348 3294 2563 3365 imperii
2599 3294 2946 3350 Constantini
2981 3296 3047 3349 16
3081 3304 3243 3351 terra:
3278 3306 3461 3351 motus
3511 3295 3660 3349 haud

2071 3388 2323 3442 modicus
2371 3387 2547 3442 factus
2578 3398 2665 3443 est
2710 3388 2766 3441 in
2817 3389 3103 3443 Palaestina
3130 3396 3185 3442 et
3227 3389 3385 3458 Syria
3423 3390 3660 3458 septimo

2073 3480 2197 3535 idus
2225 3480 2475 3545 Martias;
2507 3488 2563 3534 et
2590 3481 2747 3535 exsul
2774 3480 2953 3534 factus
2986 3490 3071 3535 est
3103 3480 3430 3535 Theodorus
3460 3481 3656 3534 Antio-

2072 3572 2211 3628 chiae
2259 3572 2595 3642 patriarcha.
2646 3572 2854 3626 invidia
2895 3572 3192 3643 derogatus
3226 3572 3338 3641 (80)
3388 3573 3660 3636 Arabum,

2071 3665 2219 3736 quod
2249 3664 2449 3718 crebro
2489 3664 2808 3734 imperatori
2841 3662 3207 3719 Constantino
3247 3678 3442 3718 causas
3469 3677 3663 3718 eorum

2072 3773 2171 3827 per
2215 3758 2432 3811 litteras
2481 3756 2768 3811 indicaret.
2819 3756 2888 3810 Et
2924 3756 2993 3810 de
3043 3766 3242 3811 cetero
3287 3755 3455 3810 Salim
3513 3750 3679 3809 hunc

2074 3851 2319 3905 exsulem
2356 3848 2507 3915 fecit,
2543 3849 2770 3903 mittens
2799 3864 2925 3903 eum
2964 3849 3019 3902 in
3054 3848 3447 3903 Mohabitidem
3480 3849 3666 3919 ι’εείοη

2076 3926 2226 4009 nem,
2268 3943 2504 4014 patriam
2541 3958 2719 3997 suam.
2748 3944 3132 4019 _Pr:ecepitque
3167 3943 3311 3999 idem
3350 3944 3494 3997 Alim
3541 3960 3673 3997 non

2072 4036 2474 4091 construendas
2491 4052 2661 4091 novas
2676 4039 2938 4093 ecclesias
2958 4053 3063 4092 nec
3084 4052 3306 4093 crucem
3335 4038 3657 4102 videndam,

2072 4129 2167 4184 sed
2203 4145 2385 4200 neque
2414 4130 2483 4185 de
2532 4129 2639 4185 fide
2673 4147 2702 4185 a
2733 4130 3050 4186 Christiano
3094 4146 3221 4185 cum
3254 4130 3532 4207 Arabibus
3562 4130 3693 4184 dot

2072 4228 2505 4299 gmatizandum.
2542 4230 2720 4284 Porro
2748 4230 3053 4283 exercitum
3083 4227 3257 4281 movit
3291 4226 3434 4281 idem
3471 4235 3660 4281 contra

2056 4320 2398 4374 ‘Romaniam
2425 4336 2548 4375 cum
2584 4320 2653 4375 80
2681 4321 2950 4384 millibus,
2978 4328 3043 4387 et
3066 4319 3306 4375 veniens
3354 4318 3410 4371 in
3444 4318 3663 4387 Cappa—

2079 4412 2295 4467 dociam
2326 4412 2539 4466 audivit
2579 4386 3004 4467 Constantinum
3036 4410 3302 4466 adversus
3341 4425 3401 4465 se
3431 4411 3665 4464 venien-

2078 4513 2189 4560 tem
2226 4514 2524 4569 armatum,
2558 4514 2615 4559 et
2638 4504 2869 4559 territus
2911 4502 3160 4558 inefﬁcax
3188 4501 3496 4571 repedavit,
3516 4501 3663 4579 “nihil

386 4576 537 4641 dem,
572 4577 1073 4667 adversantemque
1110 4579 1315 4645 Persis,
1353 4588 1409 4635 et
1442 4579 1719 4636 faventem
1758 4581 1846 4635 his
1880 4583 1976 4652 qui
2003 4578 2056 4638 D
2083 4597 2470 4667 depopulatus,
2499 4596 2604 4651 nisi
2630 4594 2775 4665 quod
2813 4595 3008 4665 paucis
3035 4594 3313 4648 Armeniis
3338 4592 3405 4648 ad
3440 4576 3667 4648 εεόοη-

386 4676 546 4722 erant
603 4668 772 4739 Syriae
806 4662 1032 4740 quique
1074 4671 1487 4727 auxiliabantur
1535 4672 1625 4739 ei,
1689 4676 1976 4732 concitatis

299 4831 306 4838 _
387 4759 729 4815 exercitibus
768 4761 885 4816 suis
916 4763 1236 4833 aggreditur
1262 4778 1390 4817 eum
1431 4765 1577 4834 apud
1622 4766 1886 4831 Nitzibin,
1919 4777 1976 4823 et

388 4849 540 4904 victo
568 4865 636 4905 eo
666 4851 1015 4907 Abumuslim
1063 4854 1270 4909 multos
1306 4855 1542 4924 peremit
1571 4873 1585 4909 :
1631 4867 1790 4912 erant
1822 4859 1973 4914 enim

392 4942 582 5011 plures
626 4959 693 4999 ex
741 4944 831 5000 bis
876 4944 1059 5001 Sclavi
1093 4954 1149 5001 et
1190 4946 1545 5003 Antiocheni.
1600 4948 1698 5004 Ast
1738 4951 1976 5007 Abdelas

388 5035 541 5091 solus
569 5037 759 5093 salvus
797 5054 1090 5094 remanens
1114 5047 1239 5110 post
1278 5055 1483 5110 paucos
1511 5040 1631 5096 dies
1666 5043 1826 5113 petiit
1856 5060 1978 5099 ver-

391 5129 523 5184 bum
557 5131 810 5201 accipere
857 5132 927 5186 ab
973 5132 1150 5187 altero
1203 5133 1433 5199 Abdela,
1489 5134 1659 5190 fratre
1702 5136 1977 5206 Maumed,

390 5219 652 5276 veniente
702 5221 754 5275 in
799 5221 1083 5277 Persidem
1126 5224 1313 5279 studio
1345 5225 1519 5279 multo
1552 5242 1582 5279 a
1617 5226 1827 5295 Macha,
1864 5244 1976 5299 quo

395 5312 449 5366 in
474 5312 811 5369 domuncula
840 5314 1149 5385 putrefacta
1179 5326 1399 5371 retruso
1422 5317 1588 5373 effodi
1620 5319 1976 5377 fundamenta

393 5408 722 5477 praecipiens
751 5408 899 5463 hunc
924 5408 1063 5462 clam
1090 5409 1393 5464 interfecit.
1428 5411 1601 5466 Porro
1628 5411 1976 5469 Abumuslim

393 5497 695 5554 furientem
741 5501 1005 5557 adversus
1035 5503 1245 5559 Arabes
1284 5503 1454 5576 Syria:
1496 5520 1598 5573 pro
1639 5520 1705 5560 eo
1740 5506 1885 5575 quod
1920 5506 1976 5561 in

2084 4686 2387 4742 fluentibus
2419 4688 2717 4756 assumptis
2744 4700 3004 4741 reversus
3035 4695 3140 4739 est.

2152 4778 2546 4848 Annoimperii
2580 4777 2931 4832 Constantini
2967 4778 3032 4831 l7
3062 4777 3305 4832 Abdelas
3329 4775 3663 4830 tributorum

2081 4870 2351 4925 rationem
2414 4870 2747 4926 Christianis
2792 4868 3099 4939 ampliavit,
3157 4870 3295 4924 adeo
3351 4879 3411 4922 ut
3470 4882 3666 4921 omnes

2082 4962 2383 5018 monachos
2409 4970 2465 5017 et
2488 4962 2767 5018 inclausos
2790 4972 2956 5032 atque
2986 4960 3240 5025 cionitas,
3264 4961 3359 5031 qui
3386 4962 3501 5015 Deo
3524 4960 3666 5014 bene

2081 5054 2299 5125 placere
2348 5053 2743 5117 noscebantur,
2785 5053 2890 5109 sub
2939 5055 3163 5109 tributis
3217 5054 3517 5123 redigeret.
3575 5050 3664 5105 Si—

2082 5143 2271 5214 gnavit
2311 5151 2496 5197 autem
2523 5143 2888 5218 ecclesiarum
2923 5142 3313 5205 cimiliarehia,
3361 5151 3421 5197 et
3471 5139 3663 5195 eduxit

2082 5234 2425 5291 Ilebrteosad
2450 5234 2878 5290 venundandum
2901 5234 3080 5299 illa,et
3103 5244 3437 5290 emeruntea
3455 5232 3661 5287 liberti.

2152 5326 2311 5380 Anno
2372 5325 2592 5394 imperii
2647 5325 2733 5380 sui
2782 5325 2849 5379 18
2904 5324 3306 5379 Constantinus
3360 5322 3662 5378 Sclavinias

2080 5432 2251 5493 penes
2302 5416 2680 5471 Macedoniam
2732 5416 2940 5486 positas
2967 5416 3265 5485 captivavit
3311 5424 3367 5469 et
3416 5414 3663 5481 reliquos

2080 5512 2413 5584 subjugavit.
2464 5511 2671 5567 Eodem
2715 5526 2849 5565 vero
2882 5527 3027 5565 anno
3073 5509 3295 5579 quidam
3326 5525 3394 5563 ex
3438 5507 3662 5562 Mauro-

1922 5646 2153 5709 ΝΟΤιΕ.

467 5730 577 5805 (80)
620 5720 934 5805 Derogatus,
956 5732 1283 5805 διᾳσληθείς.
1315 5733 1453 5789 Hist.
1496 5735 1622 5805 trip.
1649 5737 1718 5791 52
1748 5755 1760 5789 :
1791 5756 1809 5788 ‹
1841 5755 1965 5795 cre-

394 5802 532 5877 dens
549 5803 997 5877 derogationibus
1012 5802 1158 5877 his.
1184 5805 1323 5877 Non.
1344 5802 1654 5877 detrahere,
1674 5807 1960 5877 derogare.

394 5871 600 5928 Glossar
623 5872 863 5929 Dosithei
907 5875 1190 5959 mastistri:
1229 5875 1474 5946 derogat,
1500 5875 1761 5941 detrahit,
1811 5871 1965 5937 oblo-

2069 5746 2277 5815 quitur.
2309 5746 2590 5801 Goffridus
2615 5743 2787 5815 abbas
2822 5742 3052 5815 Vindoc.
3079 5740 3239 5809 epist.
3276 5740 3425 5815 rt__29
3456 5755 3467 5790 :
3500 5758 3517 5788 ‹
3548 5753 3650 5793 nec

2072 5809 2319 5887 pontihci
2350 5819 2493 5873 sicut
2528 5814 2693 5871 Maria
2727 5813 2895 5886 Moysi
2926 5813 3274 5883 derogarent.
3310 5809 3471 5863 FABR.
3512 5827 3531 5859 ι
