4414 6462
835 415 973 480 i379

1875 407 2266 476 ANASTAS"
2307 404 2923 499 BIBLIOTHECABII

3911 395 4069 458 1380

835 525 1024 592 phoris
1063 520 1264 582 Persis,
1302 532 1428 574 cum
1471 517 1693 586 magica
1736 514 2019 583 religionis
2045 523 2251 578 essent,
2293 512 2390 566 de-
2421 515 2463 572 Α
2493 535 2752 590 mune,“
2783 551 2797 588 ε
2833 522 3147 588 manuum
3177 532 3325 586 enim
3362 547 3430 586 ex
3462 532 3545 586 eis
3573 531 3627 584 in
3662 529 3827 584 domo
3857 527 3913 582 in
3940 541 4068 596 qu.

835 612 1086 678 eeptione
1115 608 1324 664 detenti
1357 607 1584 665 diaboli,
1610 603 1919 658 venundata
1949 602 2253 657 substantia
2296 617 2393 656 sua

835 703 965 756 nudi
1006 715 1171 769 supra
1199 713 1387 754 muros
1415 697 1772 756 ascendentes
1792 692 2153 762 projiciebant
2191 700 2396 747 semet-

835 795 1002 862 ipsos,
1030 791 1105 845 ita
1131 799 1190 843 ut
1220 804 1277 843 se
1305 790 1486 843 volare
1523 787 1574 839 in
1616 785 1814 838 caelum
1837 782 2272 847 arbitrarentur;
2303 781 2396 850 qui

836 884 971 938 nihil
1017 881 1230 937 ratione
1279 881 1505 949 dignum
1549 876 1715 929 sortis
1744 875 1890 928 illius
1932 874 2216 936 habentes,
2246 881 2398 927 artus

833 974 1194 1028 conterebant
1234 972 1301 1025 ad
1365 971 1470 1023 ima
1509 965 2043 1031 dcmersi.-Quorum
2100 964 2397 1028 sexdecim,

835 1081 932 1118 eos
961 1065 1242 1117 dumtaxat
1271 1062 1364 1129 qui
1410 1060 1463 1110 in
1499 1071 1686 1110 errore
1720 1054 2131 1124 praeminebant,
2161 1053 2401 1108 Abdelas

837 1171 936 1224 per
958 1154 1126 1208 Salim
1159 1150 1434 1205 interfecit
1456 1149 1510 1201 in
1540 1146 1731 1199 Beroea
1763 1154 1820 1199 et
1850 1143 2129 1197 Chalcide.

907 1246 1064 1298 Anno
1096 1241 1315 1311 imperii
1342 1235 1688 1292 Constantini
1726 1235 1791 1290 l9
1831 1233 2034 1287 invidia
2059 1231 2402 1287 Christianos

841 1335 1245 1404 prohibuerunt
1296 1331 1502 1383 Arabes
1535 1344 1565 1382 a
1621 1325 1855 1395 publicis
1895 1325 2280 1379 chartotbesiis
2333 1323 2400 1376 ad

844 1426 1122 1479 modicum
1150 1432 1385 1488 tempus.
1415 1419 1523 1473 Sed
1547 1432 1739 1471 rursus
1762 1416 1933 1470 coacti
1954 1414 2298 1469 committunt
2322 1414 2404 1468 eis

841 1515 1037 1568 eadem
1070 1513 1206 1581 ipsa,
1239 1525 1306 1564 eo
1329 1508 1476 1578 quod
1508 1523 1616 1562 non
1649 1507 1858 1575 possint
1889 1505 1988 1575 ipsi
2024 1505 2265 1560 scribere
2290 1506 2401 1560 cal-

841 1603 1180 1662 culationcs,
1241 1601 1495 1668 aciesque
1557 1598 1875 1651 direxcrunt
1929 1597 2144 1651 multas.
2193 1595 2297 1651 Sed
2347 1603 2403 1650 ct

847 1694 1068 1749 Paulum
1107 1700 1393 1760 praetorem
1443 1691 1889 1744 Armeniacornm
1933 1689 2136 1744 bellum
2182 1698 2403 1758 agentes

843 1781 986 1850 apud
1007 1781 1197 1838 Melam
1216 1789 1572 1848 peremerunt
1593 1795 1717 1835 cum
1737 1779 2012 1834 exercitus
2029 1779 2400 1839 multitudine,

845 1888 1055 1925 necnon
1093 1881 1149 1925 ct
1205 1870 1274 1925 42
1309 1871 1550 1939 insignes
1585 1871 1734 1924 viros
1765 1871 1979 1924 vinctos
2017 1870 2310 1932 duxerunt,
2350 1879 2406 1923 et

844 1963 1020 2031 capita
1056 1963 1245 2015 multa.
1284 1961 1586 2027 Imperator
1614 1951 1796 2012 autem
1827 1960 2127 2013 exercitum
2161 1960 2328 2015 movit
2352 1961 2404 2013 in

845 2053 1178 2121 angariam,
1203 2060 1259 2105 et
1288 2051 1514 2104 veniens
1542 2049 1596 2103 in
1625 2049 1938 2118 Veregaban
1965 2048 2032 2102 ad
2075 2049 2405 2114 clausuram,

847 2143 1068 2194 obviam
1093 2142 1142 2194 ei
1174 2140 1439 2209 Vulgares
1456 2139 1800 2194 advenerunt
1824 2147 1879 2193 et
1907 2139 2106 2193 multos
2135 2139 2409 2193 exercitus

847 2235 968 2302 ejus
1006 2232 1438 2295 trucidaverunt,
1465 2233 1520 2285 in
1547 2231 1749 2301 quibus
1777 2240 1832 2286 et
1851 2230 2087 2285 Leonem
2116 2232 2406 2301 patricium

846 2333 901 2379 et
925 2332 1212 2393 praetorem
1244 2321 1688 2384 Thracesiorum,
1723 2330 1780 2375 et
1799 2321 1965 2376 alium
1992 2320 2225 2375 Leonem
2257 2320 2408 2392 logo-

850 2417 1053 2470 tbetam
1076 2430 1292 2480 cursus,
1324 2423 1380 2469 et
1412 2415 1673 2485 pepulum
1708 2414 1961 2478 multum,
1988 2427 2051 2467 ac
2082 2419 2412 2483 acceperunt

849 2522 999 2562 arma
1032 2522 1255 2572 eorum;
1295 2517 1352 2562 et
1398 2507 1478 2562 sic
1514 2506 1804 2560 inhoneste
1833 2504 2036 2560 reversi
2073 2506 2203 2560 sunt
2240 2503 2412 2575 impe-

850 2609 1000 2652 rator
1024 2606 1080 2653 et
1105 2600 1191 2653 sui
1222 2598 1317 2667 qui
1346 2606 1750 2654 remanserunt.

921 2688 1083 2742 Anno
1126 2687 1339 2756 imperii
1381 2686 1729 2740 Constantini
1769 2685 1840 2741 20
1886 2685 2062 2741 factus
2111 2693 2197 2740 est
2259 2698 2416 2740 error

855 2777 1095 2840 Pascha,
1118 2785 1174 2832 et
1204 2775 1491 2831 orthodoxi
1517 2776 1737 2846 quidem
1757 2776 1810 2830 in
1835 2773 2064 2831 Oriente
2083 2783 2276 2830 octavo
2293 2774 2418 2830 idus

854 2866 1092 2936 Aprilias
1123 2866 1330 2922 Pascha
1359 2852 1798 2930 celebraverunt,
1822 2874 1878 2921 at
1903 2879 2037 2921 vero
2058 2864 2278 2921 erronei
2307 2863 2418 2920 he-

854 2960 1010 3015 retici
1042 2961 1164 3016 idus
1181 2960 1445 3030 Aprilias.

926 3054 1130 3109 Eodem
1161 3067 1306 3107 anno
1336 3051 1654 3106 translatum
1671 3057 1756 3104 est
1771 3056 1935 3120 caput
1957 3046 2015 3104 S.
2037 3046 2261 3104 Joannis
2280 3062 2418 3122 pra-

2496 634 2606 679 tres
2626 625 2822 680 fratres
2851 621 3168 684 manebant,
3197 629 3254 674 et
3281 620 3579 674 voluerunt
3617 631 3815 672 uxores
3856 627 4067 670 eorum

2495 716 2553 771 in
2597 714 2822 786 pelagus
2862 715 3065 786 jacere.
3121 709 3418 780 Surgentes
3463 717 3645 764 autem
3686 716 3803 762 tres
3853 705 4072 760 fratres

2499 805 2824 862 occiderunt
2873 812 2931 858 et
2973 803 3283 858 obruerunt
3317 799 3458 863 illos,
3499 797 3594 854 sed
3642 807 3698 852 et
3745 793 4070 857 coaeervati

2496 895 2815 950 occiderunt
2832 894 2996 949 etiam
3029 893 3288 962 reliquos.
3312 889 3520 944 Etcum
3544 889 3784 945 misisset
3804 885 4074 943 seliehus

2498 986 2741 1049 militias,
2786 984 3166 1040 fraudulenter
3193 994 3396 1037 venere
3424 994 3590 1050 super
3633 979 3779 1042 illos,
3809 986 3866 1034 et
3903 990 4072 1032 eum-

2500 1077 2785 1145 prehensis
2830 1077 2911 1130 eis
2957 1075 3203 1144 patibqu
3240 1071 3646 1144 suspenderunt
3682 1080 3792 1124 tres
3833 1069 4068 1132 fratres,

2499 1173 2557 1218 et
2594 1163 2797 1218 multos
2841 1164 2977 1218 alios
3018 1152 3361 1218 occiderunt.
3406 1162 3577 1216 Porro
3615 1158 3904 1213 festivitate
3953 1156 4073 1211 Pa-

2500 1253 2672 1309 schali
2705 1253 2986 1322 ingressus
3012 1263 3098 1307 est
3125 1251 3191 1306 ad
3218 1259 3461 1307 sanctam
3484 1249 3770 1304 collectam
3790 1247 3845 1301 in
3869 1246 4074 1311 catho-

2501 1342 2606 1396 lica
2647 1340 2911 1396 Ecclesia.
2967 1340 3215 1409 Cumque
3287 1336 3740 1408 metropolitanus
3772 1334 4076 1404 episcopus

2501 1443 2723 1495 astaret.
2743 1443 2800 1488 et
2821 1431 3153 1487 exclamaret
3175 1445 3329 1484 more
3352 1429 3513 1484 solito
3528 1429 3642 1482 Deo
3664 1425 3887 1480 dicens:
3910 1421 4072 1476 Plebs

2507 1524 2646 1578 enim
2669 1532 2762 1575 tua
2793 1531 2839 1574 et
2865 1519 3100 1575 Ecclesia
3125 1529 3218 1572 tua
3239 1519 3501 1588 supplicat
3521 1526 3569 1571 te
3594 1516 3727 1585 (8|),
3757 1513 4075 1568 eduxerunt

2500 1626 2625 1665 eum
2656 1618 2712 1664 ct
2755 1610 3096 1662 incluserunt
3133 1608 3186 1660 in
3221 1620 3466 1678 carcere,
3497 1614 3555 1661 et
3593 1604 3736 1658 alius
3769 1601 4076 1671 complevit

2503 1713 2745 1756 sanctam
2765 1700 3070 1762 collectam,
3101 1707 3157 1753 et
3189 1697 3368 1755 factus
3393 1705 3479 1753 est
3505 1697 3672 1751 timor
3706 1707 3969 1764 magnus;
4008 1699 4074 1744 et

2504 1791 2607 1843 nisi
2632 1787 2977 1857 metropolita
3001 1786 3308 1841 moralitate
3338 1801 3403 1840 ac
3435 1782 3737 1838 humilibus
3759 1782 3938 1837 verbis
3968 1780 4089 1834 mis

2507 1881 2727 1949 tigassct
2747 1893 2895 1940 eum,
2923 1877 3126 1930 malum
3153 1874 3396 1944 profecto
3433 1875 3625 1944 ingens
3650 1873 3787 1928 hora
3816 1873 3904 1927 illa
3938 1887 4076 1926 con-

2508 1980 2850 2044 summatum.
2901 1967 3114 2023 fuisset.
3160 1967 3292 2022 Erat
3340 1976 3521 2021 autem
3573 1964 3664 2020 hic
3720 1965 4077 2020 beatissimus

2506 2061 2850 2117 Anastasius.
3292 2060 3298 2067 '

2572 2153 2774 2207 Eodem
2807 2165 3026 2221 quoque
3064 2164 3210 2205 anno
3237 2160 3294 2206 et
3320 2148 3713 2207 Constantinus
3745 2152 4074 2219 persecutor

2507 2241 2777 2297 Andream
2823 2238 3234 2294 memorabilem
3281 2236 3631 2301 monachum,
3661 2236 3753 2305 qui
3785 2233 4076 2289 dicebatur

2507 2327 2803 2402 Calybites,
2829 2324 2974 2399 apud
3017 2325 3348 2382 Blachernas
3372 2323 3557 2396 ﬂagris
3584 2326 3638 2379 in
3673 2321 4078 2392 Hippodromio

2510 2420 2569 2476 S.
2601 2418 2788 2474 ﬂama
2817 2417 3071 2488 peremit,
3100 2416 3520 2488 redargueutem
3561 2414 3896 2484 impietatem
3929 2411 4074 2481 ejus,

2509 2518 2566 2566 et
2589 2507 3101 2565 Valentiniauistam
3131 2523 3195 2563 ac
3215 2506 3497 2584 lulianum
3518 2504 3886 2575 appellantem
3907 2516 4034 2557 eum
4057 2516 4075 2565 ;

2511 2615 2675 2672 quem
2706 2609 2762 2657 et
2809 2602 2865 2655 in
2904 2600 3134 2655 rbeuma
3178 2598 3349 2652 maris
3379 2596 3576 2667 jactari
3622 2593 3903 2664 praecepit,
3967 2590 4081 2645 nisi

2513 2704 2732 2746 sorores
2769 2689 2889 2759 ejus
2939 2689 3087 2742 hunc
3115 2685 3390 2756 rapientes
3440 2683 3494 2737 in
3535 2676 3786 2751 emporio
3819 2677 4080 2734 Leucadii

2515 2785 2862 2856 sepelissent.
3616 2855 3622 2856 γ
3942 2849 3945 2852 _

2585 2855 2747 2929 Anno
2776 2868 2990 2941 imperii
3029 2866 3372 2925 Constantini
3400 2865 3474 2943 22
3501 2855 3758 2937 apparuit
3786 2864 3997 2921 dociles
4020 2862 4082 2918 in

2515 2962 2761 3030 Oriente,
2785 2972 2843 3020 et
2883 2961 3210 3021 interfectus
3238 2969 3325 3018 est
3353 2944 3499 3016 Illius
3537 2957 3822 3014 Phatimc.
3857 2959 3926 3011 At
3949 2968 4084 3010 vero

2517 3057 2782 3130 Vulgares
2811 3057 3161 3128 insurgentes
3181 3053 3518 3112 occiderunt
3552 3050 3806 3107 dominos
3835 3061 3968 3105 suos
4010 3046 4083 3101 ad

853 3144 1096 3200 ευηοτίκ
1134 3151 1300 3213 “We
1352 3141 1610 3214 Β³Ριίειε
1654 3156 1684 3196 ³
1728 3140 2061 3196 “music?”
2120 3139 2312 3210 δροίεί
2361 3131 2417 3195 ill
2441 3156 2488 3220 ο
2520 3164 2578 3204 se
2602 3149 2659 3204 in
2703 3148 2840 3204 iram
2871 3147 3168 3212 derivatos,
3187 3153 3247 3202 et
3276 3150 3600 3225 statuerunt
3622 3141 3802 3197 virum
3837 3138 4087 3194 insensa-

857 3235 1122 3303 templum
1156 3246 1318 3288 suum
1354 3232 1411 3285 in
1462 3231 1914 3285 Eruesenensium
1961 3229 2181 3284 civitate
2226 3230 2416 3294 situm,

857 3336 986 3374 cum
1020 3328 1165 3374 esset
1186 3319 1443 3380 illustre;
1469 3317 1843 3371 et-descensus
1867 3316 2168 3371 adiﬁcatus
2190 3326 2292 3371 est.
2315 3318 2420 3374 Ubi

861 3422 1037 3478 usque
1078 3405 1242 3460 hodie
1280 3420 1312 3459 a
1360 3403 1616 3459 ﬁdelibus
1653 3402 1938 3457 adoratum
1972 3403 2122 3458 omni
2157 3403 2422 3457 suavitate

857 3499 1136 3569 corporali
1166 3497 1377 3553 scilicet
1403 3511 1467 3553 ac
1507 3495 1781 3568 spirituali
1821 3493 2126 3550 honoratur
2143 3493 2336 3558 odore,
2369 3502 2426 3548 et

857 3607 1121 3648 emanans
1156 3589 1389 3646 eﬂundit
1427 3588 1685 3644 omnibus
1725 3587 2007 3652 sanitates,
2039 3586 2130 3656 qui
2173 3585 2278 3640 fide
2325 3584 2422 3639 lla-

860 3693 1081 3757 grantes
1103 3690 1426 3739 occurrunt.

930 3775 1247 3845 Eodemque
1294 3787 1444 3829 anno
1483 3771 1695 3826 docites
1742 3767 2046 3824 clarissima
2098 3767 2153 3822 in
2199 3767 2424 3824 Oriente

857 3870 1113 3942 apparuit
1160 3884 1260 3940 per
1308 3867 1373 3922 10
1432 3865 1574 3929 dies,
1619 3871 1677 3920 et
1716 3863 1918 3919 iterum
1964 3862 2033 3916 ad
2072 3861 2423 3917 Occidentem

860 3961 1059 4017 diebus
1076 3960 1168 4013 21.
1197 3958 1428 4026 Quidam
1457 3970 1590 4012 vero
1619 3954 1808 4026 Syrus,
1831 3951 2156 4008 Theodorus
2180 3949 2422 4014 nomine,

862 4052 1144 4108 Eibanites
1169 4049 1315 4104 circa
1365 4046 1645 4117 regionem
1678 4043 2042 4113 Heliopoleos,
2081 4055 2203 4112 qua
2230 4048 2317 4095 est
2354 4039 2424 4095 ad

862 4143 1166 4210 Libanum,
1231 4141 1494 4197 adversus
1544 4137 1754 4193 Arabes
1812 4134 2144 4196 insurrexit,
2194 4142 2250 4188 et
2297 4147 2423 4189 cum

861 4238 1064 4293 bellum
1117 4235 1377 4288 movisset
1429 4232 1484 4284 in
1533 4244 1653 4289 eos,
1703 4225 2022 4282 ceciderunt
2067 4240 2136 4280 ex
2181 4224 2424 4296 utrisque

863 4330 1063 4384 multi:
1100 4324 1401 4379 novissime
1433 4335 1566 4374 vero
1606 4327 1753 4388 terga
1787 4324 1845 4372 et
1884 4317 1999 4387 ipse
2032 4323 2252 4373 vertens
2282 4317 2424 4374 elu-

862 4420 961 4492 git,
993 4425 1050 4472 et
1083 4414 1372 4476 Libaniue,
1407 4411 1502 4481 qui
1536 4425 1660 4464 cum
1701 4409 1818 4479 ipso
1853 4417 2033 4474 erant,
2065 4421 2265 4464 omnes
2297 4419 2427 4466 sunt

2521 3249 2637 3293 tum
2681 3237 2905 3292 nomine
2955 3234 3222 3299 Zeletzin,
3279 3232 3352 3289 30
3398 3248 3525 3288 cum
3590 3239 3740 3287 esset
3790 3240 4084 3300 annorum.

2521 3329 2676 3382 Multi
2732 3321 2996 3395 praeterea
3043 3323 3222 3381 Sclavi
3267 3324 3540 3394 fugientes
3579 3322 3648 3378 ad
3694 3322 4084 3391 imperatorem

2522 3415 2926 3478 confluxerunt,
2953 3429 3094 3483 quos
3117 3413 3404 3468 constituit
3429 3428 3595 3482 super
3618 3411 3896 3465 Artanam.
3917 3411 4090 3464 Porro

2524 3504 2592 3559 l6
2635 3502 2910 3559 Kalendas
2944 3491 3117 3558 Iulias
3162 3501 3334 3556 exivit
3373 3499 3673 3569 imperator
3696 3498 3754 3553 in
3795 3497 4088 3560 Thracem.

2523 3597 2693 3652 misso
2721 3609 2943 3665 quoque
2968 3592 3188 3666 navigio
3209 3607 3309 3664 per
3335 3591 3610 3648 Euxinum
3639 3599 3889 3662 pontum,
3916 3603 4121 3659 usque-

2522 3688 2590 3742 ad
2737 3685 3026 3744 chelandia
3065 3683 3301 3742 ferentia
3326 3681 3612 3739 duodenos
3633 3695 3826 3753 equos.
3853 3682 3926 3738 At
3958 3695 4094 3736 vero

2521 3779 2777 3846 Zeletsis,
2799 3777 2987 3834 audita
3008 3783 3199 3832 contra
3221 3790 3281 3850 se
3305 3783 3414 3830 tam
3431 3790 3532 3847 per
3566 3783 3768 3829 terram
3792 3785 3955 3842 quam
3990 3785 4094 3839 per

2523 3887 2673 3927 mare
2701 3872 2842 3929 facta
2884 3870 3270 3939 commotione,
3305 3866 3600 3938 assumpsit
3621 3866 3675 3921 in
3713 3863 3976 3920 auxilium
4023 3874 4096 3918 ex

2524 3961 2900 4035 adjacentibus
2936 3959 3045 4016 sibi
3091 3957 3411 4016 nationibus
3453 3956 3528 4013 20
3570 3955 3763 4021 millia,
3799 3963 3858 4010 et
3901 3952 3989 4008 his
4038 3951 4095 4008 in

2524 4053 2930 4111 munitionibus
2957 4051 3286 4122 constitutis
3319 4065 3379 4106 se
3410 4057 3632 4106 cautum
3673 4056 3730 4103 et
3759 4043 4096 4117 intrepidum

2526 4148 2787 4206 reddidit.
2811 4148 2909 4203 Ast
2929 4147 3228 4216 imperator
3241 4157 3364 4199 cum
3385 4141 3646 4205 venisset,
3659 4150 3838 4196 castra
3861 4145 4100 4194 metatus

2525 4247 2613 4294 est
2633 4238 2687 4292 in
2717 4250 2910 4307 campo
2947 4231 3233 4297 Anchiali;
3264 4241 3320 4286 et
3361 4229 3539 4301 pridie
3563 4231 3681 4285 Kal.
3707 4229 3878 4285 Julius
3910 4228 4102 4299 prima

2528 4327 2865 4391 indictionis,
2888 4325 3022 4381 feria
3038 4323 3248 4394 quinta,
3278 4321 3516 4378 Zeletsis
3538 4322 3794 4392 apparuit
3809 4336 3934 4377 cum
3957 4321 4101 4375 mul-

2529 4415 2766 4475 titudine
2786 4415 3028 4486 gentium
3049 4413 3298 4480 veniens,
3309 4412 3669 4481 lneuntesque
3691 4414 3891 4469 bellum
3912 4414 4104 4469 conci-

865 4505 1198 4575 interempti.
1243 4502 1421 4557 Facta
1466 4509 1647 4556 autem
1675 4509 1804 4555 sunt
1851 4507 1909 4554 et
1960 4499 2016 4554 in
2063 4498 2244 4555 Africa
2273 4501 2421 4556 sedi-
2450 4505 2497 4564 ι)
2524 4511 2662 4578 dunt
2694 4506 2903 4561 diutius
2935 4502 3404 4559 invicem.Verum
3438 4501 3670 4558 Zeletais
3705 4512 3854 4572 terga
3881 4513 4106 4560 vertens

868 4602 1047 4656 tiones
1088 4605 1144 4652 et
1199 4595 1361 4658 bella,
1417 4593 1582 4649 solari
1631 4593 1822 4663 eclipsi
1876 4590 2016 4648 facta
2059 4593 2124 4649 l8
2157 4593 2425 4650 Kalendas

865 4688 1259 4760 Septembrias,
1288 4682 1423 4738 feria
1456 4671 1510 4747 ϐ,
1541 4681 1676 4737 hora
1699 4682 1786 4736 lo.
1815 4682 1984 4738 Porro
2015 4683 2431 4740 insurrexerunt

866 4782 1092 4849 quidam
1144 4792 1213 4832 ex
1261 4771 1641 4842 Haut-ephoris
1698 4774 1837 4840 apud
1900 4772 2134 4838 Dabero,
2189 4772 2434 4828 dicentes

867 4873 1042 4930 filium
1068 4863 1468 4941 pretosymboli
1499 4863 1660 4916 deum
1700 4871 1760 4915 ut
1803 4863 2134 4936 nutritorem
2158 4878 2342 4928 suum,
2381 4874 2439 4921 et

868 4965 1219 5039 protulerunt
1245 4957 1440 5028 dogma
1471 4953 1811 5023 huiusmodi,
1838 4963 1895 5008 et
1919 4943 2259 5009 intrdierunt
2289 4952 2442 5010 Mau-

869 5056 1094 5127 roph0ri
1141 5053 1366 5109 domum
1397 5048 1607 5104 erroris
1651 5047 1760 5109 sui,
1805 5054 1861 5100 et
1912 5046 2235 5101 occiderunt
2273 5046 2442 5102 clavi-

867 5162 1030 5222 geros
1057 5158 1289 5201 numero
1311 5142 1399 5196 60.
1432 5138 1499 5195 Et
1529 5140 1786 5194 exierunt
1813 5135 2034 5208 quidam
2068 5137 2123 5192 in
2151 5137 2441 5207 Basrason,

866 5254 924 5299 et
973 5243 1392 5316 captivaverunt
1439 5235 1661 5301 multos,
1709 5244 1765 5290 et
1812 5233 2073 5303 pecunias
2116 5248 2438 5292 numerosas

868 5343 1248 5409 sumpserunt.

940 5432 1100 5489 Anno
1134 5425 1353 5499 imperii
1389 5419 1736 5482 Constantini
1783 5419 1847 5474 21
1897 5419 2220 5475 seditionem
2251 5417 2440 5474 conci-

870 5531 1129 5582 taverunt
1191 5519 1453 5577 Cassiota:
1517 5522 1712 5573 contra
1769 5511 2163 5581 Haurophoros
2214 5517 2442 5580 propter

2531 4599 2929 4679 eﬂugit.Por.ro
2956 4609 3136 4667 pugna
3164 4593 3341 4649 tenuit
3371 4591 3440 4648 ab
3456 4590 3592 4647 hora
3620 4591 3810 4662 quinta
3834 4608 4006 4663 usque
4028 4595 4102 4650 ad

2536 4690 2929 4765 vespertinam,
2959 4694 3017 4742 et
3045 4685 3427 4744 multitudines
3471 4682 3770 4754 Vulgarum
3792 4700 4106 4742 numeros:

2538 4791 2838 4858 peremptae
2866 4784 2997 4834 sunt
3022 4794 3036 4830 :
3070 4773 3230 4832 multi
3258 4789 3388 4832 vero
3416 4789 3487 4831 ex
3507 4772 3604 4830 'eis
3635 4775 3802 4844 capti,
3832 4775 4108 4845 multique

2543 4870 2864 4947 imperatori
2897 4867 3103 4924 subditi
3132 4867 3264 4925 facti
3287 4874 3438 4924 sunt.
3471 4865 3886 4938 Astimperator
3907 4866 4107 4937 hujus.

2538 4964 2752 5025 cemodi
2780 4961 2958 5020 elatus
2977 4959 3206 5015 victoria
3232 4954 3537 5031 publicavit
3558 4957 3701 5014 hanc
3730 4971 3914 5014 coram
3943 4957 4108 5022 urbe,

2539 5074 2664 5115 cum
2709 5051 3046 5111 exercitibus
3102 5049 3386 5122 ingressus
3441 5058 3690 5104 armatus
3746 5058 3804 5105 et
3849 5047 4111 5104 laudibus

2538 5143 2915 5206 celeberrimis
2962 5141 3298 5207 diffamatus,
3343 5148 3401 5197 et
3434 5138 3826 5212 xylopanduris
3865 5138 4111 5194 constri-

2541 5251 2660 5297 ctos
2689 5235 2914 5293 trahens
2940 5233 3205 5304 Vulgares
3251 5240 3461 5301 captes,
3500 5243 3640 5298 quos
3685 5235 3859 5316 extra;
3892 5237 4110 5299 portam

2545 5341 2766 5384 auream
2801 5322 3063 5379 decollari
3092 5321 3354 5394 pret-epit
3377 5334 3408 5373 a
3436 5315 3947 5373 civibuslelctalm
3976 5333 4112 5374 vero

2547 5419 2947 5478 tumultuantes
2983 5413 3240 5486 Vulgares
3293 5425 3399 5465 una
3450 5423 3575 5463 cum
3618 5406 3957 5478 principibus
3987 5409 4111 5478 ejus

2542 5509 2966 5573 interfecerunt,
3015 5516 3073 5562 et
3108 5505 3514 5562 constituerunt
3554 5496 3816 5553 Sabinum
3847 5513 4111 5571 generum

877 5724 1176 5852 “flvis
1209 5723 1300 5778 Sic
1327 5719 1639 5777 Vaticanus.
1694 5715 1956 5770 Thuanus
2002 5724 2185 5768 autem
2227 5709 2339 5764 tibi.
2739 5711 2949 5763 rectum
2989 5705 3094 5762 est.
3136 5698 3286 5772 Vide
3318 5693 3658 5753 Priscianum
3688 5709 3808 5768 pag.
3838 5691 3990 5750 μαι
4015 5687 4113 5750 ed.

985 5811 1043 5850 SC
1091 5837 1099 5847 .
1177 5809 1293 5848 ABR.

985 5811 1099 5850 SCII.

1136 5795 1293 5849 Fatis.
