4414 6462
823 445 958 507 1383

1918 441 2309 500 ANAS’I‘ASII
2347 440 2967 504 BIBLIOTHECARII

3914 450 4051 513 138

821 552 1023 619 garites
1067 561 1120 605 et
1168 550 1376 619 primus
1431 565 1804 605 scamarorum
1859 552 1989 621 (82)
2020 553 2250 608 eﬂ'ectus
2289 561 2394 616 est,
2425 558 2469 610 Α
2497 555 2970 626 llippodromium,
3002 559 3176 628 sputis
3211 569 3269 614 et
3296 561 3525 631 'injuriis
3559 561 3628 616 ab
3662 564 3810 617 omni
3849 568 4050 632 populo

817 657 979 709 quem
1018 641 1159 709 apud
1210 642 1264 694 S.
1314 641 1578 694 Thomam
1623 642 1876 696 manibus
1917 653 1973 695 et
2011 643 2242 712 pedibus
2286 641 2384 698 de-

820 742 1135 785 truncautes
1185 732 1530 786 adduxerunt
1573 732 1834 796 medicos,
1874 733 1967 801 qui
2015 734 2161 788 hunc
2198 734 2384 786 vivum

817 821 1124 874 inciderent
1157 837 1189 875 a
1231 822 1453 876 thorace
1495 823 1641 892 pube
1690 832 1850 877 tenus
1885 822 1952 876 ad
2004 823 2242 876 hominis
2289 838 2386 877 co-

815 912 1179 979 gnoscendam
1225 914 1553 980 positionem
1603 922 1767 983 atque
1815 923 2169 978 structuram,
2218 923 2272 967 ct
2309 917 2387 969 sic

811 1015 937 1052 cum
991 1001 1339 1061 tradiderunt
1400 1005 1533 1072 igni.
1584 1004 1843 1058 Actutum
1896 1013 2156 1073 praetcrea
2213 1005 2385 1073 impe-

813 1101 964 1143 rat‘or
1012 1092 1202 1147 exiens
1252 1093 1320 1145 ab
1366 1095 1536 1158 urbe,
1588 1110 1712 1147 cum
1765 1095 1882 1149 sine
1930 1097 2178 1150 custodia
2231 1096 2388 1150 inve-

812 1181 985 1236 uisset
1034 1183 1105 1236 ob
1150 1184 1757 1254 deccptoriamflpacem
1815 1187 2124 1249 clausuras,
2176 1187 2386 1256 ingres-

813 1287 906 1326 sus
965 1281 1050 1326 est
1113 1275 1423 1342 Vulgariam
1477 1290 1649 1343 usque
1704 1276 1772 1328 ad
1829 1276 2054 1340 'l‘zicas,
2107 1286 2163 1330 et
2221 1278 2388 1332 misso

815 1362 938 1431 igne
991 1363 1046 1416 in
1101 1364 1356 1418 cohortes
1413 1380 1552 1432 quas
1611 1365 1836 1433 reperit,
1891 1381 2016 1420 cum
2067 1366 2261 1421 timore
2305 1383 2390 1422 re-

811 1467 1005 1506 versus
1032 1461 1139 1514 est,
1172 1469 1295 1506 cum
1326 1454 1462 1506 nihil
1492 1455 1632 1507 forte
1673 1465 1960 1521 patrasset.

885 1544 1039 1595 Anne
1095 1543 1314 1612 imperii
1356 1544 1441 1597 sui
1486 1543 1576 1607 95,
1621 1545 1688 1597 12
1735 1546 2002 1602 Kalendas
2044 1549 2389 1604 Decembrias

816 1631 1138 1685 indirtionis
1197 1643 1432 1701 quartae,
1500 1634 1710 1700 furens,
1763 1635 1963 1705 impius
2017 1651 2073 1693 et
2125 1641 2388 1694 scelestus

813 1722 1112 1790 imperator
1161 1723 1425 1778 adversus
1478 1740 1670 1780 omnes
1713 1727 1966 1805 timentes
2019 1729 2210 1797 Deum,
2267 1733 2389 1787 Ste-

811 1811 1055 1878 phanum
1118 1827 1319 1866 novum
1371 1826 1828 1887 protomartyrem
1879 1818 2122 1873 abstrahi
2183 1836 2386 1890 praece-

807 1902 907 1968 pit,
959 1917 1084 1954 cum
1130 1912 1276 1959 esset
1318 1901 1596 1958 inclausus
1651 1905 1796 1974 apud
1842 1904 1897 1959 S.
1949 1887 2280 1962 Auxentium
2325 1910 2379 1963 in
2416 1887 2457 1941 Β

805 1993 1058 2060 proximo
1117 2001 1302 2046 monte
1363 1994 1657 2064 Damatry;
1705 2011 1869 2063 quem
1912 1996 2001 2058 hi,
2055 1999 2149 2066 qui
2193 2000 2380 2053 erudi-

809 2081 974 2134 tionis
1029 2096 1150 2150 ejus
1207 2080 1447 2134 fructum
1506 2082 1887 2153 percipiebant
1935 2095 1991 2140 et
2050 2088 2214 2142 unius
2256 2103 2381 2143 cum

807 2184 876 2222 eo
919 2184 985 2223 ac
1032 2169 1230 2223 similis
1274 2180 1433 2228 erant
1484 2185 1699 2239 sensus,
1754 2175 2009 2230 seholarii
2057 2193 2276 2248 quoque
2319 2195 2384 2234 ac

806 2259 1038 2328 reliquis
1075 2260 1365 2314 ordinibus
1395 2260 1641 2330 deputati
1675 2265 2028 2335 accipientes,
2080 2269 2382 2339 pedemque

807 2351 978 2419 ipsius
1022 2344 1271 2407 rudente.
1302 2353 1557 2422 ligantes,
1601 2363 1884 2412 traxerunt
1932 2373 1961 2412 a
2001 2361 2257 2429 praetorio
2291 2377 2383 2416 us-

803 2458 911 2511 que
952 2443 1020 2497 ad
1056 2459 1119 2497 ea
1165 2459 1286 2514 quae
1323 2457 1451 2500 sunt
1497 2447 1722 2518 Pelagii,
1770 2449 1864 2503 ubi
1909 2458 1966 2504 et
2010 2451 2384 2521 discerpentes

801 2548 928 2585 eum
985 2536 1337 2604 projecerunt
1397 2539 1742 2594 venerabiles
1807 2539 1955 2596 illius
2012 2543 2272 2612 reliquias
2325 2545 2382 2598 in

807 2624 1255 2681 Biothanatorum
1314 2628 1530 2692 lacum,
1597 2645 1666 2683 eo
1710 2631 1858 2699 quod
1912 2633 2113 2688 multos
2155 2649 2384 2689 monue-

805 2717 879 2768 rit
937 2727 993 2770 et
1050 2717 1340 2771 adduxerit
1403 2720 1472 2773 ad
1537 2722 1893 2776 monasticam
1954 2725 2150 2788 vitam,
2221 2734 2384 2795 atque

802 2811 1160 2885 contemnere
1206 2805 1382 2874 regias
1418 2806 1714 2875 dignitates
1755 2819 1919 2878 atque
1962 2810 2223 2880 pecunias
2258 2826 2385 2880 per-

801 2897 1090 2949 suaserit:
1146 2898 1482 2951 reverendus
1549 2900 1750 2970 quippe
1814 2901 1900 2954 vir
1958 2901 2216 2956 omnibus
2266 2911 2385 2957 erat

802 3005 902 3058 pro
946 3005 1014 3044 eo
1044 2991 1188 3060 quod
1231 2990 1348 3046 fere
1391 2992 1668 3061 sexaginta
1702 2993 1897 3049 fecerit
1933 3009 2107 3049 annos
2144 2995 2197 3049 in
2229 2996 2381 3050 clau-

798 3081 930 3136 stris
982 3089 1038 3136 et
1090 3082 1385 3137 virtutibus
1441 3084 1627 3139 multis
1686 3084 1976 3140 effulserit.
2038 3085 2236 3143 Multos
2281 3103 2381 3142 au—

800 3181 908 3225 tem
955 3173 1232 3244 principes
1279 3190 1343 3229 ac
1383 3176 1583 3230 milites
1638 3188 1942 3242 accusatos,
1991 3178 2138 3248 quod
2186 3180 2373 3250 imagi-

798 3280 897 3318 nes
927 3265 1243 3329 adorarent,
1286 3267 1518 3320 diversis
1561 3268 1739 3334 pmnis
1771 3278 1828 3321 et
1863 3271 2224 3324 amarissimis
2251 3285 2374 3324 ver-

803 3355 1031 3408 beribus
1067 3355 1332 3417 tradidit;
1378 3357 1761 3423 jusjurandum
1811 3359 1975 3410 etiam
2017 3362 2269 3428 generale
2309 3360 2379 3412 ab

801 3445 1064 3498 omnibus
1111 3430 1216 3498 sub
1264 3444 1498 3512 imperio
1544 3459 1645 3496 suo
1699 3444 2023 3513 degentibus
2069 3449 2269 3515 exegit,
2312 3464 2379 3501 ne

800 3537 1094 3606 quisquam
1129 3536 1390 3590 adoraret
1435 3537 1672 3591 ieonam.
1724 3537 1860 3592 Cum
1898 3538 2101 3609 quibus
2142 3549 2199 3593 et
2234 3539 2379 3595 Con-

799 3628 1102 3681 stantinum
1157 3628 1276 3682 falsi
1328 3629 1571 3683 nominis
1623 3631 1988 3700 patriarcham
2043 3647 2211 3701 super
2264 3648 2380 3686 am-

801 3719 1000 3774 honem
1052 3720 1358 3774 ascendere
1413 3730 1469 3776 et
1525 3723 1767 3778 exaltare
1822 3723 2064 3793 pretiosa
2122 3724 2268 3795 ligna
2325 3737 2380 3779 ct

796 3810 985 3878 jnrare
1023 3807 1178 3873 fecit,
1226 3810 1374 3882 quod
1413 3826 1524 3866 non
1567 3822 1711 3867 esset
1754 3829 1822 3868 ex
1858 3815 1940 3869 eis
1980 3815 2072 3885 qui
2116 3815 2378 3887 imagines

795 3905 1136 3969 adorarent;
1189 3904 1280 3958 cui
1349 3919 1473 3958 mox
1528 3905 1802 3974 persuasit
1863 3915 1926 3962 ut
1987 3920 2056 3962 ex
2107 3908 2378 3962 monacho

803 3995 1157 4064 Stephanites
1203 3996 1545 4060 ediceretur,
1604 4006 1660 4052 et
1707 3998 1968 4054 carnibus
2039 4010 2374 4063 vesceretur,

799 4096 967 4155 atque
1017 4087 1351 4145 citharoedos
1396 4088 1466 4143 ad
1513 4104 1757 4145 mensam
1789 4089 2003 4146 admitti
2047 4091 2252 4163 regiam
2283 4105 2377 4161 pa-

799 4187 1029 4234 teretur.
1108 4181 1215 4236 Sed
1275 4197 1385 4236 non
1444 4182 1504 4236 in
1568 4183 1790 4254 longum
1860 4184 1995 4238 ultio
2047 4183 2379 4238 homicidam

795 4271 948 4325 hunc
988 4272 1218 4327 tradidit
1265 4273 1462 4344 panis.
1512 4272 1760 4342 Denique
1808 4273 2137 4329 duodecimo
2184 4274 2382 4331 Kalen-

798 4365 897 4416 das
943 4362 1270 4417 Fcbruarias
1315 4372 1524 4431 quarta:
1570 4364 1885 4420 indictionis
1917 4376 2099 4421 motus
2128 4376 2212 4423 est
2244 4383 2376 4425 con-

798 4465 880 4509 tra
912 4455 1196 4526 Vulgares,
1232 4463 1287 4508 et
1332 4453 1532 4508 direxit
1579 4455 1648 4509 ad
1689 4457 1934 4512 Achelon
1978 4457 2121 4514 2600
2161 4461 2379 4519 chelan-

2482 650 2809 701 cumulatos.
2857 647 3122 701 Similiter
3161 656 3218 701 ct
3256 659 3450 702 octavo
3496 651 3762 705 Kalendas
3803 651 4052 720 Septem-

2484 738 2633 792 brias
2666 739 2817 792 ducti
2851 747 2979 793 sunt
3011 740 3078 792 ad
3117 739 3279 793 ludos
3314 739 3599 796 Circenses
3634 743 3874 812 insignes
3895 744 4049 812 prin-

2483 828 2634 896 cipes
2661 829 2848 884 decem
2874 839 2931 884 et
2968 844 3190 892 novem,
3223 837 3279 883 et
3309 832 3546 898 pompati
3574 843 3704 886 sunt
3731 834 3884 901 quasi
3911 834 4050 887 mala

2485 928 2674 972 contra
2725 920 3108 987 imperatorem
3149 919 3418 972 consiliati
3461 919 3696 983 fuerint,
3745 938 3854 976 non
3895 939 4050 977 vera-

2486 1009 2623 1062 citer
2669 1012 2941 1073 accusati,
2990 1011 3266 1080 sedequia
3318 1009 3596 1065 invidebat
3650 1011 3731 1065 eis
3787 1027 3853 1066 eo
3901 1014 4046 1082 quod

2453 1089 2667 1153 essent
2712 1099 2938 1155 formosi
2982 1110 3146 1170 atque
3193 1100 3404 1155 robusti
3445 1109 3501 1153 et
3536 1100 3608 1152 ah
3645 1101 3898 1154 omnibus
3935 1103 4050 1156 col-

2489 1191 2731 1256 laudati,
2780 1193 3106 1259 quibusdam
3139 1207 3268 1246 vero
3299 1206 3366 1244 ex
3397 1192 3479 1244 eis
3520 1199 3578 1244 et
3607 1189 3676 1243 ob
3710 1192 4049 1259 religionem,

2486 1293 2554 1332 eo
2594 1279 2740 1348 quod
2787 1281 2854 1334 ad
2901 1280 3220 1348 praedictum
3274 1279 3578 1333 inclausum
3625 1279 3792 1332 issent
3825 1289 3883 1331 et
3924 1293 4052 1346 pas-

2488 1371 2669 1425 siones
2694 1371 2811 1440 ejus
2832 1372 3050 1440 publice
3083 1371 3458 1441 divulgarent;
3494 1383 3633 1437 quos
3663 1376 3720 1423 et
3749 1368 4047 1422 interfecit.

2487 1461 2728 1526 Quorum
2776 1462 3036 1531 praecipui
3087 1469 3216 1516 sunt
3255 1460 3648 1515 Constantinus
3691 1459 3952 1528 patricius
3991 1467 4053 1512 et

2487 1550 2693 1603 dudum
2721 1551 2997 1622 logotbeta
3023 1566 3241 1613 cursus,
3277 1550 3366 1603 cui
3410 1563 3608 1603 nomen
3642 1548 3901 1618 imposuit
3943 1545 4050 1601 Po-

2486 1641 2856 1711 d0pagurum,
2902 1652 2959 1696 et
3002 1641 3168 1712 hujus
3205 1640 3375 1695 frater
3418 1639 3696 1708 Stategius
3741 1638 4054 1708 spatharius

2484 1739 2542 1785 et
2586 1732 2920 1788 domesticus
2963 1731 3378 1794 excubitorum,
3427 1728 3730 1785 Antiochus
3775 1730 4050 1796 lngotheta

2486 1821 2661 1876 dronii
2703 1821 2882 1876 factus
2917 1832 2975 1876 et
3021 1832 3224 1893 praetor
3265 1821 3492 1884 Sicilia,
3532 1819 3702 1874 David
3741 1818 4051 1887 spatharius

2484 1920 2540 1965 et
2590 1927 2775 1966 comes
2821 1911 3122 1981 Obseqnii,
3176 1911 3620 1980 Theophylactus
3671 1907 4053 1977 protospatha-

2484 2003 2602 2057 rius
2647 2012 2703 2058 et
2749 2014 2949 2074 praetor
3004 2003 3276 2065 Thracia.
3328 2000 3770 2070 leristopborns
3828 1998 4055 2068 spatha-

2485 2094 2634 2157 rius,
2674 2093 3069 2148 Constantinus
3110 2094 3424 2162 spatharius
3457 2099 3513 2145 et
3554 2091 3764 2160 primus
3797 2090 4056 2157 imperia-

2485 2181 2613 2234 lium
2649 2189 2968 2242 stratorum,
3002 2180 3148 2234 filius
3179 2180 3397 2250 patricii
3439 2178 3723 2240 Bardanis,
3763 2175 4057 2246 Theop‘iy-

2482 2272 2656 2326 lactus
2675 2271 3017 2334 candidatus,
3038 2280 3094 2326 et
3113 2272 3226 2327 alii.
3256 2271 3405 2337 Quos
3431 2286 3554 2324 cum
3587 2270 3638 2323 in
3672 2267 4052 2338 Hippodromii

2481 2365 2642 2419 ludos
2681 2366 2858 2436 palam
2888 2365 3099 2419 traduci
3127 2372 3186 2421 et
3225 2364 3295 2419 ab
3317 2363 3468 2418 omni
3509 2362 3712 2432 pepqu
3737 2360 3966 2428 conspui
3992 2369 4056 2412 et

2481 2457 2735 2511 maledici
2778 2456 3025 2522 fecisset,
3053 2454 3625 2522 _scntentiam-dedit.
3668 2453 3734 2506 Et
3777 2451 3898 2504 illos
3930 2449 4054 2518 qui-

2479 2549 2603 2604 dem
2635 2551 2775 2604 duos
2816 2550 3016 2603 fratres
3037 2589 3053 2613 ,
3081 2547 3504 2603 Constantinum
3541 2547 3628 2598 aio
3661 2555 3826 2613 atque
3875 2542 4053 2595 State-

2479 2643 2652 2711 gium,
2679 2641 2823 2694 intra
2854 2640 3159 2693 venationis
3187 2646 3340 2707 septa
3370 2637 3566 2703 capitis
3581 2631 4053 2694 animadversione

2480 2732 2732 2800 punivit,
2788 2734 2960 2800 multo
3009 2746 3177 2798 super
3221 2743 3317 2783 eos
3362 2727 3510 2781 facto
3558 2725 3826 2778 universa
3877 2719 4054 2790 plebis

2480 2819 2742 2883 lamento,
2779 2820 2916 2873 adeo
2942 2827 3003 2871 ut
3025 2833 3150 2871 cum
3177 2817 3279 2870 hoc
3310 2813 3592 2868 didicisset
3621 2813 3938 2878 imperator,
3966 2810 4020 2863 in

2480 2911 2798 2981 dignaretur
2839 2918 2894 2964 et
2936 2908 3252 2980 praefectum
3305 2905 3630 2976 ProcOpium
3692 2900 3928 2957 caederet
3994 2909 4054 2954 ct

2479 3005 2548 3061 ab
2610 3002 3084 3070 administratione
3149 2999 3452 3069 depelleret
3505 3005 3761 3066 tanquam
3819 2994 3871 3048 id
3931 2992 4050 3046 ﬁeri

2479 3094 2908 3167 permittentem.
2937 3092 3178 3148 Caeteros
3208 3101 3389 3145 autem
3432 3103 3623 3144 omnes
3661 3087 3839 3142 oculis
3871 3086 4053 3155 priva-

2480 3197 2566 3244 tos
2606 3190 2662 3243 in
2701 3187 2956 3243 exsilium
3004 3183 3331 3247 destinavit,
3377 3185 3518 3249 q’uos
3559 3189 3616 3235 et
3660 3194 3758 3248 per
3809 3177 4053 3248 singulos

2480 3280 2739 3342 mittens.
2783 3291 2909 3331 cum
2956 3284 3104 3330 esset
3151 3273 3304 3328 omni
3342 3271 3668 3326 crudelitate
3717 3270 3940 3339 plenus,
3982 3267 4052 3322 ad

2477 3370 2598 3422 loca
2639 3369 2696 3421 in
2738 3367 2941 3435 quibus
2962 3364 3266 3434 degebant,
3295 3362 3546 3418 centenis
3578 3360 3762 3429 ﬂagris
3795 3359 4051 3428 vapulare

2481 3457 2721 3511 iubebat.
4047 3476 4050 3485 τ

2475 3475 2756 3598 mugit-0
2803 3543 2970 3596 tertio
3040 3541 3302 3596 kalendas
3372 3538 3748 3608 Septembrias
3808 3536 4049 3605 ejusdem

2477 3645 2688 3708 quarta:
2733 3633 3054 3689 indietionis
3087 3632 3366 3688 insaniens
3400 3631 3545 3687 idem
3601 3629 3903 3683 malivocus
3953 3628 4052 3681 ad-

2478 3742 2673 3784 versus
2731 3727 3078 3797 atquivocum
3136 3723 3252 3794 (85)
3298 3737 3461 3804 suum
3518 3729 3575 3776 et
3623 3730 4051 3804 consentaneum

2477 3816 2870 3888 patriarcham,
2895 3825 2950 3870 et
2973 3813 3214 3868 inventis
3237 3800 3565 3883 quihusdam
3595 3809 3814 3866 clericis
3842 3818 3898 3864 et
3931 3800 4048 3864 nio-

2477 3908 2671 3964 nachis
2693 3907 2955 3962 instruxit
2984 3906 3107 3960 illos
3131 3916 3192 3959 ut
3216 3904 3465 3960 dicerent
3498 3921 3512 3958 :
3549 3903 3860 3958 Audiuimus
3883 3901 4055 3970 patri.

2446 4061 2448 4063 μ
2478 4002 2835 4055 archamcum
2869 3996 3225 4068 Podopagttro
3263 3997 3511 4054 adversus
3555 3996 3929 4064 imperaturum
3978 3989 4053 4044 lo-

2477 4098 2740 4160 quentem,
2763 4088 3095 4144 etmisiteos
3121 4087 3191 4142 ad
3222 4086 3634 4156 patriarchium,
3671 4093 3733 4139 ut
3751 4091 4052 4154 arguerent

2477 4197 2626 4236 eum.
2663 4170 2913 4251 Cumque
2943 4180 3036 4235 ille
3063 4189 3307 4248 negaret,
3342 4176 3474 4230 fecit
3519 4176 3642 4230 illos
3687 4175 3757 4231 ad
3808 4173 4052 4245 pretiosa

2478 4273 2624 4345 ligna
2643 4273 2833 4344 jurare
2867 4270 3103 4326 fatentes
3138 4286 3152 4321 :
3193 4270 3232 4322 Α
3277 4269 3586 4336 patriarcha
3615 4267 3900 4322 maledicta
3936 4270 4048 4320 hac

2488 4366 2808 4420 audivimus.
2844 4362 2994 4418 Inter
3024 4360 3140 4414 hac
3165 4373 3298 4428 ergo
3332 4358 3501 4423 misit,
3532 4369 3590 4414 et
3635 4359 3782 4414 bulla
3816 4359 4056 4430 signavit

2480 4456 2900 4529 patriarchium,
2933 4461 2990 4507 et
3020 4453 3168 4506 hunc
3195 4449 3394 4505 exsilio
3436 4452 3699 4522 relegavit
3722 4451 3867 4520 apud
3918 4450 4052 4505 Bie-

798 4547 888 4602 dia
942 4555 1304 4609 construens,
1370 4560 1434 4599 ea
1488 4554 1545 4601 et
1605 4561 1826 4605 armans
1876 4565 1945 4606 ex
1985 4552 2200 4608 cunctis
2252 4554 2378 4612 tbe-
2406 4573 2452 4630 D
2482 4549 2644 4608 riam.
2679 4553 2736 4599 et
2769 4556 2964 4596 rursus
2995 4538 3140 4609 apud
3170 4537 3482 4630 Principem
3510 4538 3722 4630 insulis.

801 4639 1083 4702 matibus;
1135 4652 1258 4706 quae
1304 4651 1428 4691 cum
1472 4637 1529 4694 in
1572 4641 1706 4697 toris
1742 4641 1873 4713 (82’)
1900 4645 2191 4702 stationem
2230 4647 2380 4704 ﬁxis-

799 4735 944 4790 sent,
983 4725 1149 4782 ﬂante
1190 4729 1446 4796 aquilone
1463 4733 1698 4787 contrita
1731 4741 1858 4788 sunt
1897 4750 2037 4805 pene
2074 4739 2284 4806 omnia,
2318 4747 2377 4796 et

800 4827 1028 4873 necatus
1079 4829 1165 4874 est
1225 4819 1462 4889 populus
1519 4825 1753 4887 multus,
1826 4826 1903 4880 ita
1957 4836 2018 4882 ut
2081 4829 2379 4900 imperator

781 4908 1100 4964 extendere
1157 4907 1296 4962 retia
1347 4917 1403 4962 et
1439 4908 1520 4964 sic
1553 4922 1803 4968 mortuos
1854 4913 2093 4974 educelie
2125 4935 2189 4976 ac
2219 4935 2377 4993 sepe-

794 5001 899 5056 lire
943 4999 1292 5071 praceperit.
1335 4998 1506 5054 Porro
1539 4999 1754 5058 decimo
1787 5016 1943 5062 sexto
1975 5008 2246 5066 Kalendas
2283 5011 2382 5068 Se-

793 5093 1102 5161 ptembrias
1135 5091 1382 5163 ejusdem
1411 5100 1623 5158 quartae
1662 5093 1981 5152 indictionis
2013 5099 2236 5168 publice
2275 5101 2380 5159 dil-

795 5183 1024 5239 famavit
1070 5197 1135 5238 ac
1178 5182 1564 5237 debonestavit
1602 5183 1849 5239 habitum
1885 5189 2275 5246 monachorum
2322 5192 2378 5248 in

797 5275 1216 5346 Hippodromio,
1236 5274 1562 5348 praecipiens
1583 5291 2027 5350 unumquemque
2051 5282 2378 5338 monachum

796 5383 961 5422 manu
1003 5380 1192 5424 tenere
1220 5367 1534 5433 mulierem,
1577 5377 1633 5422 et
1661 5367 1845 5424 taliter
1875 5385 1972 5426 eos
2005 5375 2237 5446 transire
2272 5391 2372 5446 per

2551 4638 2711 4692 Anno
2747 4630 2966 4712 imperii
3005 4629 3353 4686 Constantini
3392 4630 3464 4682 26
3507 4628 3747 4684 Abdelas
3799 4628 4052 4684 lbinalim

2482 4741 2741 4800 mortuus
2772 4735 2879 4790 est,
2909 4734 3106 4779 ruente
3154 4737 3321 4793 super
3349 4736 3408 4778 se
3432 4728 3608 4785 turre,
3648 4720 3704 4775 in
3725 4735 3834 4791 qua
3863 4730 4054 4776 custo-

2479 4818 2761 4880 diebatur.
2801 4816 3040 4874 Abdelas
3066 4825 3248 4872 autem
3303 4829 3428 4871 cum
3449 4828 3684 4870 cameras
3731 4813 4056 4884 fungeretur

2482 4918 2715 4981 honore,
2749 4911 2921 4968 multa
2947 4909 3088 4965 mala
3112 4909 3444 4966 Christianis
3476 4908 3580 4966 sub
3615 4907 3925 4979 principatu:
3950 4921 4055 4962 suo

2481 5007 2814 5082 degentibus
2855 5001 3276 5070 demonstrauit,
3328 5002 3603 5073 siquidem
3629 5009 3687 5056 et
3719 5013 3916 5055 cruces
3956 5014 4055 5053 ec-

2480 5104 2776 5160 clesiarum
2808 5096 3061 5161 abstulit,
3089 5105 3148 5152 et
3170 5097 3388 5169 vigilias
3415 5096 4054 5162 nocturnas-celebrare,

2481 5197 2578 5253 sed
2601 5203 2659 5252 et
2685 5195 2903 5250 litteras
2933 5188 3151 5245 discere
3178 5190 3535 5261 prohibebat.
3571 5189 3639 5244 Hi
3666 5203 3796 5243 vero
3831 5189 3927 5258 qui
3956 5186 4047 5240 di-

2482 5298 2684 5344 cuntur
2734 5282 2880 5354 apud
2950 5281 3078 5338 illos
3138 5284 3400 5349 Aruritc,
3459 5280 3610 5356 quod
3658 5281 4059 5350 interpretatur

2475 5379 2847 5438 aemulatores,
2880 5383 3072 5430 contra
3100 5375 3843 5451 Palmyretensemeremum
3874 5373 4060 5426 insur-

2302 5469 2535 5531 NOTE.

867 5554 980 5631 ($2)
1013 5552 1256 5631 §camari
1301 5559 1431 5631 sunt
1463 5550 1768 5631 praedones,
1791 5561 1886 5631 _et_
1900 5570 2143 5631 scamara
2165 5560 2376 5631 βεργκ-

798 5623 971 5697 datio.
1017 5623 1342 5697 Stephanus
1376 5623 1413 5697 ᾖ
1458 5624 1688 5697 epistola
1739 5624 1805 5685 ad
1855 5624 2108 5695 Pipinum
2157 5623 2374 5687 R.'F.:

804 5712 822 5744 ε
849 5693 1136 5751 Scamaras
1163 5707 1329 5765 atque
1363 5693 1800 5765 depraedationes
1827 5693 1934 5751 seu
1972 5697 2380 5760 devastationes

799 5764 856 5844 in
885 5766 1205 5820 civitatibus
1240 5763 1477 5844 etlocis
1504 5763 1564 5818 Β.
1599 5764 1748 5820 Petri
1785 5765 1966 5844 facere
2003 5785 2102 5826 sua
2143 5771 2378 5844 impera-

802 5835 950 5889 tione
981 5848 1084 5893 nec
1113 5840 1348 5893 cessavit
1375 5849 1479 5891 nec
1506 5846 1706 5890 cessat.
1742 5857 1759 5885 ι
1795 5835 1954 5893 Ρηει.

2549 5561 2683 5632 (82‘)
2712 5560 2777 5632 I_u
2807 5557 2934 5632 oris.
2964 5557 3124 5632 Fasti.

2557 5623 3064 5703 (83)'£quisofsut.
3110 5625 3430 5703 Ludovicus
3473 5624 3606 5694 imp.
3670 5623 3726 5679 in
3783 5631 4060 5703 prafepto

2484 5693 2723 5776 quodam
2741 5693 2887 5770 apud
2905 5698 3271 5776 Flodoardurn
3288 5711 3349 5776 tt,
3368 5695 3463 5750 i9;
3490 5713 3509 5744 ο
3532 5693 3664 5776 gens
3681 5693 3866 5776 nostra
3885 5693 4059 5773 Fran-

2487 5766 2680 5829 corum
2710 5766 2836 5827 cum
2865 5770 3148 5839 mquivoeo
3181 5775 3372 5822 nostro
3400 5780 3523 5837 rege
3547 5766 3791 5836 ejusdem
3822 5766 3999 5836 gentis
4032 5778 4053 5811 ι

2494 5845 2655 5899 Fata.
