4414 6462
748 430 884 493 1337

1837 422 2237 484 ANASTASII
2286 420 2916 483 BIBL‘IOTIIECARH

3858 423 3995 487 1388

748 541 935 603 credis,
959 550 1006 594 et
1041 540 1165 593 bene
1195 535 1473 592 concilium
1506 544 1752 606 operatus
1798 553 1872 600 es,
1919 547 2119 605 putans
2167 550 2225 589 se
2255 534 2327 589 ob
2357 541 2399 597 Α
2429 536 2708 590 adhawere
2741 544 2966 605 prop'er
2997 534 3242 590 luxurias
3274 524 3422 589 suas.
3452 535 3589 591 Cum
3642 546 3823 589 autem
3867 552 3998 591 sen-

751 637 856 688 hoc
876 634 1029 688 illum
1064 644 1257 685 rursus
1289 630 1527 698 placare.
1554 630 1621 682 At
1653 629 1729 681 illi
1764 627 2053 683 confestim
2090 642 2320 695 respon-

750 726 946 780 dentes
969 723 1229 777 dixerunt
1260 737 1274 773 :
1303 719 1543 774 Noshwc
1589 719 1774 771 audire
1819 716 2065 771 nolumus
2114 718 2179 772 ab
2234 733 2322 771 ore

752 828 840 871 tuo
875 815 1092 887 polluto.
1122 813 1208 867 Ea:
1234 815 1332 867 hoc
1356 830 1479 883 ergo
1509 811 1639 866 vade
1662 812 1716 864 in
1762 810 2002 864 tenebras
2026 819 2072 864 et
2102 812 2157 864 in
2185 828 2325 864 ana-

753 912 946 963 thema.
985 907 1052 961 Et
1088 906 1168 960 sic
1199 915 1421 975 accepta
1451 903 1727 958 sententia
1754 902 2041 957 descendit
2074 903 2140 957 ad
2174 903 2326 957 clau-

753 1013 864 1057 stra
897 1000 1158 1065 ferarum,
1195 1006 1252 1053 et
1298 997 1603 1052 decollatus
1652 1005 1754 1051 est.
1810 996 1878 1049 Et
1911 1005 2077 1063 caput
2104 994 2326 1064 quidem

752 1094 875 1164 ejus
908 1107 1009 1161 per
1037 1105 1199 1144 aures
1224 1088 1457 1158 ligantes
1507 1087 1688 1141 tribus
1720 1085 1917 1139 diebus
1942 1086 1997 1138 in
2029 1086 2179 1138 Milio
2209 1099 2331 1138 sus-

754 1182 1068 1254 penderunt
1102 1181 1169 1233 ad
1195 1178 1619 1233 ostentationem
1664 1176 1839 1248 plebis
1886 1192 1901 1230 :
1953 1191 2152 1246 corpus
2197 1190 2331 1230 vero

754 1276 875 1346 ejus
905 1273 1041 1343 pede
1077 1270 1209 1325 resti
1243 1269 1411 1340 ligato
1442 1278 1727 1324 traxerunt
1749 1284 1847 1337 per
1877 1270 2113 1338 plateam
2150 1282 2327 1336 usque

758 1368 825 1420 ad
856 1367 974 1419 loca
1011 1362 1239 1432 Pelagii,
1269 1370 1322 1415 et
1357 1361 1679 1416 soeiandum
1716 1360 2051 1415 biothanatis
2095 1362 2334 1431 jactave-

762 1467 925 1523 runt;
960 1455 1216 1510 similiter
1247 1464 1304 1509 et
1330 1462 1495 1523 caput
1535 1454 1658 1522 ejus
1714 1462 1839 1521 post
1875 1462 1987 1506 tres
2040 1453 2158 1506 dies
2207 1452 2335 1505 illuc

760 1551 1002 1603 delatum
1036 1547 1411 1617 projecerunt.
1454 1543 1497 1598 Ο
1526 1544 2063 1597 irrationabilitatem
2115 1552 2171 1596 et
2204 1558 2333 1597 cru-

759 1643 1042 1696 delitatem
1069 1650 1232 1708 atque
1265 1636 1782 1692 immisericordiam
1816 1633 2197 1689 immitissimae
2242 1634 2340 1688 be-

760 1734 915 1788 stiae!
952 1732 1070 1786 Non
1098 1739 1182 1784 est
1231 1730 1442 1783 veritus
1502 1728 1671 1781 miser
1714 1726 1983 1781 sanctum'
2012 1726 2288 1779 lavacrum
2321 1740 2337 1777 :

763 1825 901 1877 duos
925 1823 1070 1876 enim
1099 1819 1239 1874 ﬁlios
1264 1821 1383 1890 ejus
1411 1835 1476 1873 ex
1516 1818 1678 1872 tertia
1710 1818 1943 1887 conjuge
1980 1817 2154 1886 ipsius
2182 1817 2235 1869 in
2259 1816 2339 1869 nl-

2427 629 2590 683 sisset
2624 644 2751 681 eum
2780 628 3011 682 moleste
3046 626 3237 683 tulisse
3261 626 3514 682 infandas
3546 629 3600 681 in
3643 628 3794 680 viros
3845 629 3995 682 insa-

2427 719 2547 775 nias
2580 736 2734 782 suas,
2760 729 2816 775 et
2843 719 3007 774 beato
3041 719 3323 789 Stephano
3368 720 3617 774 inclauso
3641 719 3699 774 S.
3740 720 3995 775 Aii‘xentii

2426 810 2526 865 has
2559 812 2874 868 manifestas
2904 812 3232 878 reddidisse,
3263 812 3567 885 salutisque
3600 813 3843 868 remedia
3877 829 3997 868 sus-

2429 904 2662 974 cepisse,
2720 905 2871 960 bunc
2900 904 3057 976 quasi
3094 904 3470 960 insidiatorem
3506 922 3665 961 suum
3709 906 3998 961 diﬂ'amans

2431 1014 2540 1052 una
2598 1013 2723 1052 cum
2758 998 3026 1063 inclauso,
3057 1008 3119 1053 ut
3163 1000 3487 1068 praedictum
3544 1007 3648 1062 est,
3698 998 3996 1052 interfecit.

2430 1088 2583 1143 Fecit
2612 1097 2794 1142 autem
2826 1088 3113 1143 abundare
3159 1088 3336 1141 horno
3358 1088 3570 1157 species
3602 1087 3657 1140 in
3683 1088 3818 1142 urbe
3849 1106 3862 1141 ε
3892 1102 3997 1140 no--

2430 1194 2531 1233 vus
2562 1180 2709 1233 enim
2736 1178 2907 1233 Midas
2929 1177 3106 1233 factus
3151 1193 3344 1233 aurum
3375 1176 3717 1233 coacervavit
3762 1187 3811 1231 et
3858 1180 4000 1248 agri-

2432 1270 2581 1324 colas
2637 1270 2972 1329 denudavit.
3028 1279 3084 1324 et
3134 1271 3207 1325 ob
3261 1270 3595 1325 tributorum
3660 1268 4001 1325 exactionem

2434 1359 2775 1429 cogebantur
2797 1360 3051 1415 homines
3074 1361 3254 1431 largas
3282 1362 3377 1416 Dei
3408 1360 3749 1430 geniminum
3780 1359 4002 1415 muniti-

2412 1452 2643 1534 .centias
2678 1450 2835 1505 facile
2867 1467 2964 1506 seu
2995 1454 3089 1507 vili
3118 1453 3293 1522 pretio
3316 1454 3653 1506 venundare.

2507 1541 2827 1612 Eodemque
2859 1558 3006 1597 anno
3050 1544 3267 1598 Nicetas
3291 1544 3409 1597 falsi
3430 1543 3669 1597 nominis
3696 1542 4008 1612 patriarcha

2439 1631 2625 1685 iconas
2656 1647 2723 1686 ex
2752 1634 2931 1687 musio
2966 1632 3157 1697 factas,
3194 1650 3317 1703 qua:
3353 1636 3408 1688 in
3433 1634 3766 1703 patriarchio
3792 1634 4009 1691 Secreti

2438 1725 2667 1780 minoris
2697 1735 2878 1791 erant,
2905 1728 3092 1793 erasit,
3144 1738 3199 1783 et
3251 1728 3517 1798 imagines
3558 1729 3738 1800 magni
3772 1729 4007 1791 Secreti,

2441 1833 2562 1886 qua:
2585 1817 2814 1887 sculpta:
2844 1818 2899 1871 in
2927 1819 3076 1889 ligno
3098 1829 3275 1883 erant,
3301 1820 3576 1889 deposuit.
3601 1832 3655 1875 et
3687 1831 4013 1875 czeterarum

764 1931 861 1969 nas
888 1928 1016 1968 suas
1044 1918 1385 1980 susceperat,
1419 1908 1689 1978 siquidem
1746 1922 1961 1976 semper
1990 1906 2176 1961 feralis
2220 1920 2339 1959 mo-
2372 1917 2414 1971 Β
2445 1908 2742 1975 imaginum
2807 1907 2975 1962 facies
3031 1907 3303 1965 delinivit.
3378 1909 3485 1965 Sed
3539 1920 3595 1964 et
3645 1911 3699 1965 in
3750 1910 4013 1964 Abramio

763 2008 917 2063 ribus
946 2018 1002 2062 et
1032 2007 1431 2060 immansuetus
1453 2019 1574 2058 esse
1600 2002 1885 2072 probatur.
1917 2000 1998 2054 Ab
2027 2000 2131 2055 hoc
2151 2009 2336 2054 autem

766 2115 913 2156 anno
941 2097 1196 2169 ampliori
1236 2096 1446 2150 insania
1479 2110 1611 2148 usus
1650 2102 1735 2147 est
1794 2110 1808 2146 :
1863 2093 2090 2147 mittens
2139 2091 2340 2160 quippe

766 2191 1024 2261 deposuit
1083 2188 1305 2242 Petrum
1350 2184 1593 2238 nobilem
1625 2185 1864 2255 stylitem
1890 2199 1920 2236 a
1951 2191 2126 2252 petra,
2179 2196 2341 2251 quem

767 2287 973 2345 vivum,
1004 2296 1129 2334 cum
1165 2278 1515 2347 dogmatibus
1542 2277 1661 2345 ejus
1711 2277 1909 2330 cedere
1943 2275 2241 2336 renuisset,
2276 2273 2341 2326 li-

765 2373 908 2443 gatis
939 2369 1176 2441 pedibus
1199 2370 1319 2438 ejus
1353 2369 1405 2419 in
1449 2366 1770 2435 praedictum
1808 2365 2009 2434 Pelagii
2043 2363 2247 2425 locum,
2285 2372 2343 2417 et

769 2467 917 2517 hunc
949 2475 1168 2531 quoque
1202 2475 1298 2527 per
1352 2459 1584 2526 plateam
1638 2465 1871 2509 tractum
1926 2456 2121 2523 projici
2160 2453 2341 2525 jussit.

770 2557 920 2611 Alios
949 2553 1115 2608 etiam
1154 2552 1209 2605 in
1243 2551 1418 2605 saccis
1448 2549 1698 2602 vinciens
1749 2562 1803 2602 et
1830 2548 2109 2617 lapidibus
2156 2562 2346 2616 aggra-

770 2662 904 2700 vans
934 2646 986 2699 in
1024 2644 1245 2714 pelagus
1265 2642 1460 2713 jactari
1495 2640 1866 2708 praacipicbat,
1898 2640 2085 2693 oculos
2122 2654 2344 2703 eruens,

770 2752 933 2791 nares
966 2735 1318 2794 abscindens,
1339 2732 1563 2801 ﬂagellis
1586 2733 1895 2794 excorians,
1912 2740 1968 2786 et
1993 2747 2210 2786 omnem
2238 2741 2351 2784 tor-

774 2827 939 2881 menti
973 2825 1208 2894 speciem
1244 2823 1509 2877 adversus
1535 2838 1629 2876 eos
1669 2822 1761 2891 qui
1800 2823 1887 2891 pie
1929 2822 2158 2891 agebant
2184 2837 2349 2875 cxco-

771 2922 972 2991 gitans.
1000 2918 1068 2971 Et
1110 2919 1163 2969 in
1194 2917 1383 2969 urbem
1413 2915 1635 2984 quidem
1666 2930 1765 2984 per
1808 2930 1866 2968 se
1923 2914 2101 2983 ipsum
2145 2912 2262 2967 hac
2298 2921 2353 2966 et

773 3019 1176 3067 consentaneus
1250 3022 1401 3069 suos,
1461 3007 1760 3060 Antonium
1830 3006 1917 3059 aio
1967 3006 2258 3075 patricium
2299 3014 2354 3059 et

774 3106 1084 3160 scholarum
1110 3102 1493 3158 domesticum.
1533 3115 1596 3153 ac
1633 3100 1854 3154 Petrum
1892 3098 2236 3169 magistrum,
2268 3105 2353 3151 at-

775 3213 884 3267 que
925 3210 1023 3264 per
1066 3194 1328 3263 populum
1359 3192 1697 3261 singulorum
1748 3191 2026 3252 ordinum,
2086 3190 2179 3260 qui
2228 3206 2257 3244 a
2296 3206 2354 3244 se

778 3287 957 3339 fuerat
985 3284 1052 3337 ad
1099 3284 1222 3337 talia
1249 3281 1523 3345 eruditus,
1583 3281 1800 3351 agebat.
1865 3281 1923 3334 In
1972 3282 2176 3336 exteris
2224 3298 2356 3336 vero

782 3377 1116 3432 thematihus
1146 3391 1242 3445 per
1271 3375 1383 3444 jam
1415 3373 1590 3427 dictos
1619 3382 1905 3443 praetores.
1951 3374 2071 3443 Ipse
2118 3390 2354 3443 namque

778 3470 1005 3523 cithara:
1028 3466 1212 3521 sonitu
1255 3465 1630 3519 delectabatur
1662 3475 1824 3533 atque
1857 3466 2144 3531 conviviis,
2180 3468 2357 3537 turpi-

780 3563 883 3617 hus
916 3558 1268 3615 sermonibus
1295 3565 1351 3610 et
1374 3557 1759 3611 saltationibus
1786 3572 1884 3610 eos
1915 3557 2009 3625 qui
2039 3557 2139 3611 sibi
2167 3557 2353 3612 adhae-

781 3653 978 3707 rebant
1009 3649 1348 3703 incessanter
1392 3646 1684 3709 erudiens,
1733 3656 1789 3699 et
1837 3645 2016 3699 sicubi
2068 3645 2356 3715 quisquam

780 3756 1043 3801 corruens
1062 3741 1146 3794 vel
1172 3740 1365 3794 dolens
1387 3739 1602 3794 solitam
1633 3738 1961 3793 Christianis
1983 3753 2172 3793 vocem
2194 3738 2357 3793 emit-

781 3842 923 3890 teret
957 3833 1187 3887 dicens:
1238 3829 1331 3884 Dei
1354 3830 1615 3896 Genitrix,
1641 3831 1798 3900 juva,
1822 3837 1915 3883 aut
1949 3828 2166 3898 vigilias
2194 3843 2360 3898 agens

780 3925 1293 3995 deprehenderetur
1334 3930 1429 3975 aut
1482 3921 1742 3975 Ecclesiis
1795 3930 2049 3975 assuetus
2101 3929 2197 3974 aut
2233 3934 2357 3973 cum

785 4015 1050 4087 religione
1096 4013 1289 4066 vivens
1312 4019 1410 4065 aut
1441 4026 1551 4065 non
1613 4010 1815 4080 passim
1874 4008 2209 4080 juramentis
2260 4008 2358 4063 ab-

781 4118 966 4173 utens,
1003 4116 1060 4161 ut
1088 4105 1344 4159 inimicus
1388 4103 1738 4169 imperatoris
1770 4102 2135 4155 damnabatur
2164 4108 2221 4154 et
2255 4101 2358 4153 im-

784 4198 1157 4255 memorabilis
1211 4196 1619 4251 nominabatur.
1673 4195 2001 4249 Monasteria
2050 4208 2202 4256 vero,
2240 4207 2361 4266 qua:

785 4291 839 4343 in
870 4288 1102 4359 gloriam
1131 4286 1229 4341 Dei
1263 4294 1319 4340 et
1346 4284 1558 4356 refugia
1582 4285 1971 4340 salvandorum
1993 4283 2187 4339 effecta
2209 4290 2357 4349 sunt,

790 4378 980 4432 domos
1023 4376 1139 4429 fore
1184 4390 1506 4429 communes
1554 4373 1867 4428 fautoribus
1930 4372 2045 4428 suis
2095 4368 2363 4427 militibus

782 4468 1046 4525 faciebat.
1094 4466 1339 4536 Denique
1362 4465 1680 4521 cwnobium
1718 4465 1997 4528 Dalmatii,
2029 4463 2362 4534 quod'inter
2440 4472 2443 4475 '

2442 1998 2701 2053 similiter
2740 1998 2890 2055 fecit.

2512 2093 2671 2145 Anno
2700 2093 2914 2163 imperii
2959 2095 3043 2149 sui
3078 2093 3148 2147 28
3174 2094 3453 2149 coronavit
3500 2095 3796 2163 imperator
3825 2093 4013 2148 Eudo-

2442 2184 2581 2237 ciam
2618 2201 2845 2239 uxorem
2900 2202 3076 2250 suam,
3118 2204 3241 2242 cum
3294 2200 3438 2244 esset
3489 2192 3755 2259 trigamus
3808 2204 3861 2245 et
3902 2192 4017 2245 haec

2443 2284 2591 2331 esset
2618 2277 2776 2333 tertia
2810 2279 3033 2347 conjux,
3068 2280 3121 2333 in
3166 2280 3468 2334 tribunalio
3506 2282 3695 2336 decem
3734 2292 3789 2336 et
3818 2297 4015 2335 novem

2444 2368 2800 2422 accubituum
2858 2368 3118 2424 Kalendis
3150 2370 3435 2440 Aprilibus
3468 2388 3481 2423 :
3520 2372 3662 2427 filios
3707 2388 3837 2427 vero
3884 2388 4018 2427 suos

2445 2472 2511 2511 ex
2543 2459 2657 2527 ipsa
2690 2469 3043 2528 procreatos,
3090 2460 3548 2533 ChristOphoruni
3585 2465 3798 2519 scilicet
3829 2474 3881 2519 et
3918 2466 4019 2519 Ni-

2428 2549 2780 2616 cephorum,
2827 2560 3046 2620 postera
3087 2554 3197 2618 die,
3234 2570 3342 2624 qua
3394 2566 3644 2610 sanctum
3680 2555 4018 2611 celebratum

2447 2648 2532 2694 est
2586 2640 2816 2707 Pascha,
2862 2642 3105 2698 Caesares
3137 2646 3439 2709 ordinavit,
3470 2646 3786 2715 patriarcha
3814 2646 4019 2700 oratio-

2449 2746 2572 2785 nem
2602 2731 2860 2797 faciente,
2887 2741 2943 2788 et
2977 2734 3407 2805 imperatoribus
3444 2751 3613 2803 super
3646 2752 3742 2790 eos
3769 2738 4017 2806 chlamy-

2451 2823 2550 2877 des
2578 2834 2633 2879 et
2656 2823 2975 2880 Cazsaricias
3020 2826 3433 2896 imponentibus
3457 2828 3655 2896 galeas.
3690 2827 3812 2880 Pari
3857 2829 4024 2881 modo

2449 2927 2504 2972 et
2549 2918 2820 2983 Nicetam,
2868 2918 3228 2974 novissimum
3265 2919 3488 2973 fratrem
3533 2934 3747 2984 eorum,
3790 2918 4025 2972 nobilis-

2452 3011 2591 3065 simo
2644 3010 2808 3074 facto,
2860 3012 3212 3081 superposuit
3240 3012 3290 3066 ei
3318 3012 3660 3083 chlamydem
3705 3027 3927 3067 auream
3970 3021 4027 3066 et

2454 3118 2749 3168 coronam;
2778 3112 2835 3158 et
2868 3103 2943 3157 ita
2974 3112 3383 3172 processerunt,
3415 3104 3753 3174 iactantibus
3784 3103 4026 3170 impera-

2458 3192 2671 3246 toribus
2708 3192 2982 3262 hypatiam
3027 3194 3259 3247 trimisia
3298 3194 3409 3261 (87)
3470 3202 3526 3247 et
3569 3194 3787 3246 scmisia
3818 3201 3871 3246 et
3922 3208 4030 3245 nu-

2380 3255 2423 3316 c
2458 3284 2712 3337 mismata
2740 3300 2900 3349 nova,
2930 3300 3103 3354 usque
3138 3285 3204 3340 ad
3239 3286 3485 3355 Magnam
3514 3285 3822 3339 ecclesiam.

2526 3380 2684 3428 Anno
2715 3376 2930 3445 imperii
2958 3375 3303 3430 Constantini
3330 3376 3398 3430 29
3447 3375 3693 3443 ingressa
3724 3383 3809 3428 est
3834 3374 4027 3427 urbem

2458 3465 2691 3519 Hcircne
2726 3466 2795 3519 ab
2818 3467 3049 3521 Athenis
3074 3468 3303 3521 veniens
3334 3466 3698 3520 dromonibus
3730 3476 3786 3519 et
3809 3465 4032 3519 chelan-

2458 3556 2562 3610 diis
2600 3557 2874 3626 plurimis,
2934 3558 3219 3612 adornatis
3248 3558 3441 3612 sericis
3468 3557 3670 3626 palliis,
3702 3569 3756 3611 et
3796 3558 4033 3626 proceri-

2460 3648 2563 3702 bus
2615 3649 2771 3703 urbis
2798 3665 2923 3704 cum
2960 3651 3228 3705 uxoribus
3258 3650 3479 3703 obviam
3514 3649 3941 3704 occurrentibus
3975 3658 4032 3701 et

2459 3742 2898 3812 praecedentibus
2946 3756 3090 3796 eam.
3143 3740 3391 3808 Cumque
3436 3739 3744 3808 patriarcha
3790 3742 4033 3793 venisset

2460 3833 2528 3888 ad
2594 3835 2857 3904 palatium
2911 3834 2967 3888 in
3007 3833 3297 3889 ecclesiam
3352 3831 3540 3895 Phari,
3597 3830 3738 3885 facta
3788 3840 3916 3885 sunt
3966 3830 4032 3884 ad

2461 3926 2708 3981 eamdem
2758 3925 3051 3980 lleirenem
3084 3924 3285 3978 Leonis
3334 3921 3682 3990 imperatoris
3737 3922 4032 3990 sponsalia,

2461 4028 2519 4071 et
2551 4017 2766 4071 decimo
2786 4024 2940 4070 sexto
2966 4015 3237 4071 Kalendas
3258 4013 3549 4068 Ianuarias
3576 4022 3835 4066 coronata
3866 4023 3949 4066 est
3978 4015 4030 4066 in

2465 4108 2703 4162 triclinio
2725 4109 2980 4176 Augustae
3020 4106 3343 4176 imperatrix
3373 4104 3630 4160 Heirene.
3657 4104 3788 4171 Quae
3812 4120 3937 4160 cum
3966 4106 4033 4158 ad

2463 4187 2763 4253 oratorium
2798 4199 2854 4254 S.
2889 4198 3155 4267 Stephani
3188 4198 3353 4251 situm
3398 4196 3454 4250 in
3515 4197 3737 4264 Daphne
3788 4195 4033 4258 abiisset,

2462 4291 2676 4360 accepit
2702 4291 3018 4361 nuptiarum
3046 4304 3306 4344 coronam
3333 4304 3439 4343 una
3475 4302 3598 4341 cum
3633 4286 3743 4340 ﬁlio
3763 4286 4038 4340 Constan-

2464 4379 2599 4443 tini,
2662 4380 2889 4450 praelato
2948 4371 3205 4434 videlicet
3263 4379 3596 4447 imperatore
3650 4378 3855 4432 Leone.
3921 4376 4039 4430 Hoc

2464 4474 2629 4528 etiam
2671 4488 2817 4526 anno
2842 4472 2983 4527 facta
3011 4481 3099 4526 est
3120 4469 3477 4523 commutatio
3535 4470 3588 4521 in
3636 4468 3791 4539 Syria
3825 4468 3929 4521 viri
3970 4467 4038 4521 ad

786 4560 996 4631 optima
1025 4558 1270 4630 Byzantii
1305 4565 1426 4612 erat
1444 4557 1716 4622 CCBDObia.
1749 4556 2021 4611 "milibus
2061 4557 2114 4609 in
2145 4554 2361 4610 habila'
2394 4591 2438 4647 ι)
2464 4567 2647 4620 virum
2670 4572 2726 4619 et
2749 4563 2967 4618 feminae
3006 4544 3073 4616 ad
3107 4561 3365 4616 feminam
3400 4569 3456 4615 et
3487 4559 3643 4629 pueri
3676 4559 3930 4613 similiter
3970 4559 4037 4611 ad

787 4654 973 4709 culum
1005 4652 1231 4717 tribuit;
1259 4667 1323 4705 ea
1354 4666 1475 4720 quae
1498 4650 1763 4706 dicuntur
1787 4648 2085 4705 Callistrati
2107 4658 2161 4704 et
2183 4648 2267 4702 Dii
2301 4661 2365 4701 ac

787 4745 1065 4801 Maximini
1086 4744 1445 4805 monasteria,
1478 4757 1694 4797 necnon
1724 4749 1780 4796 et
1824 4742 1963 4797 alias
2007 4757 2206 4797 sacras-
2241 4752 2364 4794 mo~

786 4841 1086 4894 nacharum
1113 4852 1178 4892 ac
1207 4836 1483 4906 virginum
1525 4834 1739 4897 domos,
1764 4850 1795 4891 a
1845 4833 2217 4889 fundamentis
2263 4832 2363 4887 de-

786 4930 1009 4987 struxit.
1044 4930 1154 4984 Eos
1186 4943 1321 4982 vero
1345 4928 1439 4997 qui
1484 4927 1844 4983 monasticam
1890 4926 2076 4981 subire
2103 4927 2271 4980 vitam
2296 4940 2365 4978 ex

788 5019 1099 5090 insignibus
1126 5018 1402 5073 militibus
1426 5018 1514 5073 vel
1543 5017 1898 5073 senatoribus
1926 5016 2276 5079 studuerant,
2307 5023 2366 5069 et

786 5111 1025 5165 maxime
1049 5110 1172 5164 illos
1193 5108 1289 5179 qui
1317 5109 1423 5164 sibi
1450 5108 1799 5163 adhaeserant
1821 5114 1879 5163 et
1901 5106 2207 5177 complices
2238 5105 2366 5160 libi-

790 5203 936 5257 dinis
966 5218 1079 5257 suae
1126 5217 1190 5256 ac
1216 5202 1583 5256 nefandorum
1630 5209 1853 5256 actuum
1900 5200 2143 5264 fuerant,
2202 5197 2368 5252 morti

789 5292 1080 5357 subdebat,
1102 5293 1380 5361 suspectui
1412 5293 1621 5348 habens
1670 5291 2073 5355 confusionem,
2105 5304 2227 5360 quae
2259 5287 2367 5342 sibi

790 5400 857 5439 ex
889 5383 1438 5453 pronuntiationibus
1484 5383 1640 5438 fieret
1671 5382 2077 5452 propalantium
2099 5396 2178 5435 se.
2211 5379 2368 5435 Unde

789 5483 844 5528 et
877 5474 1212 5544 Strategium
1235 5472 1581 5543 Podopaguri
1611 5472 1864 5535 fratrem,
1899 5486 2024 5525 cum
2071 5477 2221 5525 esset
2269 5485 2363 5521 ur-

790 5567 972 5620 banus
1022 5565 1232 5635 specie,
1291 5564 1640 5634 assumpsit:
1684 5564 1903 5618 amabat
1956 5564 2102 5618 enim
2164 5561 2365 5615 talibus

2467 4672 2718 4728 puerum.
2756 4655 2824 4710 Et
2847 4654 3109 4725 praacepit
3140 4652 3379 4708 Abdelas
3426 4651 3543 4705 radi
3588 4651 3786 4705 barbas
3820 4665 4038 4713 eorum,

2464 4756 2520 4804 et
2544 4746 2663 4803 fieri
2687 4746 3030 4802 calamaucos
3063 4746 3234 4799 cubiti
3268 4745 3431 4798 unius
3459 4753 3515 4797 et
3542 4743 3727 4796 semis.

2544 4839 2705 4892 Anno
2764 4834 2983 4906 imperii
3037 4832 3384 4887 Constantini
3439 4830 3507 4884 50
3561 4829 3835 4883 Adrianus
3892 4826 4041 4879 sedis

2466 4928 2778 4999 apostolicae
2834 4925 3031 4996 praesul
3086 4925 3340 4978 habetur.
3400 4919 3608 4976 Eodem
3663 4934 3807 4972 anno
3867 4916 4043 4973 movit

2465 5018 2771 5073 exercitum
2817 5016 3058 5070 Banacas
3091 5023 3282 5067 contra
3342 5011 3689 5070 Romaniam,
3741 5017 3797 5063 et
3836 5008 4042 5059 multos

2468 5110 2713 5179 captivos
2741 5106 3008 5171 abduxit,
3055 5112 3110 5160 et
3143 5103 3372 5158 Romani
3419 5112 3672 5172 quartam
3722 5097 4041 5153 Armeniam

2468 5200 2699 5271 ingressi
2764 5198 3215 5269 despoliaverunt
3276 5210 3418 5250 eam.
3470 5193 3741 5247 Praeterea
3803 5189 4040 5242 moritur

2470 5291 2688 5356 Salecb,
2751 5300 2808 5346 et
2872 5288 3136 5344 translata
3194 5295 3277 5341 est
3344 5282 3689 5339 Germanici:
3754 5282 3807 5334 in
3868 5279 4043 5332 Palae-

2469 5383 2691 5437 stinam.

2542 5474 2751 5529 Eodem
2783 5490 2915 5529 vero
2943 5488 3088 5527 anno
3118 5470 3365 5525 imitatus
3391 5464 3820 5521 Lachanodraco
3867 5461 4043 5531 magi-

2473 5576 2647 5620 strum
2675 5581 2859 5627 suum.
2898 5579 3117 5620 omnem
3150 5560 3478 5617 monachum
3528 5568 3581 5614 et
3631 5555 3952 5611 monacham
3986 5554 4041 5607 in

2256 5679 2485 5738 ΝΟΤΛΕ.

865 5780 975 5846 (8'7)
998 5778 1265 5832 Trimisia.
1298 5777 1481 5830 Anast.
1516 5776 1571 5829 in
1612 5774 1805 5829 exsilio
1833 5774 1889 5830 S.
1922 5756 2076 5846 Mart.
2110 5790 2125 5846 ς
2168 5773 2400 5846 {Usque
2446 5777 2512 5832 ad
2557 5792 2725 5833 unum
2765 5776 3053 5832 trimisium
3088 5774 3422 5829 frumentum
3469 5770 3619 5840 potui
3652 5772 3983 5830 comparare.
4020 5782 4042 5814 ι

797 5843 1138 5918 γζδωιηω·
1166 5848 1243 5902 De
1265 5864 1321 5901 re
1352 5864 1551 5901 uumm.
1575 5855 1628 5900 et
1653 5846 1882 5901 Salmas.
1917 5845 1982 5899 ad
2008 5843 2070 5900 H.
2100 5844 2163 5898 A.
2194 5845 2351 5901 FABR.
