4414 6462
429 392 564 454 i389

1220 391 1576 450 ιιιδτοῐιιλ
1615 389 2176 450 εςριεςιλδτιολ
2209 393 2308 452 EX
2342 393 2811 458 TllEOl‘IiziNE.

3481 397 3614 457 i390

425 507 664 562 themate
694 499 1116 557 Thracesiorum
1157 510 1556 556 communitates
1601 499 1744 568 apud
1780 497 1962 568 Ephe-
1992 507 2032 560 Α
2061 499 2259 556 derunt
2311 518 2376 556 ex
2439 504 2709 561 Arabibus
2758 509 2924 562 mille.
2977 512 3073 562 Ast
3129 507 3359 562 Abdclas
3418 505 3610 557 abiens

424 608 544 648 sum
591 591 954 660 congregavit,
1007 601 1064 644 et
1089 581 1094 587 ’
1120 590 1335 644 eductis
1364 590 1444 649 eis
1469 588 1522 642 in
1547 603 1796 658 campum
1829 589 1966 643 dixit

421 684 487 737 ad
521 697 655 737 eus:
684 680 786 746 Qui
828 679 940 734 cui:
964 680 1268 750 imperatori
1289 694 1351 731 at:
1380 677 1522 730 nobis
1572 677 1798 741 obedire,
1844 677 1964 731 albo

419 772 674 825 induntur
721 780 858 824 reste
888 778 937 822 et
984 771 1038 822 in
1093 770 1190 822 hac
1233 769 1361 820 liora
1388 775 1566 819 suam
1597 781 1850 819 uxorem:
1886 775 1967 820 ost

420 867 510 932 qui
549 863 642 914 hoc
671 860 843 929 facere
886 861 1034 930 parvi
1060 857 1354 926 peuderiut,
1379 858 1571 925 priuati
1605 857 1882 909 luminibus
1913 859 1969 911 in

421 953 596 1021 Cypro
615 950 796 1005 exsilio
811 951 1223 1003 damnabantur.
1242 945 1489 1014 Tumque
1505 962 1644 1016 opus
1663 962 1787 1001 eum
1802 948 1970 1002 verbo

423 1043 626 1112 pariter
667 1047 1102 1097 consummatum
1156 1046 1277 1100 est,
1329 1046 1387 1090 ct
1433 1037 1586 1090 multi
1630 1037 1824 1092 eodem
1879 1037 1969 1093 die

425 1143 689 1204 martyres
730 1138 856 1184 sunt
889 1128 1117 1190 ostensi,
1173 1127 1330 1181 multi
1367 1141 1499 1181 vero
1549 1127 1869 1184 deﬁcientes
1913 1136 1971 1182 et

421 1221 664 1274 enervati
692 1217 994 1287 perierunt,
1054 1229 1194 1284 quos
1231 1225 1286 1269 et
1329 1215 1626 1270 familiares
1661 1217 1766 1270 sibi
1798 1217 1972 1271 Draco

421 1303 674 1361 iaciebat.
708 1305 974 1359 Praztcrea
1005 1302 1301 1357 indictione
1342 1317 1484 1357 nona
1513 1344 1527 1363 .
1560 1318 1745 1356 mense
1771 1303 1974 1359 Janua-

423 1397 527 1458 rio,
572 1404 731 1448 natus
761 1404 844 1447 est
880 1391 1195 1462 imperatori
1239 1392 1410 1447 Leoni
1440 1401 1496 1445 et
1527 1390 1776 1448 ileirena‘.
1806 1392 1970 1456 ﬁlius,

422 1486 513 1555 qui
546 1483 857 1537 nominatus
898 1491 983 1537 est
1008 1482 1420 1548 Constantinus,
1453 1482 1582 1538 dum
1613 1481 1796 1538 adhuc
1820 1482 1972 1538 vive-

424 1584 507 1630 ret
536 1574 926 1628 Constantinus
952 1589 1086 1630 avus
1115 1575 1256 1645 ejus.

489 1664 650 1715 Anno
701 1661 916 1730 imperii
964 1661 1308 1717 Constantini
1361 1661 1422 1717 5|
1461 1663 1632 1718 movit
1671 1663 1971 1718 exercitum

421 1752 660 1808 Battacas
682 1764 874 1808 contra
905 1754 1245 1820 iloutattiam,
1279 1763 1336 1809 et
1366 1770 1488 1808 eum
1512 1754 1882 1809 descendisset
1903 1751 1974 1806 ab

2068 589 2795 660 Hierosolymamjejunavit,
2828 608 2882 650 et
2917 596 3172 664 prazccpit
3200 595 3420 648 inscribi
3457 594 3614 646 Chri-

2067 679 2270 730 stianos
2299 690 2353 732 et
2381 679 2635 733 liebraios
2671 681 2724 734 in
2761 687 3046 746 manibus;
3096 692 3151 735 ct
3194 683 3403 735 ideirco
3451 682 3609 736 multi

2065 765 2495 822 Christianorum
2550 785 2646 839 per
2701 786 2850 826 mare
2913 772 2966 826 in
3039 771 3357 826 llomaniam
3415 770 3615 825 conio--

2067 868 2281 928 gerunt.

2137 949 2291 1007 Anno
2320 948 2532 1018 imperii
2575 951 2660 1004 sui
2693 952 2762 1004 53
2792 951 2960 1005 movit
2979 934 3396 1012 Constantinus,
3424 965 3610 1004 mense

2069 1037 2207 1093 Maio
2237 1037 2572 1097 duodecima:
2600 1042 2936 1104 iudictiouis.
2960 1041 3159 1095 stolum
3192 1041 3607 1095 chelandiurum

2072 1125 2157 1181 bis
2185 1127 2413 1183 millium
2437 1140 2626 1185 contra
2653 1129 2984 1200 V'ulgariam.
3019 1130 3083 1182 Et
3113 1129 3387 1197 ingressus
3419 1131 3533 1198 ipse
3558 1131 3612 1183 in

2073 1218 2237 1272 rubea
2263 1219 2548 1276 cbelandia
2567 1230 2747 1275 motus
2767 1230 2850 1273 est
2874 1224 2941 1274 ad
2963 1219 3273 1273 intrandum
3302 1218 3608 1272 Danubium

2072 1323 2306 1372 amnem,
2335 1309 2612 1366 derelictis
2643 1327 2858 1381 quoque
2896 1311 3220 1380 praetoribus
3274 1312 3612 1378 equestrium

2075 1399 2373 1454 thematum
2411 1414 2560 1456 extra
2589 1401 2888 1466 clausuras,
2917 1404 2962 1455 si
2998 1400 3135 1454 forte
3169 1410 3388 1468 possent
3416 1400 3615 1468 \‘ulga-

2074 1489 2226 1545 ribus
2271 1489 2326 1544 in
2363 1506 2422 1546 se
2462 1491 2720 1545 intuitum
2759 1490 3020 1560 ligenti'nu
3077 1492 3302 1545 introire
3334 1491 3386 1543 in
3418 1491 3616 1560 Vulga-

2074 1579 2229 1632 riam.
2270 1579 2406 1634 Cum
2448 1589 2631 1636 autem
2661 1583 2897 1637 venisset
2931 1597 3101 1652 usque
3135 1581 3200 1636 ad
3234 1581 3436 1635 Barnas
3460 1621 3472 1641 .
3510 1581 3622 1631 for-

2075 1668 2317 1733 midavit,
2369 1680 2427 1725 et
2465 1671 2646 1725 redire
2690 1673 3072 1726 meditabatur.
3116 1671 3218 1726 Sed
3267 1682 3322 1726 et
3361 1673 3622 1741 Volgares

2075 1757 2342 1823 videntes,
2383 1775 2448 1814 ac
2498 1760 2659 1814 simili
2704 1775 2907 1829 pavore
2960 1770 3295 1821 metuentes,
3354 1764 3621 1814 miserunt

422 1843 674 1900 ilisauria
729 1844 786 1898 in
829 1853 1072 1898 castrum
1135 1843 1310 1907 Sicea'.
1355 1843 1572 1899 obsedit
1613 1844 1767 1898 illud.
1817 1842 1972 1909 Quod
2001 1827 2278 1903 Blioilam
2307 1859 2362 1904 et
2385 1849 2645 1920 Tsigatcn
2688 1827 2936 1920 petentes
2972 1866 3178 1919 pacem.
3211 1850 3359 1915 Quos
3383 1865 3506 1902 cum
3536 1851 3620 1903 vi-

422 1950 548 1991 cum
598 1933 843 1989 audisset
887 1935 1208 2003 imperator,
1257 1932 1476 2003 scripsit
1540 1932 1607 1987 ad
1657 1931 1972 1988 Iichaeicm

422 2035 711 2098 prmtorem
739 2022 1100 2080 Orientalium
1122 2033 1177 2078 et
1208 2023 1274 2079 ad
1310 2023 1488 2078 lania
1515 2022 1974 2080 Buecellariorum

418 2124 479 2171 et
512 2113 740 2170 Bardam
775 2113 1224 2168 Armeniacorum
1267 2121 1556 2181 pratores;
1598 2111 1692 2181 qui
1725 2126 1850 2165 cum
1879 2124 1978 2164 ve-

423 2203 652 2265 nissent,
665 2209 961 2256 tenuerunt
983 2214 1264 2270 egressum
1293 2215 1509 2261 eorum,
1530 2199 1625 2267 qui
1665 2205 1787 2252 erat
1819 2198 1976 2251 clau-

422 2306 549 2347 sura
576 2290 735 2344 valde
754 2287 990 2343 diﬂiciiis
1010 2288 1076 2341 ad
1100 2286 1412 2341 meandum.
1441 2285 1626 2339 Stolus
1671 2293 1854 2338 autem
1883 2283 1972 2336 Ci.

423 2379 857 2452 byrrhzeotorum
889 2391 1015 2431 cum
1057 2376 1301 2431 Praetona
1321 2374 1598 2445 spathario
1615 2380 1846 2442 praetore
1878 2385 1980 2426 suo

423 2471 648 2525 veniens
669 2469 928 2540 applicuit
944 2469 998 2523 in
1024 2476 1186 2538 portu
1211 2465 1451 2536 pradicti
1475 2465 1661 2526 castri.
1676 2462 1832 2530 Quod
1852 2477 1978 2518 cum

425 2561 665 2616 Banacas
704 2560 947 2617 vidisset.
1005 2557 1092 2612 sui
1130 2557 1456 2628 desperatus
1488 2554 1743 2609 ﬁduciam
1789 2567 1980 2608 rursus
2027 2584 2033 2590 -

424 2652 676 2714 assumit.
717 2665 954 2720 suosque
993 2651 1200 2704 alacres
1225 2647 1423 2709 reddit.
1474 2656 1532 2702 et
1574 2645 1880 2700 ascendens
1909 2642 1980 2698 ad

424 2753 710 2812 equestres
734 2743 1009 2796 exercitus
1053 2738 1265 2809 magnis
1312 2747 1370 2793 et
1421 2735 1726 2806 repentinis
1754 2733 1985 2790 vocibus

426 2843 553 2885 eum
583 2830 844 2885 omnibus
889 2828 1004 2884 suis
1055 2828 1350 2882 clamorem
1394 2825 1570 2889 dedit,
1617 2825 1806 2894 sicque
1860 2823 1987 2877 illos

427 2921 652 2976 territos
689 2918 872 2988 fugat,
926 2918 1223 2986 multisque
1278 2916 1581 2986 peremptis
1640 2911 1985 2982 depradatus

426 3020 515 3069 est
534 3009 880 3067 ontuiaeirca
919 3007 1174 3080 regiones
1189 3006 1411 3069 illam-et
1437 3019 1564 3060 cem
1585 3003 1778 3074 spoliis
1800 2999 1988 3055 multis

430 3116 686 3160 ηνεηαι
706 3109 814 3159 est.

500 3193 704 3250 Eodem
724 3183 947 3264 quoque
975 3204 1122 3246 anno
1151 3189 1320 3244 misso
1341 3184 1762 3242 Thraccsiorum
1786 3191 1983 3253 praetor

431 3285 856 3344 Lachanodraco
898 3282 1082 3338 Leone
1115 3280 1331 3336 notario
1354 3293 1455 3333 suo
1485 3289 1542 3332 et
1583 3275 1766 3330 Leone
1798 3289 1986 3328 exmo-

431 3379 610 3435 naclto
636 3375 979 3434 venundavit
1008 3372 1192 3429 omnia
1224 3369 1579 3432 monasteria.
1607 3366 1854 3422 virorum
1884 3363 1990 3419 sci-

433 3472 566 3529 licet
589 3480 648 3526 et
671 3468 1019 3533 l’einarum,
1041 3477 1100 3522 et
1123 3465 1306 3521 omnia
1337 3477 1465 3520 vasa
1496 3469 1710 3516 sacrata
1740 3468 1794 3514 et
1821 3457 1992 3513 libros

431 3572 491 3618 et
521 3576 744 3632 pecora,
769 3567 828 3615 et
845 3573 1077 3629 qua-que
1106 3555 1562 3626 patrimoniorum
1590 3567 1784 3606 eorum
1813 3557 1991 3610 erant.

433 3663 492 3708 et
519 3653 714 3706 horum
745 3652 921 3720 pretia
971 3649 1206 3719 principi
1231 3647 1447 3700 detulit.
1499 3643 1779 3710 Quotquot
1808 3649 1990 3694 autem

434 3741 738 3798 tnunacbos
767 3749 824 3793 et
856 3748 1114 3809 paternos
1167 3737 1340 3790 libros
1392 3733 1617 3802 reperit,
1668 3732 1793 3799 igne
1846 3742 1996 3784 com-

436 3831 644 3894 bussit;
690 3839 749 3884 et
787 3827 966 3883 sicubi
990 3825 1262 3895 lipsanum
1291 3821 1466 3878 sancti
1498 3820 1623 3890 quis
1655 3819 1864 3872 habens
1891 3831 1987 3884 ap-

437 3923 712 3996 paruisset
750 3918 819 3975 ad
851 3905 1181 3979 custodiam,
1207 3925 1265 3970 et
1296 3915 1402 3968 hoc
1443 3914 1666 3981 quoque
1716 3907 1994 3964 nihilomi-

434 4031 540 4072 nus
570 4011 680 4085 igni
708 4009 994 4075 tradebat,
1021 4022 1149 4064 cum
1174 4021 1325 4082 .vero
1351 4004 1445 4075 qui
1481 4002 1718 4085 habebat
1753 4000 1910 4062 illud,
1933 4009 1994 4054 ut

434 4079 616 4178 impie
628 4113 879 4177 agentem
906 4079 1189 4172 puniebat.
1221 4097 1289 4152 Et
1318 4095 1518 4151 multos
1543 4079 1767 4164 quidem
1798 4105 1993 4146 mona-

433 4197 664 4254 chorum
687 4193 1010 4250 verberibus
1051 4187 1348 4251 interfecit,
1390 4185 1655 4256 quosdam
1681 4183 1848 4240 etiam
1877 4183 1992 4254 gla-

432 4288 529 4347 dio
581 4284 894 4342 trucidavit.
931 4283 1202 4339 Prcterea
1232 4275 1686 4333 innumerabiles
1708 4274 1992 4330 oculorum

431 4379 646 4436 visibus
681 4376 996 4439 exorbavit;
1043 4383 1104 4429 et
1128 4367 1497 4443 quorumdam
1525 4368 1750 4439 quidem
1793 4365 1994 4421 barbas

432 4486 562 4529 cera
590 4481 648 4526 et
679 4471 803 4525 oleo
833 4480 1145 4538 perungetts
1192 4460 1561 4519 succendcbat
1596 4460 1798 4529 ignem,
1824 4466 1882 4511 et
1920 4456 1993 4509 ita

433 4573 547 4621 tam
572 4562 739 4619 facies
767 4574 960 4616 eorum
987 4571 1152 4628 quam
1179 4556 1359 4626 capita
1388 4551 1797 4610 concremabat.
1823 4550 1994 4605 Porro

431 4655 571 4710 alios
601 4661 725 4724 post
753 4650 956 4706 multos
1003 4647 1285 4704 cruciatus
1307 4645 1522 4701 exsiliis
1570 4641 1908 4700 destinabat.
1938 4648 1996 4694 et

432 4754 712 4816 postremo
760 4758 872 4798 non
894 4739 1142 4796 deseruit
1190 4738 1246 4794 in
1278 4745 1397 4793 toto
1446 4736 1687 4791 themate
1732 4732 1837 4787 sibi
1865 4730 1995 4786 sub-

428 4832 574 4902 jecto
596 4831 874 4886 hominem
909 4842 1077 4884 unum
1113 4827 1419 4882 monastico
1441 4825 1720 4881 schemate
1751 4822 1992 4877 circum-

429 4921 714 4977 amictum.
744 4920 900 4989 Quod
941 4934 1070 4976 cum
1111 4920 1408 4990 imperator
1453 4914 1764 4972 didicisset.
1789 4913 1993 4969 bonum

429 5023 650 5079 semper
681 5026 908 5066 exosum
940 5009 1174 5072 habens,
1210 5007 1432 5077 scripsit
1454 5005 1505 5060 ei
1534 5003 1738 5075 gratias
1761 5001 1953 5059 dicens
1977 5018 1991 5055 :

429 5098 614 5158 Inveni
635 5108 687 5154 te
720 5103 894 5156 virent
917 5100 1203 5156 secundum
1225 5115 1315 5153 cor
1337 5113 1526 5157 nteant.
1552 5095 1642 5164 qui
1666 5093 1794 5162 facis
1815 5110 1994 5148 omnes

429 5193 730 5250 voluntates
763 5210 927 5248 meas.
971 5194 1130 5250 Hunc
1154 5208 1286 5265 ergo
1315 5192 1594 5248 imitantes
1615 5199 1672 5244 et
1700 5190 1884 5246 caeteri
1916 5189 1994 5246 si-

430 5289 580 5344 milia
611 5285 1022 5364 perpetrabant.

365 5386 368 5389 ’
500 5383 658 5438 Anno
699 5380 913 5452 imperii
953 5377 1297 5435 Constantini
1340 5378 1412 5435 ω
1454 5376 1602 5432 misit
1649 5375 1886 5433 Abdelas
1938 5377 1994 5433 in

428 5469 665 5526 Africam
704 5469 1059 5525 blualabitum
1101 5483 1227 5524 cum
1268 5467 1513 5523 exercitu
1560 5465 1758 5532 multo,
1802 5477 1860 5522 et
1907 5468 1993 5523 in-

429 5575 651 5632 gressus
673 5569 758 5615 est
782 5560 1048 5630 Aipbadal
1076 5561 1313 5616 Badinar
1338 5561 1395 5614 in
1428 5557 1749 5614 Romaniam
1769 5600 1784 5622 ,
1819 5568 1875 5613 et
1899 5575 1992 5614 ee-

429 5653 510 5725 pit
539 5653 788 5722 captivos
810 5651 1166 5721 quingentos.
1196 5652 1660 5722 Hopsuestienses
1687 5661 1874 5706 autem
1895 5653 1995 5707 ob-

433 5747 574 5803 viam
613 5745 694 5800 eis
720 5753 1081 5800 occurrentes
1114 5752 1171 5799 et
1220 5745 1428 5804 bellum
1463 5745 1803 5817 exagitantes
1839 5745 1990 5800 occi-

2073 1940 2242 1995 disset
2287 1940 2601 2010 imperator,
2631 1942 2845 2011 gavisus
2867 1950 2949 1996 est
2976 1951 3030 1995 et
3077 1956 3263 2010 pacem
3296 1939 3443 2002 iecit,
3481 1956 3624 2010 prze~

2074 2030 2203 2086 stito
2226 2029 2465 2109 vicissim
2495 2031 2850 2107 jurejurando
2871 2040 3139 2103 quatenus
3168 2046 3344 2100 neque
3365 2031 3627 2100 Volgares

2074 2122 2287 2178 exirent
2309 2131 2498 2177 contra
2514 2123 2834 2178 Romaniatn
2863 2138 3040 2191 neque
3066 2124 3358 2192 imperator
3381 2122 3628 2175 studeret

2076 2212 2444 2281 iuVulgariam
2475 2213 2696 2266 intrare.
2716 2213 2783 2267 Et
2809 2211 2966 2267 factis
2990 2227 3156 2280 super
3181 2211 3282 2264 hoc
3304 2228 3369 2265 ex
3398 2221 3630 2279 utraque

2077 2308 2230 2368 parte
2255 2299 2548 2368 scripturis
2568 2301 2636 2354 ad
2662 2303 2899 2355 invicem
2928 2317 3178 2355 reversus
3212 2309 3295 2353 est
3333 2301 3629 2368 imperator

2075 2397 2133 2462 et
2164 2389 2356 2446 urbem
2396 2391 2549 2455 adit,
2582 2393 2778 2446 laxatis
2808 2392 3085 2446 derelictis
3130 2407 3195 2445 ex
3229 2392 3482 2445 oumibus
3514 2393 3633 2445 the-

2079 2479 2319 2536 matibus
2364 2481 2418 2534 in
2482 2481 2677 2537 castris
2721 2497 2840 2551 qua:
2886 2481 3152 2536 condidit.
3202 2481 3462 2536 Octobrio
3501 2498 3635 2537 vero

2081 2587 2267 2627 mense
2327 2572 2629 2628 undecitntc
2668 2571 2988 2627 iudictionis
3022 2573 3276 2626 nuntium
3326 2573 3564 2639 suscepit
3602 2589 3632 2626 a

2083 2660 2338 2733 Vulgaria
2372 2663 2441 2718 ab
2491 2664 2723 2719 occultis
2755 2665 2949 2719 amicis
3004 2666 3136 2726 suis,
3195 2663 3338 2732 quod
3397 2664 3637 2716 mitteret

2083 2755 2340 2812 dominus
2388 2757 2658 2829 Vulgarite
2685 2757 2975 2812 duodecim
3032 2758 3202 2811 millia
3240 2773 3303 2810 ex
3355 2757 3554 2826 [.opult)
3581 2764 3640 2806 et

2085 2847 2333 2908 Boilades
2366 2848 2434 2903 ad
2461 2851 2842 2919 captivandum
2865 2850 3146 2903 Veniliam
3175 2857 3229 2901 et
3258 2847 3637 2901 abducendum

2082 2952 2178 2989 eos
2205 2940 2256 2989 in
2290 2938 2620 3009 Vulgariam.
2656 2938 2759 3004 Qui
2793 2954 2860 2990 ne
2883 2939 3253 2999 innotesceret
3280 2939 3424 3006 quod
3449 2948 3640 2990 contra

2086 3023 2347 3093 Vulgares
2386 3035 2696 3079 moveretur
2723 3027 3014 3094 (venerant
3039 3026 3184 3079 enim
3228 3024 3295 3079 ad
3327 3039 3451 3078 eum
3477 3025 3639 3094 legati

2084 3113 2292 3168 domini
2323 3113 2606 3183 Vulgari-.12)
2634 3129 2759 3191 eum
2810 3114 2987 3168 adhuc
3010 3114 3045 3167 ii
3069 3122 3256 3169 essent
3293 3116 3348 3167 iu
3378 3114 3535 3177 urbe,
3569 3116 3640 3167 si-

2087 3204 2312 3258 mulavit
2339 3218 2398 3258 se
2421 3203 2683 3259 adversus
2714 3206 2919 3259 Arabes
2964 3220 3185 3260 movere
3210 3244 3227 3266 ,
3257 3215 3311 3258 ct
3337 3214 3640 3259 transmea-

2088 3305 2216 3350 ruut
2233 3306 2349 3360 tam
2373 3296 2567 3350 vexilla
2596 3312 2757 3366 quam
2789 3297 3158 3367 supellectiies
3184 3296 3476 3352 ministerii
3507 3295 3641 3366 regii

2088 3395 2404 3456 apparatus.
2459 3385 2596 3440 Cum
2646 3397 2829 3441 autem
2878 3386 3266 3456 apocrisiarius
3320 3385 3640 3447 dimisisset,

2090 3493 2189 3547 per
2216 3479 2595 3547 exploratores
2622 3489 2908 3547 comperto
2942 3493 3134 3533 eorum
3169 3495 3416 3549 egressu,
3439 3495 3646 3533 assum-

2090 3577 2184 3636 pto
2211 3567 2455 3622 exercitu
2508 3568 3151 3636 festiuusitenarripuit,
3203 3579 3259 3623 et
3312 3572 3647 3624 coacervatis

2091 3657 2392 3709 thematum
2425 3656 2622 3710 laxatis
2646 3665 2701 3709 et
2729 3655 3114 3713 'l'hraecsianis
3146 3667 3202 3713 et
3233 3661 3401 3714 unitis
3438 3662 3647 3714 ordini-

2090 3743 2196 3797 bus
2223 3743 2582 3812 optimatibus
2611 3743 2738 3798 fecit
2767 3758 2864 3798 eos
2904 3743 2975 3797 80
3001 3746 3199 3813 millia.
3224 3745 3290 3801 Et
3324 3763 3556 3817 pergens
3591 3753 3645 3803 in

2093 3834 2272 3889 locum
2299 3835 2393 3904 qui
2411 3835 2614 3890 dicitur
2637 3833 2968 3899 Lithosoria,
2996 3837 3202 3892 nullius
3229 3839 3371 3892 tuba:
3393 3841 3650 3910 clangore

2092 3932 2341 3984 sonante.
2368 3924 2651 3982 irrueruut
2690 3941 2855 3996 super
2886 3926 3027 3990 illos,
3053 3936 3109 3983 et
3150 3937 3369 3985 vertens
3395 3944 3493 3985 eos
3522 3931 3650 3985 fecit

2091 4017 2376 4072 victoriam
2421 4032 2693 4089 magnam,
2743 4029 2798 4073 et
2843 4033 2969 4073 cum
3000 4019 3190 4075 multis
3223 4020 3437 4076 exuviis
3471 4031 3528 4076 et
3559 4025 3650 4077 ca’-

2092 4106 2257 4177 ptivis
2283 4122 2536 4164 reversus
2570 4117 2657 4164 est
2683 4149 2700 4173 ,
2745 4107 3010 4178 triumphi
3057 4109 3141 4164 sui
3196 4111 3437 4180 trophaa
3486 4128 3651 4182 penes

2094 4197 2290 4254 urbem
2339 4208 2642 4264 ostentans,
2691 4209 2746 4254 et
2782 4197 3062 4269 obsequiis
3098 4200 3439 4270 constipatus
3497 4202 3650 4256 ince-

2095 4291 2254 4360 dens,
2285 4289 2600 4363 bellumque
2638 4290 2744 4349 hoc
2795 4291 2978 4348 nobile
3031 4307 3375 4362 nuncupans,
3407 4307 3473 4347 eo
3503 4296 3648 4361 quod

2095 4397 2259 4438 nemo
2286 4382 2391 4438 sibi
2425 4382 2708 4448 restiterit,
2741 4396 2844 4438 nec
2873 4381 3128 4446 mactatio
3163 4379 3219 4436 in
3254 4381 3360 4439 hoc
3385 4391 3480 4436 aut
3507 4375 3650 4436 cliu-

2027 4497 2071 4553 υ
2097 4475 2180 4529 sio
2205 4473 2504 4530 Christiani
2538 4473 2679 4531 facta
2706 4473 2874 4529 fuerit
2899 4473 3201 4542 sanguinis.

2167 4565 2325 4618 Anno
2367 4563 2583 4646 imperii
2633 4563 2719 4618 sui
2749 4563 2820 4618 34
2853 4561 3248 4618 Constantinus
3277 4564 3499 4620 solvens
3523 4566 3654 4619 Vul-

2095 4668 2286 4724 garum
2321 4666 2510 4720 pacem
2540 4651 2851 4706 construxit
2899 4651 3096 4706 iterum
3146 4653 3348 4705 stolutn
3394 4655 3650 4714 multum.

2094 4751 2152 4798 et
2191 4742 2527 4798 intromissis
2553 4744 2610 4796 in
2634 4757 2764 4798 eum
2805 4742 3052 4814 equitum
3084 4741 3149 4795 i2
3182 4741 3427 4797 millibus
3451 4744 3653 4800 direxit

2095 4843 2356 4904 pratores
2381 4834 2636 4892 classium
2681 4849 2874 4891 omnes
2912 4835 2966 4888 in
3003 4833 3119 4895 illo,
3147 4831 3262 4901 ipse
3289 4847 3418 4887 vero
3454 4834 3654 4889 timens

2096 4921 2297 4977 mansit
2335 4936 2461 4978 cum
2509 4923 2751 4993 equestri
2802 4921 3014 4979 militia.
3060 4920 3197 4976 Cum
3244 4934 3428 4975 autem
3479 4938 3650 4986 usque

2095 5011 2472 5071 lesembriam
2518 5013 2801 5071 venissent
2837 5023 2895 5070 et
2932 5014 3072 5068 hanc
3118 5012 3349 5067 fuissent
3400 5015 3649 5084 ingrcssi.

2094 5104 2344 5160 valenter
2382 5104 2642 5175 aquilone
2672 5115 2836 5162 vento
2861 5106 3101 5176 spirante
3126 5103 3309 5158 omnia
3341 5121 3480 5175 pene
3511 5121 3649 5160 con-

2098 5195 2226 5250 trita
2251 5204 2379 5250 sunt
2401 5205 2457 5250 et
2484 5196 2640 5251 multi
2667 5195 2974 5267 perierunt,
3022 5203 3079 5249 et
3124 5193 3304 5256 rediit,
3341 5209 3468 5247 cum
3515 5195 3650 5248 nihil

2097 5286 2354 5342 utilitatis
2381 5289 2675 5343 attulisset.
2708 5288 2881 5343 Porro
2927 5285 3208 5354 Telerigus
3239 5283 3494 5339 dominus
3527 5285 3651 5338 γυι-

2095 5378 2260 5449 gariae
2280 5386 2566 5449 comperto
2592 5379 2738 5450 quod
2769 5395 2866 5450 per
2889 5375 3186 5433 familiares
3212 5390 3338 5428 suos
3358 5376 3652 5442 imperator

2095 5467 2326 5523 consilia
2354 5483 2450 5522 sua
2479 5476 2854 5538 cognosceret.
2913 5467 3104 5521 scribit
3136 5466 3186 5519 ci
3212 5464 3429 5528 dicens:
3463 5464 3652 5518 l’ellcm

2095 5562 2317 5630 (ﬁngere
2345 5568 2394 5612 et
2418 5561 2592 5612 uenire
2614 5561 2682 5612 ad
2708 5568 2775 5611 te.
2804 5559 3119 5612 Trausntitte
3136 5574 3257 5626 ergo
3295 5557 3418 5609 mihi
3446 5558 3653 5610 uerbum

2095 5653 2393 5708 securitatis
2425 5666 2572 5713 metu,
2607 5661 2655 5703 et
2687 5666 2813 5719 quos
2843 5650 2997 5702 Italus
3036 5651 3113 5701 hic
3141 5651 3354 5713 aunt-os,
3385 5658 3438 5701 ut
3466 5653 3558 5704 hoc
3583 5653 3654 5702 eis

2096 5744 2309 5800 credant
2353 5752 2399 5796 rt
2438 5758 2636 5797 incestus
2690 5750 2986 5794 occurrunt.
3028 5740 3090 5793 At
3140 5740 3226 5794 ille
3270 5739 3492 5795 levitate
3527 5755 3657 5794 usus
