4414 6462
766 428 896 496 1391

1860 425 2259 486 ANASTASII
2308 425 2935 488 BlBLIOTlIECARII

3887 428 4027 494 1392

765 542 995 613 scripsit
1029 539 1102 595 ei.
1153 538 1407 607 Quicum
1443 539 1560 593 hate
1592 537 1896 599 didicisset,
1948 553 2046 607 per
2098 538 2339 591 medium
2368 550 2419 605 Α
2445 539 2690 593 stantino
2714 556 2778 595 ac
2816 540 3028 596 semine
3074 540 3342 612 ipsorum.
3379 542 3448 598 Et
3492 543 3741 599 fecerunt
3794 547 4021 613 scripta.

760 651 953 690 omnes
1004 634 1219 689 recidit.
1282 632 1439 699 Quod
1495 631 1726 685 audiens
1782 630 2182 686 Constantinus
2234 630 2336 684 ali—

760 728 1004 798 quandiu
1044 741 1208 779 canos
1245 740 1374 779 suos
1406 725 1627 779 evulsit.

829 820 988 872 Anno
1018 817 1235 886 imperii
1265 817 1350 880 sui
1383 817 1452 871 55
1494 817 1814 885 imperator.
1863 831 2048 870 mense
2090 816 2336 886 Augusto

761 910 988 963 decima:
1015 909 1190 963 tertiae
1237 909 1574 972 indictionis,
1608 908 1780 963 exivit
1818 919 2013 962 contra
2053 908 2335 978 Vulgares.

759 1001 861 1068 Qui
895 1002 1161 1055 atrociter
1219 1001 1273 1054 in
1326 1002 1583 1055 cruribus
1626 1001 1895 1055 divinitus
1924 1010 2008 1055 est
2042 1016 2338 1070 percussus

759 1097 917 1164 plaga
949 1110 1070 1163 qute
1096 1092 1279 1147 Gmce
1303 1093 1537 1147 anthrax
1574 1094 1901 1163 appellatur,
1934 1102 1990 1147 et
2024 1094 2153 1148 hinc
2184 1091 2337 1147 febre

758 1188 1097 1242 validissima
1128 1196 1184 1240 et
1216 1186 1446 1241 medicis
1492 1196 1718 1257 propter
1759 1186 1988 1240 nimium
2020 1186 2335 1240 incendium

760 1280 947 1349 ignota
997 1280 1254 1333 detentus
1298 1279 1708 1349 Arcadiopolim
1757 1280 1944 1343 rediit,
1995 1293 2025 1331 a
2074 1280 2337 1349 subjectis

759 1388 926 1441 super
954 1371 1213 1425 humeros
1244 1371 1300 1424 in
1327 1371 1472 1428 lecto
1512 1373 1726 1426 delatus
1745 1414 1759 1436 ,
1784 1383 1840 1425 et
1871 1374 2099 1427 veniens
2128 1372 2338 1440 Selym-

759 1464 935 1518 briam
967 1463 1149 1516 navim
1191 1463 1473 1533 ingressus
1501 1474 1603 1517 est.
1660 1462 1911 1532 Cumque
1943 1464 2011 1517 ad
2039 1463 2336 1518 rotundum

760 1553 1104 1622 pervenisset
1154 1555 1464 1617 castellum,
1510 1554 1899 1609 miserabiliter
1941 1556 1995 1609 in
2045 1554 2338 1609 chelandio

760 1645 1017 1709 moritur,
1046 1646 1286 1699 clamans
1320 1653 1375 1699 et
1399 1645 1590 1699 dicens
1616 1660 1630 1698 :
1671 1645 1852 1699 Vivens
1878 1648 2049 1700 adhuc
2088 1647 2197 1716 igni
2223 1663 2338 1699 sum

760 1742 1177 1811 inexstinguibili
1204 1742 1454 1806 traditus,
1486 1754 1841 1812 sanctamque
1868 1744 2142 1813 Virginem
2170 1753 2224 1797 et
2243 1741 2337 1796 Dei

760 1829 1092 1887 Genitricetn
1145 1832 1353 1886 laudari
1388 1833 1764 1902 expostulans,
1796 1848 1921 1886 cum
1962 1834 2081 1886 sine
2132 1833 2339 1887 findere

2439 630 2902 699 quemadmodum
2934 632 3284 701 iuraverunt,
3320 636 3561 704 proprire
3596 651 3809 690 manus.
3863 637 3923 691 Ει
3963 638 4021 690 in

2438 723 2759 787 crastinum,
2785 724 3025 778 Sabbato
3046 725 3259 780 scilicet
3286 737 3497 792 sancto,
3532 729 3702 782 exivit
3721 729 4023 798 imperator

2441 814 2496 868 in
2543 815 2902 868 tribunalium
2952 816 3144 871 decem
3193 826 3249 870 et
3304 834 3501 872 novem
3535 820 3914 882 accubituum,
3965 832 4024 875 et

2438 908 2688 975 provexit
2718 907 3124 963 nobilissimum
3168 910 3534 964 Eudocimum
3579 911 3802 968 fratrem
3858 928 4019 967 suum

2442 998 2587 1067 (nam
2617 998 2935 1051 Anthimum
2974 998 3166 1055 vivens
3209 1008 3367 1069 pater
3398 1002 3517 1070 eius
3544 1004 3914 1069 provexerat),
3966 1012 4022 1055 et

2440 1090 2708 1159 processit
2774 1088 3073 1159 imperator
3136 1106 3260 1144 cum
3323 1091 3552 1161 reliquis
3615 1092 3921 1147 Czesaribus
3966 1103 4024 1147 et

2442 1184 2618 1237 tribus
2640 1182 3003 1238 nobilissimis
3038 1198 3101 1237 ac
3130 1198 3274 1238 novo
3295 1184 3660 1240 Constantino
3684 1186 3749 1239 ad
3775 1186 4020 1255 Magnam

2444 1277 2755 1340 ecclesiam,
2785 1286 2842 1331 et
2869 1287 3081 1333 mutato
3122 1278 3469 1344 indumento,
3495 1280 3639 1332 sicut
3675 1278 4024 1350 imperatori-

2441 1369 2545 1423 bus
2576 1371 2745 1422 moris
2789 1379 2893 1432 est,
2961 1370 3252 1424 ambonem
3291 1371 3541 1425 ascendit
3578 1386 3701 1425 cum
3759 1371 3870 1424 lilio
3920 1387 4023 1424 suo

2440 1461 2602 1514 simul
2653 1472 2708 1516 et
2738 1463 3071 1531 patriarcha,
3128 1473 3186 1517 et
3219 1464 3503 1533 ingressus
3552 1464 3733 1516 omnis
3786 1464 4023 1532 populus

2440 1561 2744 1619 posuerunt
2776 1552 2981 1621 scripta
3011 1567 3104 1605 sua
3133 1553 3184 1605 in
3226 1562 3417 1606 sancta
3458 1569 3665 1616 mensa.
3695 1563 3744 1607 et
3786 1553 4023 1622 impera-

2443 1651 2529 1695 tor
2560 1643 2781 1697 locutus
2799 1653 2883 1697 est
2911 1645 2990 1698 sic
3026 1662 3040 1697 τ
3076 1645 3157 1698 Εη
3199 1646 3413 1713 fratres,
3467 1648 3765 1715 petitionem
3795 1656 4019 1699 vestram

2443 1735 2726 1803 adimpleo,
2752 1743 2801 1789 et
2825 1736 2958 1790 dono
2981 1738 3119 1791 vobis
3144 1738 3312 1806 [ilium
3342 1755 3511 1790 meum
3537 1740 3588 1792 in
3623 1740 4019 1808 imperatorem.

2444 1827 2578 1880 Ecce
2607 1828 2671 1879 ab
2702 1828 2939 1882 Ecclesia
2982 1838 3033 1882 et
3065 1831 3127 1882 dc
3162 1847 3321 1883 manu
3359 1830 3555 1884 Christi
3589 1848 3707 1883 cum
3731 1833 4017 1899 suscipitis.

761 1925 935 1993 ipsius
970 1924 1141 1979 fuerit
1173 1925 1447 1980 inimicus.
1486 1925 1754 1994 Regnavit
1794 1934 1974 1979 autem
2035 1924 2336 1993 imperator
2368 1892 2414 1951 Β
2442 1920 2608 1974 Atilli
2631 1936 2825 1991 magna
2848 1937 2981 1976 voce.
3009 1922 3388 1977 clamaverunt
3409 1923 3660 1978 dicentes
3682 1942 3693 1976 :
3717 1923 4021 1993 Fidejusscr

763 2026 885 2085 post
919 2017 1091 2085 patris
1120 2016 1203 2071 sui
1238 2025 1468 2071 mortem
1495 2017 1655 2070 annis
1684 2017 1772 2080 54,
1817 2016 2101 2071 mensibus
2122 2017 2177 2080 2,
2216 2016 2337 2070 die-

762 2110 867 2164 bus
898 2110 989 2173 26,
1042 2119 1097 2163 et
1139 2111 1211 2164 ita
1244 2112 1410 2163 vitam
1469 2109 1721 2163 dissolvit
1755 2109 2117 2183 sanguinibus
2150 2108 2339 2163 multis

761 2202 1000 2258 infectus
1019 2213 1073 2257 et
1108 2203 1417 2257 dmmonum
1465 2202 1911 2256 invocationibus
1942 2217 2006 2255 ac
2033 2201 2337 2267 sacriﬁciis,

760 2295 1244 2365 persecutionibus
1301 2311 1522 2365 quoque
1583 2304 1896 2350 sanctarum
1964 2295 2338 2351 Ecclesiarum

761 2398 1037 2457 rectaeque
1068 2404 1132 2443 ac
1181 2389 1545 2443 immaculata;
1586 2388 1735 2454 ﬁdei,
1764 2403 1867 2442 nec
1895 2404 2005 2442 non
2048 2395 2106 2442 et
2151 2404 2341 2442 mona-

761 2482 992 2537 chorum
1029 2481 1502 2552 peremptionibus
1554 2490 1609 2536 et
1635 2481 2025 2535 violationibus
2058 2488 2338 2535 monaste-

760 2573 995 2634 riorum,
1028 2572 1296 2641 malisque
1338 2572 1509 2626 variis
1546 2585 1990 2641 supercrescens,
2017 2585 2128 2623 non
2157 2570 2341 2623 minus

761 2680 927 2733 quam
958 2664 1330 2719 Diocletianus
1374 2673 1431 2717 et
1480 2663 1696 2733 antiqui
1754 2658 1996 2734 tyranni.
2066 2662 2338 2717 Praeterea

759 2757 957 2812 eodem
993 2772 1139 2812 anno
1169 2765 1224 2811 et
1244 2756 1439 2811 eodem
1491 2771 1679 2811 mense
1726 2755 1965 2810 moritur
2007 2764 2063 2810 et
2102 2754 2340 2808 Abdelas

760 2849 1003 2903 Arabum
1040 2848 1171 2902 dux.
1198 2846 1336 2901 Cum
1368 2847 1515 2901 enim
1571 2846 1625 2900 hi
1667 2846 1830 2900 ambo
1877 2846 2029 2899 velut
2055 2844 2340 2898 acerrimae

761 2942 951 2995 bestiae
980 2940 1260 2995 diuturnis
1290 2939 1629 3008 temporibus
1664 2954 1728 2993 ac
1759 2937 2013 2992 similiter
2036 2936 2339 2989 humanum

759 3054 936 3109 genus
961 3037 1176 3107 depasti
1214 3044 1362 3100 sunt,
1395 3035 1599 3090 mortui
1651 3042 1779 3090 sunt
1818 3030 2163 3107 providentia
2218 3030 2337 3085 Dei.

761 3130 829 3203 Et
863 3129 1117 3183 obtinent
1149 3126 1523 3197 principatum
1554 3125 1664 3180 Leo
1708 3134 1763 3179 et
1808 3124 1948 3178 Madi
1996 3123 2092 3178 lilii
2121 3138 2334 3178 eorum.

2442 2022 2620 2066 noster
2645 2024 2775 2072 esto.
2808 2013 2907 2068 Fili
2960 2014 3071 2079 Dei,
3104 2018 3231 2086 quia
3264 2017 3326 2069 de
3376 2034 3536 2069 manu
3589 2028 3678 2071 tua
3707 2019 4021 2087 suscipimus

2440 2106 2712 2159 dominum
2758 2104 3176 2161 Constantinum
3206 2109 3584 2176 imperatorem
3618 2111 3686 2162 ad
3713 2110 4023 2162 mstodien-

2440 2204 2566 2256 dum
2630 2220 2747 2257 eum
2798 2214 2847 2257 et
2899 2206 3231 2258 moriendum
3259 2220 3354 2275 pro
3406 2221 3486 2259 eo.
3517 2206 3583 2259 Et
3617 2206 3669 2258 in
3695 2204 4021 2271 crastinum,

2439 2298 2660 2367 quando
2688 2299 2947 2354 videlicet
2967 2315 3206 2369 magnus
3234 2307 3289 2352 et
3312 2300 3630 2353 Dominicus
3662 2299 3882 2354 Pascha:
3903 2299 4024 2354 dies

2439 2390 2753 2446 celebratus
2780 2400 2884 2455 est,
2921 2392 3138 2446 decimo
3193 2404 3390 2447 octavo
3416 2393 3533 2446 Kal.
3586 2392 3757 2447 Maias
3791 2392 4023 2447 decima:

2440 2492 2648 2552 quartae
2680 2484 3020 2549 indictionis,
3062 2499 3274 2538 aurora:
3310 2484 3636 2549 crepusculo
3666 2483 3856 2537 exiens
3911 2482 4024 2536 im-

2440 2586 2663 2646 perator
2690 2593 2797 2632 una
2820 2593 2947 2632 cum
2973 2578 3291 2647 patriarcha
3321 2578 3374 2630 in
3399 2576 3884 2647 llippodromium,
3919 2576 4024 2630 de-

2441 2671 2553 2725 lato
2580 2672 2796 2735 altario,
2826 2673 2975 2726 omni
3002 2673 3206 2741 pupulo
3250 2672 3679 2741 contemplante,
3714 2670 4025 2740 patriarcha

2440 2763 2920 2830 fecit‘orationem,
2940 2775 2995 2820 et
3012 2765 3295 2820 coronavit
3316 2765 3615 2835 imperator
3637 2766 3805 2819 lilium
3825 2779 3983 2819 suum
4005 2782 4020 2829 ;

2440 2866 2494 2910 et
2558 2857 2633 2911 ita
2684 2857 2951 2927 processit
3016 2857 3084 2911 ad
3138 2857 3384 2927 Magnam
3434 2858 3723 2913 ecclesiam
3782 2865 4016 2925 uterque

2443 2946 2742 3017 imperator
2763 2966 2888 3003 cum
2908 2949 3127 3003 duobus
3150 2948 3463 3003 Ctesaribus
3496 2958 3552 3003 et
3584 2949 3760 3003 tribus
3788 2948 4022 3003 nobilisa

2443 3037 2614 3091 simis.
2642 3038 2917 3092 Processit
2948 3046 3129 3092 autem
3158 3046 3215 3092 et
3254 3038 3575 3107 imperatrix
3606 3037 3863 3101 lleirene,
3895 3051 4024 3091 cum

2444 3132 2854 3201 praecessissent
2894 3131 3274 3200 imperatores,
3306 3130 3543 3201 sceptris
3584 3131 4028 3201 obsequentibus

757 3221 935 3276 Porro
966 3220 1161 3275 eodem
1216 3234 1359 3273 anno
1385 3217 1876 3287 Longobardorum
1915 3232 2009 3271 rex
2034 3215 2101 3269 ad
2132 3215 2340 3285 regiam
2371 3244 2414 3302 ε
2446 3237 2546 3291 per
2597 3222 2813 3276 scholas
2843 3221 3119 3285 antelaiis,
3153 3230 3210 3275 et
3257 3221 3692 3277 ascendentibus
3729 3236 3826 3290 per
3857 3235 4028 3276 amas,

760 3312 990 3367 veniens
1019 3312 1213 3365 urbem
1240 3310 1562 3379 imperatori
1592 3326 1650 3364 se
1675 3310 1938 3379 profugus
1965 3309 2220 3363 contulit.

831 3404 1018 3460 Mundi
1048 3404 1207 3467 6668,
1234 3404 1432 3458 divinae
1456 3403 1851 3457 incarnationis
1875 3419 2019 3456 anno
2047 3403 2171 3465 768,
2196 3415 2341 3455 anno

758 3513 894 3554 vero
914 3497 1131 3567 imperii
1162 3496 1365 3551 Leonis
1386 3496 1589 3565 primo,
1622 3495 1769 3549 Madi
1802 3495 1912 3549 dux
1936 3495 2175 3550 habetur
2199 3498 2340 3549 Ara-

760 3588 915 3652 bum,
942 3587 1039 3657 qui
1066 3588 1099 3642 9
1133 3587 1219 3641 his
1254 3584 1473 3655 praefuit
1518 3584 1696 3639 annis.
1737 3584 1848 3638 Leo
1878 3600 2009 3638 vero
2043 3585 2343 3653 imperator

762 3680 930 3749 cmpit
950 3678 1186 3748 expandi
1219 3678 1272 3731 in
1300 3677 1583 3746 pecunias,
1607 3692 1728 3746 quae
1754 3676 1858 3730 sibi
1882 3676 2100 3731 fuerant
2125 3692 2154 3730 a
2183 3684 2338 3746 patre

764 3772 1025 3835 dimissae,
1058 3770 1373 3840 placuitque
1398 3779 1503 3822 tant
1531 3768 1892 3838 optimatibus
1922 3784 2086 3837 quam
2116 3768 2340 3837 populo,

762 3874 818 3918 et
850 3864 1005 3918 visus
1038 3873 1120 3917 est
1146 3863 1213 3916 ad
1248 3863 1414 3915 breve
1450 3872 1668 3930 tempus
1704 3861 1829 3929 pius
1848 3876 1991 3924 esse,
2029 3869 2343 3929 sanctasque

764 3955 861 4011 Dei
910 3953 1208 4010 Genitricis
1262 3967 1327 4006 ac
1380 3951 1779 4005 monachorum
1815 3951 2047 4005 amicus.
2092 3950 2249 4007 Unde
2286 3958 2343 4005 et

680 4058 683 4059 '
764 4046 1221 4115 metropolitanos
1276 4059 1345 4098 ex
1396 4043 1681 4098 monachis
1744 4043 1798 4096 in
1863 4043 2058 4112 primis
2117 4044 2343 4112 sedibus

766 4138 1075 4203 collocavit,
1103 4136 1443 4205 militiasque
1476 4151 1575 4204 per
1599 4135 1841 4189 themata
1878 4136 2009 4189 fecit
2036 4124 2255 4201 multas,
2288 4144 2344 4189 et

765 4229 989 4283 ordines
1030 4229 1085 4282 in
1108 4229 1242 4283 urbe
1305 4227 1683 4297 amplificavit.
1719 4226 2087 4293 Quamobrem
2124 4221 2339 4281 thema-

765 4330 881 4375 tum
906 4320 1183 4389 principes
1210 4319 1342 4373 moti
1380 4319 1611 4388 ingressi
1646 4303 1791 4371 sunt
1817 4334 2017 4372 omnes
2041 4335 2170 4372 cum
2198 4319 2341 4373 mul-

768 4413 1001 4467 titudine
1061 4413 1249 4482 populi
1298 4413 1560 4481 copiosa,
1620 4422 1872 4481 petentes
1917 4410 2340 4485 Constantinum

768 4503 941 4559 lilium
971 4505 1093 4573 ejus
1126 4505 1180 4557 in
1233 4504 1647 4570 imperatorem.
1698 4504 1766 4555 At
1798 4503 1907 4568 ille,
1944 4510 2005 4557 ut
2048 4503 2217 4557 moris
2258 4514 2351 4558 est.

2445 3322 2619 3382 portae
2656 3329 2943 3368 ascensum
3000 3314 3055 3368 in
3093 3312 3523 3368 Catechumenia
3584 3312 3851 3376 ecclesim.
3912 3327 4026 3367 non

2443 3407 2634 3460 exiens
2651 3406 2703 3458 in
2726 3406 2958 3475 plateam
2976 3406 3415 3460 EmboliJMense
3446 3422 3579 3460 vero
3597 3407 3737 3460 Maio
3764 3406 4014 3476 ejusdem

2445 3493 2765 3554 indictionis
2795 3508 3086 3554 accusatus
3116 3509 3202 3554 est
3235 3499 3578 3569 Nicephorus
3617 3498 3798 3555 Caesar
3827 3509 3878 3555 et
3911 3499 4024 3555 fra-

2446 3602 2532 3648 ter
2561 3593 2932 3663 imperatoris,
2960 3594 3105 3662 quod
3132 3593 3361 3648 insidias
3384 3594 3787 3648 construxisset
3821 3593 4024 3649 advero

2446 3700 2540 3738 sus
2570 3701 2696 3740 eum
2724 3701 2848 3739 cum
2881 3685 3181 3754 spathariis
3210 3685 3542 3754 quibusdam
3582 3694 3746 3755 atque
3767 3686 4023 3739 stratori-

2445 3776 2548 3831 bns
2577 3777 2808 3847 aliisque
2841 3778 3163 3832 hominibus
3212 3778 3412 3847 regiis;
3449 3785 3504 3831 et
3555 3778 3699 3832 facto
3728 3780 4025 3846 imperator

2445 3868 2666 3923 silentio
2693 3868 2838 3937 apud
2891 3869 3240 3938 Magnanram
3272 3869 3528 3938 exposuit
3565 3869 3770 3938 populo
3802 3885 3922 3937 quae
3954 3869 4022 3922 de

2444 3976 2503 4015 se
2539 3961 2936 4015 fuerantdicta.
2975 3961 3077 4026 Qui
3114 3962 3450 4016 unanimiter
3484 3961 3931 4015 exclamaverunt
3963 3971 4024 4014 ut

2446 4062 2680 4122 uterque
2709 4052 2994 4107 recederet
3023 4052 3090 4106 de
3122 4052 3325 4115 medio,
3347 4068 3457 4106 non
3483 4062 3851 4106 memorantes
3874 4068 4022 4106 sem-

2446 4160 2545 4213 per
2573 4144 2777 4214 periuri
2805 4159 2861 4196 se
2897 4144 3033 4213 patri
3066 4159 3257 4196 eorum
3298 4145 3511 4212 iurasse
3542 4158 3651 4196 non
3683 4143 4020 4196 admissuros

2445 4246 2570 4305 post
2598 4244 2828 4289 mortem
2862 4236 2983 4304 eius
3036 4235 3292 4305 iniuriam
3338 4235 3449 4304 pati
3506 4244 3663 4287 natos
3705 4233 3895 4302 ipsius.
3925 4236 4025 4287 Ast

2445 4327 2741 4398 imperator
2760 4328 2991 4384 rebelles
3014 4343 3183 4381 caesos
3197 4337 3251 4382 et
3275 4335 3463 4380 tonsos
3478 4326 3672 4380 exsilio
3685 4326 3825 4395 apud
3851 4326 4022 4379 Cher-

2444 4435 2633 4473 sonem
2684 4419 3001 4488 deportatos
3029 4418 3144 4473 fore
3174 4418 3440 4479 decrevit,
3476 4428 3531 4472 et
3560 4419 3776 4472 climata
3810 4417 3899 4471 illa
3923 4417 4024 4470 sub

2446 4512 2692 4566 custodia
2717 4522 2771 4565 et
2796 4512 3103 4565 munimine
3127 4510 3527 4565 conservanda.

767 4591 1134 4661 PTinCipiDUS.
1171 4590 1512 4644 ηήυηῑίενίι
1571 4590 1669 4643 εἶδε
1706 4588 1897 4655 Filius.
1949 4590 2151 4660 inquit.
2201 4608 2345 4647 metu
2380 4600 2423 4654 D
2453 4614 2459 4621 ‘
2517 4603 2676 4657 Anno
2707 4602 2921 4671 imperii
2946 4602 3146 4656 Leonis
3176 4601 3417 4655 secundo
3449 4600 3694 4672 confugit
3741 4599 4025 4672 Telerigus

766 4689 949 4740 unicus
988 4696 1063 4740 est
1089 4688 1233 4741 mihi.
1284 4686 1488 4739 Idcirco
1538 4701 1717 4739 vereor
1746 4685 1842 4738 hoc
1880 4685 2074 4754 facere,
2110 4702 2175 4738 ne
2210 4687 2344 4755 forte

765 4781 1035 4849 contingat
1072 4779 1198 4831 mihi
1237 4780 1375 4847 quod
1401 4779 1694 4830 humanum
1723 4784 1821 4839 est,
1856 4786 1904 4828 et
1936 4792 2056 4829 cum
2083 4762 2252 4829 adliuc
2276 4778 2344 4830 sit

765 4866 1043 4937 parvulus,
1071 4868 1229 4921 morti
1272 4883 1392 4919 eum
1425 4866 1738 4929 tradatis,et
1767 4864 1933 4918 alium
1972 4868 2341 4935 promoveatis.

763 4962 834 5014 At
866 4960 944 5014 illi
979 4975 1102 5014 cum
1131 4958 1461 5028 iuramentis
1494 4956 1903 5028 proﬁtebantur
1942 4972 2001 5011 se
2057 4958 2227 5011 ullum
2258 4975 2344 5012 sa-

765 5052 1083 5106 tisfacturos
1119 5050 1348 5104 minime
1384 5058 1742 5119 regnaturum
1768 5057 1969 5117 prater
1994 5048 2164 5102 filium
2200 5051 2341 5120 eius,

763 5142 978 5197 etiamsi
1047 5157 1172 5195 eum
1234 5140 1375 5194 mori
1410 5141 1555 5194 Deus
1585 5138 1871 5193 voluisset.
1926 5138 2039 5193 lloe
2093 5143 2275 5193 autem
2312 5156 2342 5195 a

763 5233 1047 5290 Dominica
1092 5233 1182 5287 die
1227 5248 1333 5302 qua
1396 5232 1706 5287 Palmarum
1762 5230 2079 5285 solemnitas
2130 5232 2340 5302 agitur,

766 5344 938 5397 usque
968 5328 1036 5381 ad
1075 5326 1271 5380 feriam
1297 5324 1547 5394 quintam
1579 5322 1938 5377 hebdomadas
1964 5324 2206 5393 maioris,
2241 5338 2341 5392 po-

764 5420 895 5487 pulo
950 5420 1003 5472 in
1039 5410 1439 5487 Hippodromio
1476 5422 1802 5469 coacervato
1853 5422 2097 5484 petente,
2152 5424 2340 5469 saneta

764 5513 1069 5566 Parasceve
1097 5511 1261 5581 ivssit
1287 5511 1476 5580 iurare
1516 5508 1661 5571 illos,
1717 5515 1772 5561 et
1796 5508 2005 5577 iuravit
2034 5507 2215 5562 omnis
2240 5522 2340 5577 po-

764 5605 925 5673 pulus
956 5603 1011 5656 in
1040 5602 1378 5657 honorandis
1421 5610 1478 5655 et
1507 5599 1742 5654 viviﬁcis
1775 5600 1958 5669 lignis,
1990 5608 2097 5653 tam
2128 5600 2341 5654 scilicet

762 5713 829 5750 ex
865 5696 1201 5751 thematibus
1229 5705 1285 5750 et
1322 5704 1519 5751 senatu
1563 5710 1727 5763 quam
1758 5708 1825 5747 ex
1860 5693 2212 5759 interioribus
2245 5708 2340 5746 or-

763 5789 987 5842 dinibus
1013 5798 1069 5843 et
1100 5788 1318 5842 civibus
1366 5787 1629 5841 omnibus
1658 5794 1713 5840 et
1750 5786 2192 5855 hergasteriacis,
2230 5786 2336 5839 im-

762 5888 1071 5952 peratorem
1097 5896 1203 5934 non
1227 5876 1554 5934 admittendi
1584 5874 1831 5945 exceptis
1854 5874 2038 5930 Leone
2066 5889 2162 5929 seu
2197 5874 2339 5929 Con-

2453 4693 2745 4762 Vulgarum
2774 4693 3031 4748 dominus
3054 4693 3120 4747 ad
3168 4694 3578 4763 imperatorem,
3608 4692 3702 4762 qui
3738 4692 3868 4746 fecit
3895 4708 4019 4746 eum

2455 4786 2767 4854 patricium,
2796 4786 3032 4854 iungens
3065 4784 3139 4838 illi
3160 4794 3216 4839 et
3249 4783 3433 4836 uxoris
3461 4798 3573 4836 suze
3606 4782 3855 4837 Heircna:
3887 4798 4022 4837 con-

2454 4875 2754 4930 sobrinam.
2792 4874 2932 4930 Cum
2973 4885 3158 4929 autem
3202 4874 3538 4944 baptizatum
3583 4889 3707 4927 eum
3741 4889 3806 4927 ex
3837 4885 4021 4927 sancta

2424 4971 2672 5039 'quoque
2729 4968 2936 5038 piscina
2992 4966 3343 5037 suscepisset,
3396 4966 3681 5036 magniﬁce
3735 4966 4023 5019 honoravit

2453 5057 2660 5126 pariter
2680 5066 2736 5111 et
2759 5057 2979 5110 amavit.

2526 5150 2683 5205 Anno
2712 5150 2926 5220 imperii
2950 5150 3150 5204 Leonis
3182 5151 3347 5205 tertio
3372 5149 3513 5204 sedit
3544 5150 3858 5204 lthimamas
3878 5149 4020 5218 apud

2453 5236 2729 5301 Dabecon,
2767 5248 2823 5292 et
2866 5238 3190 5292 seditionem
3222 5240 3535 5293 commovit.
3565 5238 3675 5292 Leo
3702 5248 3885 5292 autem
3916 5238 4022 5291 im-

2454 5338 2674 5400 perator
2728 5329 2952 5383 militias
2991 5329 3365 5383 Romanorum
3419 5330 3640 5392 direxit,
3693 5340 3750 5383 et
3792 5330 4021 5399 ingressi

2453 5429 2583 5475 sunt
2633 5420 2846 5491 Syriam
2902 5428 3123 5473 centum
3151 5422 3343 5484 millia,
3397 5420 3601 5489 quibus
3652 5420 3825 5474 duces
3868 5430 4023 5475 erant

2454 5512 2683 5566 Michael
2719 5512 3146 5565 Laehanodraco
3165 5512 3611 5575 Thracesiorum,
3648 5500 4035 5567 Artahuasdus

2451 5603 2743 5657 Armenius
2804 5603 3187 5663 Orientalium,
3246 5602 3502 5657 Tatzates
3550 5603 4019 5667 Bueellariorutn,

2450 5693 2794 5747 Basteratzes
2821 5694 3295 5754 Armeniacorum,
3329 5703 3379 5747 et
3436 5694 3733 5763 Gregorius
3769 5694 4019 5749 Ohsieia-

2451 5786 2701 5840 nensium
2734 5794 3036 5854 praetores;
3069 5794 3123 5838 et
3147 5785 3555 5839 circumdavere
3592 5786 4016 5851 Germaniciani,

2451 5876 2544 5931 ubi
2578 5884 2696 5931 erat
2741 5876 3175 5931 Hisbahalithius
3226 5876 3389 5941 Madi,
3444 5888 3497 5932 et
3536 5877 4021 5948 appreltenderunt
