4414 6462
415 387 438 446 1
451 386 552 449 393

1215 384 1574 444 HISTORIA
1612 338 2184 444 ECCLESIASTICA
2230 385 2328 441 EX
2365 385 2840 444 ΤῙΙΕΟΡΗᾸΝΕ,

3487 390 3618 451 1394

415 508 606 546 omnes
637 493 871 547 camelos
898 495 1036 562 ejus,
1068 502 1124 546 et
1165 493 1409 547 futurum
1436 502 1551 546 erat
1595 503 1653 546 ut
1701 500 1961 561 caperent
1989 498 2033 549 Α
2063 494 2287 554 tionem,
2322 511 2372 546 vi
2404 496 2571 547 multa
2603 497 2962 564 compellente
2995 513 3347 552 consecratur
3384 508 3624 570 ρων-ιλιι-

414 582 574 636 etiam
615 581 1036 646 Cermaniciam,
1081 583 1184 636 nisi
1232 582 1548 637 muneribus
1597 583 1958 650 persuasisset

417 670 892 724 Lachanodraeoni
919 671 1195 731 Hisbahal,
1226 679 1282 723 et
1323 672 1636 726 recessisset
1686 687 1715 724 a
1754 681 1955 725 castro.

417 761 479 814 Et
505 761 672 814 exivit
708 762 761 814 in
790 761 1024 829 pradam
1053 761 1307 830 regionis,
1333 769 1389 815 et
1415 763 1702 830 captivatis
1745 763 1961 816 hareti-

416 852 492 905 eis
522 852 781 906 Jacobitis
812 853 960 922 Syris
987 853 1180 905 iterum
1204 850 1270 903 ad
1306 860 1541 905 castrum
1575 868 1828 907 reversus
1853 863 1956 906 est.

418 942 484 994 Et
511 942 675 994 misso
705 942 1015 994 ltliimamas
1039 941 1282 993 exercitu
1311 957 1340 992 a
1372 941 1586 995 Dabeco
1619 951 1675 996 et
1703 943 1962 996 atniradin

420 1033 520 1086 bus
550 1031 750 1085 bellum
796 1046 917 1083 cum
963 1029 1218 1083 Romanis
1267 1029 1535 1090 fecerunt,
1568 1041 1624 1085 et
1646 1032 1964 1086 ceciderunt

418 1121 691 1175 amiradcs
721 1121 958 1188 quinque
980 1128 1035 1172 et
1057 1118 1293 1172 Arabum
1318 1136 1410 1173 sex
1434 1121 1620 1183 millia,
1655 1131 1717 1174 ut
1759 1122 1960 1176 ferunt.

400 1211 488 1266 'Et
544 1220 689 1265 sexta
737 1209 866 1263 feria
915 1208 1243 1262 redierunt:
1290 1209 1516 1279 ingressi
1557 1213 1704 1265 enim
1750 1211 1965 1266 fuerant

422 1298 698 1351 Dominica
725 1295 834 1348 die.
861 1296 1124 1348 Praeterea
1160 1297 1451 1365 imperator
1490 1299 1627 1352 facta
1663 1302 1888 1367 majoma
1910 1301 1966 1357 in

419 1387 706 1455 Sophianis
734 1386 937 1440 insedit
972 1388 1024 1438 in
1056 1388 1193 1440 solio
1221 1402 1345 1440 cum
1400 1388 1513 1442 [ilio
1539 1404 1660 1453 suo,
1690 1399 1746 1442 et
1775 1391 1847 1444 ita
1883 1390 1966 1444 di-

421 1477 710 1542 vulgarun'.
761 1487 1021 1544 praetores
1056 1478 1363 1546 triumphos
1411 1494 1551 1548 quos
1601 1490 1963 1548 sumpserant.

419 1567 718 1620 Transtulit
752 1556 933 1639 autem
970 1568 1256 1622 htereticos
1316 1568 1482 1639 Syros
1516 1571 1568 1623 in
1598 1570 1882 1634 Thracem,
1914 1582 1968 1626 et

418 1657 616 1711 locavit
640 1672 736 1710 eos
763 1655 896 1711 illic.

487 1746 645 1800 Anno
673 1762 802 1801 vero
837 1748 1048 1817 imperii
1082 1749 1280 1803 Leonis
1321 1760 1514 1818 quarto
1540 1752 1725 1807 furore
1773 1769 1965 1808 accen-

2059 583 2157 635 cha
2214 583 2865 663 Constantiani-(3|itanus.
2925 587 3094 640 Media
3121 605 3251 641 vero
3291 590 3630 644 'nclidumau'a

2055 670 2386 737 jejuniorum
2444 679 2625 725 tentus
2665 683 2746 725 est
2779 674 3015 727 Jacobus
3062 678 3534 743 protospatharius
3565 695 3624 730 at-

2060 761 2250 828 Papias
2281 769 2335 815 ct
2365 763 2672 831 Strategius
2704 779 2766 817 ac
2804 765 3167 832 Theophanes
3198 768 3522 821 cubicularii
3579 785 3632 822 ct

2060 855 2538 920 paraccemomeni,
2571 853 2682 907 Leo
2709 871 2924 922 quoque
2958 872 3018 908 ac
3046 857 3300 918 Thomas,
3337 876 3488 924 :equc
3521 875 3619 912 cu-

2063 939 2332 1001 bicularii,
2368 956 2475 992 una
2526 956 2649 994 cum
2716 943 2837 994 aliis
2875 943 3144 1010 religiosi;
3176 946 3328 998 \iris.
3367 961 3430 999 eo
3479 946 3626 1014 quod

2059 1017 2402 1084 venerabiles
2444 1032 2706 1100 imagines
2756 1035 3070 1092 adorarent.
3127 1035 3280 1088 Tunc
3345 1037 3633 1091 denudans

2062 1119 2436 1172 absconditam
2460 1122 2721 1174 malitiam
2745 1137 2896 1175 suam
2919 1124 3046 1186 Leo,
3075 1128 3445 1192 persecutoris
3467 1128 3629 1189 titius,

2063 1206 2164 1260 hos
2181 1207 2685 1261 irntnisericorditer
2705 1221 2939 1262 caesoset
2956 1222 3139 1264 tonsas
3160 1229 3361 1280 perque
3390 1216 3627 1266 taedium

2066 1297 2216 1350 urbis
2242 1300 2456 1351 vinctos
2487 1300 2733 1368 pompari
2768 1302 2900 1354 fecit
2935 1312 2987 1355 et
3015 1303 3066 1354 in
3099 1306 3350 1371 praetorio
3385 1306 3623 1359 inclaml.

2065 1387 2375 1451 mandavit;
2419 1389 2560 1441 inter
2589 1404 2726 1456 quos
2770 1391 2931 1442 etiam
2967 1394 3146 1442 fllt‘lUS
3179 1393 3408 1444 moritur
3442 1393 3627 1444 'l'hem

2065 1479 2294 1544 phanes,
2351 1480 2636 1530 confessor
2692 1480 2924 1533 eﬂ'ectus
2981 1495 3034 1533 et
3091 1497 3346 1536 cor-mam
3380 1486 3628 1552 martirii

2065 1579 2411 1622 consecutus.
2443 1567 2656 1637 Reliqui
2682 1582 2864 1623 autem
2894 1588 3082 1625 omnes
3112 1590 3208 1640 per
3229 1575 3388 1641 hujut
3421 1576 3632 1628 elatum

2065 1659 2274 1726 probati
2303 1662 2555 1712 monachi
2585 1672 2715 1712 sunt
2744 1664 2967 1715 ostensi.
3010 1665 3105 1716 Ast
3149 1667 3322 1716 Aaron
3359 1668 3635 1733 ingressus

2069 1750 2123 1801 in
2152 1750 2595 1804 Armeniacorum
2630 1752 2808 1804 thema
2851 1754 3062 1806 obsedit
3124 1755 3401 1807 Semalvns
3449 1756 3635 1808 Castel—

419 1851 513 1889 sus
541 1834 679 1889 Μεδιιί
735 1813 972 1890 Arabum
1004 1837 1110 1891 dux
1173 1813 1353 1891 mittit
1399 1838 1563 1893 Hisan
1610 1855 1731 1894 cum
1766 1843 1969 1896 virtute
2003 1813 2042 1869 ῃ
2072 1839 2183 1891 lunt
2211 1847 2397 1893 estate
2432 1849 2563 1900 tota.
2597 1851 2651 1895 et
2685 1843 3030 1912 Septembrin
3063 1859 3246 1895 mense
3303 1845 3441 1911 cepit
3498 1845 3632 1896 illud

420 1927 608 1989 multa,
641 1926 1057 1995 Haurophorum
1094 1928 1302 1981 scilicet
1345 1928 1515 1998 Syria:
1559 1946 1622 1984 ac
1667 1930 1971 1999 Mesopotao

420 2017 558 2078 ruiat,
611 2028 667 2071 et
689 2016 973 2071 descendit
1007 2033 1177 2086 usque
1212 2018 1533 2086 Dori/latum.
1572 2007 1771 2076 Verum
1797 2023 1970 2091 impe-

420 2119 568 2161 rator
633 2109 891 2178 pracepit
949 2108 1273 2174 prator-ibus
1339 2125 1407 2164 ne
1473 2110 1810 2165 debellarent
1877 2128 1972 2167 eos

421 2199 643 2268 publico
697 2198 860 2264 bello,
906 2200 998 2254 sed
1032 2199 1310 2254 munirent
1343 2200 1590 2255 civitates
1628 2211 1682 2256 et
1713 2207 1971 2271 populum

423 2290 843 2345 introducerent
876 2290 941 2344 ad
996 2306 1183 2344 earum
1231 2291 1552 2354 custodiam,
1610 2291 1895 2346 destinatis
1918 2302 1974 2348 et

422 2381 762 2451 principibus
790 2382 1000 2451 magnis
1036 2397 1130 2452 per
1155 2383 1398 2452 singulas
1442 2382 1712 2442 civitates,
1761 2382 1973 2452 ipsique

423 2488 704 2532 sumerent
755 2478 1056 2533 electorum
1116 2478 1349 2532 militum
1380 2489 1533 2532 terna
1583 2478 1772 2542 millia,
1806 2488 1861 2532 et
1887 2478 1974 2531 iu-

423 2576 788 2637 sequerentnr
815 2583 932 2632 eos,
959 2586 1026 2623 ne
1051 2569 1428 2639 dispergerent
1454 2585 1669 2628 cursus,
1702 2578 1760 2623 et
1789 2570 1976 2624 incen-

424 2659 616 2712 derent
656 2661 757 2728 ipsi
791 2660 1045 2728 primitus
1081 2667 1188 2713 tam
1246 2658 1443 2728 pabula
1495 2673 1759 2726 equorum
1810 2673 1974 2728 quam

423 2762 597 2808 escas,
659 2749 968 2816 ubicunque
1017 2748 1250 2803 fuissent
1300 2748 1552 2802 inventa.
1599 2746 1735 2802 Cum
1790 2755 1972 2816 autem

427 2837 728 2890 residerent
764 2809 987 2907 θοι-ᾔτει
1023 2838 1220 2892 diebus
1268 2839 1604 2906 quindecim,
1634 2849 1691 2892 et
1742 2809 1973 2892 defeiia-

425 2936 546 2980 sent
572 2927 675 2980 sibi
706 2943 825 2995 quae
877 2929 1046 2980 victui
1069 2937 1198 2980 sunt
1234 2928 1559 2991 necessaria,
1597 2927 1756 2981 exilia
1783 2943 1973 2982 eorum

424 3017 616 3071 electa
658 3025 787 3070 sunt
840 3017 1117 3081 animalia,
1149 3017 1426 3085 multaque
1477 3020 1532 3071 in
1565 3017 1646 3072 eis
1674 3019 1853 3086 praeda
1883 3033 1973 3087 pa-

2076 1931 2127 1983 in
2161 1930 2348 1985 verbo.
2381 1931 2597 1987 Miserat
2646 1944 2824 1987 autem
2879 1935 3294 1988 Thummamam
3341 1937 3391 1987 in
3453 1935 3631 1987 Asiam

2075 2039 2196 2077 cum
2230 2024 2625 2093 quinquaginta
2658 2025 2920 2089 millibus,
2957 2036 3012 2080 et
3057 2040 3350 2080 occurrens
3406 2026 3632 2078 Michael

2075 2114 2495 2168 Lachanodraco
2526 2130 2687 2168 cursu
2715 2116 2929 2169 modico
2955 2131 3053 2170 suo
3077 2116 3372 2170 debellavit
3404 2131 3550 2175 eum,
3581 2125 3634 2167 et

2069 2204 2335 2274 iugulavit
2363 2205 2587 2258 fratrem
2624 2205 2993 2258 Thenmamae.

2141 2293 2342 2347 Eodem
2364 2308 2579 2360 quoque
2603 2308 2785 2346 mense
2814 2304 3021 2362 quarta:
3046 2294 3361 2348 indictionis
3385 2306 3632 2346 mortuus

2070 2393 2154 2438 est
2186 2383 2293 2438 Leo
2319 2384 2461 2438 filius
2483 2383 2829 2438 Constantini
2857 2386 2958 2438 hoc
2991 2385 3172 2439 modo.
3206 2384 3340 2438 Cum
3368 2386 3634 2439 insaniret

2072 2477 2215 2530 circa
2272 2476 2495 2544 lapides,
2551 2475 2717 2530 nimis
2770 2479 3046 2530 adamavit
3110 2493 3370 2532 coronam
3431 2478 3633 2547 Magnae

2071 2567 2317 2622 ecclesiae
2343 2609 2355 2630 ,
2381 2578 2436 2621 et
2506 2567 2777 2636 accipiens
2835 2571 3065 2638 portavit
3104 2587 3244 2634 eam,
3283 2582 3338 2625 et
3382 2573 3635 2625 exierunt

2074 2661 2395 2715 carbunculi
2425 2664 2477 2714 in
2501 2662 2675 2730 capite
2711 2663 2848 2728 ejus,
2885 2673 2939 2715 et
2988 2674 3178 2732 captus
3207 2681 3234 2717 a
3271 2666 3445 2717 valida
3482 2663 3633 2717 l'chre

2076 2760 2322 2805 mortuus
2351 2762 2456 2813 est.
2488 2768 2611 2807 cum
2652 2765 2931 2823 regnasset
2959 2757 3116 2808 annis
3145 2757 3408 2824 quinque,
3439 2757 3631 2809 diebus

2075 2858 2166 2896 sex
2196 2845 2455 2911 exceptis.

2145 2933 2325 2985 Mundi
2348 2949 2490 2986 anno
2518 2936 2674 2996 6776,
2699 2936 2896 2988 divina:
2919 2937 3313 2990 incarnationis
3336 2954 3480 2990 anno
3501 2938 3627 3002 ⁷776,

2075 3025 2306 3078 Heirene
2341 3026 2581 3094 piissima
2628 3042 2730 3080 una
2785 3043 2909 3080 cum
2966 3027 3074 3079 filio
3125 3043 3224 3082 suo
3276 3028 3634 3082 Cuustantino

428 3119 567 3165 trata
614 3118 717 3165 est.
773 3109 840 3164 Et
900 3110 1103 3164 reversi
1165 3110 1499 3165 obsederunt
1543 3112 1825 3166 Amorium
1885 3114 1974 3168 die
2002 3124 2050 3186 (ζ
2078 3115 2311 3185 gloriose
2338 3116 2627 3185 imperium
2661 3118 2923 3172 divinitus
2959 3120 3150 3187 accipit
3188 3129 3336 3172 sexto
3365 3121 3487 3172 idus
3539 3120 3637 3170 Se.-

428 3214 572 3262 uno;
619 3199 766 3267 quod
800 3214 924 3252 cum
993 3198 1259 3254 vidissent
1316 3199 1608 3265 munitum,
1655 3209 1711 3255 et
1750 3202 1976 3257 multam

429 3287 630 3342 habere
658 3297 1010 3352 armaturam,
1059 3292 1262 3344 reversi
1313 3296 1443 3344 sunt
1491 3290 1627 3345 nihil
1686 3292 1977 3360 prolicieno

430 3385 532 3430 tes.

497 3468 656 3522 Anno
688 3469 902 3539 imperii
949 3471 1145 3526 Leonis
1192 3471 1384 3541 quinto
1415 3455 1612 3530 Paulus
1666 3475 1979 3531 Constanti-

430 3559 778 3626 nopolitanus
828 3561 1058 3632 habetur
1100 3565 1352 3627 antistes,
1377 3567 1635 3632 venitque
1673 3566 1814 3619 Iadi
1843 3567 1979 3618 Ara-

432 3625 560 3700 bum
593 3648 702 3701 dux
733 3625 1006 3703 Dabecuin
1043 3665 1166 3702 cum
1215 3625 1500 3716 potentatu
1532 3625 1704 3704 multo
1733 3663 1790 3704 et
1819 3667 1980 3719 appa-

432 3745 574 3799 ratu,
607 3747 664 3791 et
695 3739 858 3791 misso
881 3737 993 3791 filio
1019 3752 1119 3790 suo
1145 3737 1196 3790 in
1227 3737 1544 3791 Romaniam
1574 3738 1688 3806 ipse.
1733 3739 1875 3792 redit
1911 3741 1977 3792 ad

429 3836 671 3882 sanctam
695 3827 990 3887 civitatem,
1020 3835 1078 3879 et
1120 3825 1286 3879 mittit
1333 3826 1684 3890 Muchesiam,
1714 3829 1805 3895 qui
1829 3829 1980 3882 dice-

432 3917 592 3969 batur
636 3914 870 3976 Zelotes,
922 3922 978 3966 et
1025 3914 1118 3967 dat
1143 3914 1194 3968 ei
1233 3921 1555 3982 patestatem
1589 3925 1863 3982 apostatas
1896 3916 1975 3970 fac

430 4006 608 4061 ciendi
636 4004 1068 4069 Christianorum
1110 4023 1300 4060 servos
1323 4016 1378 4060 et
1415 4008 1695 4064 desolandi
1718 4011 1980 4066 ecclesias

430 4103 663 4149 sanctas.
693 4093 760 4147 Et
785 4094 934 4147 venit
965 4110 1135 4164 usque
1162 4095 1469 4162 Hemesam,
1494 4107 1548 4153 et
1570 4100 1901 4168 repromittit
1921 4115 1979 4154 se

435 4199 542 4236 non
577 4183 903 4253 compellere
931 4184 999 4239 ad
1031 4187 1468 4256 magarizandum
1515 4190 1621 4243 nisi
1664 4206 1760 4246 eos
1791 4193 1886 4261 qui
1915 4207 1980 4245 ex

436 4273 746 4328 inﬁdelibus
791 4274 998 4329 dudum
1037 4277 1286 4342 fuissent,
1330 4277 1505 4334 donec
1560 4282 1810 4349 patefacti
1857 4297 1982 4340 sunt

435 4368 646 4424 llebrtci
703 4379 760 4424 et
807 4368 1120 4424 Christiani.
1151 4371 1218 4425 Et
1250 4372 1430 4427 statim
1457 4377 1622 4443 cmpit
1670 4376 1832 4445 impie
1855 4395 1982 4431 crn-

2078 3206 2371 3276 ptembrias
2413 3206 2730 3261 indiCtionis
2780 3219 3008 3276 quarta},
3049 3217 3316 3276 quatenus
3373 3210 3637 3263 mirabilis

2079 3297 2464 3368 prcedicaretur
2491 3299 2631 3353 Deus
2659 3301 2821 3353 etiam
2849 3300 2902 3353 ia
2941 3300 3066 3363 hoc,
3099 3316 3196 3368 per
3234 3301 3452 3353 viduam
3486 3302 3639 3354 femi-

2079 3405 2203 3443 nam
2232 3399 2286 3443 et
2315 3405 2542 3459 puerum
2592 3391 2896 3457 orphanum
2945 3391 3294 3458 depositurus
3323 3391 3636 3443 immensam

2079 3489 2269 3533 contra
2300 3495 2356 3532 se
2385 3479 2720 3546 famulosque
2757 3492 2884 3530 suos
2913 3479 3241 3545 impietatem
3297 3489 3347 3530 et
3379 3481 3639 3532 adversus

2079 3577 2301 3621 cunctas
2326 3567 2593 3620 Ecclesias
2620 3574 2817 3618 motam
2845 3567 3239 3631 impugnatoris
3260 3567 3347 3618 Dei
3375 3567 3637 3619 Constan-

2081 3655 2178 3706 tini
2204 3653 2565 3722 tyrannidem,
2595 3663 2653 3705 ut
2685 3654 2811 3704 olim
2845 3644 3045 3703 diaboli
3084 3668 3180 3719 per
3223 3655 3550 3721 piscatorum
3581 3661 3637 3706 et

2078 3744 2478 3797 illitteratorum
2513 3741 2903 3794 inﬁmitatem.
2937 3741 3061 3793 Post
3113 3753 3342 3809 quatuor
3367 3757 3492 3795 vero
3517 3743 3638 3796 dies

2079 3833 2290 3901 imperii
2340 3832 2444 3893 sui,
2471 3840 2592 3884 eum
2622 3829 2764 3884 filius
2795 3847 2922 3883 suus
2956 3831 3141 3884 decem
3171 3842 3313 3884 esset
3345 3848 3634 3895 annorum,

2077 3923 2358 3977 consilium
2409 3922 2667 3976 facientes
2712 3922 2934 3990 quidam
2986 3931 3294 3975 senatorum
3346 3925 3637 3978 vo'ucrunt

2078 4017 2309 4070 educere
2328 4015 2688 4083 Nicephorum
2715 4030 2778 4066 ex
2807 4014 3016 4068 Czrsare
3038 4025 3091 4067 et
3120 4015 3500 4081 imperatorem
3527 4026 3635 4068 sta-

2079 4115 2251 4161 tuere.
2269 4104 2403 4159 Cum
2424 4115 2602 4159 autem
2626 4105 2690 4158 ad
2713 4107 2957 4159 notitiam
2983 4122 3139 4159 causa
3158 4107 3482 4169 devenisset,
3505 4110 3638 4161 tcnli

2079 4208 2206 4253 sunt
2230 4197 2523 4267 Gregorius
2554 4197 2825 4267 logotheta
2862 4198 3058 4259 dromi,
3111 4207 3164 4250 et
3198 4197 3399 4250 Bardas
3432 4198 3635 4250 (ludum

2079 4297 2278 4360 praetor
2296 4289 2764 4351 Armeniacorurn,
2786 4288 3282 4357 Constantinusque
3309 4290 3490 4341 vicarii
3515 4304 3634 4357 spa-

2097 4382 2304 4434 tharins
2331 4389 2385 4434 et
2410 4382 2737 4435 domesticus
2768 4380 3164 4442 excubitorum,
3203 4397 3264 4433 ac
3293 4380 3631 4449 Theophila-

431 4462 598 4523 ciare,
623 4461 767 4517 sicut
802 4476 904 4515 nec
951 4463 1139 4533 Lysias
1166 4465 1296 4519 olim
1327 4466 1411 4520 vel
1463 4467 1802 4536 Agricolaus,
1840 4473 1980 4524 mul-
2015 4467 2057 4521 υ
2086 4482 2206 4526 ctus
2252 4473 2502 4540 Rangabe
2551 4473 2879 4541 drungarius
2937 4473 3269 4525 duodecimae
3321 4472 3530 4532 insula),
3581 4483 3635 4523 et

433 4559 627 4619 tosque
676 4553 934 4620 perdidit.
984 4554 1123 4608 Sane
1177 4555 1390 4609 feminae
1431 4559 1602 4624 gratia
1637 4559 1840 4613 Christi
1888 4563 1981 4616 Dei

434 4643 610 4699 nostri
639 4645 886 4700 vicerunt
911 4648 1342 4716 ejusinsaniam;
1374 4658 1430 4701 et
1459 4648 1540 4700 ha
1569 4650 1971 4715 cumﬁubiten-

434 4749 522 4787 ses
576 4745 760 4790 essent
811 4736 1177 4791 archidiaconi
1237 4737 1477 4790 llemese
1525 4751 1588 4789 ac.
1643 4736 1735 4789 filii
1791 4738 1981 4803 Esaiae,

435 4826 666 4880 multum
720 4827 996 4890 cruciats,
1047 4841 1172 4879 cum
1207 4840 1316 4880 non
1350 4825 1647 4881 cessissent
1697 4826 1982 4894 impietati,

435 4919 653 4973 millena
689 4921 888 4988 quippe
948 4917 1112 4988 ﬂagra
1165 4919 1491 4988 recipientes
1543 4927 1598 4972 et
1643 4918 1764 4972 aliis
1802 4920 1986 4974 multis

435 5010 769 5064 cruciatibus
797 5019 1094 5073 attentaue,
1125 5025 1382 5065 coronam
1411 5009 1680 5063 victoriae
1710 5025 1738 5062 a
1767 5009 1986 5064 Christo

438 5112 818 5168 perceperunt.
855 5101 1110 5155 Pervenit
1138 5112 1320 5155 autem
1349 5110 1405 5156 et
1440 5116 1609 5169 usque
1641 5101 1983 5165 Damascum,

440 5198 498 5244 et
541 5191 738 5244 multas
774 5191 1036 5246 ecclesias
1075 5191 1320 5245 desertas
1354 5191 1503 5254 fecit,
1555 5206 1662 5244 non
1699 5190 1985 5244 intendens

439 5276 569 5331 dato
584 5277 918 5334 Christianis
931 5281 1000 5333 ab
1018 5281 1292 5334 Arabibus
1310 5281 1498 5335 verbo.
1520 5281 1782 5334 Praeterea
1794 5289 1986 5334 octavo

442 5365 566 5421 idus
586 5364 914 5424 Februarias
951 5379 1166 5424 mortuo
1199 5368 1407 5435 Niceta,
1442 5371 1508 5426 de
1535 5385 1642 5439 quo
1672 5369 1986 5436 prtedictum

442 5467 549 5525 cst,
577 5458 1128 5528 Constantinopoleos
1156 5461 1434 5531 episcopo,
1485 5461 1722 5517 secunda
1755 5462 1990 5531 jejunio-

436 5565 565 5619 ,rum
587 5548 947 5612 hebdomada,
990 5549 1077 5603 die
1100 5549 1401 5611 Dominico.
1429 5553 1626 5608 Paulus
1656 5550 1990 5607 honorabilia

441 5656 661 5711 genere,
715 5639 967 5711 Cyprius,
1026 5638 1193 5696 verbo
1239 5657 1303 5696 ac
1348 5653 1468 5698 actu
1523 5657 1833 5704 coruscans,
1865 5654 1989 5710 post

449 5725 733 5800 plurimam
763 5743 981 5804 propter
1022 5733 1267 5790 haeresim
1302 5751 1406 5805 qua
1461 5735 1742 5792 tenebatur
1765 5750 1988 5791 excusa—

2086 4565 2238 4616 multi
2301 4563 2424 4628 alii;
2462 4578 2598 4631 quos
2653 4580 2818 4618 caesos
2859 4576 2912 4618 et
2955 4574 3133 4617 tomos
3166 4564 3216 4614 in
3257 4563 3638 4618 diversislocts

2083 4653 2275 4705 exsilio
2300 4652 2578 4720 relegavit.
2614 4653 2780 4706 Porro
2813 4654 2914 4705 viri
2961 4654 3043 4706 sui
3069 4653 3262 4705 fratres
3299 4651 3537 4706 Ca-sares
3575 4668 3636 4705 ac

2085 4742 2449 4796 nobilissimos
2482 4756 2662 4797 tensos
2685 4745 2986 4798 sacerdotio
3011 4746 3154 4812 fungi
3187 4755 3241 4797 et
3268 4745 3464 4811 popqu
3490 4759 3633 4796 com-

2086 4834 2395 4886 munionem
2417 4835 2470 4887 in
2489 4834 2777 4888 festivitate
2804 4834 3005 4888 Christi
3040 4836 3334 4887 nativitatis
3359 4835 3634 4901 porrigere

2084 4922 2231 4982 fecit.
2263 4926 2316 4976 in
2343 4939 2446 4992 qua
2505 4925 2806 4993 procedens
2835 4924 3182 4993 imperatorio
3226 4938 3373 4974 more
3419 4923 3633 4990 publice

2086 5028 2207 5066 cum
2231 5029 2400 5081 puero
2438 5015 2624 5068 retulit
2659 5017 2901 5070 ecclesite
2935 5026 3178 5075 stemma,
3214 5013 3357 5081 quod
3391 5013 3566 5067 fuerat
3603 5031 3631 5066 a

2085 5106 2278 5156 marito
2299 5105 2590 5166 sublatum,
2618 5107 2977 5174 pulcherrime
2999 5104 3346 5157 fabrefactum
3365 5105 3603 5171 etpretio
3619 5132 3630 5140 -

2086 5195 2161 5249 sis
2191 5194 2459 5262 lapidibus
2495 5203 2862 5249 venustatum.
2901 5194 3181 5247 Promovit
3218 5199 3396 5243 autem
3452 5191 3630 5258 llelpi-

2087 5284 2230 5336 diam
2265 5291 2543 5350 prcetorcm
2606 5286 2658 5336 in
2692 5285 2896 5344 Sicilia,
2929 5285 3018 5350 qui
3051 5293 3104 5334 et
3149 5291 3269 5336 ante
3305 5283 3411 5333 illic
3439 5294 3633 5348 prretur

2086 5374 2384 5429 exstiterat.
2403 5374 2571 5427 Porro
2597 5375 2808 5426 decimo
2829 5377 3058 5443 septimo
3089 5372 3444 5426 Kalendarum
3473 5373 3630 5425 Maia-

2089 5481 2210 5519 rum
2227 5470 2511 5517 accusatus
2533 5463 2673 5514 ideir:
2707 5462 2985 5530 Helpidius
3012 5463 3152 5529 quod
3178 5476 3298 5512 cum
3327 5461 3633 5515 CLPSﬂl‘llJUS

2089 5557 2330 5616 sentiret,
2367 5563 2423 5608 et
2456 5552 2620 5606 misso
2652 5551 2955 5619 Theophilo
2985 5551 3260 5619 spathario
3291 5555 3544 5620 praecepit
3575 5569 3634 5606 ut

2090 5646 2407 5715 compendio
2439 5654 2650 5714 raperet
2704 5654 2760 5697 et
2789 5643 3012 5696 duci-ret
3048 5658 3190 5695 cum.
3227 5642 3326 5707 Qui
3357 5659 3476 5695 eum
3509 5661 3627 5712 per-

2094 5740 2337 5796 rexisset.
2373 5755 2478 5793 non
2531 5736 2797 5792 dederunt
2840 5736 2988 5791 illum
3023 5735 3209 5790 Sunii.
3251 5737 3307 5790 At
3343 5738 3424 5789 illa
3478 5742 3630 5801 huius
