4414 6462
774 441 910 502 1395

1872 434 2271 494 ANAS’l‘ASll
2306 431 2940 494 BIBLIOTHECARII

3904 426 4049 495 1396

768 566 997 605 uxorem
1052 566 1114 603 ac
1174 549 1315 602 ﬁlios
1368 563 1540 603 caesos
1589 557 1644 602 et
1697 554 1883 600 tonsos
1939 544 2165 614 prtetori
2201 542 2426 606 misitA
2456 542 2724 597 exiisseut
2773 541 3095 597 Stauracius
3143 550 3199 595 et
3258 541 3455 596 Petrus
3507 539 3767 610 magister
3814 550 3870 594 et
3930 543 4048 594 An-

772 643 1182 697 .‘ustodiendos.
1216 640 1380 695 Junio
1414 650 1596 695 autem
1649 654 1835 693 mense
1864 637 2047 691 omnia
2088 636 2350 689 ulteriora

773 741 1012 793 themata
1069 735 1371 789 destinavit
1423 734 1489 787 ad
1549 734 1834 787 clausuras
1894 728 2241 784 custodiendi
2296 737 2352 781 et

768 828 1099 885 observandi
1147 829 1354 883 exitum
1394 827 1655 889 Arabum,
1710 838 2028 894 preponens
2064 821 2147 874 eis
2185 829 2349 889 caput

766 920 1030 973 Joannem
1067 917 1434 979 sacellarium,
1467 915 1561 984 qui
1598 923 1718 967 erat
1755 912 2047 966 eunuchus
2072 920 2126 964 et
2156 911 2347 963 dome-

768 1012 942 1065 sticus
966 1012 1106 1081 ejus.
1158 1010 1226 1063 At
1254 1024 1383 1062 vero
1437 1006 1577 1060 Madi
1617 1005 1767 1060 misit
1797 1004 1961 1059 Cchir
1988 1018 2112 1057 cum
2144 1003 2349 1056 virtute

768 1106 963 1169 multa,
993 1113 1048 1159 et
1077 1110 1378 1158 occurrunt
1429 1101 1484 1154 in
1519 1101 1703 1155 locum
1732 1104 2107 1165 nuncupatum
2138 1095 2347 1159 Milum,

771 1207 827 1256 et
863 1198 1003 1253 inito
1041 1196 1188 1251 bello
1216 1203 1549 1264 superantur
1574 1192 1805 1254 Arabes,
1832 1200 1888 1243 et
1919 1188 2252 1242 occiduntur
2283 1204 2348 1240 ex

769 1292 852 1346 eis
877 1290 1055 1353 multi,
1091 1298 1148 1343 et
1186 1289 1262 1342 ita
1286 1303 1411 1341 cum
1443 1284 1767 1339 confusione
1800 1281 2006 1335 reversi
2036 1290 2185 1335 sunt.
2226 1279 2351 1335 Cu:-

768 1390 972 1455 perunt
990 1389 1253 1452 prmterea
1268 1378 1505 1449 piissimi
1526 1375 1807 1446 principes
1820 1373 2152 1427 ﬁducialiter
2165 1388 2345 1441 agere,

767 1487 823 1533 et
856 1476 1083 1531 verbum
1122 1471 1335 1527 Domini
1364 1469 1602 1532 dilatari,
1631 1476 1687 1521 ct
1725 1467 1820 1537 qui
1851 1463 2346 1529 volcbantsalvari,

768 1570 887 1624 sine
911 1566 1287 1637 prohibitione
1314 1547 1521 1616 mundo
1547 1561 1957 1637 abrenuntiare,
1992 1568 2045 1614 et
2081 1559 2350 1628 gloriﬁca-

770 1659 848 1712 tio
906 1658 1002 1711 Dei
1065 1653 1316 1719 exaltari,
1366 1667 1429 1705 ac
1486 1652 1819 1705 monasteria
1875 1644 2133 1713 recreari,
2183 1660 2348 1719 atque

769 1766 931 1805 omne
957 1750 1159 1803 bonum
1194 1743 1557 1800 manifestari.

840 1841 953 1894 lloe
985 1839 1150 1893 etiam
1186 1852 1332 1891 anno
1378 1835 1434 1888 in
1479 1835 1657 1904 longis
1700 1833 1927 1889 Thracae
1971 1835 2147 1889 muris
2185 1834 2350 1888 homo

2457 638 2643 692 tonius
2716 636 3095 699 domesticus,
3165 649 3276 688 non
3355 633 3692 687 studuerunt
3761 633 4049 687 subtiliter

2454 747 2639 802 agere,
2681 738 2741 785 ut
2778 730 3009 784 verbum
3060 737 3217 783 caute
3257 727 3602 796 susciperent
3645 734 3700 780 et
3757 726 3896 780 ﬁlios
3932 728 4049 795 pri-

2455 840 2709 887 morum,
2766 824 2861 879 sed
2911 832 3177 877 exeuntes
3234 821 3543 874 inconsulte
3592 818 3727 873 lenti
3791 828 3919 872 sunt
3972 819 4048 871 ah

2455 916 2566 970 illis
2623 925 2677 969 et
2730 914 3092 983 compedibus
3146 913 3314 966 vincti
3364 922 3513 976 sunt,
3559 922 3615 966 et
3666 922 3867 965 eoactaa
3914 921 4051 965 sunt

2455 1017 2701 1077 utraeque
2752 1020 2936 1077 partes
2994 1007 3060 1061 ad
3117 1007 3429 1061 faciendum
3487 1022 3698 1078 pacem.
3755 1006 3821 1059 Et
3867 1006 4047 1059 dona-

2455 1110 2656 1156 verunt
2704 1102 2963 1163 invicem,
3011 1101 3253 1170 Augusta
3296 1100 3508 1155 scilicet
3540 1109 3596 1155 et
3640 1103 3843 1165 Aaron,
3883 1100 4045 1154 xenia

2455 1194 2664 1259 multa,
2718 1203 2878 1264 pacto
2927 1194 3141 1248 ﬁrmato
3192 1202 3252 1247 ut
3294 1209 3393 1263 per
3443 1194 3692 1263 singulos
3744 1209 3918 1247 annos
3962 1192 4050 1246 eis

2456 1301 2681 1339 censum
2740 1285 3030 1339 tribueret.
3095 1285 3163 1340 Et
3227 1284 3367 1338 facta
3443 1301 3579 1354 pace
3632 1284 4046 1345 discesserunt.

2454 1376 2799 1432 dimittentes
2842 1377 3007 1431 etiam
3048 1386 3103 1432 et
3152 1376 3430 1431 civitatem
3474 1378 3728 1432 Nacolizc.
3762 1377 3911 1430 Tulit
3948 1394 4047 1431 au-

2457 1479 2564 1523 tem
2618 1480 2674 1524 et
2731 1471 2982 1525 Atazates
3042 1486 3273 1525 UXUl'em
3329 1485 3483 1525 suam
3538 1479 3594 1523 ει
3636 1485 3854 1524 onmem
3914 1471 4049 1524 ειη)-

2455 1560 2736 1615 stantiam.

2524 1656 2686 1711 Anno
2735 1656 2952 1725 imperii
2997 1656 3082 1710 sui
3134 1656 3321 1719 tertio,
3377 1670 3511 1725 pace
3569 1653 3708 1708 facta
3756 1669 3877 1708 cum
3909 1652 4050 1707 Ara-

2454 1749 2619 1803 bibus
2663 1758 2719 1804 et
2756 1749 2907 1804 aditu
2947 1758 3187 1818 reperto,
3220 1748 3455 1802 Heirene
3486 1747 3657 1801 mittit
3701 1748 4049 1801 Stauraeium

2460 1841 2761 1911 patricium
2792 1850 2847 1896 et
2894 1842 3227 1912 logothetam
3265 1840 3441 1894 dromi
3472 1854 3598 1894 cum
3636 1840 3841 1893 virtute
3877 1838 4051 1891 multa

769 1932 999 2001 quidam
1052 1929 1268 1983 Γυάίεηδ
1318 1926 1531 1981 invenit
1584 1925 1857 1995 lapideam
1935 1940 2151 1991 arcam.
2194 1940 2357 1995 quam
2391 1909 2433 1967 Β
2463 1909 2660 1988 contra
2708 1909 3087 1989 Sclavinovrum
3130 1943 3341 2004 gentes.
3401 1931 3503 1998 Qui
3556 1947 3681 1986 cum
3730 1930 4053 1985 descendis-

769 2040 899 2079 cum
941 2030 1298 2093 expurgasset
1340 2028 1397 2075 et
1440 2018 1757 2083 revelasset,
1804 2018 2013 2088 reperit
2058 2018 2238 2071 virum
2278 2017 2361 2088 ja-

769 2127 985 2171 centem
1025 2124 1081 2170 et
1115 2116 1332 2170 litteras
1364 2112 1773 2182 conglutinatas
1815 2124 1978 2173 arcas,
2010 2110 2363 2164 continentes

769 2212 887 2266 hinc
918 2228 932 2264 :
965 2208 1203 2263 Christus
1241 2216 1488 2261 nascetur
1524 2220 1585 2258 ea:
1622 2202 1800 2257 Maria
1843 2202 2086 2274 Virgine,
2120 2212 2169 2256 et
2208 2202 2364 2255 credo

768 2304 825 2354 in
855 2319 994 2355 eum.
1020 2299 1126 2355 Sub
1159 2298 1512 2353 Constantino
1533 2313 1653 2349 vero
1684 2306 1733 2349 et
1764 2295 1988 2350 Heirene
2024 2296 2361 2365 imperatori-

770 2388 886 2451 bus,
919 2404 947 2440 ο
968 2386 1068 2451 sol,
1100 2388 1291 2440 iterum
1327 2399 1408 2437 me
1436 2383 1653 2437 videbis.

841 2485 1001 2536 Anno
1052 2480 1270 2550 imperii
1319 2475 1667 2534 Constantini
1718 2484 1775 2531 et
1816 2474 2067 2530 lleirenae
2117 2472 2362 2528 secundo

772 2578 977 2633 direxit
1030 2577 1266 2631 Heirene
1310 2574 1593 2629 Costahim
1663 2571 2009 2627 sacellarium
2057 2577 2113 2623 et
2155 2568 2361 2622 Mama-

772 2672 886 2724 ium
932 2669 1313 2737 primicerium
1357 2666 1424 2721 ad
1464 2666 1721 2721 Carolum
1761 2679 1943 2734 regem
1994 2663 2359 2726 Francorum,

774 2778 884 2831 quo
926 2762 1091 2816 ﬁliam
1140 2776 1294 2815 suam
1336 2761 1534 2828 nuptui
1580 2759 1825 2812 traderet
1868 2754 2184 2826 imperatori
2213 2753 2361 2808 Con-

774 2854 1016 2908 stantino
1061 2852 1173 2906 ﬁlio
1209 2868 1332 2906 suo.
1366 2850 1434 2903 Et
1477 2849 1621 2905 facto
1660 2848 1862 2918 placito
1902 2861 1967 2901 ac
1999 2845 2360 2916 jurejurando

774 2945 920 2998 inter
961 2953 1261 3011 utrosque.
1325 2940 1670 3009 reliquerunt
1721 2938 1978 2993 Elissam
2037 2936 2355 2991 eunuchum

775 3047 939 3105 atque
974 3037 1248 3089 notarium
1281 3033 1346 3087 ad
1374 3031 1677 3086 docendam
1723 3031 1871 3084 illam
1911 3029 2225 3084 Graecorum
2263 3030 2351 3083 lit-

778 3138 924 3182 teras
954 3127 1119 3180 simul
1157 3134 1214 3180 et
1243 3125 1520 3194 linguam;
1556 3123 1653 3178 sed
1694 3133 1752 3177 et
1786 3132 1846 3176 ut
1877 3121 2125 3176 erudiret
2152 3137 2273 3177 eam
2305 3129 2361 3175 et

2469 2035 2555 2081 set
2608 2026 2663 2079 in
2722 2024 3058 2080 Thessaliam
3109 2032 3165 2079 et
3214 2024 3511 2087 Graeciam,
3573 2022 3809 2093 subjecit
3859 2035 4052 2074 omnes

2465 2130 2521 2175 et
2576 2120 2899 2176 tributarios
2946 2119 3079 2174 fecit
3138 2118 3395 2189 imperio.
3450 2117 3701 2172 introivit
3758 2124 3939 2170 autem
3994 2123 4053 2167 et

2466 2212 2522 2267 in
2555 2212 3018 2280 Peloponnesum,
3056 2219 3111 2264 et
3153 2209 3382 2263 multam
3421 2207 3797 2279 captivitatem
3833 2214 3890 2261 et
3918 2221 4052 2261 exu-

2466 2305 2583 2359 vias
2615 2305 2865 2359 Romano
2899 2303 3133 2373 imperio
3158 2303 3364 2357 attulit.

2534 2396 2696 2451 Anno
2750 2395 2969 2465 imperii
3027 2394 3376 2449 Constantini
3437 2408 3501 2448 ac
3559 2392 3811 2448 Heirenze
3853 2400 4053 2460 quarto

2463 2489 2631 2544 rediit
2677 2488 3033 2551 Stauracius,
3084 2487 3154 2542 de
3205 2503 3317 2557 quo
3380 2502 3545 2556 supra
3573 2486 3782 2540 dictum
3841 2493 3959 2545 est,
4021 2499 4049 2536 c

2464 2582 2696 2645 Sclavis,
2746 2588 2804 2635 et
2838 2580 3120 2649 triumpho
3160 2578 3533 2633 manifestavit
3559 2579 3802 2647 trophaza
3831 2578 3884 2632 in
3922 2577 4053 2646 Hip-

2462 2674 2787 2745 podromio:
2831 2674 3021 2728 Mense
3068 2682 3251 2727 autem
3310 2672 3451 2727 Maio
3505 2672 3754 2742 ejusdem
3806 2670 4052 2740 septima:

2465 2766 2794 2821 indictionis
2845 2766 3019 2821 exivit
3076 2766 3397 2836 imperatrix
3458 2764 3696 2820 Heirene
3758 2779 3864 2818 una
3926 2776 4049 2817 cum

2468 2860 2585 2913 tilio
2647 2874 2749 2913 suo
2798 2866 2854 2911 et
2912 2859 3119 2913 virtute
3177 2858 3400 2927 copiosa
3469 2856 3527 2910 in
3578 2856 3883 2919 Thracem,
3939 2855 4051 2907 cir—

2464 2950 2781 3005 cuml‘erens
2826 2964 3032 3019 organa
3078 2961 3134 3006 et
3178 2960 3375 3005 caetera
3431 2964 3635 3019 genera
3690 2948 4050 3003 musicorum.

2460 3052 2517 3098 et
2559 3044 2659 3097 ivit
2697 3058 2872 3113 usque
2918 3044 3196 3105 Bermam,
3226 3055 3285 3097 et
3336 3043 3479 3097 hanc
3521 3040 3787 3096 aediﬁcari
3851 3038 4052 3110 jubens

2463 3135 2769 3189 nominavit
2802 3134 3238 3205 Heirenopolim.
3282 3135 3442 3190 Venit
3468 3142 3652 3188 autem
3686 3140 3743 3186 et
3774 3145 3947 3199 usque
3983 3128 4047 3182 ad

777 3219 1080 3275 secundum
1118 3233 1299 3325 ιξξοτοε
1332 3217 1702 3319 Romanorum
1733 3215 1970 3284 imperii-
2009 3214 2358 3270 Construcﬁs
2385 3264 2429 3325 Ο
2463 3229 2886 3298 Philippopolim
2926 3244 3049 3283 cum
3100 3229 3247 3282 omni
3280 3229 3685 3293 securitate,et
3720 3226 3904 3290 rediit,
3924 3240 4046 3280 cum

776 3321 959 3367 autem
996 3310 1264 3365 classibus
1301 3309 1632 3372 numerosis,
1665 3316 1722 3362 et
1765 3308 1957 3363 electis
1986 3322 2055 3362 ex
2100 3308 2363 3363 themati-

780 3412 883 3459 bas
921 3403 1140 3473 populis
1181 3417 1244 3456 ac
1284 3402 1665 3472 principibus,
1710 3401 1804 3469 qui
1848 3399 2193 3465 sullicerent,
2233 3414 2364 3469 pro-

780 3496 952 3549 movit
983 3494 1333 3548 Theodorum
1368 3493 1660 3560 patricium
1693 3492 2032 3556 eunuchum,
2068 3492 2248 3545 virum
2282 3492 2365 3545 in-

781 3587 1084 3652 dustrium,
1104 3595 1161 3641 et
1180 3585 1385 3640 direxit
1407 3586 1461 3638 in
1485 3585 1725 3639 Siciliam
1744 3584 2010 3640 adversus
2026 3585 2361 3654 llelpidiurn.

778 3680 1025 3749 Cumque
1080 3679 1252 3733 multa
1318 3680 1513 3734 ﬁerent
1586 3679 1763 3742 bella,
1828 3678 2083 3732 vicerunt
2152 3678 2206 3731 hi
2267 3678 2361 3745 qui

778 3771 925 3825 circa
984 3770 1339 3825 Theodorum
1390 3780 1569 3825 erant.
1615 3771 1736 3837 Quo
1792 3770 1910 3825 viso
1951 3771 2235 3840 Helpidius
2293 3769 2363 3825 ti-

779 3863 947 3926 muit,
1005 3870 1063 3917 et
1097 3864 1332 3932 sumptis
1361 3873 1633 3933 quotquot
1679 3864 1917 3918 habebat
1961 3865 2210 3934 pecuniis
2236 3879 2360 3920 cum

776 3954 1091 4023 Nicephoro
1117 3959 1471 4010 transmeavit
1506 3957 1560 4009 in
1578 3956 1838 4020 Africam,
1856 3967 1912 4011 et
1940 3966 2165 4027 accepto
2193 3958 2361 4012 verbo

778 4047 1091 4104 saetiritatis
1117 4048 1184 4102 ad
1214 4048 1425 4103 Arabes
1450 4048 1701 4114 conﬂuit;
1734 4066 1897 4119 queui
1934 4052 2010 4105 illi
2046 4062 2363 4124 susceptum

783 4148 843 4193 ut
910 4140 1282 4194 Romanorum
1341 4141 1729 4209 imperatorem
1790 4144 2137 4206 retinebant,
2200 4159 2363 4198 coro-

784 4241 979 4286 nantes
1040 4247 1166 4286 eum
1243 4233 1546 4299 incassum,
1614 4246 1669 4289 et
1728 4237 1909 4290 ocreis
1960 4246 2018 4290 et
2076 4232 2365 4291 stemmate

782 4323 1097 4378 induentes.
1147 4324 1285 4379 Cum
1341 4334 1525 4380 autem
1580 4327 1953 4381 Romanorum
2015 4328 2071 4381 in
2126 4329 2213 4383 his
2262 4345 2358 4399 po-

780 4419 943 4487 pulus
999 4427 1246 4482 vacaret,
1296 4419 1577 4489 egreditur
1626 4420 1766 4473 Madi
1823 4419 1967 4473 ﬁlius
2006 4422 2187 4476 Aaron
2231 4438 2367 4491 cum,

781 4517 1067 4589 potentatu
1112 4519 1170 4562 et
1220 4519 1486 4578 apparatu
1534 4511 1733 4573 nimio,
1772 4521 1882 4565 tam
1931 4490 2360 4581 Maurophorum

2468 3320 2876 3375 construxisset
2901 3320 3069 3374 etiam
3097 3320 3446 3375 Anchialum.

2538 3413 2744 3468 Eodem
2800 3428 3025 3482 quoque
3078 3429 3225 3467 anno
3278 3422 3332 3468 et
3402 3410 3646 3467 Arabum
3702 3409 3815 3463 dux
3876 3404 4041 3473 Madi,

2466 3505 2560 3573 qui
2609 3514 2665 3559 et
2716 3505 2989 3568 Maumed,
3038 3514 3288 3559 mortuus
3325 3514 3442 3565 est,
3494 3512 3551 3556 et
3596 3500 3833 3555 obtinuit
3878 3498 4061 3555 Moses

2468 3594 2614 3649 ﬁlius
2662 3597 2802 3665 ejus.
2850 3596 3023 3650 Porro
3054 3595 3234 3665 pridie
3276 3593 3644 3649 Kalendarum
3685 3591 4058 3660 Septembris-

2468 3703 2587 3741 rum
2623 3687 2871 3757 ejusdem
2916 3688 3162 3758 septimae
3194 3686 3514 3743 indictionis
3552 3685 3753 3739 Paulus
3786 3680 4057 3737 almiﬁcus

2466 3788 2522 3833 et
2581 3779 2967 3834 sanctissimus
3041 3778 3352 3849 patriarcha
3414 3776 3724 3831 inﬁrmatus
3790 3774 4051 3827 thronum

2467 3870 2695 3940 reliquit
2762 3879 2819 3925 et
2893 3869 3235 3923 descendens
3303 3868 3371 3922 ad
3438 3866 3838 3921 monasterium
3906 3865 4056 3919 Flori

2467 3963 2852 4017 monachicum
2886 3962 3130 4031 suscepit
3178 3960 3447 4020 habitum,
3478 3958 3711 4028 imperio
3750 3958 4056 4027 ignorante.

2464 4058 2602 4112 Cum
2648 4067 2832 4111 autem
2882 4057 2989 4111 hoc
3042 4054 3330 4108 didicisset
3377 4051 3728 4119 imperatrix,
3777 4048 3926 4101 venit
3988 4045 4056 4098 ad

2466 4165 2590 4204 eum
2631 4164 2755 4203 cum
2792 4148 2906 4202 ﬁlio
2942 4147 3117 4202 tristis
3151 4154 3207 4199 et
3252 4146 3519 4206 clamans,
3553 4141 3683 4205 Cur,
3723 4138 3921 4207 inquit,
3962 4137 4061 4189 hoc

2466 4242 2773 4310 fecisti?At
2828 4240 2920 4295 ille
2976 4255 3100 4293 cum
3142 4236 3397 4292 lamentis
3431 4233 3619 4288 multis
3675 4234 3750 4287 ait
3782 4231 3847 4285 ad
3895 4245 4054 4283 eam:

2470 4333 2686 4389 Utinam
2722 4350 2815 4386 nec
2846 4349 3083 4403 unquam
3123 4331 3370 4385 sedissem
3415 4331 3469 4381 in
3518 4328 3799 4382 sacerdotii
3846 4328 4060 4381 throno,

2470 4426 2705 4482 Ecclesia
2758 4426 2855 4479 Dei
2902 4425 3240 4495 tyrannidem
3290 4424 3553 4493 patiente,
3602 4421 3894 4489 prmsertim
3937 4436 4058 4471 cum

2469 4521 2632 4573 scissa
2666 4521 2733 4573 sit
2764 4537 2796 4573 a
2833 4518 3051 4588 reliquis
3081 4516 3466 4570 universalibus
3499 4515 3707 4567 sedibus
3748 4523 3793 4565 et
3839 4514 4065 4564 anathe-

782 4596 944 4666 quam
1002 4598 1174 4652 totius
1235 4597 1406 4668 Syriae
1470 4611 1527 4653 et
1591 4599 1992 4669 Mesopotamia
2053 4611 2218 4673 atque
2265 4604 2363 4658 de-
2402 4610 2441 4663 ἰ)
2476 4632 2525 4666 m

2317 4620 2363 4658 3-
2402 4610 2441 4663 ἰ)
2476 4614 2771 4667 matizata!
2814 4611 2946 4677 Qua:
2990 4610 3212 4665 demum
3259 4609 3461 4664 ascitos
3495 4606 3758 4677 patricios
3805 4615 3859 4658 et
3899 4618 4060 4657 sena-

784 4690 937 4753 serti,
984 4700 1041 4744 et
1086 4691 1239 4745 venit
1279 4690 1683 4761 Chrysopolim,
1731 4692 2001 4748 derelicto
2046 4695 2269 4751 Bunuso
2298 4698 2365 4751 ad

785 4784 1153 4839 obsidendum
1184 4785 1465 4839 Nacoliam
1496 4793 1553 4839 et
1589 4786 2012 4841 custodiendum
2047 4774 2364 4843 dorsa'sua.

781 4877 929 4930 Misit
986 4888 1169 4932 autem
1219 4885 1274 4932 et
1319 4877 1596 4932 Burniche
1644 4878 1721 4942 in,
1747 4878 1929 4935 Asiam
1971 4895 2097 4934 cum
2142 4880 2211 4935 30
2247 4882 2370 4935 mil-

778 4971 962 5037 libus;
1000 4970 1095 5040 qui
1129 4986 1255 5025 cum
1291 4970 1623 5025 debellasset
1657 4969 2215 5027 Lachanodraconem
2244 4988 2368 5028 cum

785 5064 1029 5119 themate
1096 5063 1522 5119 Thracesiorum
1600 5063 1657 5117 in
1729 5063 1853 5118 loco
1934 5064 2138 5119 Darino
2189 5065 2368 5129 dicto,

788 5174 912 5209 cum
963 5166 1018 5211 et
1068 5157 1171 5225 ipsi
1216 5156 1440 5227 triginta
1496 5156 1667 5210 millia
1711 5166 1921 5221 essent,
1965 5158 2210 5228 quinque
2245 5160 2370 5213 mil-

786 5249 859 5303 lia
922 5250 1217 5305 interfecit.
1272 5251 1370 5304 Ast
1420 5249 1741 5319 imperatrix
1782 5250 1949 5307 misso
1990 5251 2232 5307 Antonio
2271 5253 2374 5307 d0-

790 5343 1023 5395 mestico
1085 5359 1209 5396 cum
1268 5342 1559 5395 ordinibus
1614 5342 1856 5396 obtinuit
1913 5344 2098 5409 Barin,
2140 5354 2197 5399 et
2240 5361 2374 5397 con-

790 5436 1078 5489 cluserunt
1122 5451 1235 5490 eos.
1298 5435 1557 5505 Confugit
1607 5444 1789 5489 autem
1849 5437 1916 5490 ad
1967 5453 2062 5492 eos
2120 5438 2378 5493 Tazatius

788 5526 1220 5581 Bucellariorum
1283 5538 1514 5597 praetor,
1574 5529 1701 5583 odio
1760 5528 1906 5598 quod
1968 5538 2160 5583 contra
2219 5530 2378 5585 Stan-

790 5620 1000 5673 racium
1056 5620 1295 5674 habebat
1339 5622 1631 5688 patrii-ium
1686 5631 1742 5675 et
1798 5622 2133 5692 logothetam
2175 5624 2375 5689 dromi,

787 5712 1107 5765 eunuchum
1168 5712 1455 5778 omnibus,
1516 5712 1608 5781 qui
1667 5722 1796 5768 tunc
1848 5714 2181 5773 videbantur
2234 5731 2376 5779 esse,

791 5804 1205 5871 jirmrnineiiteni
1248 5813 1303 5858 et
1350 5804 1531 5856 omnia
1582 5805 1986 5873 disponentem.
2029 5806 2096 5860 Et
2136 5807 2263 5861 dato
2302 5808 2382 5862 eis

789 5896 1022 5952 consilio
1064 5912 1253 5967 pacem
1298 5897 1735 5967 postulaverunt.
1780 5898 1915 5953 Cum
1957 5908 2136 5955 autem
2176 5901 2241 5955 ad
2283 5902 2383 5957 hoc

2472 4719 2561 4762 tus
2607 4708 2877 4777 primores
2921 4705 3071 4758 misit
3121 4703 3187 4756 ad
3234 4717 3361 4757 eum
3419 4700 3611 4755 audire
3653 4715 3773 4767 quzc
3822 4697 3890 4751 ab
3943 4699 4063 4764 ipso

2471 4800 2836 4862 dicebantur;
2876 4796 2968 4866 qui
3003 4794 3146 4849 divit
3184 4793 3251 4847 ad
3303 4793 3425 4846 illos
3460 4809 3473 4845 :
3520 4791 3636 4845 Nisi
3670 4789 3897 4859 synodus
3935 4789 4062 4839 nni-

2470 4888 2691 4945 versalis
2730 4887 2850 4956 ﬁat,
2901 4896 2950 4939 et
2989 4901 3139 4938 error
3176 4886 3265 4953 qui
3300 4893 3375 4937 est
3406 4883 3461 4935 in
3495 4882 3665 4934 medio
3703 4879 3860 4932 rastri
3897 4877 4050 4930 corri-

2472 4990 2651 5051 gatur,
2686 4978 2915 5033 salutem
2950 4994 3053 5030 non
3097 4975 3371 5029 habebitis.
3424 4973 3491 5027 At
3542 4971 3617 5025 illi
3664 4970 3922 5023 dixerunt
3961 4969 4009 5020 ei
4048 4981 4059 5013 ε

2478 5073 2545 5126 Et
2587 5087 2751 5142 quare
2791 5070 3173 5139 subscripsisti,
3232 5085 3351 5121 cum
3400 5068 3811 5123 consccrareris,
3865 5079 3965 5115 non
4018 5073 4067 5114 te

2477 5174 2909 5218 consecraturum
2948 5162 3195 5215 iconam?
3230 5161 3319 5214 Ait
3356 5170 3577 5213 autem:
3628 5158 3834 5211 Etenim
3870 5156 4064 5207 idcirco

2480 5257 2722 5309 lamentis
2764 5253 2971 5325 afﬁcior
3010 5263 3058 5306 et
3092 5252 3299 5305 cucurri
3342 5253 3411 5304 ad
3456 5250 3837 5320 penitentiam.
3877 5248 4065 5314 depre-

2480 5359 2693 5402 caturus
2738 5347 2927 5408 Deum,
2977 5362 3038 5397 ne
3076 5346 3210 5397 sicut
3258 5345 3578 5396 sacerdotem
3618 5356 3699 5393 me
3731 5340 3942 5391 cruciet.
3976 5339 4065 5404 qui

2482 5440 2735 5491 tacuerim
2787 5453 2950 5507 usque
3003 5452 3141 5487 nunc
3184 5442 3232 5485 et
3274 5449 3383 5502 pra?
3434 5434 3619 5483 timore
3666 5429 3858 5497 furoris
3902 5434 4067 5483 rastri

2484 5548 2585 5584 non
2632 5529 3028 5600 praedicavcrim
3072 5528 3366 5579 veritatem.
3393 5524 3461 5578 Et
3508 5524 3561 5576 in
3603 5522 3690 5575 his
3730 5519 4067 5574 obdormivit

2485 5624 2540 5677 iu
2594 5638 2758 5692 pace,
2813 5620 3378 5683 derelicto‘lamento
3434 5615 3606 5668 multo
3666 5626 3774 5669 tam
3833 5613 4065 5681 imperio

2486 5732 2648 5786 quam
2692 5715 2797 5785 piis
2826 5728 2881 5769 et
2915 5713 3187 5784 religiosis
3219 5711 3293 5764 rei
3326 5710 3557 5779 publica:
3588 5709 3719 5762 viris
3750 5726 3763 5760 :
3802 5705 4067 5761 colendus

2488 5810 2635 5865 enim
2676 5809 2761 5861 vir
2796 5818 2937 5872 erat,
2973 5817 3028 5861 et
3058 5820 3221 5875 supra
3258 5819 3570 5857 mensuram
3613 5801 3960 5859 misericors.
4002 5816 4070 5856 ac

2490 5903 2639 5958 omni
2704 5901 3008 5957 reverentia
3071 5899 3287 5969 dignus,
3361 5896 3697 5964 multamque
3752 5893 3911 5948 ﬁdem
3965 5893 4065 5946 ha-
