4414 6462
375 382 506 446 i397

1165 381 1521 442 HISTORIA
1554 379 2116 442 ECCLESIASTICA
2151 382 2249 442 EX
2284 382 2756 444 THEOPIIANE.

3434 387 3572 446 1398

371 493 532 546 [iebat
582 497 689 544 tam
738 505 822 544 res
869 490 1081 560 publica
1131 506 1292 560 quam
1351 491 1639 562 imperium
1685 505 1812 559 erga
1863 489 1928 541 il—
1957 494 1998 548 Α
2026 501 2192 542 strum
2245 492 2465 558 fundata
2504 501 2600 552 est,
2650 495 2863 544 scissam
2896 510 3032 544 nunc
3062 496 3373 551 ttdivisam,
3404 505 3450 543 et
3486 511 3574 543 ηυς

367 579 506 635 ium.
559 581 635 635 Ex
691 589 822 635 tunc
872 597 1001 650 ergo
1045 582 1208 649 cmpit
1250 582 1358 634 dici
1411 588 1468 634 et
1512 580 1777 648 disputari
1829 593 1921 632 su-

373 686 469 738 per
523 670 725 725 sanctis
772 670 1104 740 imaginibus
1153 684 1336 724 sermo
1386 669 1455 724 ab
1494 669 1753 723 omnibus
1799 683 1922 722 cum

371 758 587 816 ﬁducia.

443 853 600 906 Anno
636 850 850 922 imperii
879 851 1113 905 Heirene
1156 865 1280 904 cum
1317 849 1429 904 tilio
1462 849 1658 918 quinto
1679 849 1922 927 Arabum

375 946 486 999 dux
519 943 692 1000 Iloses
727 944 1072 1014 provehitur,
1108 938 1211 1011 'qui
1263 958 1373 996 uno
1395 943 1479 999 eis
1513 941 1728 1011 praefuit
1757 957 1922 996 anno.

375 1035 1010 1104 Constantinopolitanus
1029 1048 1159 1086 vero
1202 1032 1460 1086 Tarasius
1514 1031 1748 1086 habetur
1779 1033 1923 1088 anti-

376 1133 508 1178 stes.
542 1124 655 1179 Hoc
681 1137 897 1192 quoque
918 1135 1063 1175 anno
1086 1121 1314 1177 collecto
1343 1123 1658 1192 imperatrin
1693 1122 1925 1177 Heircne

373 1214 522 1269 omni
557 1212 782 1284 ,populo
836 1211 980 1280 apud
1035 1209 1381 1281 lagnaursrn
1448 1213 1586 1268 dixit
1637 1214 1704 1268 ad
1761 1229 1858 1269 eos
1906 1227 1922 1266 :

374 1302 544 1367 Scitis,
575 1303 786 1371 fratres,
814 1302 939 1371 quid
966 1301 1140 1370 fecerit
1167 1299 1366 1356 Paulus
1416 1303 1754 1369 patriarcha;
1777 1311 1827 1356 et
1850 1303 1926 1356 si-

376 1393 581 1462 quidem
606 1391 838 1454 risisset,
863 1405 966 1444 non
997 1393 1176 1456 utique
1201 1399 1500 1462 pateremur
1518 1395 1652 1448 hunc
1665 1395 1927 1447 dimittere

375 1485 653 1540 sacerdotii
703 1487 969 1549 thronum,
1034 1482 1152 1538 licet
1199 1487 1542 1539 monasticum
1583 1485 1816 1540 habitum
1844 1487 1927 1539 in-

377 1575 590 1627 duisset.
625 1571 760 1638 Quia
787 1588 929 1637 vero,
959 1573 1113 1627 sicuti
1129 1572 1235 1628 Deo
1265 1573 1483 1643 placuit,
1506 1575 1569 1627 de
1595 1577 1701 1628 vita
1725 1576 1926 1645 migra-

378 1667 470 1726 uit,
503 1664 864 1733 provideamus
886 1665 1168 1730 hominem,
1199 1663 1291 1733 qui
1319 1667 1478 1736 possit
1505 1681 1716 1735 pascere
1743 1683 1835 1720 nos
1878 1675 1926 1720 et

379 1751 666 1806 Ecclesiam
681 1750 772 1805 Dei
787 1751 1116 1806 didascalicis
1145 1768 1452 1808 conservare
1465 1754 1806 1808 sermonibus.
1824 1752 1926 1822 Qui

2025 581 2134 632 alia
2165 588 2319 648 atque
2349 581 2504 634 aliter
2536 582 2823 649 loquentes,
2849 593 2896 635 et
2945 583 3100 634 aliter
3134 599 3217 633 eos
3253 582 3572 633 Christianos

2025 672 2112 740 qui
2143 671 2196 723 in
2225 669 2432 724 Oriente
2463 674 2616 726 unius
2660 674 2920 726 nobiscum
2957 673 3077 738 fidei
3109 683 3229 724 sunt
3256 691 3272 733 ;
3305 673 3395 724 sed
3420 683 3464 723 et
3497 675 3573 722 hic

2024 763 2392 814 concordantes
2423 759 2797 818 Occidentales,
2834 779 2924 814 nos
2965 763 3026 814 ab
3051 763 3286 814 omnibus
3313 762 3415 812 illis
3445 763 3574 812 alie—

2025 861 2172 904 natos
2195 860 2243 904 et
2270 869 2302 904 a
2326 868 2381 905 se
2414 867 2506 920 per
2531 851 2765 921 singulos
2787 854 2894 905 dies
2925 854 3416 905 anathematizatos.
3449 852 3576 902 Dim

2024 958 2172 1010 pana
2199 952 2276 994 est
2303 943 2582 996 anathema
2612 959 2629 996 :
2659 944 2840 1013 procul
2870 961 2900 996 a
2938 943 3040 995 Deo
3066 946 3273 1003 emittit,
3303 955 3397 994 cta
3422 959 3579 1010 regno

2026 1032 2271 1084 caelorum
2300 1033 2532 1102 expellit,
2573 1033 2761 1087 ducens
2800 1035 2854 1086 in
2875 1035 3111 1085 tenebras
3147 1035 3446 1084 exteriora.
3482 1032 3582 1083 Ne-

2022 1124 2116 1175 scit
2141 1122 2383 1176 Ecclesic
2412 1124 2494 1176 lex
2522 1125 2604 1178 uel
2649 1129 2900 1178 terminus
2922 1113 3136 1178 'sectam
3164 1129 3268 1177 sine
3292 1129 3579 1178 contentio-

2027 1229 2162 1275 nem,
2216 1216 2306 1268 sed
2340 1217 2472 1267 sicut
2522 1215 2662 1268 nouit
2698 1216 2933 1278 conﬁteri
2979 1231 3136 1267 unum
3193 1215 3373 1274 Deum,
3424 1232 3582 1266 unum

2023 1301 2308 1371 baptisma,
2339 1321 2499 1356 unam
2531 1304 2711 1371 ﬁdem,
2753 1307 2828 1358 ita
2862 1315 2910 1356 et
2961 1307 3290 1357 concordiam
3333 1321 3490 1356 unam
3531 1308 3582 1354 in

2025 1393 2168 1444 omni
2219 1393 2564 1447 ecclesiastico
2607 1396 2831 1463 negotio.
2890 1393 3031 1445 Nihil
3078 1395 3213 1443 enim
3255 1404 3326 1445 cst
3361 1396 3414 1444 in
3461 1410 3582 1443 con-

2025 1492 2202 1552 spectu
2259 1482 2354 1536 Dei
2384 1494 2492 1536 tam
2535 1493 2805 1553 acceptum
2865 1493 3018 1548 atque
3049 1484 3304 1548 placabile
3332 1501 3484 1550 quam
3530 1492 3584 1532 ut

2028 1589 2188 1624 unum
2211 1573 2368 1625 simul
2389 1582 2434 1625 et
2458 1590 2563 1625 una
2583 1574 2830 1641 efficiatur
2855 1573 3108 1625 catholica
3143 1572 3560 1638 Ecclesia,quem
3576 1599 3590 1610 -

2027 1663 2311 1715 admodum
2338 1665 2390 1715 in
2442 1665 2657 1716 sincera:
2707 1672 2898 1716 nostra:
2950 1663 3071 1728 fidei
3121 1663 3348 1730 symbolo
3374 1661 3589 1727 confite-

2031 1768 2167 1804 mur.
2193 1751 2262 1805 Et
2296 1753 2517 1820 petimus
2551 1768 2664 1815 nos,
2704 1760 2916 1819 fratres,
2960 1761 3016 1802 ut
3067 1759 3204 1803 reor.
3237 1760 3285 1802 et
3315 1768 3424 1813 vos,
3462 1767 3592 1818 quo-

380 1842 707 1898 unanimiter
751 1857 940 1897 omnes
990 1841 1250 1896 dixerunt
1298 1859 1404 1897 non
1438 1845 1578 1899 ‘l'ore
1615 1844 1780 1898 alium
1822 1845 1926 1900 nisi
1957 1832 2002 1890 Β
2032 1844 2174 1895 niam
2197 1844 2302 1895 scio
2331 1843 2567 1894 timorem
2591 1858 2680 1894 eos
2707 1841 2801 1892 Dei
2823 1842 3031 1904 habere,
3070 1859 3100 1892 α
3141 1843 3385 1908 piissimis
3413 1851 3458 1891 et
3507 1858 3591 1892 or-

380 1931 662 1986 Tarasium
706 1947 736 1986 a
772 1931 1018 1986 secretis.
1054 1933 1120 1986 At
1165 1931 1300 1986 illa:
1350 1932 1416 1987 Et
1475 1949 1587 1998 nos,
1631 1935 1728 1994 ait,
1781 1935 1933 1988 illum

381 2018 636 2089 eligimus.
698 2017 799 2074 Sed
842 2019 1074 2083 resultet,
1101 2031 1149 2074 et
1188 2023 1327 2075 dicat
1352 2037 1446 2091 pro
1494 2040 1597 2093 qua
1622 2040 1782 2078 causa
1834 2041 1934 2078 non

381 2113 595 2180 suscipit
627 2110 928 2164 electionem
977 2112 1186 2180 imperii
1234 2119 1284 2164 et
1318 2114 1474 2167 totius
1530 2113 1710 2184 plebis.
1746 2117 1814 2169 At
1846 2115 1936 2169 ille

384 2201 663 2272 respondit
689 2201 890 2270 populo
908 2200 1133 2255 dicens:
1190 2202 1554 2268 Immaculata
1581 2203 1706 2270 ﬁdei
1747 2212 1938 2257 nostris

385 2289 804 2348 Christianorum
842 2290 1096 2351 custodes,
1131 2299 1179 2343 et
1217 2307 1399 2344 eorum
1449 2309 1566 2360 qua
1615 2296 1670 2347 in
1712 2295 1937 2363 gloriam

385 2381 482 2436 Dei
505 2392 622 2437 sunt
642 2381 975 2436 tumulatores
1005 2381 1205 2448 fideles,
1236 2384 1574 2450 imperatores
1609 2389 1792 2450 nostri,
1815 2399 1937 2440 tan-

386 2487 547 2542 quam
575 2475 806 2526 omnium
834 2475 889 2525 in
914 2472 1292 2542 beneplacitum
1321 2477 1431 2538 ejus
1453 2484 1502 2526 et
1531 2477 1585 2528 in
1610 2479 1939 2534 commodum

389 2571 628 2616 nostrum
656 2577 838 2616 curam
864 2561 1131 2630 facientes,
1155 2570 1202 2614 et
1231 2577 1234 2580 ’
1261 2565 1488 2615 maxime
1518 2578 1655 2618 nunc
1698 2564 1942 2619 ecclesia-

389 2655 521 2718 stica
545 2653 751 2722 negotia
782 2652 1058 2720 diligenter
1078 2661 1127 2704 et
1151 2650 1368 2704 sollicite
1410 2653 1815 2717 considerantes,
1841 2671 1940 2724 quo

390 2759 623 2799 summus
646 2743 886 2795 sacerdos
915 2743 968 2794 in
989 2743 1086 2795 hac
1126 2742 1266 2811 regia
1301 2741 1425 2794 urbe
1451 2759 1550 2795 sua
1581 2745 1940 2810 constituerer,

392 2835 454 2889 in
502 2849 612 2888 sua
653 2834 860 2902 pietatis
900 2849 980 2886 me
1026 2836 1260 2886 animum
1322 2845 1732 2903 assumpserunt,
1793 2846 1841 2890 et
1889 2848 1943 2890 ut

395 2921 671 2989 manifeste
689 2923 814 2973 mihi
845 2921 1103 2974 diceretur
1127 2923 1266 2991 quod
1295 2922 1555 2976 consiliati
1597 2933 1718 2976 sunt
1749 2940 1943 2992 prece-

393 3021 606 3083 pprunt.
630 3008 862 3079 Cumque
882 3012 954 3064 ad
981 3011 1075 3063 hoc
1115 3027 1197 3063 me
1244 3004 1514 3078 indignum
1556 3029 1664 3066 esse
1709 3030 1944 3082 pronun-

396 3105 585 3157 tiarem
633 3110 684 3155 et
738 3102 941 3155 nullum
969 3117 1274 3156 consensum
1321 3104 1587 3170 efﬁcerem,
1618 3115 1793 3173 utpote
1855 3109 1946 3176 qui

387 3192 577 3264 jugum
604 3195 759 3263 hujus
789 3195 1012 3247 sarcina
1038 3203 1248 3263 portare
1270 3194 1350 3247 vel
1375 3197 1590 3264 sufferre
1607 3213 1706 3250 non
1723 3214 1943 3267 possem,

373 3328 376 3332 .
389 3284 659 3353 jusserunt
710 3298 793 3338 me
831 3286 1019 3338 adduci
1063 3295 1184 3339 ante
1234 3287 1423 3354 faciem
1474 3298 1723 3353 vestram,
1763 3305 1856 3358 pro
1888 3305 1947 3344 eo

398 3377 536 3444 quod
562 3377 717 3444 hujus
742 3376 942 3429 consilii
973 3377 1243 3429 unanimes
1280 3387 1328 3428 et
1354 3379 1770 3445 comprobatores
1786 3380 1945 3447 επεσεὲ

400 3468 535 3522 sitis.
581 3467 652 3523 Et
685 3484 839 3531 nunc,
889 3485 920 3521 ο
963 3468 1081 3531 viri,
1126 3470 1215 3536 qui
1261 3467 1428 3522 Deum
1463 3470 1652 3522 timetis
1682 3478 1729 3522 et
1753 3486 1955 3538 semper

403 3563 537 3615 hunc
561 3562 615 3614 in
642 3561 877 3615 cordibus
901 3563 1082 3614 vestris
1111 3560 1329 3623 habetis,
1374 3561 1564 3629 quique
1593 3560 1785 3614 Christi
1807 3577 1956 3614 voca-

403 3653 562 3714 tione,
583 3652 690 3704 veri
706 3650 937 3704 videlicet
961 3650 1054 3702 Dei
1081 3652 1261 3709 nostri,
1283 3650 1632 3701 nominamini
1651 3647 1955 3711 Christiani,

405 3745 511 3808 aio,
539 3744 716 3797 audite
745 3744 910 3795 brevis
948 3742 1200 3793 sermonis
1233 3740 1296 3790 ab
1347 3741 1626 3808 exiguitate
1661 3731 1722 3789 ac
1750 3739 1960 3790 humili-

407 3843 518 3889 tate
535 3845 715 3886 nostra
754 3831 1032 3883 rationem.
1069 3828 1178 3897 Ego
1208 3829 1414 3897 quidem
1443 3828 1694 3895 quidquid
1728 3828 1827 3894 piis
1861 3829 1961 3878 im-

409 3921 731 3991 peratoribus
763 3917 956 3968 nostris
977 3923 1026 3967 et
1059 3930 1150 3982 per
1177 3917 1358 3967 omnia
1409 3915 1706 3968 orthodoxis
1751 3930 1961 3982 respon-

409 4009 594 4070 derim,
628 4017 676 4059 et
704 4009 759 4058 in
779 4013 1051 4074 conspectu
1081 4016 1248 4058 oestro
1278 4007 1530 4057 orationis
1565 4021 1691 4059 mea
1720 4006 1962 4074 apologia

417 4097 777 4165 respondeam,
807 4097 993 4148 timore
1020 4096 1286 4164 deprimor
1313 4096 1381 4147 ad
1407 4097 1830 4150 consentiendum
1849 4098 1966 4150 huic

412 4188 666 4251 electioni,
699 4195 748 4239 et
780 4201 957 4240 uereor
984 4203 1014 4238 a
1047 4187 1180 4255 facie
1216 4184 1306 4237 Dei
1325 4201 1537 4238 currere
1574 4185 1750 4239 taliter
1771 4194 1822 4239 et
1837 4203 1967 4255 quo-

415 4275 692 4330 modolibet
719 4277 1200 4344 incircumspectus,
1256 4279 1316 4326 ut'
1363 4291 1464 4328 non
1497 4275 1718 4328 terribili
1747 4277 1971 4329 damna-

417 4369 544 4422 tioni
571 4367 923 4421 succumbam.
955 4363 1010 4420 Si
1044 4366 1181 4419 enim
1225 4359 1430 4420 divinus
1465 4363 1662 4420 Paulus
1683 4368 1968 4437 apostolus,

2035 1933 2269 1986 thodoxis
2294 1933 2689 2000 imperatoribus
2727 1935 2915 1984 nostris
2955 1933 3210 2000 synodum
3243 1932 3592 1983 universale»:

2037 2024 2232 2094 colligi,
2283 2034 2338 2076 ut
2399 2024 2680 2092 efﬁciamur
2739 2040 2851 2086 nos,
2905 2025 2992 2091 qui
3045 2023 3193 2074 unius
3248 2023 3341 2074 Dei
3393 2039 3592 2076 smnus.

2036 2131 2220 2175 unum,
2243 2122 2291 2166 et
2318 2115 2406 2183 qui
2435 2111 2706 2166 Trinitatis
2750 2115 2971 2165 cultores
3014 2115 3330 2175 exsistimus,
3363 2115 3494 2164 uniti
3555 2126 3598 2163 et

2035 2186 2311 2257 unanimes
2335 2215 2383 2258 et
2420 2205 2650 2274 collegae.
2678 2213 2726 2257 et
2763 2207 2850 2271 qui
2875 2205 3060 2270 Capitis
3087 2207 3251 2255 nostri
3281 2204 3472 2254 CItt'isli
3510 2221 3595 2254 su-

2039 2310 2173 2354 mus,
2204 2294 2485 2362 efficiamur
2511 2310 2697 2360 corpus
2723 2311 2880 2345 unum
2904 2303 3228 2358 compactum
3272 2302 3426 2361 atque
3477 2310 3597 2344 con—

2038 2400 2252 2445 nexum,
2292 2395 2340 2436 et
2365 2386 2451 2452 qui
2471 2387 2636 2436 sancti
2671 2383 2895 2453 Spiritus
2933 2401 3132 2443 sumus,
3169 2386 3451 2451 efﬁciamur
3499 2402 3600 2435 non

2041 2483 2224 2529 contra
2255 2476 2494 2540 invicem,
2525 2475 2614 2528 sed
2645 2492 2737 2543 pro
2763 2476 2998 2534 inuicem,
3030 2485 3077 2526 et
3103 2479 3187 2543 qui
3211 2477 3443 2527 raritatis
3473 2478 3604 2528 exsi-

2039 2568 2243 2630 stimus,
2273 2566 2554 2634 efficiamur
2579 2565 2631 2617 id
2661 2566 2826 2634 ipsum
2851 2567 3109 2633 sapientes
3153 2575 3308 2634 atque
3345 2567 3590 2628 dicentes,

2041 2667 2090 2710 et
2117 2674 2219 2710 non
2265 2658 2330 2710 sit
2363 2659 2414 2710 in
2467 2657 2607 2709 nobis
2644 2665 2904 2730 certamen
2966 2657 3069 2707 sive
3099 2657 3369 2711 dissensio.
3421 2666 3470 2706 ut
3499 2671 3602 2716 pas:

2043 2749 2159 2813 Dei,
2217 2765 2332 2819 qua:
2392 2756 2670 2816 exsuperat
2709 2764 2912 2799 omnem
2958 2763 3186 2808 sensum,
3262 2748 3463 2797 muniat
3515 2762 3603 2796 nos

2043 2854 2240 2892 omnes.
2270 2836 2338 2890 Et
2363 2837 2614 2905 siquidem
2643 2837 2892 2902 iusserint
2934 2836 3250 2886 orthodoxiae
3301 2850 3598 2900 propugna-

2044 2936 2201 2990 tores,
2229 2922 2569 2994 imperatdres
2598 2925 2829 2976 videlicet
2851 2926 3034 2984 nostri,
3083 2922 3421 2989 postulationi
3485 2937 3611 2971 mete

2044 3031 2294 3078 annuere,
2322 3015 2585 3067 consentio
2609 3021 2656 3065 et
2694 3028 2806 3082 ego.
2831 3011 2921 3065 Sin
2958 3023 3156 3072 autem,
3188 3011 3496 3077 impossibile
3534 3005 3607 3062 est

2046 3108 2168 3159 mihi
2188 3109 2279 3159 hoc
2307 3105 2497 3173 facere,
2530 3120 2591 3156 ne
2621 3104 2869 3171 subjiciar
2901 3105 3226 3156 anathemati
3278 3111 3324 3154 et
3365 3103 3602 3153 inveniar

2044 3198 2416 3250 condemnatus
2441 3198 2494 3248 in
2514 3195 2597 3247 die
2632 3193 2840 3246 Domini
2872 3193 3034 3246 nostri
3066 3201 3111 3244 et
3131 3192 3353 3260 justitia-
3392 3193 3610 3247 Judicis,

2045 3288 2129 3340 ubi
2158 3302 2318 3354 neque
2338 3288 2642 3354 imperator,
2669 3298 2832 3350 neque
2859 3284 3117 3343 sacerdos,
3155 3300 3317 3350 neque
3338 3285 3616 3351 principes.

2050 3395 2212 3446 neque
2270 3380 2536 3431 hominum
2593 3375 2869 3430 multitudo
2905 3377 3088 3442 poterit
3155 3378 3356 3443 eripere
3405 3390 3503 3426 me.
3553 3373 3618 3425 Et

2053 3470 2303 3541 quidquid
2341 3468 2594 3538 placuerit
2628 3468 2792 3527 vobis,
2814 3468 3027 3532 fratres.
3065 3468 3185 3518 date
3215 3465 3469 3534 apologite
3496 3480 3619 3517 metu

2055 3565 2150 3627 vel,
2188 3572 2242 3615 ut
2270 3563 2450 3613 melius
2479 3562 2668 3620 dicam,
2693 3561 2922 3626 petitioni
2959 3574 3083 3610 mete
3104 3559 3411 3609 assentionis
3433 3566 3613 3609 vestra:

2059 3666 2387 3719 responsum.
2414 3649 2478 3700 Et
2506 3649 2739 3700 libenter
2786 3647 3078 3699 audierunt
3111 3660 3302 3696 omnes
3329 3660 3448 3707 qum.
3473 3646 3616 3695 dicta

2060 3749 2207 3800 sunt,
2231 3751 2554 3790 consensum
2595 3736 2902 3804 praheutes
2945 3741 3004 3786 ut
3050 3737 3202 3786 tieret
3228 3734 3486 3802 synodus.
3549 3734 3618 3784 At

2061 3844 2192 3884 vero
2226 3827 2480 3881 Tarasius
2513 3840 2702 3879 rursus
2730 3827 2795 3878 ad
2847 3827 3111 3892 populum
3158 3824 3442 3890 disputans
3498 3823 3570 3874 ait
3610 3841 3617 3870 :

2065 3921 2165 3973 Leo
2193 3920 2477 3989 imperator
2501 3919 2749 3970 subvertit
2777 3919 3029 3984 imagines
3051 3935 3065 3974 ;
3088 3925 3134 3966 ct
3161 3916 3372 3984 quando
3395 3916 3623 3982 synodus

2067 4011 2205 4078 facta
2250 4019 2346 4070 est,
2391 4009 2657 4061 subsersas
2690 4006 2817 4058 illas
2870 4008 3084 4058 invenit.
3137 4005 3202 4058 Et
3228 4013 3438 4073 propter
3488 4006 3625 4071 quod

2065 4099 2404 4167 imperatoria
2428 4113 2586 4148 manu
2619 4096 2874 4148 subversa'
2896 4103 3040 4154 sunt,
3066 4095 3258 4146 iterum
3289 4094 3631 4159 quastioncm

2069 4189 2220 4242 habet
2248 4189 2384 4241 idem
2410 4186 2716 4255 capitulum.
2747 4187 2995 4252 quoniam
3044 4185 3314 4246 antiquam
3349 4191 3625 4234 consuetu-

2069 4280 2244 4332 dinem
2293 4279 2350 4331 in
2398 4277 2630 4332 Ecclesia
2687 4277 2938 4330 traditam
2991 4282 3454 4344 praesumpserant,
3498 4275 3628 4324 sicut

2075 4374 2146 4424 eis
2202 4371 2400 4424 libitum
2460 4371 2577 4438 fuit,
2631 4370 3002 4421 exterminare.
3046 4367 3148 4421 Sed
3199 4368 3390 4420 veritas
3426 4365 3541 4425 Dei,
3577 4374 3630 4415 ut

415 4463 504 4530 qui
537 4461 630 4514 Dei
655 4477 794 4514 voces
817 4463 1014 4514 audiuit
1038 4461 1326 4532 calumque
1361 4462 1539 4515 habuit
1569 4463 1807 4515 erudiens
1846 4479 1900 4515 se
1924 4471 1972 4514 et
2007 4471 2048 4526 ι)
2077 4463 2354 4525 apostolice
2382 4463 2638 4521 dicamus,
2664 4477 2765 4511 non
2801 4469 2874 4511 est
2893 4460 3134 4527 alligata.

417 4551 654 4620 paradisi
669 4552 926 4618 inspector
950 4553 1154 4620 effectus
1177 4561 1254 4605 est
1285 4552 1582 4614 audivitque
1601 4567 1803 4605 arcana
1817 4553 1971 4606 verba

417 4652 467 4697 et
519 4647 745 4712 portauit
771 4661 957 4698 nomen
1014 4643 1111 4699 Dei
1150 4661 1332 4698 coram
1385 4645 1621 4714 gentibus
1649 4654 1699 4695 et
1748 4645 1973 4713 regibus,

419 4734 552 4786 dixit
583 4749 602 4787 :
640 4752 658 4785 ε
692 4733 770 4787 Ne
790 4734 943 4803 forte,
977 4751 1094 4787 cum
1141 4735 1269 4787 aliis
1303 4734 1719 4802 pradicaverim.
1765 4735 1876 4801 ipse
1897 4751 1978 4787 re—

420 4823 611 4893 probus
644 4823 858 4893 efﬁciar,
893 4842 912 4874 ι
952 4824 1208 4893 quomodo
1251 4838 1365 4892 ego,
1416 4823 1504 4892 qui
1541 4823 1596 4875 in
1634 4823 1827 4876 mundo
1854 4840 1991 4876 ξονι-ι

422 4922 666 4969 uersatus
689 4925 737 4968 et
775 4931 892 4967 cum
917 4915 1066 4968 laicis
1116 4921 1521 4967 connumeratus
1548 4915 1601 4966 in
1627 4915 1982 4981 imperatoriis

424 5005 970 5058 administrationibus
1024 5005 1266 5069 militavi,
1300 5007 1374 5059 sic
1431 5004 1621 5071 absque
1669 5004 1984 5060 indicatione

2144 4553 2329 4621 Itaque
2373 4559 2564 4604 octavo
2623 4549 2886 4604 Kalendas
2925 4548 3207 4601 ianuarias
3260 4556 3462 4599 octavae
3495 4545 3634 4597 iudi-

2081 4643 2280 4698 ctionis
2305 4651 2660 4694 consecratus
2687 4650 2772 4694 est
2799 4640 2972 4693 almus
2995 4639 3153 4692 Pater
3176 4645 3361 4690 noster
3384 4637 3639 4688 anasius

2077 4733 2384 4804 patriarcha
2437 4731 3103 4798 Constantinopolitanus;
3151 4729 3242 4795 qui
3308 4727 3489 4780 missis
3526 4727 3636 4778 Ro-

2079 4840 2222 4879 mam
2252 4822 2530 4893 synodicis
2562 4822 2679 4876 suis
2695 4832 2752 4877 et
2771 4823 2956 4876 libello
2986 4820 3110 4874 ﬁdei
3141 4833 3250 4872 sua:
3280 4827 3535 4884 receptus
3551 4825 3638 4870 est

2083 4917 2152 4971 ab
2199 4916 2474 4970 Hadriano
2528 4930 2684 4984 papa.
2749 4913 2964 4967 Mittens
3019 4919 3196 4964 autem
3227 4919 3282 4961 et
3315 4907 3633 4974 imperatrix

2083 5004 2244 5074 petiit
2298 5014 2359 5056 ut
2405 5003 2647 5057 mitteret
2701 5002 2935 5060 litteras,
2966 5014 3090 5052 suas
3141 5007 3195 5051 et
3222 4995 3492 5058 homines,
3528 5011 3638 5061 quo

427 5104 585 5164 atque
609 5096 1066 5165 circumspectione
1095 5110 1301 5163 possum
1338 5095 1541 5148 insilire
1603 5093 1670 5145 ad
1711 5095 1990 5149 sacerdotii
2087 5096 2468 5150 invenirentur
2501 5095 2556 5146 in
2587 5093 2828 5162 synodo;
2881 5090 2974 5158 qui
3010 5087 3210 5142 direxit
3235 5086 3457 5138 Petrum
3490 5085 3636 5137 vice-

429 5185 866 5252 magnitudinem,
904 5185 1220 5238 horrendum
1257 5199 1513 5238 conamen
1543 5183 1610 5235 ad
1649 5185 1986 5250 exiguitatem

433 5290 623 5340 meam,
668 5283 717 5328 et
767 5278 1104 5328 temerarium
1136 5276 1364 5330 studium
1389 5276 1414 5330 ?
1436 5275 1607 5330 Causa
1640 5290 1759 5327 vero
1789 5276 1988 5328 timoris

431 5368 483 5415 et
514 5362 844 5429 refutationis
888 5366 1016 5417 mea!
1062 5365 1170 5417 haec
1207 5374 1318 5418 est:
1361 5365 1556 5432 aspicio
1597 5363 1735 5414 enim
1765 5370 1813 5414 et
1841 5362 1988 5417 video

435 5450 747 5518 Ecclesium,
770 5470 886 5520 quc
902 5470 1062 5523 supra
1091 5462 1294 5523 petram
1315 5453 1578 5511 Christum
1599 5452 1878 5507 Dominum
1897 5468 1992 5506 no-

2088 5184 2370 5238 dominum
2405 5181 2513 5248 (88)
2541 5180 2798 5234 Ecclesiae
2826 5193 2958 5238 suae,
3009 5185 3064 5230 et
3120 5175 3338 5227 Petrum
3371 5171 3641 5238 Hegume-

2092 5288 2221 5328 num
2259 5271 2314 5324 S.
2349 5270 2523 5329 Saliae,
2577 5269 2724 5320 viros
2757 5266 3104 5321 honorabiles
3163 5276 3223 5314 ac
3259 5262 3404 5314 omni
3441 5260 3642 5311 virtute

2096 5361 2407 5416 adornatos.
2441 5357 2583 5411 Misit
2617 5367 2796 5409 autem
2847 5365 2901 5408 et
2937 5353 3274 5406 Antiochiam
3327 5360 3380 5401 et
3417 5350 3644 5399 Alexan-

2097 5453 2272 5506 driam
2319 5457 2427 5500 tam
2485 5447 2799 5515 ituperatrix
2843 5461 3006 5514 quam
3061 5443 3366 5509 patriarcha
3406 5459 3418 5493 ;
3470 5442 3644 5494 adhuc;

1942 5564 2170 5618 ΝΟΤᾸΞ.

1942 5564 2004 5618 Ν(
2035 5565 2078 5618 Τ
2153 5601 2170 5617 .

510 5658 622 5723 (88)
665 5658 1050 5714 Viccilominus
1081 5671 1164 5715 est
1209 5676 1546 5718 aconomus.
1587 5659 1646 5713 γ.
1691 5655 1969 5726 ilugonetn
2010 5564 2331 5712 )chardum
2366 5650 2433 5704 ad
2473 5646 2831 5702 Concordiam
2856 5648 3162 5715 regularum
3190 5661 3237 5700 c.
3266 5646 3355 5704 ~28.
3384 5645 3468 5698 cui
3512 5645 3648 5698 adde

443 5725 796 5789 Flodoar'dutu
836 5731 891 5795 l,
919 5731 1006 5785 Π.
1027 5729 1181 5786 Fusii.
