4414 6462
381 386 512 450 1401

375 605 532 659 aeque
573 586 827 658 patricio,
877 584 1112 639 firmavit
1136 600 1245 653 quo
1279 584 1781 655 comprehenderet
1823 598 1950 638 eum

376 684 432 736 e't
470 681 714 735 exsulem
755 679 811 732 in
843 677 1087 732 Siciliam
1110 678 1435 740 destinaret,
1466 678 1692 745 ipseque
1743 684 1955 729 teneret

379 772 671 841 imperium
706 785 831 824 cum
860 777 1033 822 matre
1061 783 1178 820 sua.
1213 767 1386 820 Porro
1438 766 1632 835 quinto
1663 766 1791 820 ldus
1853 765 1955 819 Fc-

377 864 630 919 bruarias
677 863 857 916 factus
901 870 991 915 est-
1024 860 1308 914 horribilis
1347 870 1507 913 terrae
1550 868 1755 922 motus,
1795 858 1868 912 ita
1895 866 1955 912 ut

378 973 487 1012 non
515 957 748 1011 auderet
782 954 1073 1025 quisquam
1108 953 1255 1007 domi
1316 951 1579 1017 dormire,
1637 951 1730 1005 sed
1763 966 1955 1005 omnes

380 1053 434 1105 in
461 1051 639 1105 hortis
663 1059 718 1104 et
746 1049 849 1104 sub
884 1048 975 1103 dio
1006 1045 1378 1104 tabernaculis
1416 1044 1576 1099 factis
1613 1055 1667 1099 et
1700 1044 1955 1098 tentoriis

376 1142 620 1199 extensis
676 1141 973 1211 degebant.
1005 1140 1108 1195 Ast
1156 1136 1480 1206 impcratrix
1519 1152 1627 1189 una
1677 1151 1803 1189 cum
1841 1134 1955 1189 ﬁlio

377 1253 478 1292 suo
516 1250 731 1303 egressa
763 1243 847 1287 est
874 1232 943 1286 ad
978 1232 1036 1287 S.
1068 1231 1320 1285 Mamam.
1345 1227 1482 1283 Cum
1509 1236 1691 1283 autem
1724 1227 1954 1282 Staura-

376 1327 463 1383 cio
520 1326 772 1381 nuntiata
827 1323 1022 1378 fuisset
1081 1320 1402 1391 prmsignata
1456 1335 1582 1380 res,
1647 1328 1957 1374 commovet

379 1421 678 1489 Augustam
735 1426 929 1471 contra
988 1415 1159 1467 ﬁlium
1192 1431 1207 1477 ;
1238 1429 1358 1483 qua:
1390 1414 1823 1481 comprehensos
1854 1414 1952 1467 ho~

380 1509 557 1561 mines
617 1506 968 1575 imperatoris
1019 1519 1214 1558 omnes
1244 1502 1445 1558 cecidit
1478 1513 1643 1572 atque
1694 1503 1954 1568 totondit,

382 1617 487 1655 una
521 1616 647 1654 cum
688 1599 900 1653 Joanne
959 1597 1406 1668 protospathario
1440 1606 1495 1650 et
1529 1596 1714 1666 baiulo
1760 1597 1953 1666 ipsius,

377 1704 433 1747 et
472 1693 667 1746 exsilio
718 1692 979 1761 relegavit
1007 1692 1062 1743 in
1109 1689 1472 1744 inferioribus
1496 1688 1748 1757 partibus
1782 1704 1956 1758 usque

378 1788 431 1841 in
461 1786 725 1847 Siciliam,
754 1785 977 1838 Petrum
1014 1799 1147 1838 vero
1187 1783 1568 1853 magistratum
1621 1782 1953 1838 dehonesta-

377 1878 624 1932 tionibus
653 1877 987 1930 submittens
1020 1875 1073 1928 in
1115 1875 1278 1929 domo
1304 1890 1401 1928 sua
1434 1875 1629 1929 sedere
1667 1876 1948 1945 prmcepit,

377 1968 630 2022 similiter
679 1977 735 2020 et
771 1964 1123 2019 Theodorum
1156 1964 1473 2033 patricium.
1524 1965 1695 2020 Porro
1735 1966 1953 2023 Damia-

376 2077 506 2113 num
539 2058 836 2129 patricium
859 2073 1058 2112 caesum
1093 2066 1149 2111 et
1175 2066 1392 2111 tonsum
1428 2056 1483 2111 in
1514 2067 1754 2113 castrum
1784 2061 1953 2130 Apol-

376 2151 651 2207 loniadem
697 2152 941 2205 exsulem
982 2149 1099 2204 fore
1130 2150 1438 2205 constituit.
1488 2150 1809 2206 Percutiens
1852 2168 1952 2207 au-

380 2255 487 2298 tem
514 2254 567 2299 et
607 2243 778 2298 filium
811 2244 1185 2313 conviciisque
1214 2243 1403 2297 multis
1426 2243 1702 2299 lacessens
1741 2246 1854 2315 egit
1884 2261 1952 2300 ne

376 2337 696 2407 procederet
758 2351 856 2405 per
904 2335 1024 2389 dies
1090 2348 1199 2389 non
1246 2350 1469 2404 paucos.
1511 2336 1693 2405 Cmpit
1768 2348 1952 2392 autem

375 2427 770 2500 adjuramentis
806 2426 1130 2481 submittere
1167 2425 1399 2499 [iurare]
1446 2428 1696 2482 militiam
1724 2430 1834 2499 iam
1871 2431 1954 2484 di-

375 2532 617 2585 centem,
652 2522 780 2592 quia
816 2521 1116 2590 Quousque
1145 2530 1199 2575 tu
1239 2521 1400 2587 vivis,
1425 2536 1535 2575 non
1570 2525 1954 2589 permittemus

376 2613 647 2683 imperare
679 2613 850 2667 lilium
889 2623 1066 2667 tuum.
1100 2612 1167 2667 Et
1210 2613 1467 2683 iurabant
1496 2626 1690 2668 omnes
1716 2615 1816 2675 sic,
1857 2632 1952 2670 ne-

374 2707 522 2760 mine
584 2705 961 2759 contradicere
1017 2719 1185 2773 super
1248 2704 1355 2757 hoc
1415 2703 1675 2759 audente.
1740 2706 1953 2761 interea

374 2799 564 2852 classis
599 2797 836 2851 Arabum
861 2797 914 2850 in
961 2797 1200 2867 Cyprum
1254 2795 1443 2850 exivit.
1496 2795 1653 2862 Quod
1711 2778 1955 2869 pm'cog-

374 2905 610 2944 noscens
649 2889 968 2958 imperatrix
1008 2889 1352 2943 coacervavit
1391 2897 1449 2943 et
1474 2889 1591 2959 ipsa
1632 2891 1817 2944 omnia
1846 2892 1956 2945 Ro-

373 2997 533 3035 mana
582 2981 819 3052 navigia,
865 2989 921 3034 et
971 2980 1121 3036 misit
1164 2979 1428 3035 adversus
1456 2997 1573 3037 eos.
1603 2981 1739 3038 Cum
1771 2996 1953 3039 autem

372 3090 548 3143 usque
601 3076 746 3146 Myra
788 3083 1024 3143 uterque
1077 3082 1279 3143 przetor
1326 3075 1602 3139 venisset,
1670 3076 1894 3133 divertit
1925 3095 1955 3133 a

1166 381 1537 443 HISTORIA
1563 382 2136 444 ECCLESIASTICA
2163 384 2268 445 EX
2293 385 2776 450 THEOPHANE.

379 502 541 554 Petro
576 495 895 567 magistratu
919 500 975 548 et
1007 492 1302 547 Theodoro
1323 492 1565 563 patricio
1607 501 1662 547 et
1691 491 1956 546 Damiano
1984 490 2036 549 Λ
2061 498 2350 583 versuti“,

3506 386 3648 453 1402

2372 497 2651 589 quomodo
2672 536 2770 591 per
2799 522 2969 576 multa
2994 521 3520 591 studetargnmenta
3550 539 3648 593 ge-

2055 624 2160 663 nus
2190 609 2472 665 hominum
2500 614 2732 682 perdere
2751 616 2762 668 l
2782 614 2884 681 Qui
2908 615 3053 668 enim
3073 626 3199 669 ante
3217 615 3530 685 quindecim
3548 632 3651 671 an-

2030 710 2155 753 'nos
2183 701 2787 773 terribiliiureiurando
2808 707 3135 775 iuraverunt
3163 714 3219 761 et
3247 706 3386 760 facta
3412 708 3650 777 propria:

2057 806 2253 846 manus
2294 795 2499 863 scripta
2543 795 2598 848 in
2660 806 2851 851 sancto
2879 796 3141 851 tribunali
3179 797 3636 873 recondiderunt,

2059 881 2264 936 iterum
2292 884 2556 952 iurabant
2584 901 2641 939 se
2673 901 2704 939 a
2730 886 2846 940 filio
2876 888 3001 957 ejus
3041 902 3152 941 non
3207 887 3561 955 imperandos
3592 888 3647 940 in

2059 972 2172 1026 vita
2202 973 2394 1041 ipsius,
2419 983 2473 1027 et
2504 990 2697 1029 rursus
2732 976 2837 1030 hoc
2869 974 3134 1030 oblivioni
3159 977 3443 1031 tradentes
3488 972 3637 1031 eo..-

2058 1067 2361 1121 stantinum
2394 1066 2780 1137 imperatorem
2823 1068 2981 1124 bona:
3008 1069 3165 1124 fama:
3212 1070 3472 1124 laudibus
3494 1071 3635 1125 effe-

2061 1158 2277 1220 rebant,
2327 1159 2884 1228 non~perpendentes
2914 1161 3105 1215 miseri
3142 1160 3294 1230 quod
3330 1148 3647 1230 non'opor-

2061 1258 2169 1321 teat
2198 1250 2539 1319 reciprocum
2563 1252 2680 1306 fieri
2700 1254 3100 1323 juramentum.
3148 1253 3459 1329 Necessitas
3481 1254 3634 1307 enim

2059 1343 2331 1398 incumbit
2362 1353 2422 1397 ut
2467 1359 2689 1398 omnem
2724 1346 3062 1415 reciprocam
3089 1344 3423 1415 iurationem
3453 1344 3569 1414 peri
3583 1359 3646 1395 u-

2058 1436 2201 1488 rium
2237 1434 2631 1503 subsequatur.
2664 1438 2974 1505 Perjurium
3003 1446 3186 1490 autem
3222 1445 3307 1491 est
3347 1437 3639 1505 abnegatio

2060 1528 2177 1582 Dei.
2207 1527 2433 1583 Collecti
2468 1537 2651 1582 autem
2675 1526 2938 1583 Octobrio
2967 1544 3161 1593 mense
3180 1528 3407 1582 decima:
3432 1529 3643 1596 quartae

2060 1622 2379 1677 indictionis
2399 1620 2451 1675 hi
2475 1622 2569 1690 qui
2596 1636 2661 1675 ex
2686 1621 3022 1674 thematihus
3053 1631 3210 1675 erant
3231 1621 3373 1690 apud
3393 1622 3642 1681 Atroani,
3716 1618 3718 1620 ’

2058 1714 2641 1783 exquisieruntonmes
2669 1713 2947 1766 communi
2979 1711 3642 1767 consilioConstantinum

2062 1809 2472 1876 imperatorem,
2507 1806 2829 1860 vicesimum
2861 1815 3110 1875 agentem
3157 1806 3383 1858 annum'.
3417 1803 3644 1858 Timens

2062 1907 2243 1951 autem
2284 1896 2519 1950 Heirene
2564 1896 2829 1965 impetum
2887 1896 3073 1965 populi
3115 1896 3352 1950 absolvit
3397 1911 3546 1950 eum.
3573 1896 3645 1949 At

2062 1988 2142 2043 illi
2185 1988 2332 2041 hunc
2357 1986 2584 2056 quidem
2621 1985 3010 2055 imperatorem
3065 1985 3496 2050 afﬁrmaverunt,
3534 1985 3642 2038 hu-

2056 2082 2146 2153 ius
2170 2091 2352 2135 autem
2414 2088 2645 2133 matrem
2697 2087 3050 2147 respuerunt.
3110 2079 3378 2131 Prmterea
3429 2078 3636 2131 direxit

2060 2174 2315 2244 protinus
2372 2172 2673 2241 imperator
2702 2169 3025 2224 Michaelem
3081 2170 3641 2224 Lachanodraconcm

2059 2277 2115 2322 et
2145 2266 2413 2320 Joannem
2437 2264 2686 2328 baiulum
2727 2278 2885 2317 suum
2913 2278 2976 2317 ac
3009 2262 3541 2332 protospatharium,
3582 2272 3639 2317 et

2056 2358 2384 2430 iuramentis
2409 2344 3176 2419 subnriseruntArmc'niacos,
3198 2370 3265 2408 ne
3291 2355 3644 2423 susciperent

2061 2452 2354 2506 Heirenem
2414 2457 2642 2502 matrem
2670 2463 2825 2501 suam
2885 2448 3313 2515 imperatricem‘.
3386 2444 3639 2500 Alexium

2060 2557 2193 2597 vero
2223 2539 2569 2595 confirmavit
2602 2538 2658 2592 in
2690 2547 2979 2608 praetorem
3004 2552 3186 2591 suum.
3224 2537 3290 2591 Et
3319 2552 3445 2591 cum
3492 2536 3641 2591 redi-

2062 2632 2195 2686 isset
2241 2632 2545 2700 imperator
2577 2631 2631 2683 in
2666 2630 2860 2683 urbem
2907 2645 3106 2683 niense-
3149 2619 3500 2692 Decembrio,
3530 2644 3641 2683 ca:-

2061 2736 2179 2775 sum
2211 2730 2268 2774 et
2300 2729 2522 2774 tonsum
2552 2718 2897 2773 Stauracium
2928 2721 3173 2772 exsulem
3209 2718 3338 2772 fecit
3369 2718 3514 2787 apud
3538 2718 3643 2772 Ar-

2063 2812 2444 2867 meniacorum
2490 2802 2673 2865 thema
2704 2810 2769 2864 ad
2828 2810 3258 2865 satisfactionem
3306 2824 3521 2864 eorum.
3579 2809 3638 2863 ln

2064 2904 2322 2960 exsilium
2371 2902 2735 2957 nihilominus
2763 2910 2819 2955 et
2849 2900 3067 2955 Aetium
3121 2886 3292 2964 misit,
3344 2900 3645 2971 spadonem

2062 2994 2571 3067 protospatharium
2602 3001 2658 3047 et
2690 2993 2944 3046 intimum
2969 2994 3112 3063 eius,
3144 3002 3200 3047 et
3225 3007 3417 3046 omnes
3450 2992 3642 3047 dome-

2062 3088 2231 3142 sticos
2267 3086 2440 3155 ipsius
2477 3085 2770 3155 spadones.
2806 3084 2958 3139 llanc
2981 3092 3163 3165 autem
3209 3099 3335 3138 cum
3373 3085 3644 3139 suavitate

370 3170 751 3239 promontorio
807 3166 1283 3231 Chelidoniorum,
1309 3177 1364 3223 et
1414 3169 1696 3239 ingressus
1761 3181 1847 3226 est
1894 3170 1950 3226 in
1979 3196 2018 3252 ρ
2057 3198 2113 3238 ευ

1898 3170 1950 3226 in
1979 3196 2018 3252 (ζ,
2057 3195 2156 3238 sua
2179 3188 2235 3235 et
2269 3178 2547 3257 aﬂluentia
2578 3178 2778 3232 locavit
2812 3178 2863 3230 in
2892 3176 3097 3247 palatio
3127 3177 3455 3242 Eleutherii,
3494 3178 3641 3246 quod

370 3261 587 3316 Attalis:
614 3260 819 3317 sinum.
859 3259 928 3314 At
956 3275 1088 3314 vero
1121 3260 1330 3315 Arabes
1370 3261 1503 3315 moti
1528 3277 1559 3316 a
1593 3260 1793 3333 Cypro,
1817 3279 1943 3318 cum

370 3354 639 3409 serenitas
664 3368 761 3407 eos
799 3352 1055 3422 cepisset,
1076 3352 1612 3408 circumferebantur
1636 3356 1690 3408 in
1718 3356 1930 3425 pelago.

368 3444 617 3513 Cumque
658 3451 821 3496 terra:
862 3442 1096 3512 proximi
1133 3451 1474 3507 tenerentur,
1531 3425 1789 3500 viderunt
1848 3462 1944 3502 eos

371 3546 654 3604 praetores,
691 3544 746 3589 et
773 3535 891 3588 acie
917 3534 1124 3589 directa
1152 3536 1443 3605 praeparati
1470 3546 1595 3592 sunt
1623 3538 1690 3592 ad
1727 3539 1941 3593 bellan-

370 3630 524 3683 dum.
573 3627 913 3696 Theophilus
978 3639 1159 3682 autem
1184 3628 1689 3700 Cibyrrhaeotorum
1720 3641 1940 3701 praetor,

370 3732 495 3771 cum
535 3715 621 3769 vir
646 3724 791 3770 esset
818 3716 1077 3771 robustus
1107 3727 1272 3787 atque
1322 3719 1678 3786 fortissimus,
1705 3720 1836 3775 fisus
1886 3730 1943 3776 et

372 3817 504 3863 ante
564 3823 755 3861 omnes
782 3823 1037 3876 egressus
1071 3818 1255 3863 tentus
1282 3821 1367 3864 est
1417 3810 1486 3865 ab
1522 3812 1601 3867 eis
1638 3812 1769 3882 ;qui
1818 3828 1942 3867 cum

370 3904 571 3956 ductus
597 3902 665 3955 ad
698 3902 878 3955 Aaron
912 3899 1216 3956 fuisset'ab
1240 3918 1307 3957 eo
1344 3901 1637 3967 videndus,
1680 3906 1946 3960 adhorta-

372 4004 464 4049 tus
494 4004 578 4048 est
628 4000 687 4046 ut
723 3992 974 4062 proditor
1004 3991 1161 4047 fieret
1192 4001 1247 4048 et
1282 3996 1602 4064 temporalia
1633 3996 1777 4051 dona
1821 4014 1944 4052 sus-

370 4086 599 4153 ciperet.
617 4083 868 4149 Quicum
886 4081 992 4137 hoc
1014 4083 1329 4137 nullatenus
1343 4084 1675 4148 admisisset,
1703 4101 1800 4156 per
1830 4102 1981 4143 am--

368 4175 625 4244 pliusque
640 4182 865 4231 coactus
881 4189 1223 4243 nequaquam
1245 4176 1518 4240 cessisset,
1533 4177 1695 4247 gladii
1710 4179 1949 4233 animad-

370 4266 681 4322 versionem
706 4268 984 4322 sustinens
1011 4276 1221 4338 martyr
1266 4269 1509 4336 optimus
1553 4278 1631 4323 est
1667 4281 1945 4327 ostensus.

440 4359 625 4413 Mundi
671 4374 816 4413 anno
877 4358 1015 4413 6285
1049 4399 1064 4424 ,
1129 4360 1331 4415 divinae
1397 4356 1800 4417 incarnationis
1850 4378 1950 4417 an-

371 4467 443 4506 no
469 4450 595 4515 785,
649 4466 793 4503 anno
868 4466 1002 4505 vero
1074 4450 1290 4519 imperii
1349 4450 1696 4506 Constantini
1766 4453 1947 4523 primo

2047 3272 2163 3343 ipsa
2219 3270 2624 3335 mdiﬁcaverat,
2661 3269 2716 3322 in
2756 3282 2867 3338 quo
2916 3268 3083 3323 etiam
3133 3269 3398 3337 pecunias
3444 3269 3644 3322 multas

2045 3363 2430 3420 absconderat.

2121 3458 2348 3512 Factum
2387 3470 2519 3509 vero
2554 3463 2640 3509 est
2694 3454 2887 3509 eodem
2946 3469 3135 3509 mense
3170 3455 3511 3518 incendium,
3570 3463 3628 3508 et

2045 3556 2456 3605 concrematum
2494 3557 2578 3602 est
2608 3547 2910 3601 triclinium
2944 3548 3288 3617 patriarchii,
3313 3547 3461 3617 quod
3489 3547 3642 3601 dici'

2045 3651 2137 3697 tur
2166 3642 2504 3703 Thomaites.
2528 3647 2583 3693 et
2614 3649 2972 3708 quaestorum,
2997 3648 3052 3693 et
3078 3640 3197 3693 alia:
3217 3639 3415 3692 domus
3466 3653 3643 3707 usque

2054 3736 2123 3791 ad
2155 3735 2389 3789 Milium.
2434 3732 2707 3787 Caaterum
2765 3732 2937 3800 Aprili
2984 3746 3169 3785 mense
3238 3731 3637 3786 Constantinus

2045 3843 2172 3884 cum
2207 3836 2386 3881 castra
2436 3824 2697 3878 movisset
2748 3831 2941 3877 contra
3003 3823 3308 3892 Vulgares,
3362 3820 3516 3875 venit
3566 3817 3637 3875 ad

2046 3918 2337 3972 castellum
2360 3914 2507 3985 quod
2534 3900 2738 3967 dicitur
2768 3912 3095 3975 Probati,ad
3125 3914 3301 3966 rivum
3327 3911 3541 3967 scilicet
3568 3909 3631 3968 S.

2045 4008 2317 4080 Georgii;
2363 4018 2419 4062 et
2486 4022 2611 4061 cum
2684 4005 3017 4060 occurrisset
3067 4003 3338 4058 Cardamo
3407 4002 3633 4057 domino

2044 4101 2363 4170 Vulgarize,
2412 4100 2613 4169 pusillo
2669 4100 2816 4155 circa
2887 4111 3175 4165 vesperam
3252 4094 3396 4149 iacto
3457 4093 3631 4157 bello,

2051 4193 2420 4247 formidantes
2462 4191 2516 4244 hi
2555 4192 2651 4259 qui
2708 4205 2777 4244 ex
2825 4201 2979 4257 parte
3016 4188 3389 4241 Romanorum
3447 4193 3633 4250 erant,

2051 4303 2152 4359 per
2173 4297 2391 4342 noctem
2431 4284 2692 4355 fugerunt
2719 4291 2775 4337 et
2806 4282 3020 4352 inglorii
3051 4282 3375 4346 redierunt;
3409 4280 3542 4350 quin
3570 4288 3630 4333 et

2058 4376 2313 4447 Volgares
2338 4382 2650 4428 metuentes
2681 4372 2889 4427 reversi
2920 4378 3068 4424 sunt.
3305 4419 3325 4429 ,

2116 4464 2277 4522 Anno
2329 4464 2553 4533 imperii
2612 4463 2697 4517 sui
2746 4461 3241 4517 secundmmense
3288 4457 3638 4529 Septembrio

372 4554 561 4595 mense
618 4538 989 4608 Septembrio,
1054 4540 1377 4594 indictionis
1433 4541 1659 4595 decimae
1708 4553 1941 4610 quartae,
1980 4529 2227 4615 Deam-3
2264 4529 2433 4609 ,ηονή
2477 4555 2778 4624 imperato.-
2825 4553 3091 4607 adversus
3117 4551 3347 4616 Arabes,
3374 4560 3431 4605 ει
3458 4551 3640 4621 prore-

371 4639 644 4683 venerunt
678 4629 773 4695 qui
800 4629 1128 4699 adiurabant
1154 4629 1221 4683 ad
1243 4632 1693 4685 Armeniacorum
1719 4633 1900 4687 thema
1923 4651 1937 4698 ;

369 4722 462 4790 qui
486 4723 673 4791 iurare
698 4721 925 4774 minime
955 4731 1375 4785 consenserunt,
1413 4723 1539 4791 quia
1564 4723 1681 4777 Non
1714 4724 1947 4794 impera-

368 4813 554 4866 bimur
577 4826 607 4865 a
642 4809 753 4865 filio
783 4821 877 4864 tuo
910 4811 963 4865 in
1002 4812 1112 4865 vita
1161 4820 1272 4877 tua,
1302 4812 1397 4866 sed
1423 4829 1524 4867 nec
1553 4817 1944 4884 praeponimus,

372 4902 649 4972 inquiunt,
676 4917 876 4956 nomen
909 4902 1157 4958 Heirene
1189 4913 1316 4958 ante
1344 4902 1688 4960 Constantini
1724 4923 1944 4973 nomen,

370 4996 467 5051 sed
490 4995 834 5051 Constantini
866 5004 921 5050 ct
971 4994 1241 5060 lleirenze,
1286 5004 1347 5049 ut
1383 4996 1658 5068 abinitio
1705 5000 1951 5069 suscepi-

372 5104 517 5142 mus.
581 5086 728 5142 Misit
772 5097 957 5141 autem
1015 5088 1220 5141 iterum
1278 5087 1347 5141 ad
1412 5088 1801 5144 inflectendum
1854 5107 1949 5146 eos

371 5182 623 5235 Alexium
651 5182 992 5250 spatbarium
1024 5190 1080 5236 et
1107 5182 1468 5253 drungarium
1501 5184 1723 5253 vigiliae.
1762 5187 1832 5239 At
1871 5186 1948 5239 illi

376 5280 623 5325 tenentes
654 5286 802 5333 eum,
828 5281 889 5325 ut
914 5272 1047 5325 sibit
1068 5280 1348 5340 praeesset,
1382 5282 1773 5341 provexerunl.
1793 5274 1952 5328 Nice-

376 5364 611 5431 phorum
638 5379 767 5415 vero
790 5363 1081 5432 patricium
1103 5372 1159 5417 et
1185 5372 1470 5432 praetorem
1502 5381 1661 5419 suum
1692 5367 1953 5421 custodiae

375 5454 777 5523 manciparunt,
835 5454 1369 5525 Constantinumquc
1428 5459 1604 5511 solum
1647 5459 1951 5528 principem

376 5558 431 5602 et
488 5550 879 5617 imperatorem
949 5550 1313 5605 laudaverunt
1361 5561 1419 5605 ct
1488 5554 1950 5607 acclamavcrunt.

377 5642 489 5696 lloc
523 5652 804 5712 comperto
834 5644 1186 5713 “reliquorum
1218 5645 1406 5714 populi
1457 5647 1780 5709 thematum,
1818 5662 1983 5715 pne.

379 5734 590 5789 toribus
617 5735 731 5789 suis
762 5738 1007 5805 expulsis
1055 5737 1476 5793 Constantinum
1528 5750 1738 5803 tantum
1783 5741 1956 5808 impc-

384 5838 616 5881 tatorcm
662 5837 715 5882 ct
767 5828 867 5898 ipsi
930 5830 1317 5899 prtetlicabant.
1356 5832 1398 5886 Ο
1467 5832 1686 5912 maligni
1750 5832 1951 5887 diaboli

2050 4658 2178 4705 ctus
2211 4648 2280 4703 ab
2315 4649 2537 4701 Amorio
2575 4646 2709 4702 abiit
2734 4646 2965 4701 Tarsum
2998 4644 3224 4699 Ciliciae.
3261 4643 3397 4698 Cum
3450 4652 3636 4697 autem

2050 4737 2297 4794 venisset
2343 4726 2435 4807 ad.
2469 4740 2764 4808 inaquosas
2826 4748 3007 4792 turres
3043 4778 3056 4799 ,
3120 4735 3404 4805 repedavit
3459 4733 3639 4788 inanis

2058 4846 2245 4887 mense
2276 4830 2538 4885 Octobrio
2568 4830 2891 4883 indictionis
2919 4829 3145 4883 decinne
3194 4827 3424 4895 quintae.
3458 4826 3637 4879 Porro

2053 4922 2267 4977 decimo
2305 4932 2501 4977 octavo
2532 4921 2803 4975 Kalendas
2834 4921 3160 4974 Februarias
3209 4927 3431 4988 rogatus
3463 4918 3637 4982 impe-

2054 5021 2204 5065 rator
2224 5028 2253 5065 a
2280 5003 2501 5081 propria
2531 5022 2706 5065 matre
2729 5021 2785 5065 et
2815 5027 2844 5064 a
2877 5012 3063 5065 multis
3106 5009 3466 5078 optimatibus
3513 5024 3639 5077 pro-

2053 5102 2276 5155 nuntiat
2309 5117 2427 5155 eam
2474 5102 2675 5153 iterum
2726 5100 3156 5169 imperatricem,
3187 5105 3242 5152 et
3289 5096 3452 5149 laude
3505 5111 3632 5148 cum

2060 5193 2153 5246 illo
2176 5192 2336 5246 simul
2371 5192 2665 5254 attollitur,
2702 5201 2758 5244 ut
2790 5207 2820 5245 a
2854 5191 3158 5260 primordio
3202 5188 3548 5244 Constantini
3581 5195 3639 5242 et

2055 5284 2330 5338 lleirenae.
2357 5284 2560 5338 Omnes
2589 5284 2812 5353 quidem
2846 5283 3135 5336 obediunt.
3188 5282 3289 5334 Ast
3348 5279 3640 5333 Armenia—

2054 5391 2243 5430 corum
2273 5376 2452 5429 thema
2482 5377 2839 5444 pertinaciter
2874 5376 3087 5430 instans
3118 5374 3187 5429 ad
3219 5374 3321 5427 hoc
3350 5372 3633 5434 renititur,

2055 5477 2110 5521 et
2139 5467 2335 5535 quaerit
2373 5467 2643 5529 Alexium,
2677 5469 2771 5535 qui
2820 5468 3157 5537 paulo-ante
3191 5475 3396 5535 praetor
3449 5465 3502 5516 in
3553 5463 3638 5517 eis

2056 5558 2255 5621 fuerat,
2282 5569 2337 5612 et
2367 5559 2434 5612 ab
2462 5559 2802 5627 imperatore
2838 5566 2969 5612 tunc
2994 5566 3256 5611 evocatus
3283 5567 3339 5610 et
3364 5555 3631 5623 dignitate
3690 5560 3693 5564 '

2059 5651 2274 5718 patricii
2318 5650 2623 5703 honoratus
2657 5665 2826 5717 penes
2861 5649 3039 5717 ipsum
3069 5647 3267 5717 degere
3314 5647 3631 5699 videbatur.

2060 5741 2218 5794 llunc
2268 5758 2398 5809 ergo
2451 5749 2674 5808 propter
2744 5739 3056 5809 huiusmodi
3104 5738 3519 5807 rcquisitioncm
3581 5745 3637 5789 ct

2065 5835 2328 5904 quosdam
2354 5850 2635 5888 sermones
2662 5850 2821 5902 super
2869 5833 2989 5888 illos
3021 5832 3214 5895 dictos,
3264 5831 3389 5901 quia
3440 5829 3633 5884 videli-
