4414 6462
882 429 1016 490 ιοεοει

1957 429 2350 491 ANASTASII
2401 427 3017 488 BIBLIOTHECARII

3949 421 4100 482 1404

877 548 964 591 eet
995 543 1315 603 regnaturus
1343 545 1507 598 esset,
1549 535 1760 590 medens
1800 549 1861 589 ac
1889 537 2119 592 tondens
2146 538 2202 590 in
2233 543 2426 606 praeto—
2457 542 2499 596 Α
2599 535 2753 588 Anno
2787 535 3003 603 imperii
3040 535 3382 590 Constantini
3419 544 3615 604 quarto
3659 543 3927 601 ceperunt
3947 533 4098 584 Ara-

880 629 965 682 rio
998 625 1203 694 posuit.

2535 623 2634 678 bes
2664 624 2952 680 Thebesan
2997 633 3236 679 castrum
3285 624 3386 678 sub
3421 624 3608 687 verbo,
3660 633 3884 691 propter
3934 619 4097 689 quod

947 717 1093 772 Julio
1123 731 1253 770 vero
1285 731 1469 770 mense
1493 717 1787 770 exercitum
1820 718 1986 770 movit
2017 717 2278 772 adversus
2303 719 2432 772 Vul-
2479 736 2504 767 ο
2531 725 2588 770 et
2619 715 2892 784 principes
2913 716 3034 784 ejus
3055 715 3380 768 dimiserunt
3402 716 3467 768 ad
3500 716 3740 785 propria.

880 821 1054 876 gares,
1090 815 1146 860 et
1177 807 1479 859 construxit
1509 815 1743 859 castrum
1768 805 2168 868 hlarcellorum,
2203 818 2260 861 et
2287 808 2427 862 duo-

879 896 1093 949 decimo
1118 893 1480 949 Kalendarum
1523 899 1883 964 Augustarum
1918 896 2086 950 exivit
2130 895 2434 951 Cardamus

879 984 1410 1053 dominusVulgarim
1435 1000 1556 1038 cum
1585 985 1731 1038 omni
1758 985 1959 1039 virtute
1993 996 2184 1047 sua,et
2205 987 2356 1039 stetit
2377 986 2430 1038 in

882 1074 1298 1128 munitionibus.
1337 1073 1554 1132 Fiducia
1588 1089 1718 1127 vero
1751 1074 1925 1127 fretus
1939 1081 2004 1133 et
2031 1089 2062 1128 a
2093 1073 2431 1143 pseudopro-

880 1164 1062 1233 phetis
1091 1164 1384 1230 imperator
1425 1164 1647 1218 credere
1690 1177 1983 1231 persuasus
2010 1164 2158 1232 quod
2185 1166 2304 1233 ejus
2340 1180 2430 1218 es-

879 1255 1232 1315 setvictoria.
1276 1254 1728 1321 incircumspoete
1765 1267 1829 1306 ac
1889 1253 2200 1309 inordinate
2231 1254 2430 1308 bellum

881 1343 1066 1402 infert,
1092 1350 1148 1395 et
1192 1342 1372 1395 valido
1409 1340 1644 1395 vincitur
1669 1341 1860 1405 Marte,
1897 1341 2219 1411 fugatusque
2272 1342 2434 1398 rediit

880 1432 937 1485 in
972 1431 1193 1491 urbem,
1227 1429 1408 1484 multis
1472 1431 1688 1484 annssis
1743 1447 1849 1484 non
1900 1431 2074 1485 solum
2129 1433 2434 1487 communis

882 1523 1091 1590 populi.
1115 1520 1208 1575 sed
1238 1532 1294 1574 et
1323 1521 1640 1589 primatum,
1669 1522 1809 1574 inter
1833 1535 1972 1589 quos
1999 1530 2054 1576 et
2073 1520 2298 1576 Michael
2318 1538 2433 1576 ma-

879 1613 1184 1677 gistratus,
1241 1611 1659 1665 Lachanodraco
1701 1620 1756 1664 et
1799 1611 2000 1666 Bardas
2054 1614 2317 1681 patricius
2370 1628 2435 1668 ac

881 1702 1190 1771 Stephanus
1219 1703 1690 1772 protospatbarius
1704 1703 2051 1768 exstiterunt,
2065 1703 2282 1757 Nicetas
2301 1719 2436 1772 quo-

880 1807 986 1860 que
1020 1807 1084 1846 ac
1139 1793 1514 1861 Theognostus
1549 1793 1674 1846 facti
1735 1803 2037 1861 praetores.
2083 1803 2140 1846 et
2187 1794 2435 1848 homines

2605 805 2763 858 Anno
2789 805 3003 872 imperii
3037 805 3123 858 sui
3156 806 3351 873 quinto
3382 804 3804 866 Constantinus.
3830 801 3958 858 odio
3991 801 4099 854 lia-

2534 895 2669 949 bens
2712 893 2933 948 Mariam
2985 909 3206 948 uxorem
3235 910 3411 958 suam,
3463 894 3845 949 summissione
3895 891 4099 946 matria

2535 998 2647 1038 sum
2672 985 3033 1053 principatum
3081 986 3386 1053 appetentis
3443 995 3500 1040 et
3553 1001 3662 1054 quo
3716 985 3783 1039 ab
3832 984 4098 1038 omnibus

2535 1076 2985 1143 reprehensibilis
3027 1075 3361 1144 judicaretur
3391 1076 3716 1139 alectantis.
3755 1075 3937 1146 coegit
3961 1089 4096 1128 eam

2535 1173 2597 1216 ut
2623 1165 2776 1217 ﬁeret
2805 1163 3068 1217 monacha
3100 1181 3116 1227 ;
3145 1179 3308 1232 quam
3338 1178 3460 1218 cum
3494 1160 3812 1225 inflexisset,
3842 1159 4098 1217 totondit

2538 1266 2724 1306 mense
2748 1252 3027 1308 Januario.
3058 1253 3125 1308 Et
3150 1253 3323 1322 Aprili
3351 1267 3537 1308 mense
3571 1252 3741 1306 movit
3781 1250 4098 1306 exercitum

2537 1343 2798 1398 adversus
2826 1344 3054 1410 Arabes,
3086 1354 3144 1400 et
3179 1359 3365 1400 mense
3397 1343 3536 1397 Maio
3565 1342 3769 1397 bellum
3810 1340 3988 1394 iniens
4033 1339 4095 1393 in

2537 1447 2769 1488 occursu
2814 1434 3083 1502 ipsorum,
3125 1435 3177 1487 in
3229 1434 3348 1487 loco
3395 1433 3488 1502 qui
3550 1431 3751 1487 dicitur
3799 1429 4046 1483 Amusan
4078 1469 4095 1491 ,

2538 1523 2691 1584 vicit.
2725 1526 2907 1586 vertit,
2934 1533 2991 1578 et
3023 1523 3122 1578 hos
3146 1524 3430 1578 insecutus
3452 1531 3538 1577 est
3567 1535 3738 1589 usque
3761 1519 3828 1573 ad
3848 1532 4094 1572 amnem.

2537 1613 2603 1666 Et
2631 1627 2755 1667 cum
2780 1615 3020 1670 venisset
3049 1614 3323 1683 Ephesum
3352 1621 3408 1668 et
3434 1612 3575 1681 apud
3618 1610 3711 1665 Dei
3743 1610 3923 1664 locum
3966 1623 4100 1661 era-

2539 1704 2717 1758 tiones
2771 1706 3007 1764 fecisset.
3053 1703 3441 1760 commercium
3494 1701 3886 1762 nundinarum,
3941 1695 4098 1768 quod

2538 1803 2756 1848 centum
2788 1804 2907 1850 erat
2943 1795 3062 1848 auri
3091 1795 3375 1856 librarum.
3426 1793 3650 1847 indulsit
3672 1791 3740 1846 ad
3767 1789 4097 1844 famulatum

881 1884 1012 1953 regii
1043 1898 1150 1937 non
1182 1885 1363 1953 pauci.
1388 1884 1496 1938 Sed
1516 1891 1572 1937 et
1604 1883 1927 1937 Pancratius
1955 1883 2433 1953 pseudopropheta
2469 1869 2509 1923 Β
2539 1881 2597 1936 S.
2628 1882 2854 1938 Joannis
2880 1885 3132 1954 apostoli.
3165 1887 3411 1953 Augusto
3439 1899 3570 1937 vero
3595 1895 3782 1936 mense
3804 1877 4100 1934 coronavit

880 1985 937 2025 et
960 1983 1330 2032 astronomus.
1382 1975 1476 2041 qui
1515 1983 1571 2028 et
1597 1974 1874 2028 victurum
1901 1974 2054 2028 illum
2107 1976 2436 2031 vaticinatus

878 2074 988 2119 cst.
1015 2065 1374 2118 Ahstulerunt
1413 2076 1594 2119 autem
1637 2066 1898 2133 Vulgares
1940 2066 2104 2119 etiam
2142 2067 2434 2135 sarcinam.

880 2154 1164 2222 pecunias.
1191 2168 1366 2222 equos
1390 2162 1447 2209 et
1484 2153 1650 2208 aulaza
1697 2167 1801 2207 una
1848 2168 1974 2208 cum
2034 2155 2295 2210 universo
2343 2172 2436 2212 reo

881 2242 976 2311 gio
1028 2253 1313 2311 apparatu.
1363 2242 1498 2296 Cum
1559 2252 1740 2298 autem
1795 2243 2017 2300 ordines
2059 2246 2275 2300 collecti
2345 2263 2434 2301 es-

881 2342 1010 2388 sent
1042 2334 1096 2387 in
1121 2335 1279 2396 urbe,
1315 2333 1586 2388 consiliati
1617 2345 1745 2388 sunt
1784 2335 2021 2390 educere
2069 2335 2436 2405 Nicephorum

884 2437 963 2475 ex-
1015 2421 1226 2476 Caesare
1267 2431 1323 2475 et
1365 2423 1749 2490 imperatorem
1811 2433 2074 2478 statuere.
2121 2423 2240 2490 Quo
2291 2440 2441 2480 com-

879 2522 1040 2580 perto
1066 2512 1461 2567 Constantinus
1500 2513 1669 2576 misit,
1700 2523 1756 2567 et
1782 2513 1972 2568 eduxit
1996 2525 2263 2585 utrosque
2295 2515 2438 2572 filios

879 2601 1224 2656 Constantini
1258 2605 1343 2656 avi
1367 2604 1453 2656 sui
1488 2603 1556 2657 ad
1583 2604 1639 2664 S,
1684 2604 1932 2666 Mamani,
1971 2614 2028 2658 et
2070 2605 2438 2674 Nicephorum

876 2691 1105 2758 quidem
1143 2693 1340 2756 oculis,
1370 2694 1829 2763 Christophorum
1857 2706 2020 2763 atque
2059 2696 2301 2749 Nicetam
2333 2698 2443 2750 An-

879 2777 1226 2846 thimumque
1254 2790 1420 2847 atque
1453 2779 1754 2833 Eudocium
1793 2782 1996 2849 linguis
2021 2781 2293 2849 privavit;
2316 2799 2441 2836 cum

878 2866 1081 2936 quibus
1106 2877 1161 2920 et
1187 2868 1508 2936 praedictum
1537 2869 1781 2922 Alexium
1813 2869 2103 2937 patricium
2145 2872 2443 2926 luminibus

877 2956 1186 3017 exorbavit.
1234 2956 1498 3013 obediens
1550 2960 1811 3014 maternis
1837 2967 1894 3014 et
1924 2961 2131 3029 praelati
2175 2961 2442 3017 Stauracii

879 3046 1098 3114 patricii
1138 3045 1396 3108 suadelis,
1426 3047 1480 3102 ei
1510 3049 1941 3103 asseverantium
1967 3049 2114 3118 quod
2141 3050 2246 3106 nisi
2296 3052 2442 3108 hunc

878 3148 1085 3187 ciccum
1128 3135 1400 3199 redderet.
1429 3136 1485 3188 iu
1520 3135 1906 3206 imperatorem
1965 3154 2090 3193 eum
2127 3139 2306 3195 forent
2333 3141 2442 3197 ele-

879 3220 1044 3274 cturi.
1078 3220 1242 3273 Facta
1275 3230 1359 3274 est
1382 3231 1563 3276 autem
1590 3224 1781 3278 horum
1811 3240 1970 3293 pana
2023 3243 2207 3282 mense
2251 3230 2437 3300 Augu-

881 3314 988 3367 sto,
1019 3307 1108 3361 die
1156 3308 1403 3370 Sabbati,
1433 3311 1749 3365 indictionis
1777 3313 2004 3368 decimae
2043 3316 2278 3384 quinte.
2309 3320 2442 3376 liora

883 3408 1049 3447 nona.
1102 3396 1488 3448 Verumtamen
1548 3413 1654 3450 non
1708 3400 1764 3451 in
1811 3401 2033 3469 longum
2086 3403 2183 3458 Dei
2226 3405 2441 3472 justitia

881 3483 1024 3537 hanc
1042 3484 1308 3539 actionem
1332 3487 1538 3541 dimisit
1570 3489 1798 3542 inultam
1831 3502 1988 3559 :post
2008 3492 2443 3561 quinquennium

881 3591 1120 3644 namque
1151 3579 1342 3632 eodem
1373 3595 1559 3633 mense
1587 3590 1642 3635 et
1679 3582 1870 3636 eadem
1901 3583 2122 3638 Sabbati
2156 3585 2243 3640 die
2280 3587 2436 3642 orba-

885 3674 976 3718 tur
1015 3668 1188 3723 oculis
1220 3685 1249 3722 a
1287 3671 1506 3740 propria
1531 3684 1702 3727 matre
1725 3673 2114 3728 Constantinus
2140 3676 2307 3732 idem.

955 3757 1112 3811 Anno
1151 3759 1363 3826 imperii
1404 3760 1749 3816 Constantini
1793 3764 1955 3818 tertio
1987 3765 2276 3822 audientes
2337 3764 2461 3821 Ar-'

885 3847 1114 3901 meuiaei
1146 3849 1211 3903 de
1248 3851 1432 3905 Alexio
1474 3853 1703 3920 patricio
1741 3853 1887 3921 quod
1924 3869 2101 3910 cacus
2131 3856 2310 3912 fuerat
2363 3859 2443 3913 fa-

881 3947 1023 4000 ctus,
1044 3941 1306 3995 custodia:
1336 3947 1717 4014 mancipavere
1740 3953 2028 4011 putatorem
2058 3962 2241 4012 suum.
2266 3947 2443 4005 Theo-

883 4026 1080 4080 dorum
1112 4029 1366 4086 videlicet
1395 4032 1779 4088 Camulianum
1803 4035 2109 4104 patricium.
2139 4034 2258 4105 Quo
2294 4053 2445 4094 com-

884 4127 1041 4185 perto
1087 4118 1387 4189 imperator
1441 4124 1591 4179 misit
1653 4125 1876 4193 quidem
1939 4127 2177 4193 primum
2237 4128 2305 4182 ad
2347 4143 2444 4184 eos

885 4211 1199 4275 nonnullos,
1234 4223 1356 4281 post
1388 4225 1640 4268 sanctum
1671 4230 1801 4270 vero
1856 4213 2061 4269 Pascha
2100 4215 2215 4284 ipse
2258 4231 2358 4284 per
2385 4231 2445 4270 se

885 4301 1052 4352 movit
1079 4306 1376 4357 exercitum
1422 4313 1612 4358 contra
1660 4305 1885 4360 eosdem
1925 4305 2283 4361 Armeniacos
2338 4322 2444 4361 una

881 4406 1006 4445 cum
1035 4393 1260 4461 reliquis
1289 4398 1505 4448 cunctis
1550 4395 1903 4450 thematibus.
1944 4397 2014 4451 Et
2056 4398 2291 4466 septimo
2341 4402 2443 4456 Ka-

2536 1975 2834 2043 imperator
2858 1975 3195 2031 Tlieodotem
3240 1974 3630 2030 cubiculariam
3664 1973 3718 2026 in
3767 1971 4094 2040 Augustam,

2535 2073 2591 2118 et
2620 2063 2970 2132 desponsavit
3006 2081 3125 2120 eam
3158 2065 3363 2133 inique.

2605 2154 2762 2208 Anno
2797 2154 3122 2223 imperii'sui
3155 2163 3329 2219 sexto,
3379 2150 3676 2208 indictione
3711 2147 3909 2220 prima,
3941 2145 4096 2204 cele-

2536 2244 2716 2298 bravit
2793 2245 3084 2314 imperator
3159 2245 3549 2312 Constantinus
3617 2257 3744 2298 cum
3809 2239 4098 2296 Theodoto

2539 2336 2848 2405 nuptiarum
2883 2338 3149 2407 principia
3181 2337 3233 2391 in
3263 2337 3461 2406 palatio
3511 2335 3568 2391 S.
3616 2334 3802 2389 llam:
3837 2346 3934 2403 per
3971 2330 4098 2385 dies

2537 2427 2897 2495 quadraginta
2966 2429 3430 2497 prolongatarum.
3482 2424 3666 2480 Aleuae
3709 2437 3841 2477 vero
3888 2416 4099 2502 Aprilis

2536 2517 2781 2586 ejusdem
2837 2517 3148 2573 indictionis
3201 2525 3472 2572 nocturno
3519 2523 3763 2584 tempore
3810 2512 4099 2567 factuseat

2541 2615 2696 2660 terra
2723 2617 2906 2662 motus
2935 2609 2990 2662 in
3014 2609 3188 2664 insula
3215 2607 3373 2661 Creta
3400 2605 3557 2660 valde
3591 2604 3873 2666 terribilis,
3904 2601 4097 2656 mense

2540 2709 2722 2752 autem
2753 2699 2891 2754 Maio
2912 2698 3179 2755 factusest
3212 2694 3681 2762 Constantinopoli
3711 2693 3876 2746 nimis
3913 2689 4099 2744 horri-

2545 2787 2689 2841 bilis.
2711 2787 3010 2841 Cardamus
3034 2795 3294 2856 praterea
3326 2784 3580 2839 dominus
3595 2780 3861 2851 Vulgarite
3889 2778 4103 2833 denun-

2545 2879 2700 2931 tiavit
2745 2879 3062 2947 imperatori
3112 2876 3303 2931 dicens
3342 2875 3482 2930 :Aut
3531 2875 3698 2926 tribue
3747 2871 3874 2925 mihi
3917 2878 4098 2940 pacta,

2543 2979 2637 3024 aut
2666 2971 2872 3024 veniam
2907 2970 2976 3024 ad
3023 2984 3241 3021 auream
3288 2982 3450 3036 usque
3493 2971 3725 3032 portam,
3759 2971 3807 3015 et
3841 2960 4096 3016 demoliri!

2543 3059 2812 3112 Thracem.
2849 3057 2947 3112 Ast
2988 3056 3280 3124 imperator
3331 3052 3504 3124 posita
3556 3052 3755 3121 equina
3802 3049 3858 3104 in
3904 3065 4101 3119 mappa

2545 3158 2781 3204 stercora
2816 3146 3115 3203 transmisit
3145 3146 3196 3201 ei
3228 3161 3240 3198 :
3270 3141 3482 3209 Qualia.
3531 3142 3804 3212 inquiens,
3835 3151 3884 3194 te
3921 3143 4103 3194 decere

2543 3246 2696 3307 pacta
2721 3237 2955 3307 prasidi,
2987 3235 3255 3290 transmisi
3299 3233 3412 3286 tibi.
3465 3229 3650 3285 Verum
3679 3232 3802 3300 quia
3839 3242 3996 3283 sene:
4023 3243 4100 3291 es.

2543 3330 2663 3382 nolo
2710 3338 2766 3382 ut
2814 3328 3046 3398 fatigeris
3073 3340 3231 3394 usque
3277 3323 3346 3376 ad
3374 3323 3482 3376 hac
3510 3320 3646 3384 lora,
3684 3321 3773 3373 sed
3811 3336 3904 3388 ego
3953 3320 4103 3372 venio

2544 3432 2706 3485 usque
2762 3415 3035 3477 Marcella,
3077 3423 3125 3467 et
3163 3423 3218 3465 tu
3257 3413 3360 3474 cati.
3394 3421 3443 3463 et
3490 3411 3741 3480 quidquid
3781 3408 4106 3478 judicans-it

2543 3501 2814 3567 Deusﬂot.
2846 3501 2914 3555 Et
2949 3517 3075 3555 cum
3115 3501 3350 3553 misisset
3399 3500 3694 3568 imperator
3735 3499 3802 3552 ad
3838 3496 4104 3550 ulteriora

2548 3592 2806 3650 themata.
2830 3590 3105 3660 congessit
3147 3585 3409 3659 populum
3445 3599 3606 3641 suum
3637 3595 3694 3640 et
3732 3586 3882 3640 venit
3927 3599 4103 3654 usque

2547 3681 2915 3744 Versinitiam,
2965 3688 3022 3734 et
3074 3677 3373 3734 Cardamus
3405 3691 3576 3746 usque
3605 3678 3671 3730 ad
3711 3676 3895 3729 lucum
3921 3675 4102 3728 Abro-

2543 3771 2689 3832 leva;
2720 3780 2776 3825 et
2817 3785 2940 3825 cum
2977 3767 3317 3832 formidaret.
3352 3768 3553 3822 mansit
3603 3767 3656 3820 in
3705 3781 3950 3820 nemore.
4003 3766 4105 3819 Ast

2544 3861 2839 3932 imperator
2891 3859 3200 3916 confortato
3243 3861 3443 3930 populo
3493 3875 3593 3914 suo
3649 3858 3784 3914 abiit
3819 3872 3989 3927 usque
4028 3854 4103 3909 ad

2543 3951 2726 4007 lucum
2749 3953 3072 4007 Abrolevam
3093 3991 3110 4016 ,
3168 3952 3403 4006 invitatis
3461 3966 3586 4004 eum
3619 3965 3714 4019 per
3744 3949 3865 4004 dies
3911 3947 4104 4023 decepi

2543 4054 2597 4098 et
2618 4052 2846 4113 septem.
2875 4043 2945 4099 At
2972 4043 3064 4098 ille
3082 4057 3189 4097 non
3213 4051 3296 4097 est
3325 4057 3509 4106 ausus,
3528 4040 3622 4096 sed
3642 4040 3920 4110 repedavit
3941 4029 4128 4108 fugax--

2544 4135 2819 4275 “Celsen
2846 4237 3063 4290 quoque
3096 4236 3240 4275 anno
3287 4231 3344 4274 et
3396 4218 3606 4272 Arabes
3630 4228 3898 4273 venerunt
3925 4235 4106 4288 neque

2544 4306 2848 4370 Amorium.
2879 4317 2936 4362 et
2963 4324 3089 4362 cum
3138 4307 3273 4362 nihil
3303 4305 3680 4375 profecissent,
3720 4307 3922 4362 reversi
3951 4318 4104 4372 sunt,

2545 4395 2724 4466 prada
2757 4397 2813 4450 in
2839 4395 3263 4466 circumquaque
3292 4394 3611 4466 regionibus
3644 4395 3807 4449 facta.

882 4481 1075 4536 lendas
1103 4482 1296 4538 Junias
1328 4485 1518 4554 primm
1549 4484 1887 4547 indictionis.
1921 4486 2012 4541 die
2059 4498 2261 4542 sanctae
2303 4489 2442 4545 Pen-
2475 4509 2518 4566 υ
2614 4486 2819 4543 Eodem
2867 4498 3054 4540 autem
3097 4501 3242 4539 anno
3292 4485 3452 4540 Plato
3474 4485 3800 4540 Sacudionis
3843 4484 4012 4539 abbas
4046 4503 4107 4542 se

883 4580 1140 4636 teeostes,
1188 4589 1311 4628 cum
1351 4575 1598 4643 proditos
1631 4591 1728 4632 eos
1778 4577 2166 4632 Armeniorum
2224 4578 2441 4645 fraude,

878 4664 975 4731 qui
1029 4678 1154 4716 cum
1207 4667 1339 4733 ipsis
1383 4676 1562 4726 erant,
1620 4667 1949 4724 debellasset
1992 4679 2156 4738 atque
2201 4669 2443 4736 vicisset,

879 4754 1300 4821 comprehendit
1325 4755 1465 4817 illos,
1509 4764 1566 4809 et
1610 4755 2278 4813 interfecitAndronicum
2320 4773 2445 4829 spa-

880 4840 1124 4894 tharium
1180 4851 1236 4895 et
1278 4843 1649 4896 turmarcliam
1693 4858 1920 4907 eorum,
1972 4856 2029 4900 et
2081 4839 2442 4916 Theophilum

877 4932 1256 4987 turmarcham
1284 4942 1450 5002 atque
1484 4931 1807 5002 Gregorium
1834 4935 2151 5004 episcopum
2185 4937 2438 5007 Sinopm;

881 5022 1124 5091 reliquos
1170 5037 1304 5079 vero
1350 5039 1528 5078 rerum
1575 5025 1806 5093 jacturis
1847 5034 1902 5078 et
1946 5027 2445 5097 proscriptionibus

881 5114 1146 5169 subdidit.
1193 5117 1366 5170 Porro
1408 5117 1557 5169 mille
1611 5116 1824 5168 vinctos
1872 5119 2146 5174 exercitus
2200 5121 2442 5191 ipsorum

881 5205 1186 5260 introduxit
1239 5225 1334 5276 per
1377 5207 1806 5262 Blacliernarum
1855 5217 2066 5278 portam
2109 5209 2164 5264 in
2227 5211 2440 5277 urbem,

879 5311 1118 5364 quorum
1149 5297 1398 5354 faciebus
1418 5307 1730 5353 atramento
1753 5308 1809 5353 et
1840 5302 2232 5369 punctionibus
2252 5319 2447 5372 supra-

879 5389 1099 5458 scripsit
1131 5408 1144 5443 :
1183 5390 1526 5444 Armenium
1558 5391 1855 5444 insidiator.
1897 5390 2160 5466 Dispersit
2181 5407 2278 5448 eos
2335 5402 2445 5448 tam

882 5479 937 5532 in
963 5478 1207 5536 Siciliam
1245 5497 1410 5552 quam
1435 5483 1492 5536 in
1519 5490 1745 5537 exteras
1772 5482 1998 5536 insulas.
2018 5483 2260 5537 Armenii
2287 5498 2442 5548 sane,

883 5570 1198 5633 proditores
1230 5589 1446 5639 eorum,
1486 5573 1661 5628 nilab
1703 5574 2031 5643 imperatore
2077 5574 2301 5628 honoris
2347 5590 2444 5629 seu

883 5656 1228 5717 liberalitatis
1267 5665 1501 5722 assecuti
1545 5676 1784 5725 castrum
1814 5665 2121 5723 Camachan
2172 5664 2447 5720 Arabibus

887 5749 1243 5809 tradiderunt.

2544 4575 2776 4633 abscidit
2809 4591 2839 4630 a
2868 4575 3250 4631 communione
3283 4574 3491 4631 Tarasii
3524 4575 3868 4646 patriarcha.
3889 4591 3990 4646 pro
4037 4593 4110 4632 eo

2543 4667 2692 4736 quod
2722 4665 3107 4734 imperatorem
3135 4663 3189 4718 in
3239 4666 3680 4720 communionem
3716 4665 4007 4734 receperit,
4051 4674 4111 4719 et

2547 4756 2847 4812 institutori
2881 4754 3108 4809 tondere
3137 4769 3359 4808 uxorem
3407 4757 3526 4826 ejus
3553 4756 3796 4820 Mariam,
3818 4764 3880 4809 et
3901 4754 4109 4812 Joseult

2545 4845 2816 4900 monacho
2830 4853 2887 4898 et
2911 4841 3423 4897 abbatimonastcrii
3459 4843 3604 4913 quod
3629 4842 3933 4914 appellatur
3964 4839 4113 4894 Tan-

2543 4936 2767 4990 cbatara
2788 4947 3053 4989 coronare
3101 4946 3226 4985 eum
3265 4947 3389 4985 cum
3437 4931 3719 4986 Theodote
3763 4931 4106 5000 praeceperit.

2542 5027 2699 5096 Quod
2735 5041 2859 5081 cum
2912 5023 3197 5078 didicisset
3252 5022 3571 5092 imperator,
3598 5023 3795 5093 .misso
3835 5020 4112 5076 Bardanio

2544 5119 2776 5187 patricio
2829 5125 2887 5174 et
2947 5115 3258 5169 scholarum
3308 5114 3634 5176 domestico.
3683 5121 3848 5182 atque
3895 5111 4111 5165 Joanne

2543 5210 2742 5264 comite
2769 5206 3052 5277 Obsequii,
3085 5204 3360 5260 Platonem
3390 5204 3695 5260 introduxit
3728 5204 3784 5258 in
3810 5203 4020 5265 urbem,
4053 5210 4110 5255 ct

2545 5300 2770 5355 reclusit
2801 5300 2943 5353 intra
2994 5297 3234 5349 claustra
3276 5297 3331 5349 in
3365 5295 3567 5366 templo
3599 5294 3865 5364 principis
3897 5291 4110 5346 militiae

2542 5389 2690 5459 quod
2709 5398 2796 5446 est
2839 5389 2895 5443 in
2943 5385 3167 5457 palatio.
3197 5385 3459 5456 Reliquos
3498 5397 3632 5440 vero
3661 5382 3960 5439 monachos
3979 5397 4109 5436 eum

2544 5480 2838 5550 nepotibus
2879 5479 3000 5550 ejus
3057 5491 3348 5546 percussos
3403 5476 3600 5531 exsilio
3655 5473 3919 5545 relegavit
3961 5473 4107 5542 apud

2545 5571 3033 5632 Thessalonicam;
3079 5569 3282 5636 quibus
3319 5566 3689 5622 auxiliabatur
3721 5576 3892 5619 mater
3930 5565 4109 5633 impe-

2547 5662 2763 5726 ratoris,
2817 5671 3076 5728 tanquam
3126 5658 3215 5714 his
3268 5658 3361 5728 qtti
3415 5655 3528 5710 lilio
3558 5669 3658 5710 suo
3697 5655 4024 5710 resistebant
4055 5662 4110 5706 ct

2547 5750 2973 5808 contendebant.
