4414 6462
387 378 523 446 1405

1190 379 1565 442 HISTORIA
1602 381 2196 442 ECCLESIASTICA
2234 383 2336 442 ΕΧ
2377 384 2859 446 THEOPIIANE.

3511 388 3647 456 1406

454 492 612 545 Anno
660 503 793 543 vero
852 487 1067 558 imperii
1120 489 1203 543 sui
1256 490 1529 559 septimo,
1590 504 1777 543 mense
1834 506 1966 544 vero
1998 497 2041 551 Α
2073 492 2385 560 τρηιοῐᾳυε
2416 491 2814 547 conﬁterentur
2868 494 3013 563 quod
3044 504 3271 567 propter
3299 495 3650 569 imperatoris

382 581 750 651 Septembrio,
804 595 1059 650 egressus
1108 590 1193 634 est
1245 581 1545 650 imperator
1602 595 1727 634 cum
1786 592 1959 635 matre

380 696 500 744 sua,
545 686 608 733 ut
663 679 940 733 caleﬁeret
992 678 1137 747 apud
1199 676 1450 732 Prusam.
1504 674 1768 729 Octobrio
1825 690 1960 728 vero

381 788 568 826 mense
595 784 754 826 natus
784 781 870 826 est
900 769 1220 839 imperatori
1250 769 1415 832 ﬁlius,
1458 783 1621 837 quem
1653 766 1961 820 nominavit

382 866 641 920 Leonem.
673 864 802 931 Qua:
828 881 953 919 cum
980 862 1327 934 cognovisset
1353 862 1670 931 imperator,
1699 860 1957 914 derelicta

381 970 559 1013 matre
608 958 752 1027 apud
816 958 1083 1012 Thermas
1106 972 1213 1010 una
1264 971 1389 1010 cum
1426 954 1618 1009 ordine
1651 953 1800 1022 regio
1832 953 1958 1006 uni-

378 1065 539 1105 verso
560 1060 725 1120 atque
751 1049 1099 1120 principibus
1128 1049 1333 1103 cursim
1378 1047 1432 1101 in
1453 1047 1647 1101 urbem
1678 1060 1961 1115 regressus

377 1152 483 1196 est.
512 1143 859 1211 Quapropter
882 1142 1047 1213 hujus
1068 1150 1241 1194 mater
1271 1139 1447 1209 spatio
1478 1147 1698 1207 reperto
1723 1138 1959 1190 allocuta

378 1243 461 1287 est
505 1245 562 1288 et
616 1234 892 1289 subtraxit
939 1234 1266 1288 muneribus
1329 1249 1392 1288 ac
1438 1230 1960 1301 repromissionibus

379 1327 655 1395 agminum
683 1326 980 1395 principes.
1013 1334 1073 1380 ut
1104 1326 1478 1395 deponeretur
1533 1322 1678 1378 ﬁlius
1728 1338 1861 1378 suus
1903 1330 1961 1377 et

382 1422 496 1488 ipsa
554 1420 909 1488 singulariter
949 1420 1268 1488 imperaret,
1334 1418 1473 1472 alios
1513 1418 1709 1470 horum
1761 1431 1859 1485 per
1898 1431 1958 1470 se

380 1509 575 1578 ipsam,
611 1509 748 1563 alios
781 1524 913 1563 vero
938 1524 1038 1578 per
1090 1508 1344 1562 homines
1389 1521 1519 1562 suos
1557 1504 1865 1559 blandiens.
1892 1505 1957 1560 Et

376 1602 604 1655 attraxit
637 1602 703 1656 ad
743 1617 801 1656 se
853 1616 1067 1665 omnes,
1101 1609 1158 1655 et
1189 1599 1613 1669 praestolabatur
1651 1612 1956 1667 congruum

379 1693 629 1748 invenire
681 1692 852 1748 diem.
909 1693 1125 1747 Interea
1188 1692 1375 1746 Roma:
1432 1690 1672 1744 obeunte
1718 1689 1958 1743 Adriano

376 1801 512 1855 papa
540 1796 897 1840 consecratur
933 1786 1065 1849 Leo,
1100 1785 1187 1839 vir
1218 1783 1739 1839 honorabilissimus
1774 1790 1831 1836 ct
1859 1797 1958 1850 per

375 1876 558 1931 omnia
585 1876 945 1931 reverendus.
978 1876 1163 1932 Mense
1207 1890 1339 1930 vero
1369 1874 1564 1929 Martio
1591 1873 1759 1929 exivit
1786 1873 1959 1942 impe-

376 1978 526 2024 rator
558 1970 829 2024 adversus
876 1970 1105 2034 Arabes,
1135 1984 1322 2024 secum
1354 1968 1565 2022 habens
1610 1965 1956 2021 Stauracium

374 2063 668 2133 patricium
703 2072 761 2117 et
792 2071 1021 2117 caeteros
1064 2061 1270 2117 amicos
1321 2060 1514 2115 matris
1561 2074 1695 2122 suae,
1740 2074 1957 2114 necnon

373 2165 429 2210 et
457 2157 689 2210 electam
746 2164 1021 2209 catervam
1067 2153 1449 2223 expeditorum
1499 2151 1760 2206 videlicet
1808 2150 1957 2203 mili-

376 2260 489 2303 tum
534 2265 599 2303 ex
635 2249 923 2318 utriusque
982 2246 1337 2310 thematihus,
1384 2244 1578 2316 viginti
1637 2243 1829 2297 millia.
1860 2243 1955 2297 Vi-

373 2339 567 2393 dentes
594 2339 649 2393 hi
674 2340 769 2409 qui
806 2340 954 2394 circa
994 2339 1343 2395 Stauracium
1394 2347 1555 2394 erant
1613 2339 1954 2393 alacritatem

375 2430 562 2500 populi
622 2440 678 2485 et
731 2431 1105 2500 imperatoris,
1166 2432 1469 2486 timuerunt
1511 2445 1581 2485 ne
1632 2430 1776 2484 forte
1809 2428 1955 2485 bello

376 2521 513 2575 inito
548 2521 636 2575 ille
673 2521 920 2576 vinceret
949 2532 1005 2576 et
1042 2522 1143 2591 ipsi
1189 2522 1502 2576 adinventis
1542 2520 1952 2575 adversuseum

373 2616 773 2670 frustrarentur
801 2614 1040 2669 insidiis.
1077 2615 1218 2685 Ergo
1252 2615 1555 2669 muneratis
1590 2614 1795 2685 vigiliis
1829 2629 1954 2683 per-

374 2714 671 2759 suaserunt
714 2705 796 2759 eis
854 2705 1097 2772 mentiri,
1148 2705 1491 2775 perhibendo
1535 2705 1838 2760 Saracenos
1870 2704 1954 2759 fu-

370 2799 537 2869 gisse.
568 2797 877 2867 Imperator
911 2798 1096 2867 itaque
1150 2797 1386 2850 multum
1417 2796 1669 2851 tristatus
1704 2794 1952 2850 inetlicax

372 2890 563 2944 urbem
595 2891 871 2960 ingressus
888 2900 992 2949 est.
1015 2898 1071 2944 et
1101 2889 1358 2944 Kalendis
1389 2889 1545 2943 Maiis
1573 2896 1824 2942 mortuus
1865 2895 1953 2942 est

372 2983 521 3036 ﬁlius
553 2984 673 3053 ejus
738 2982 869 3045 Leo,
922 2990 979 3035 et
1011 2981 1151 3035 luxit
1182 2997 1307 3035 eum
1354 2978 1737 3035 vehementer.
1776 2980 1953 3035 Porro

369 3075 585 3129 decimo
616 3084 771 3129 sexto
801 3073 1069 3128 Kalendas
1095 3074 1369 3143 Augustas
1401 3072 1469 3126 ab
1500 3073 1745 3141 equestri
1778 3087 1951 3141 agone

2062 582 2363 637 caecitatem
2417 584 2495 637 sol
2542 584 2851 641 obcaecatus
2912 601 3042 641 suos
3103 588 3287 644 radios
3332 594 3647 648 retraxerit.

2063 673 2129 727 Et
2157 674 2336 727 taliter
2364 673 2430 727 de
2466 683 2665 729 cmtero
2719 676 2952 745 imperat
3013 678 3249 732 lleircne
3294 689 3469 735 mater
3505 684 3646 753 ejus.

2121 764 2327 819 Eodem
2378 765 2541 819 etiam
2587 782 2732 821 anno
2762 777 2817 821 et
2862 769 3048 823 Roma:
3075 770 3291 839 cognati
3334 771 3506 826 beatze
3531 790 3647 826 me-

2061 858 2252 913 morize
2264 857 2521 912 Hadriani
2554 875 2705 929 papa:
2727 872 3142 915 commoventes
3161 863 3421 933 populum
3442 866 3647 919 tumul-

2062 952 2198 1005 tuati
2224 961 2354 1005 sunt
2376 960 2565 1011 contra
2592 953 2831 1006 Leonem
2857 970 3073 1023 papam,
3107 964 3163 1010 et
3194 965 3446 1011 tenentes
3480 973 3649 1011 eatea-

2060 1052 2259 1095 verunt
2281 1056 2429 1103 eum,
2455 1053 2767 1096 nontamen
2800 1044 3021 1112 penitus
3075 1045 3260 1099 lumen
3293 1046 3414 1116 ejus
3437 1048 3647 1101 exstin-

2060 1147 2225 1201 guere
2256 1142 2573 1202 potuerunt.
2609 1134 2675 1188 At
2702 1135 2793 1188 ille
2824 1134 3071 1206 confugit
3096 1137 3160 1191 ad
3188 1137 3445 1193 Carolum
3479 1138 3649 1193 Fran-

2062 1242 2252 1279 corum
2302 1242 2509 1296 regem,
2546 1229 2638 1297 qui
2675 1231 2825 1283 ultus
2868 1240 2953 1285 est
3004 1230 3259 1286 inimicos
3295 1234 3415 1302 ejus
3436 1248 3644 1297 amare,

2059 1328 2114 1371 et
2139 1319 2337 1372 iterum
2370 1320 2614 1373 restituit
2656 1321 2812 1376 illum
2864 1321 2919 1375 in
2951 1322 3138 1377 sedem
3166 1339 3342 1377 suam.
3370 1324 3643 1379 Caeterum

2060 1413 2235 1466 vicem
2265 1411 2464 1467 Carolo
2492 1428 2917 1484 recompensans
2941 1416 3229 1471 coronavit
3260 1416 3645 1487 imperatorem

2060 1503 2116 1558 in
2150 1503 2353 1572 templo
2378 1503 2433 1558 S.
2462 1504 2611 1559 Petri
2651 1506 2908 1574 apostoli,
2936 1522 3253 1576 pertingens
3272 1509 3395 1563 oleo
3412 1525 3440 1563 a
3462 1510 3643 1578 capite

2060 1610 2234 1663 usque
2263 1594 2332 1647 ad
2391 1594 2581 1664 pedes,
2610 1603 2666 1648 ct
2698 1596 3052 1651 circumdans
3098 1598 3453 1667 imperatoria
3490 1608 3645 1653 veste

2059 1695 2224 1756 atque
2252 1702 2479 1751 corona,
2509 1697 2706 1743 octavo
2735 1688 3005 1743 Kalendas
3047 1690 3337 1745 Januarias
3384 1690 3645 1745 indictio-

2058 1781 2147 1833 nis
2171 1796 2347 1835 nona.
2379 1780 2549 1850 igitur
2584 1780 2850 1835 Romanis
2875 1781 3077 1836 iterum
3128 1783 3367 1852 imperat
3406 1783 3644 1839 Heirene

2060 1872 2219 1927 annis
2250 1873 2516 1942 quinque.

2128 1964 2287 2020 Anno
2334 1966 2518 2033 itaque
2576 1964 2792 2035 imperii
2846 1965 2931 2021 sui
2983 1965 3220 2021 Heirene
3254 1966 3455 2037 primo,
3476 1967 3529 2022 id
3558 1978 3643 2023 est

2059 2072 2185 2112 cum
2219 2056 2465 2112 secundo
2518 2056 2789 2127 imperare
2821 2059 3104 2128 coepisset,
3129 2058 3420 2115 confestim
3452 2060 3644 2131 dirigit

2059 2150 2403 2206 Dorotheum
2434 2151 2805 2219 hegumenum
2834 2150 3353 2222 Cbrysopolitanum
3404 2161 3461 2206 et
3498 2152 3644 2207 Con-

2057 2244 2357 2298 stantinum
2384 2243 2865 2315 chartophylacem
2892 2244 3140 2299 ecclesiae
3182 2244 3388 2315 Magna:
3415 2244 3483 2300 ad
3512 2245 3643 2299 Abi-

2055 2339 2269 2394 melech
2314 2348 2500 2409 partes
2544 2338 2905 2409 Cappadocia:
2983 2339 3412 2409 depopulantem
3471 2348 3640 2408 atque

2055 2429 2670 2493 CalatiaJnterccdens
2691 2445 2791 2499 pro
2814 2446 2976 2500 pace;
3009 2430 3156 2500 quod
3210 2439 3390 2484 tamen
3434 2428 3638 2484 factum

2056 2537 2165 2576 non
2209 2529 2313 2576 est.
2365 2522 2433 2575 Et
2474 2520 2738 2576 Octobrio
2799 2538 2988 2577 mense
3049 2520 3273 2591 quidam
3329 2521 3562 2576 rebelles
3584 2521 3639 2575 in

2056 2614 2306 2669 custodia
2331 2615 2529 2684 positis
2554 2616 2608 2668 in
2628 2615 2833 2685 palatio
2872 2614 3241 2684 Contherapia
3284 2613 3410 2668 ﬁliis
3456 2613 3639 2683 impu-

2054 2704 2272 2773 gnantis
2302 2705 2474 2759 Deum
2517 2705 2870 2760 Constantini
2914 2706 2978 2760 ad
3044 2706 3287 2775 Magnam
3340 2707 3638 2777 confugere

2054 2796 2391 2865 persuadent
2420 2797 2735 2861 ecclesiam,
2781 2798 2936 2867 quasi
2982 2806 3232 2867 petentes
3281 2799 3637 2853 securitatem

2055 2888 2446 2957 subsequentis
2503 2889 2883 2943 indemnitatis
2926 2905 3059 2954 suae,
3093 2900 3370 2958 quatenus
3404 2906 3503 2960 per
3527 2891 3636 2944 hu-

2050 2978 2292 3050 jusmodi
2319 2980 2665 3035 occasionem
2708 2982 3053 3051 appellarent
3085 2997 3152 3035 ex
3192 2982 3274 3037 eis
3299 2998 3635 3052 quemquam

2055 3069 2463 3140 imperatorem.
2492 3073 2561 3127 Et
2602 3074 2775 3127 multo
2821 3075 3025 3142 populo
3070 3073 3138 3128 ad
3173 3075 3461 3129 ecclesiam
3504 3091 3637 3130 con-

369 3167 435 3221 ad
484 3168 543 3222 S.
574 3167 804 3221 Mamam
844 3176 1184 3229 transeunte,
1232 3172 1643 3219 transmearunt
1684 3164 1951 3221 adversus
1978 3189 2021 3248 ο
2054 3170 2314 3216 currente
2347 3163 2625 3233 ingressus
2672 3173 2757 3217 est
2790 3164 2983 3218 Aetius
3020 3163 3312 3218 eunuchus
3337 3164 3623 3233 patricius.

366 3257 1115 3327 eumcomprehendendum
1148 3257 1202 3310 hi
1237 3257 1331 3325 qui
1357 3266 1606 3311 erantex
1638 3256 1949 3322 ordinibus,

364 3364 505 3416 quos
558 3358 733 3403 mater
786 3348 1137 3418 imperatoris
1191 3347 1371 3402 fuerat
1416 3348 1677 3403 allocuta.
1710 3348 1827 3414 Quo
1859 3349 1949 3403 ille

364 3441 586 3512 cognito
644 3442 699 3495 in
755 3441 1108 3495 chelandium
1170 3455 1331 3494 suum
1390 3440 1673 3510 ingressus
1722 3449 1848 3505 est,
1893 3447 1949 3494 et

364 3534 728 3589 transmeavit
756 3534 823 3587 ad
851 3534 1029 3605 Pylas,
1056 3534 1247 3589 volens
1282 3533 1350 3587 ad
1377 3531 1745 3588 Orientalium
1764 3534 1946 3588 thema

360 3627 681 3695 confugere.
720 3626 891 3680 Erant
937 3638 1119 3681 autem
1174 3642 1303 3681 cum
1360 3642 1428 3681 eo
1481 3636 1539 3681 et
1596 3627 1787 3681 matris
1837 3643 1949 3682 suae

359 3723 547 3785 amici,
577 3737 715 3791 quos
738 3721 826 3776 ille
855 3721 934 3776 sic
962 3737 1083 3775 esse
1106 3721 1650 3792 penitusiguorabat.
1676 3722 1945 3776 Praeterea

358 3812 532 3866 exivit
600 3812 715 3880 ipse
767 3820 822 3865 et
878 3812 1078 3865 mulier
1127 3813 1247 3882 ejus
1291 3827 1465 3881 usque
1518 3814 1585 3867 ad
1638 3812 1944 3867 Tritonem.

359 3905 533 3957 Porro
554 3903 787 3957 consilio
814 3902 948 3955 inito
976 3902 1135 3956 amici
1164 3903 1353 3957 matris
1373 3905 1511 3974 ejus,
1541 3904 1636 3972 qui
1667 3919 1791 3958 cum
1826 3904 1947 3973 ipso

355 4004 539 4059 erant,
611 3994 869 4048 dixerunt
943 3994 1009 4047 ad
1066 3995 1391 4063 semetipsos
1438 4013 1452 4050 :
1496 3995 1555 4050 Si
1602 4007 1946 4053 coacervatus

358 4090 519 4157 fuerit
547 4090 591 4141 ei
625 4086 866 4156 populus,
887 4102 990 4138 non
1009 4086 1127 4155 jam
1145 4086 1379 4139 dominio
1412 4087 1818 4157 constringetur,
1855 4104 1947 4141 nec

360 4182 526 4233 latere
554 4181 841 4247 poterimus
859 4195 997 4240 eum,
1023 4187 1070 4229 et
1091 4185 1269 4245 perdet
1316 4196 1427 4232 nos.
1466 4179 1747 4247 Materque
1773 4179 1945 4249 ipsius

358 4271 706 4341 congregatis
758 4270 810 4322 iu
846 4269 1049 4339 palatio
1077 4269 1379 4323 Eleutherii
1406 4271 1487 4323 eis
1511 4270 1603 4339 qui
1634 4287 1702 4325 ex
1729 4271 1944 4324 ordini-

358 4363 464 4416 bus
508 4363 614 4416 sibi
675 4362 893 4415 fuerant
953 4362 1232 4423 collocuti,
1262 4362 1511 4416 introivit
1562 4363 1846 4432 palatium,
1889 4371 1945 4417 et

356 4470 483 4509 cum
511 4454 795 4507 didicisset
825 4455 1011 4524 populi
1042 4455 1109 4507 ad
1170 4456 1557 4524 imperatorem
1585 4471 1939 4520 concursum,

2053 3262 2111 3308 et
2137 3253 2329 3308 eduxit
2381 3270 2479 3309 eos
2528 3254 2720 3320 verbo,
2753 3256 2974 3310 nemine
2998 3255 3065 3309 ad
3101 3256 3223 3309 illos
3267 3256 3545 3322 tendente,
3580 3266 3636 3310 et

2050 3343 2245 3397 exsilio
2275 3344 2676 3399 damnaverunt
2708 3361 2804 3400 eos
2834 3346 2977 3415 apud
3002 3346 3264 3401 Athenas.
3302 3348 3420 3401 Duo
3449 3358 3634 3403 autem

2051 3434 2291 3503 patricii,
2333 3434 2657 3491 Stauracius
2712 3438 2927 3492 scilicet
2980 3448 3037 3493 et
3065 3438 3279 3501 Aetius,
3315 3440 3411 3507 qui
3443 3439 3631 3494 dilecti

2050 3542 2171 3582 csse
2209 3529 2583 3583 noscebantur
2615 3530 3001 3599 imperatricis,
3049 3530 3176 3584 facti
3206 3532 3353 3598 [sunt
3385 3532 3440 3586 in
3470 3533 3637 3587 alter-

2051 3628 2238 3674 utrum
2262 3620 2466 3684 hostes,
2502 3622 2575 3676 ita
2605 3631 2664 3676 ut
2682 3623 3029 3677 inimicitiam
3055 3623 3342 3678 manifeste
3360 3635 3633 3680 monstra-

2052 3723 2193 3777 rent,
2222 3714 2383 3768 ambo
2415 3714 2776 3770 intentionem
2808 3716 3076 3770 habentes
3104 3724 3229 3784 post
3259 3727 3493 3772 mortem
3515 3719 3635 3790 ejus

2052 3807 2301 3876 cognatis
2332 3807 2447 3861 suis
2472 3808 2760 3877 imperium
2786 3808 3133 3878 acquirendi.

2118 3899 2278 3953 Anno
2318 3899 2532 3969 imperii
2561 3900 2795 3956 Heirene
2829 3904 3074 3957 secundo
3098 3903 3418 3960 Abimelech
3462 3903 3633 3958 exivit

2048 4000 2241 4045 contra
2288 3991 2633 4057 Bouianiam,
2670 4001 2726 4047 et
2762 3995 2930 4048 misso
2974 3997 3355 4066 expeditorqu
3405 3995 3633 4050 incursu

2048 4084 2337 4140 descendit
2384 4100 2559 4154 usque
2612 4087 2679 4141 ad
2732 4087 3021 4158 Magalina,
3066 4099 3120 4144 et
3148 4104 3542 4159 prmoccupans
3574 4087 3632 4141 in

2048 4177 2290 4232 stabulis
2353 4177 2626 4231 Stauracii
2684 4194 2859 4247 equos
2924 4180 3283 4249 imperatorio
3357 4180 3634 4249 equitatui

2045 4283 2206 4341 aptos
2230 4271 2347 4325 sine
2371 4271 2591 4325 laesione
2624 4287 2879 4327 reversus
2900 4282 2984 4327 est
3013 4290 3028 4338 ;
3075 4282 3130 4328 ct
3168 4274 3363 4342 reliqui
3400 4274 3629 4327 desceno

2046 4363 2251 4417 derunt
2277 4379 2450 4433 usque
2485 4363 2754 4436 Lydiam,
2799 4375 2855 4421 et
2899 4367 3127 4420 multam
3182 4366 3463 4422 consecuti
3502 4376 3634 4421 sunt

2046 4455 2305 4524 praedam.

357 4542 542 4596 timuit
570 4542 755 4605 nimis,
788 4553 842 4595 et
871 4543 1140 4597 tractabat
1170 4544 1409 4611 qualiter
1442 4543 1684 4597 mitteret
1724 4545 1940 4614 episco-
1975 4534 2016 4587 ι)
2117 4549 2309 4602 Mense
2361 4564 2494 4604 vero
2550 4549 2746 4604 Martio
2794 4551 3044 4620 septima:
3086 4550 3409 4605 indictionis
3449 4551 3629 4605 voluit

354 4650 456 4703 pos
477 4632 541 4686 ad
571 4648 695 4686 eum
726 4642 779 4687 et
807 4634 1085 4703 acciperet
1120 4634 1350 4688 verbum
1402 4645 1459 4689 et
1490 4635 1712 4691 sederet
1746 4636 1799 4691 in
1838 4653 1939 4691 an-

354 4725 504 4794 gulo.
533 4725 733 4778 Verum
770 4725 989 4793 scripsit
1022 4726 1237 4779 occulte
1298 4725 1365 4779 ad
1406 4728 1613 4781 amicos
1653 4744 1803 4791 suos,
1844 4725 1939 4798 qui

354 4830 481 4867 eum
521 4828 585 4867 eo
610 4823 788 4875 erant,
816 4815 942 4882 quia
970 4814 1083 4868 Nisi
1108 4815 1329 4869 modum
1346 4818 1663 4882 quemlibet
1700 4818 1944 4874 feceritis

353 4917 410 4961 et
465 4906 799 4960 tradideritis
851 4923 999 4970 eum,
1034 4907 1199 4961 verba
1244 4924 1365 4977 quas
1415 4908 1695 4963 habebitis
1727 4926 1940 4965 mecum

356 4999 601 5053 indicare
627 4998 802 5051 habeo
834 4999 1173 5068 imperatori.
1202 4998 1271 5052 At
1297 5000 1375 5053 illi
1406 5010 1715 5056 meteuntes
1740 5011 1937 5058 tenue-

353 5103 631 5146 runteum
663 5092 729 5145 ad
787 5107 1000 5160 preces,
1030 5101 1085 5147 et
1136 5093 1190 5146 in
1235 5094 1588 5148 chelandium
1625 5096 1849 5151 inducto
1872 5113 1941 5152 eo

352 5184 593 5240 Sabbato
653 5198 810 5238 mane
854 5194 1129 5239 venerunt
1154 5185 1222 5239 ad
1256 5186 1471 5251 urbem,
1497 5196 1551 5241 et
1592 5188 1939 5244 incluserunt

350 5293 480 5332 eum
522 5278 577 5331 in
625 5276 788 5331 domo
840 5292 1139 5345 purpurea,
1196 5278 1250 5331 in
1283 5293 1392 5347 qua
1425 5289 1483 5333 et
1532 5289 1699 5333 natus
1743 5291 1850 5344 est,
1883 5290 1939 5335 et

352 5370 495 5423 circa
522 5368 711 5422 horam
748 5384 951 5421 nonam
980 5369 1278 5424 crudeliter
1302 5379 1359 5425 et
1388 5371 1772 5426 insanabiliter
1802 5388 1935 5427 ocu-

352 5460 434 5515 los
481 5461 601 5530 ejus
650 5461 915 5524 evellunt,
973 5460 1047 5514 ita
1104 5470 1163 5514 ut
1221 5463 1368 5516 hunc
1396 5478 1546 5516 mors
1594 5462 1937 5532 subsequens

351 5553 637 5606 confestim
679 5554 1075 5623 exstingueret,
1108 5554 1341 5608 consilio
1370 5555 1560 5609 matris
1584 5556 1703 5626 ejus
1726 5566 1780 5609 et
1800 5571 1935 5609 con-

352 5648 683 5700 siliariorum
727 5648 920 5716 ipsius.
956 5646 1363 5703 Obtenebratus
1388 5660 1569 5703 autem
1602 5658 1686 5704 est
1724 5651 1803 5705 sol
1836 5667 1933 5719 per

353 5738 541 5792 decem
570 5747 623 5793 et
654 5750 861 5808 septem
891 5740 1030 5803 dies,
1055 5750 1109 5795 et
1139 5756 1247 5793 non
1273 5740 1425 5795 dedit
1449 5742 1630 5796 radios
1664 5758 1814 5807 suos,
1859 5743 1929 5797 ita

360 5841 416 5884 ut
444 5832 763 5888 abcrrarent
797 5848 962 5888 naves
1023 5844 1075 5888 et
1126 5834 1423 5900 ferrentur,
1460 5851 1758 5906 clunesque
1782 5835 1929 5892 dicc-

2042 4638 2331 4694 Acamirus
2383 4640 2761 4695 Sclavinorum
2818 4642 3065 4695 Belziciaa
3097 4643 3353 4711 princeps
3378 4642 3629 4712 pulsatus

2043 4732 2111 4785 ab
2149 4718 2700 4803 Helladicis'educere
2757 4733 2897 4787 ﬁlios
2939 4733 3309 4797 Constantini,
3343 4744 3400 4788 et
3446 4750 3514 4788 ex
3547 4735 3661 4789 eis-

2042 4836 2366 4890 promovere
2424 4823 2833 4892 imperatorem.
2872 4823 3008 4879 Cum
3055 4834 3239 4879 autem
3284 4824 3392 4880 hoc
3422 4841 3629 4896 cogno-

2042 4912 2211 4965 visset
2274 4912 2593 4983 imperatrix
2648 4914 2906 4975 ileirene,
2969 4916 3142 4969 mittit
3196 4916 3266 4970 ad
3328 4917 3625 4985 patricium

2040 5000 2456 5055 Constantinum
2480 5002 2934 5072 Serantapichum
2952 5006 3421 5076 Theophylactum
3455 5006 3627 5061 ﬁlium

2041 5095 2181 5161 ejus,
2211 5093 2305 5161 qui
2336 5094 2648 5162 spatharius
2670 5103 2789 5149 erat
2821 5105 2877 5151 et
2908 5112 3079 5167 nepos
3097 5114 3253 5161 suus,
3286 5109 3342 5152 et
3372 5098 3625 5153 omnium

2046 5183 2238 5238 oculos
2271 5183 2439 5247 eruit,
2462 5196 2517 5238 et
2542 5183 2833 5254 dissipa-vit
2877 5188 3172 5243 consilium
3216 5205 3409 5244 eorum
3436 5200 3629 5244 contra

2043 5289 2100 5329 se
2137 5276 2391 5343 nequiter
2442 5275 2821 5331 adinventum.
2856 5278 3026 5331 Porro
3056 5279 3334 5333 Paschalis
3364 5280 3635 5334 festivita-

2046 5367 2116 5422 tis
2170 5367 2307 5422 feria
2366 5369 2609 5423 secunda
2660 5370 2930 5438 processit
2986 5372 3309 5440 imperatrix
3344 5387 3375 5425 a
3421 5373 3629 5427 sanctis

2042 5461 2309 5531 apostolis
2336 5461 2389 5514 iu
2422 5476 2588 5515 curru
2619 5470 3002 5525 auratovecta,
3035 5464 3127 5532 qui
3161 5478 3187 5514 a
3208 5474 3446 5531 quatuor
3470 5464 3630 5533 equis

2042 5558 2182 5612 albis
2217 5558 2537 5612 trahebatur
2569 5567 2622 5613 et
2683 5574 2711 5611 a
2757 5568 2996 5627 quatuor
3030 5556 3278 5626 patriciis
3312 5556 3622 5618 tenebatur,

2044 5652 2293 5707 Dardano
2317 5651 2577 5708 videlicet
2601 5660 2837 5722 praetore
2889 5651 3338 5714 Thracesiorum,
3378 5650 3628 5705 Sisinnio

2042 5751 2277 5811 praetore
2330 5743 2577 5806 Thracae,
2631 5742 2822 5797 Niceta
2862 5742 3167 5796 domestico
3213 5741 3525 5796 scholarum
3565 5754 3622 5794 et

2039 5834 2399 5891 Constantino
2471 5836 2639 5898 Boila,
2695 5835 2905 5905 jactuns
2963 5833 3268 5889 liberaliter
3318 5831 3612 5904 hypatiatn.
