4414 6462
871 440 1001 495 HO?

1965 443 2360 501 ANASTASH
2399 443 3012 506 BlBLIOTHECAHlI

3952 445 4095 506 1408

875 546 1051 597 lit-nso
1078 563 1205 600 vero
1246 550 1380 601 Maio
1415 550 1683 604 infirmata
1721 561 1803 605 est
1833 558 2142 622 iuiperatrix
2169 571 2305 624 perte
2352 555 2417 607 ad
2448 560 2493 614 Α
2521 555 2734 621 speria;
2763 569 2882 622 qua:
2924 557 3168 623 profecto
3197 554 3531 619 obaudisset,
3576 555 3681 609 nisi
3727 555 3914 608 Actius
3959 555 4091 616 iste,

874 645 1136 695 mortem,
1170 647 1223 690 et
1269 651 1515 706 protenta
1572 653 1654 695 est
1711 646 1988 696 contentio
2028 646 2426 699 cunuchorum.

881 728 1067 778 Actius
1122 739 1300 782 autem
1359 732 1651 784 auxiliariis
1703 743 1785 786 est
1845 733 2046 789 Nicone
2104 737 2334 802 patricio
2379 746 2456 790 et‘

877 819 1186 871 scholarum
1219 821 1540 886 domestico,
1566 835 1614 877 et
1651 825 2015 892 insequuntur
2045 841 2232 880 severe
2275 825 2435 880 Stan-

875 909 1103 967 rzirium,
1127 913 1347 964 ercdr-re
1385 915 1644 968 facientes
1668 917 2066 984 imperatricem
2089 917 2232 984 quod
2263 917 2436 984 impe-

877 1002 1014 1049 rium
1049 1011 1343 1068 appeteret.
1407 1005 1476 1055 ita
1516 1015 1572 1056 ut
1611 1007 1869 1059 atrociter
1932 1007 2068 1059 irata
2121 1007 2221 1070 illi,
2251 1021 2438 1060 ascen-

875 1089 1010 1140 deus
1044 1091 1095 1141 in
1138 1095 1393 1157 palatium
1436 1096 1845 1158 lonchierium,
1889 1096 2089 1149 dixerit
2124 1096 2439 1150 rebellionis

876 1189 930 1230 ct
952 1181 1242 1236 siniulmtis
1269 1185 1675 1238 sollicitatorcm
1707 1201 1832 1238 eum
1859 1201 2000 1244 esse,
2033 1195 2087 1239 et
2113 1188 2214 1240 sibi
2247 1188 2440 1242 celeris

878 1273 1264 1339 acquisitorem
1292 1275 1614 1342 perditionis
1666 1274 1767 1338 Qui
1791 1276 1854 1328 ad
1885 1275 1999 1328 haec
2023 1277 2270 1345 apologia
2301 1277 2440 1330 facta

886 1362 1166 1414 muniebat
1215 1379 1272 1416 se
1319 1365 1513 1430 ipsum.
1589 1365 1898 1417 lusaniebat
1950 1375 2130 1419 autem
2181 1367 2442 1421 adversus

881 1451 1095 1503 Aetium
1130 1461 1182 1502 et
1210 1454 1452 1506 Nicetam
1476 1456 1582 1520 jam
1607 1455 1782 1506 dictos
1805 1455 2086 1522 patricios.

951 1543 1105 1595 Anno
1135 1543 1344 1611 imperii
1397 1543 1624 1598 lleirenc
1679 1546 1863 1604 tertio,
1908 1562 2092 1600 mense
2124 1546 2439 1606 Februario,

885 1633 1182 1685 indictione
1222 1644 1438 1699 octava,
1483 1635 1590 1703 jam
1627 1633 1807 1687 dictus
1851 1635 2167 1690 Stauracius
2202 1638 2444 1707 tyranni-

883 1727 1007 1777 dem
1062 1740 1122 1777 ac
1165 1727 1493 1778 simultatem
1561 1726 1612 1778 in
1667 1727 1800 1779 urbe
1847 1735 1990 1795 regia
2045 1730 2439 1795 construebat,

883 1816 1198 1868 sellularios.
1231 1817 1320 1882 qui
1348 1817 1583 1868 erantin
1618 1831 1703 1877 ea,
1730 1828 1784 1870 et
1810 1818 2155 1874 excubitores
2187 1837 2292 1874 una
2315 1837 2438 1874 cum

2532 645 2622 713 qui
2659 660 2796 713 saepe
2824 645 3003 699 dictus
3039 658 3140 708 est,
3191 647 3534 709 inhibuisset,
3565 647 3862 716 pravalens
3884 655 3939 699 et
3978 646 4094 698 im-

2535 735 2746 802 perium
2787 735 2839 788 in
2874 737 3176 804 proprium,
3209 738 3350 790 sicut
3378 737 3694 806 pmdictum
3730 746 3835 801 est,
3862 735 4092 790 fratrem

2536 839 2822 893 usurpans.

2606 912 2862 979 Sequenti
2919 921 3101 965 autem
3154 929 3318 974 anno,
3358 917 3452 982 qui
3492 927 3574 969 est
3611 919 3818 985 primus
3872 919 4093 988 imperii

2538 1001 2858 1069 Nicephori,
2894 1003 3066 1070 pridie
3089 1002 3357 1055 Kalendas
3394 1004 3748 1059 Novembrias
3777 1007 4096 1063 indictionis

2539 1090 2859 1152 undecima,
2885 1101 3078 1158 quarta
3115 1091 3290 1144 noctis
3326 1091 3479 1156 hora,
3507 1107 3629 1145 cum
3674 1095 3804 1147 feria
3845 1097 4093 1150 secunda

2537 1180 2782 1241 lucescit,
2819 1181 2960 1233 idem
3003 1181 3343 1250 Nicephorus
3387 1198 3510 1236 cum
3559 1185 3818 1251 patricius
3863 1195 4009 1239 esset
4036 1197 4098 1239 et

2540 1268 2810 1336 lugothcta
2839 1269 3126 1338 generalis,
3154 1269 3494 1338 tyrannidem
3515 1271 3774 1324 adversus
3804 1254 4095 1326 Heireneni

2538 1357 2837 1426 piissimam
2877 1358 3191 1421 concitavit,
3221 1360 3335 1414 Deo
3364 1360 3584 1429 quidem
3629 1361 3995 1416 inen‘abilibus
4024 1363 4099 1416 ob

2541 1456 2848 1500 nostrorum
2903 1449 3306 1502 multitudinem
3359 1459 3705 1518 peccatorum
3742 1449 3962 1518 iudiciis
4008 1451 4098 1504 in-

2539 1536 2817 1605 dulgente,
2854 1538 3275 1606 cooperantibus
3310 1540 3360 1592 ei
3411 1539 3596 1593 Niceta
3638 1539 3865 1608 patricio
3904 1549 3958 1594 et
3996 1539 4098 1592 do-

2541 1627 2766 1678 mestico
2817 1626 3166 1690 scholarum,
3225 1637 3282 1682 et
3336 1628 3574 1683 Sisinnio
3640 1628 3867 1697 patricio
3929 1627 4102 1681 fratre

2544 1716 2737 1784 ipsius.
2778 1716 2912 1769 viris
2963 1717 3200 1786 periuris
3249 1733 3310 1773 ac
3370 1716 3736 1772 fraudulentis
3780 1717 4100 1787 Triphyliis.

2544 1807 2712 1860 Erant
2741 1815 2924 1861 autem
2954 1823 3077 1861 cum
3117 1788 3225 1861 illis
3257 1816 3314 1861 et
3347 1807 3457 1861 Leo
3494 1809 3752 1874 patricius
3785 1807 4105 1876 Serantapi-

881 1906 1070 1975 primis
1098 1921 1284 1957 eorum
1322 1908 1569 1974 pecuniis
1603 1923 1664 1960 ac
1722 1909 2042 1963 muneribus
2074 1925 2355 1965 assumens
2384 1927 2446 1964 ac
2480 1883 2518 1935 Β
2545 1899 2624 1952 Cl“

2384 1927 2446 1964 ac
2480 1883 2518 1935 Β
2545 1899 2700 1962 chus,
2730 1908 2784 1952 et
2830 1898 3126 1967 Gregorius
3175 1899 3442 1966 patricius
3483 1883 3789 1962 Musulacii,
3831 1907 3887 1950 et
3919 1897 4103 1950 Theo-

881 1997 1124 2063 placans.
1157 1995 1388 2048 lleirenc
1432 2011 1583 2059 sane,
1645 1998 1730 2064 pia
1788 1999 2122 2066 imperatrix,
2152 2001 2370 2055 silentio
2391 2002 2445 2054 in

878 2084 1168 2137 Iustiniani
1237 2085 1475 2137 triclinio
1531 2085 1671 2139 facto
1727 2087 2014 2154 prohibuit
2054 2104 2292 2153 omnem,
2353 2091 2448 2158 qui

883 2177 1161 2234 militaret,
1199 2176 1475 2228 adhaerere
1532 2175 1834 2239 Stauracio,
1869 2187 1922 2232 et
1966 2180 2045 2233 sic
2085 2180 2277 2248 adepta
2321 2191 2447 2235 sunt

886 2265 1153 2317 modicam
1186 2266 1636 2333 tranquillitatem
1674 2269 1906 2334 negotia.
1945 2269 2132 2322 Actius
2179 2283 2310 2323 vero
2334 2271 2446 2339 jam

883 2364 1218 2409 memoratus
1233 2367 1286 2410 et
1315 2356 1534 2414 Nicetas
1559 2372 1682 2410 cum
1704 2359 1826 2412 aliis
1849 2360 2170 2426 quibusdam
2196 2361 2445 2415 certatim

884 2445 1312 2500 adversabantur
1343 2447 1645 2510 Stauracio,
1692 2449 1784 2517 qui
1822 2450 1986 2504 corde
2018 2452 2301 2520 perculsus
2324 2467 2448 2506 san-

881 2536 1098 2604 guinem
1131 2551 1228 2605 per
1256 2552 1316 2590 os
1342 2537 1524 2590 emisit
1555 2553 1872 2606 spumosum
1901 2554 1964 2592 ex
1994 2540 2236 2607 partibus
2265 2547 2448 2608 pecto-

885 2627 958 2680 ris
1009 2637 1064 2680 et
1119 2628 1414 2694 pulmonis.
1458 2627 1571 2681 iloc
1622 2628 1820 2683 medici
1848 2631 2177 2697 aspicientes
2218 2631 2446 2686 mortale

883 2718 1397 2784 pronuntiaverunt.
1445 2719 1539 2771 Ast
1585 2718 1893 2774 adulatores
1929 2731 1984 2773 et
2035 2721 2296 2788 imperiti,
2336 2738 2447 2777 non

883 2806 1057 2859 solum
1085 2806 1300 2869 medici,
1323 2807 1415 2860 sed
1447 2817 1502 2860 et
1528 2808 1746 2876 quidam
1790 2808 2252 2877 pseudomonachi
2279 2821 2335 2866 et
2364 2813 2447 2867 di-

883 2895 1016 2958 vini,
1049 2897 1376 2963 jnramentis
1428 2896 1656 2952 credere
1727 2911 2117 2967 persuaserunt
2159 2917 2331 2970 usque
2379 2902 2445 2956 ad

882 2986 1028 3038 diem
1065 2989 1256 3039 mortis
1285 2989 1421 3054 ejus,
1451 3003 1569 3054 qua
1599 2987 1736 3041 facta
1761 2999 1843 3042 est
1875 3005 2059 3044 mense
2080 2989 2246 3059 Junip
2277 2991 2448 3061 ipsius

881 3087 1085 3132 θείω-τε
1153 3078 1492 3141 indictionis,
1543 3079 1687 3147 quod
1746 3081 1992 3134 victurus
2029 3091 2084 3135 et
2123 3092 2448 3151 regnaturus

2547 1992 2740 2045 ctistus
2792 1991 3054 2058 patricius
3093 2000 3148 2044 et
3187 1999 3446 2058 queatur,
3493 1997 3655 2056 atque
3685 1988 3886 2042 Petrus
3931 1988 4108 2057 patri-

2547 2079 2687 2139 cius,
2722 2079 3049 2133 seducentes
3085 2078 3350 2147 quosdam
3380 2092 3448 2131 ex
3473 2078 3694 2148 populo,
3721 2077 3814 2146 qui
3850 2086 4010 2132 erant
4037 2093 4105 2130 ex

2548 2166 2850 2221 ordinibus.
2887 2167 3131 2236 Cumque
3164 2168 3442 2222 venissent
3473 2167 3540 2220 ad
3574 2176 3783 2236 portam
3813 2182 3933 2236 qua:
3961 2166 4107 2220 dicta

2547 2265 2631 2309 est
2658 2257 2874 2321 Chalce,
2900 2257 3263 2326 custddesque
3289 2257 3424 2312 falso
3444 2272 3507 2312 ac
3528 2257 3707 2311 subito
3739 2257 4108 2326 decepisscnt,

2548 2359 2937 2416 persuaserunt
2973 2348 3056 2403 eis
3084 2358 3140 2402 ut
3166 2348 3453 2403 crederent
3478 2348 3624 2416 quod
3656 2348 3723 2402 ab
3755 2349 3870 2418 ipsa
3906 2348 4111 2402 fuerint

2545 2438 2823 2502 destinati,
2877 2449 3150 2509 quatenus
3207 2441 3590 2509 imperatorem
3645 2439 3900 2495 eumdem
3949 2439 4114 2494 Nice-

2545 2532 2778 2600 phorum
2811 2532 3171 2601 appellarent,
3202 2547 3270 2586 eo
3299 2531 3445 2601 quod
3489 2531 3676 2586 Aetius
3709 2530 3976 2600 patricius
4005 2528 4110 2583 sibi

2547 2622 2659 2675 vim
2705 2621 2933 2677 inferret
2977 2624 3044 2678 ad
3099 2624 3534 2685 annuutiandum
3589 2623 3828 2678 Leonem
3885 2623 4110 2676 fratrem

2548 2727 2707 2766 suum
2733 2713 3137 2782 imperatorem.
3169 2714 3269 2780 Qui
3303 2713 3588 2767 mendacio
3617 2721 3768 2766 tanto
3798 2713 4109 2775 credentes,

2550 2803 2930 2872 imperatorem
2963 2805 3168 2873 pariter
3192 2805 3686 2874 pronuntiaverunt
3713 2820 3839 2858 eum
3874 2804 4115 2873 quierat

2551 2903 2829 2963 tyrannus.
2863 2893 3068 2948 Taliter
3101 2909 3234 2964 ergo
3260 2894 3326 2948 ad
3364 2910 3616 2966 magnum
3648 2896 3908 2964 palatium
3939 2895 4108 2948 iidem

2547 2985 2763 3053 patricii
2791 2987 3076 3040 venientes
3113 2985 3340 3056 ingressi
3376 2995 3506 3040 sunt
3545 2986 3700 3050 illud,
3744 2983 3986 3056 indeque
4014 3001 4115 3055 per

2551 3082 2717 3127 totam
2740 3074 2930 3130 urbem
2978 3075 3248 3146 ignobiles
3274 3085 3332 3130 et
3381 3092 3571 3130 servos
3597 3076 3902 3146 dirigentes
3937 3076 4114 3130 accla-

881 3178 1045 3220 esset.
1075 3167 1283 3232 Quibus
1338 3170 1425 3222 ille
1461 3171 1677 3240 innixus
1724 3171 2047 3227 seditionem
2077 3175 2131 3226 in
2167 3174 2448 3243 Cappado-
2474 3199 2521 3260 ρ
2552 3170 2845 3224 "lationem
2879 3171 3130 3226 fecerunt
3157 3181 3282 3225 ante
3312 3171 3548 3226 mediam
3578 3180 3818 3234 noctem.
3849 3180 3906 3225 ει
3928 3179 4118 3223 €05“,-

884 3254 984 3305 ciis
1028 3256 1335 3305 construxit
1374 3256 1636 3310 adversus
1690 3259 1904 3310 Actium
1937 3257 2072 3322 fieri,
2125 3276 2288 3328 quam
2339 3277 2450 3316 non

887 3344 1087 3395 meruit
1142 3344 1332 3394 vivens
1385 3344 1572 3394 audire
1612 3360 1624 3394 :
1663 3357 1780 3411 post
1855 3347 1994 3400 duos
2046 3363 2281 3416 namque
2335 3351 2453 3404 dies

890 3440 1083 3484 mortis
1133 3434 1252 3500 ejus
1306 3446 1470 3498 super
1511 3432 1614 3485 hoc
1655 3436 1882 3487 nuntius
1917 3439 2088 3498 venit,
2119 3447 2174 3490 et
2205 3438 2452 3493 seditiosi

2553 3260 2650 3314 des
2696 3261 2751 3314 in
2808 3261 3043 3319 circuitu
3103 3263 3328 3332 palatii,
3379 3262 3524 3332 quod
3585 3260 3762 3315 Tentu
3810 3259 4115 3315 Eleutherii

2553 3361 2924 3418 nuncupatur,
2955 3363 3277 3419 posuerunt,
3309 3353 3399 3406 ubi
3431 3367 3548 3406 eam
3585 3352 3812 3422 contigit
3848 3367 3988 3406 esse.
4024 3350 4117 3404 Di-

2553 3435 2739 3490 luculo
2774 3453 2903 3493 sane
2937 3441 3302 3494 accersientes
3339 3456 3458 3494 eam
3488 3441 3878 3494 concluserunt
3913 3441 3968 3492 in
3998 3453 4120 3492 ma-

884 3519 1269 3586 comprehensi
1333 3522 1545 3575 exsiliis
1608 3530 1736 3575 sunt
1785 3533 1839 3576 et
1885 3523 2454 3582 animadversionibus
2548 3525 2655 3593 jori
2687 3527 2904 3593 palatio,
2934 3537 2985 3581 et
3021 3529 3093 3581 ita
3133 3539 3519 3596 processerunt
3559 3529 3625 3583 ad
3660 3529 3905 3598 Magnam
3937 3528 4122 3584 eccle-

887 3610 1112 3663 subditi.

956 3705 1112 3755 Anno
1150 3703 1362 3772 imperii
1405 3706 1636 3762 lleirenc
1687 3719 1903 3777 quarto,
1955 3720 2150 3764 octavo
2187 3711 2451 3767 Kalendas

885 3792 1188 3856 Januarias,
1237 3797 1552 3852 indietionis
1603 3816 1780 3860 nonae.
1821 3801 2048 3856 Carolus
2080 3818 2170 3856 rex
2221 3803 2453 3858 France.

890 3900 1007 3936 rum
1031 3899 1325 3942 coronatus
1367 3900 1447 3944 est
1474 3907 1503 3944 a
1536 3892 1715 3945 Leone
1747 3907 1903 3960 papa,
1935 3901 1991 3945 et
2032 3907 2155 3946 eum
2192 3894 2451 3948 voluisset

884 3986 1071 4028 contra
1104 3977 1343 4031 Siciliain
1374 3981 1642 4035 classibus
1669 3983 1924 4051 prteIiari,
1949 3997 2006 4036 se
2021 3984 2299 4052 pmnituit,
2322 3999 2450 4039 con-

879 4063 1032 4133 jungi
1075 4069 1257 4133 potius
1288 4085 1410 4124 cum
1449 4072 1682 4126 Heirene
1718 4074 1926 4136 volens,
1975 4074 2169 4143 legatis
2225 4077 2289 4128 ad
2348 4075 2451 4128 boc

884 4159 1110 4212 directis
1157 4164 1404 4228 sequenti
1453 4179 1615 4225 anno,
1654 4166 1954 4218 indictione
1989 4165 2223 4220 decima.
2258 4167 2450 4220 Martio

885 4263 1015 4300 vero
1041 4265 1224 4305 mense
1262 4268 1416 4305 nonae
1435 4255 2000 4310 indictionisHeirene
2031 4258 2450 4325 piaimperatrix

885 4337 1157 4406 Byzantiis
1188 4342 1370 4393 civilia
1401 4343 1625 4394 donavit
1655 4343 1883 4406 tributa,
1917 4344 2203 4412 Abydique
2243 4362 2305 4399 ac
2328 4348 2450 4400 Hie.-

884 4430 951 4480 rii
982 4446 1045 4482 ea
1089 4445 1209 4497 qua:
1242 4431 1500 4483 dicuntur
1539 4433 1866 4485 commercia
1919 4434 2198 4498 relevavit,
2241 4441 2450 4507 magnis

2553 3613 2688 3666 siam
2728 3614 2795 3666 ad
2838 3615 3214 3669 coronandum
3243 3617 3556 3670 scelestum‘.
3607 3614 3874 3670 Convenit
3910 3615 4119 3670 interea

2555 3704 2807 3758 universa
2841 3707 3138 3760 multitudo
3175 3708 3347 3766 urbis.
3374 3719 3430 3762 et
3466 3723 3656 3762 omnes
3679 3723 3848 3778 super
3877 3707 3964 3761 bis
3999 3723 4122 3776 qua!

2552 3793 2850 3861 agebantur
2874 3796 3099 3851 moleste
3123 3797 3389 3864 ferebant,
3422 3797 3808 3853 maledicentes
3828 3797 4120 3852 coronanti

2549 3893 2604 3940 et
2625 3887 2938 3941 coronando
2956 3891 3276 3959 cunctisque
3298 3889 3802 3961 congratulantibus
3817 3889 3989 3945 eis.Et
4003 3888 4126 3957 qui.

2551 3976 2674 4031 dem
2707 3993 2832 4031 cum
2860 3979 3122 4059 religione
3146 3995 3208 4035 ac
3238 3982 3448 4035 ratione
3469 3982 3723 4060 viventes
3743 3980 3989 4035 divinum
4013 3979 4121 4033 ini-

2554 4068 2813 4121 rabantur
2835 4069 3369 4142 judicium,qualiter
3392 4086 3512 4126 eam
3537 4072 4000 4140 permiserit,quz
4023 4086 4124 4139 pro

2553 4168 2700 4211 recta
2731 4158 2834 4212 llde
2857 4175 3007 4215 more
3052 4172 3352 4232 martyrum
3401 4162 3851 4230 agonizaverat,a
3890 4161 4126 4219 subulco

2551 4249 2775 4317 expelli,
2813 4252 3116 4320 praesertim
3154 4267 3278 4306 eum
3312 4251 3364 4304 ei
3405 4249 3742 4303 devotissimi
3774 4250 3893 4318 ejus
3932 4249 4126 4318 preci-

2551 4355 2660 4409 pue
2692 4341 2977 4396 adhaerere
3010 4351 3232 4410 propter
3258 4340 3541 4393 avaritiam
3576 4339 3983 4410 proposuerint,
4011 4337 4125 4393 Leo

2552 4431 2766 4485 scilicet
2808 4431 3118 4493 eunuchus,
3142 4431 3408 4499 patricius
3436 4431 3827 4486 etsacellarius
3852 4430 4125 4500 Sinopeus

883 4536 1047 4588 super
1079 4522 1162 4575 his
1191 4531 1245 4574 et
1269 4522 1389 4574 aliis
1421 4523 1605 4576 multis
1632 4523 1915 4577 beneflciis
1944 4525 2241 4594 gratiarum
2263 4530 2450 4584 'actio-
2483 4520 2524 4577 D
2553 4531 2608 4574 et
2629 4522 2740 4575 Deo
2767 4522 2948 4590 perosi
2990 4521 3258 4592 Triphylii
3285 4533 3449 4592 atque
3478 4525 3714 4594 patricii,
3741 4524 3833 4594 qui
3865 4525 4126 4593 superius

884 4611 1049 4662 nibus
1070 4610 1228 4666 freta.

952 4701 1108 4751 Anno
1161 4700 1371 4768 imperii
1431 4701 1661 4755 lleirene
1709 4703 1902 4770 quinto
1955 4705 2144 4760 Aetius
2189 4707 2450 4776 patricius

881 4791 1022 4843 liber
1050 4807 1076 4844 a
1110 4792 1393 4846 Stauracio
1427 4793 1624 4857 factus,
1657 4803 1710 4846 et
1743 4795 1866 4848 ideo
1891 4798 2184 4851 securitate
2220 4799 2446 4868 potitus,

883 4883 1176 4950 imperium
1235 4884 1300 4937 ad
1349 4885 1572 4937 fratrem
1630 4886 1909 4953 proprium
1968 4888 2262 4942 transferre
2307 4897 2447 4942 sata-

882 4974 1062 5043 gebat,
1096 4990 1258 5044 quem
1291 4984 1344 5029 et
1391 4985 1854 5045 monostrategum
1887 4976 2016 5030 fecit
2051 4978 2104 5032 in
2135 4979 2345 5032 Thrace
2376 4979 2449 5033 si-

885 5066 995 5116 mul
1022 5073 1076 5117 et
1119 5063 1453 5128 Macedonia,
1498 5065 1611 5133 ipse
1645 5066 1908 5118 ulteriora
1959 5066 2198 5121 themata
2235 5078 2447 5132 tenens,

883 5155 1192 5209 Orientales
1240 5157 1450 5209 scilicet
1486 5167 1541 5210 et
1580 5155 1822 5223 Opsicin.
1855 5156 1993 5210 Cum
2046 5173 2176 5228 ergo
2215 5159 2449 5213 elatione

885 5247 1120 5301 refertus
1151 5257 1316 5314 esset,
1339 5263 1435 5302 eos
1458 5248 1752 5317 principes,
1775 5249 1867 5316 qui
1900 5249 2244 5306 sublimiores
2271 5261 2448 5314 erant,

884 5339 1252 5394 dehonestans
1299 5355 1398 5408 pro
1453 5340 1626 5392 nihilo
1689 5341 1997 5408 reputabat,
2040 5343 2134 5411 qui
2181 5352 2238 5396 et
2294 5343 2449 5397 valde

885 5433 1062 5485 mazsti
1101 5433 1363 5486 adversus
1393 5448 1486 5486 eos
1523 5433 1725 5495 ell'ecti,
1763 5433 2093 5487 simultatem
2124 5445 2312 5491 contra
2350 5437 2450 5488 im-

887 5523 1210 5587 peratricem
1264 5522 1611 5586 meditantes,
1673 5523 1814 5576 hanc
1853 5522 1906 5576 in
1965 5538 2102 5592 opus
2151 5523 2445 5578 duxerunt.

888 5610 1259 5667 l‘crvenerunt
1300 5624 1480 5667 autem
1511 5614 1851 5683 apocrisiarii
1881 5629 1908 5668 a
1939 5613 2133 5669 Carolo
2165 5624 2220 5668 et
2266 5613 2448 5670 Leone

885 5712 1020 5766 papa
1057 5704 1248 5756 direct-i
1302 5707 1366 5758 ad
1417 5705 1705 5761 lleircnem
1743 5707 2064 5776 piissimam,
2107 5707 2446 5777 postulantes

878 5795 944 5855 ut
967 5790 1286 5858 jungcrctur
1319 5797 1394 5850 illi
1456 5798 1518 5850 ad
1553 5799 1769 5867 nuptias
1803 5809 1854 5852 ct
1890 5797 2072 5852 unirct
2117 5813 2214 5852 eoa
2250 5806 2302 5854 et
2347 5799 2444 5852 he-

2553 4612 2684 4667 dicti
2716 4622 2864 4675 sunt,
2897 4613 2990 4682 qui
3016 4612 3175 4666 donis
3204 4613 3455 4683 plurimis
3475 4615 3542 4669 ab
3573 4616 3664 4669 illa
3693 4615 3851 4670 ditati
3873 4624 4040 4678 'sunt,
4071 4624 4125 4669 et

2551 4719 2673 4757 cum
2700 4719 2762 4758 ea
2811 4689 2953 4768 saepe
2995 4715 3406 4772 couveseentes,
3445 4715 3502 4761 et
3549 4707 3956 4780 adulationibus
3992 4721 4121 4761 cum

2546 4794 2876 4863 juramentis
2904 4793 3270 4850 borribilibus
3293 4808 3497 4851 certam
3528 4799 3840 4861 reddentes,
3865 4799 4126 4854 omnibus

2552 4889 2739 4941 mundi
2797 4887 2966 4942 rebus
3028 4902 3087 4941 se
3137 4877 3564 4944 necessariorem
3616 4902 3909 4961 reputare,
3953 4906 4122 4960 quam

2552 4977 2818 5032 haberent
2865 4993 2992 5047 erga
3041 4977 3190 5031 illam
3218 5019 3232 5041 ,
3278 4978 3711 5035 benevolentiam
3754 4981 4118 5035 ammabant.

2552 5068 2654 5121 Alii
2688 5080 2870 5122 autem
2908 5075 2967 5121 ut
3013 5067 3067 5119 in
3114 5067 3311 5120 ecstasi
3363 5067 3513 5130 facti,
3562 5078 3837 5139 gestorum
3884 5069 4118 5121 certitu-

2551 5159 2734 5213 dinem
2772 5160 2967 5214 horum
3000 5157 3228 5211 minime
3269 5161 3590 5222 sentientes,
3623 5159 3896 5213 somnium
3940 5172 3998 5213 se
4039 5159 4124 5212 vi-

2549 5250 2678 5305 dere
2701 5251 2984 5320 putabant.
3014 5248 3118 5303 Alii
3145 5261 3351 5312 autem,
3375 5252 3467 5320 qui
3485 5251 3750 5305 duntaxat
3779 5251 4122 5319 perpendere

2549 5341 2688 5396 bene
2718 5343 2986 5407 sciebant,
3015 5342 3349 5410 prateritam
3385 5343 3703 5397 felicitatem
3737 5341 4126 5396 beatiﬁcabant

2549 5441 2604 5484 et
2633 5431 2870 5489 futuram
2901 5449 3000 5504 per
3039 5433 3381 5503 tyrannidem
3419 5433 3795 5488 infelicitatem
3839 5431 4124 5502 lugebant,

2551 5524 2782 5579 maxime
2837 5510 2898 5579 hi
2925 5523 3017 5594 qui
3070 5524 3291 5594 maligni
3326 5525 3440 5579 voti
3471 5525 3684 5591 tyranni
3727 5522 4125 5593 experientiam

2549 5616 2839 5683 quamdam
2875 5622 3000 5668 ante
3035 5623 3412 5684 perceperant.
3458 5613 3632 5668 Porro
3661 5615 3948 5667 universos
3975 5627 4128 5666 com-

2551 5708 2790 5760 muniter
2843 5704 3160 5774 possidebat
3225 5705 3404 5774 caligo
3446 5713 3506 5758 ct
3564 5703 3685 5758 sine
3749 5703 4125 5759 consolatione

2550 5799 2748 5853 mentis
2781 5796 3040 5860 defectio,
3091 5813 3157 5852 ne
3207 5813 3306 5868 per
3343 5797 3556 5865 singula
3602 5797 3926 5853 miserandae
3975 5793 4126 5847 illius
