4414 6462
366 438 507 501 1400

1188 429 1557 493 HISTORIA
1593 427 2172 490 ECCLESIASTICA
2202 430 2320 507 [EX
2356 432 2844 504 THEOPHANE.

3490 434 3626 498 illi)

361 544 471 611 diei
507 551 775 608 deformia
813 550 981 606 verba
1018 550 1267 605 scribens
1300 549 1570 619 protelcm
1606 560 1937 601 sermonem.
1970 547 2014 605 Α
2044 548 2177 615 quid
2210 549 2383 603 valuit
2441 549 2719 619 hypocrisi
2772 559 2955 619 tegere
2999 548 3227 603 inditam
3265 551 3530 605 malitiam
3574 558 3631 607 et

363 648 608 716 Denique
640 645 893 714 sequenti
920 643 1010 697 die
1058 642 1299 712 sumptis
1320 640 1652 711 quibusdam
1687 654 1753 692 ex
1780 636 1950 707 patri—

361 741 465 795 εἰπε
516 736 765 793 ascendit
817 736 885 790 ad
940 735 1349 804 imperatricem
1408 732 1673 787 custodiae
1737 730 1949 783 manci-

364 841 567 902 patam,
599 830 889 893 simulans,
922 836 982 881 ut
1016 827 1066 881 ei
1104 828 1276 881 moris
1302 836 1442 888 erat.
1472 826 1660 879 falsam
1701 822 1951 891 benigni-

364 931 555 984 tatem,
592 936 693 990 per
718 934 884 989 quam
915 916 974 971 et
1015 918 1205 986 plures
1239 916 1476 985 decepit,
1504 924 1559 969 et
1589 928 1858 968 excusans
1892 927 1949 965 se

361 1013 509 1082 quod
542 1013 747 1067 invitus
772 1010 837 1065 ad
868 1012 1239 1083 principatum
1273 1007 1657 1063 conscenderit
1679 1021 1778 1059 nec
1804 1005 1951 1058 hunc

363 1120 607 1175 unquam
635 1105 1038 1159 desideraverit
1070 1121 1083 1156 ε
1131 1101 1496 1156 maledicebat
1531 1109 1713 1154 autem
1744 1099 1831 1151 his
1852 1097 1947 1167 qui

363 1213 423 1252 se
471 1207 837 1267 provexerant
886 1207 943 1252 et
991 1197 1137 1251 illam
1179 1196 1397 1251 insidiis
1442 1194 1837 1264 appetiverant,
1895 1198 1953 1243 ut

365 1290 616 1358 proditor
640 1290 954 1353 Dominum,
985 1299 1272 1359 postquam
1309 1303 1433 1341 cum
1469 1288 1588 1356 ipso
1619 1284 1947 1350 cmnaverit;

366 1400 505 1453 quos
527 1393 581 1438 et
603 1384 908 1437 imitatores
936 1382 1084 1437 illius
1113 1383 1377 1436 exsistere
1407 1380 1728 1435 testabatur.
1756 1377 1953 1432 Osten—

369 1478 448 1531 sis
488 1476 652 1530 etiam
686 1475 860 1545 nigris
891 1474 1299 1536 calceamentis,
1335 1487 1520 1526 amare
1547 1488 1605 1526 se
1645 1472 1845 1525 talibus
1876 1469 1952 1524 uti

370 1577 574 1637 pratter
602 1569 748 1636 leges
792 1566 1179 1636 imperatorias
1208 1565 1549 1629 afﬁrmabat;
1587 1564 1951 1633 lidueiamque

366 1658 573 1713 habere
605 1659 791 1712 dolose
822 1658 1078 1711 monebat
1108 1673 1250 1720 eam,
1272 1665 1327 1710 et
1352 1672 1477 1710 eum
1505 1655 1856 1725 juramentis,
1884 1654 1953 1707 de

368 1752 520 1806 omni
546 1752 818 1821 corporali
849 1750 1061 1821 requie,
1101 1765 1266 1819 quam
1309 1749 1572 1818 consequi
1610 1746 1889 1802 dominam
1922 1762 1953 1800 a

365 1859 529 1898 servo
552 1843 816 1908 deceret;
844 1845 1162 1913 nullamque
1192 1843 1449 1897 arbitrari
1474 1858 1772 1895 aerumnam
1791 1857 1951 1895 casus

369 1936 519 1990 illius
541 1936 951 1990 exhortabatur.
967 1935 1364 1990 Commonebat
1392 1943 1669 2004 postremo
1693 1934 1767 1987 nil
1784 1949 1949 1988 oceu-

367 2030 483 2083 lere
514 2045 542 2082 a
590 2044 647 2083 se
696 2029 1068 2098 imperialium
1103 2030 1512 2091 thesaurorum,
1555 2036 1614 2081 et
1654 2026 1951 2080 damnabat

369 2121 617 2175 avaritia:
668 2121 885 2183 vitium,
946 2121 1053 2175 hoc
1094 2122 1241 2174 illam
1283 2120 1490 2174 habere
1541 2135 1668 2172 .non
1724 2118 1946 2173 ferens:

367 2213 663 2284 languebat
708 2216 856 2270 enim
902 2231 969 2270 eo
1015 2216 1376 2270 vehementer
1423 2215 1606 2269 omnia
1655 2214 1947 2277 devorans,

366 2319 702 2375 onmemque
748 2306 801 2359 in
844 2320 979 2359 auro
1028 2322 1177 2375 spem
1222 2314 1276 2359 et
1324 2305 1577 2359 fiduciam
1613 2321 1841 2374 ponens.
1882 2305 1952 2359 At

367 2411 504 2450 vero
535 2398 754 2466 sapiens
784 2406 840 2451 et
871 2398 986 2451 Deo
1016 2398 1216 2452 dilecta
1241 2398 1495 2461 lleirene,
1525 2398 1779 2467 quamvis
1812 2413 1948 2471 con-

368 2496 593 2558 grueret
627 2497 686 2541 ut
729 2488 982 2556 passione
1018 2497 1123 2541 tam
1164 2488 1468 2558 repentinae
1499 2487 1947 2542 commutationis

370 2587 562 2648 utpote
594 2579 794 2633 mulier
820 2588 1124 2643 teneretur,
1152 2578 1279 2633 forti
1310 2588 1367 2633 et
1392 2579 1626 2648 sapienti
1655 2577 1947 2648 prudentia

367 2669 509 2724 dixit
558 2670 625 2725 ad
676 2685 825 2736 eum,
860 2671 954 2740 qui
1004 2669 1125 2723 heri
1178 2670 1401 2739 quidem
1447 2684 1644 2723 servus
1694 2671 1950 2740 perjurus

367 2759 574 2823 fuerat,
606 2760 770 2814 hodie
831 2776 958 2815 vero
1007 2759 1180 2815 solers
1212 2768 1267 2813 et
1316 2758 1612 2814 seditiosus
1662 2775 1725 2813 ac
1772 2760 1951 2828 impu-

367 2849 508 2902 dens
541 2848 892 2902 habebatur:
946 2847 1060 2918 Ego
1098 2849 1328 2919 quidem,
1377 2866 1407 2901 o
1434 2849 1607 2914 homo,
1648 2849 1815 2903 Deum
1856 2853 1949 2902 de-

367 2949 495 3007 puto
530 2941 756 3009 pridem,
796 2956 913 2993 cum
971 2955 1133 2993 essem
1164 2943 1426 3010 orphana,
1472 2940 1738 2995 exultasse
1764 2958 1863 3007 me,
1903 2950 1951 2995 et

367 3030 559 3083 deinde
590 3048 748 3101 super
799 3031 992 3085 solium
1036 3032 1264 3101 imperii,
1316 3031 1432 3085 licet
1495 3048 1657 3086 essem
1707 3033 1948 3103 indigna,

367 3122 664 3192 procerisse
708 3138 807 3175 me.
841 3121 1070 3177 Causam
1124 3138 1247 3176 vero
1295 3122 1629 3192 depositionis
1672 3140 1800 3178 mea:
1849 3126 1950 3178 mi-

2052 641 2336 693 avaritiam
2390 656 2565 703 suam,
2595 641 2688 693 sed
2741 641 2895 709 quasi
2956 642 3234 696 recisurus
3280 642 3627 714 injustitiam,

2052 746 2287 800 nequam
2335 732 2389 784 in
2436 731 2730 800 Magnaula
2763 741 2816 784 et
2864 733 3131 802 injustum
3180 734 3472 788 constituit
3515 735 3631 788 fore

1982 817 2005 825 ”
2047 826 2341 896 judicium.
2379 825 2621 878 Intentio
2674 841 2910 894 namque
2949 834 3179 895 tyranno
3224 834 3365 891 erat,
3400 836 3459 881 ut
3501 827 3633 895 ipsae

2055 933 2144 971 res
2194 918 2585 978 ostenderunt,
2624 934 2734 970 non
2783 918 3117 987 pauperibus
3168 920 3290 987 jura
3328 919 3629 979 tribuendi,

2052 1010 2145 1063 sed
2212 1012 2311 1079 pe'r
2369 1010 2473 1065 hoc
2539 1025 2735 1064 omnes
2787 1011 2879 1078 qui
2945 1011 3126 1080 magni
3185 1019 3344 1065 erant
3398 1012 3632 1065 inhono-

2055 1102 2210 1155 randi
2254 1102 2364 1173 (89)
2402 1111 2459 1155 et
2494 1102 2834 1171 captivandi,
2865 1114 2920 1157 et
2950 1104 3015 1156 ad
3050 1120 3107 1157 se
3153 1120 3273 1172 qum
3304 1114 3631 1157 cunctorum

2054 1202 2211 1248 erant
2262 1193 2428 1263 impie
2482 1194 2890 1259 transferendi;
2924 1194 3067 1262 quod
3125 1205 3180 1247 et
3227 1194 3375 1248 fecit.
3427 1194 3634 1248 Vidcns

2054 1296 2238 1341 autem
2272 1302 2467 1341 onmes
2501 1287 2769 1341 adversus
2804 1301 2862 1340 se
2909 1285 3284 1350 eontristatos,
3321 1295 3378 1340 et
3428 1301 3634 1355 pavens

2056 1396 2125 1435 ne
2194 1381 2335 1435 forte
2416 1394 2689 1433 memores
2753 1380 3003 1433 Heirenae
3063 1379 3165 1448 piae
3232 1378 3631 1433 beneficiorum

2055 1473 2394 1527 asciscerent
2440 1488 2560 1525 eam
2619 1472 2818 1525 iterum
2846 1472 2912 1526 ad
2957 1471 3272 1540 imperium,
3300 1471 3634 1525 Novembrio

2056 1581 2265 1628 mense,
2312 1565 2491 1618 hieme
2538 1564 2769 1617 nimium
2831 1564 3152 1620 imminente
3184 1564 3355 1635 gravi,
3404 1576 3634 1619 nonest

2058 1657 2229 1727 ipsius
2259 1659 2525 1711 misertus
2569 1656 2971 1711 immisericors
3013 1658 3125 1720 ille,
3159 1659 3252 1711 sed
3302 1658 3497 1712 exsilio
3532 1659 3631 1710 de-

2055 1748 2259 1817 portari
2297 1746 2556 1816 prmcepit
2592 1746 2644 1800 in
2688 1748 2922 1800 insulam
2958 1745 3193 1799 Leslnnn
3228 1754 3283 1799 et
3314 1746 3633 1800 cautissime

2058 1840 2347 1903 custodiri,
2375 1840 2507 1909 quin
2534 1848 2589 1892 et
2611 1854 2639 1891 a
2667 1839 2888 1892 nemine
2915 1839 3132 1907 penitus
3162 1838 3434 1892 contueri.
3461 1838 3633 1891 Porro

2055 1934 2231 2005 pridie
2288 1934 2561 1989 Kalendas
2615 1932 2784 1986 Maias
2839 1941 3091 1984 mortuus
3141 1940 3226 1984 est
3271 1930 3462 1984 Niceta
3507 1930 3630 1984 Tri-

2052 2026 2294 2096 phylius,
2330 2036 2388 2078 ut
2422 2026 2598 2087 aiunt,
2644 2038 2672 2076 a
2704 2023 3013 2090 Nicephoro
3054 2039 3266 2076 veneno
3294 2023 3627 2077 exstinctus.

2052 2119 2120 2171 Et
2158 2118 2329 2172 Nonis
2377 2118 2552 2181 Maiis,
2599 2117 2733 2171 feria
2764 2116 2975 2185 quinta.
3021 2131 3144 2169 cum
3187 2116 3530 2185 Nicephorus
3562 2116 3631 2169 ad

2053 2211 2369 2265 suburbana
2426 2210 2794 2264 Chalcedonis
2836 2209 3060 2264 eaiisset
3103 2224 3420 2278 equumque
3478 2225 3631 2262 man-

2053 2313 2270 2359 suetum
2296 2312 2352 2358 et
2381 2303 2736 2358 mitissimum
2760 2303 3088 2365 asendissct,
3120 2304 3267 2356 hunc
3299 2320 3365 2357 ex
3386 2305 3478 2357 Dei
3506 2318 3633 2373 pro-

2053 2398 2294 2453 videntia
2324 2397 2591 2467 dejiciens
2628 2395 2881 2450 dextrum
2908 2395 3101 2465 pedem
3137 2396 3309 2464 ipsius
3348 2396 3631 2451 contrivit.

2051 2491 2119 2545 At
2152 2506 2285 2545 vero
2320 2489 2536 2544 decimo
2570 2498 2769 2558 quarto
2816 2488 3084 2542 Kalendas
3139 2487 3438 2555 Augustas,
3496 2487 3631 2542 feria

2051 2590 2269 2649 quarta,
2301 2581 2435 2633 hora
2460 2580 2659 2648 prima,
2709 2576 2987 2630 Bardanes
3031 2575 3295 2643 patricius
3346 2583 3402 2628 et
3431 2584 3635 2645 praetor

2052 2671 2441 2735 Orientalium,
2472 2671 2566 2739 qui
2600 2669 3021 2739 cognominatus
3048 2677 3132 2721 est
3173 2667 3407 2731 Tureus,
3436 2669 3626 2737 appel-

2052 2767 2196 2820 latus
2218 2774 2302 2819 est
2351 2765 2649 2833 imperator
2682 2763 2751 2815 ab
2783 2761 3041 2815 omnibus
3063 2760 3204 2814 ultra
3254 2756 3376 2813 s‘itis
3420 2760 3629 2813 thema-

2055 2856 2220 2908 tibus.
2242 2852 2344 2919 Qui
2372 2854 2606 2906 multum
2638 2851 2856 2905 renisus
2882 2858 2943 2903 ut
2971 2849 3231 2903 evaderet
3258 2850 3379 2902 illos
3405 2850 3631 2904 minime

2052 2944 2245 3006 valuit,
2283 2953 2338 2997 et
2375 2942 2718 2997 descendens
2746 2958 2918 3010 usque
2960 2941 3026 2995 ad
3068 2941 3471 3012 Chrysopolim,
3504 2958 3631 2997 cum

2053 3038 2343 3092 circuisset
2369 3037 2569 3091 diebus
2604 3044 2729 3088 octo
2761 3043 2819 3089 et
2858 3035 3083 3088 minime
3128 3034 3322 3088 fuisset
3352 3041 3627 3103 receptus,

2057 3129 2222 3184 rediit
2258 3144 2431 3197 usque
2484 3128 2551 3181 ad
2596 3128 2881 3196 Malagma.
2918 3127 3021 3193 Qui
3068 3137 3321 3182 metuens
3349 3129 3543 3193 Deum,
3575 3137 3633 3181 et

366 3211 532 3264 [timet
567 3212 774 3282 applico
817 3221 868 3264 et
916 3214 1140 3282 peccatis
1194 3214 1321 3266 meis
1378 3214 1601 3267 ascribo.
1644 3214 1709 3267 In
1748 3216 1949 3268 cunctis
1977 3232 2018 3287 ο
2057 3222 2366 3290 recogitans
2397 3236 2467 3275 ne
2500 3219 2641 3273 forte
2673 3235 2771 3289 per
2798 3234 2857 3273 se
2897 3221 3158 3273 mactatio
3188 3212 3630 3275 Christianorum

367 3312 552 3357 autem
582 3321 644 3357 ac
693 3305 859 3358 modis
897 3306 1135 3359 omnibus
1175 3308 1244 3359 sit
1299 3322 1487 3359 nomen
1542 3306 1752 3360 Domini
1793 3308 1950 3362 bene—

366 3395 592 3455 dictum,
636 3394 798 3448 solius
847 3393 1001 3466 Regis
1040 3412 1223 3467 regum
1253 3406 1299 3450 et
1341 3396 1554 3450 Domini
1593 3399 1949 3456 dominorum.

368 3482 541 3537 Porro
567 3488 775 3539 modum
799 3489 1139 3556 promotiouis
1165 3496 1269 3541 tua:
1292 3486 1396 3541 Deo
1421 3489 1600 3554 reddo,
1619 3506 1720 3559 quo
1741 3501 1951 3561 excepto

366 3575 446 3628 nil
478 3574 597 3643 ﬁeri
630 3578 847 3631 credidi.
894 3576 1261 3633 Verumtamen
1292 3580 1496 3633 delatas
1532 3583 1660 3634 mihi
1688 3591 1873 3637 contra
1904 3593 1953 3636 te

362 3681 530 3735 super
583 3666 859 3737 dignitate,
915 3685 1021 3738 qua
1066 3686 1203 3723 nunc
1237 3671 1604 3735 circumdaris,
1656 3674 1949 3728 auditiones

364 3771 477 3807 non
514 3755 759 3824 ignoras;
789 3774 922 3827 quas
954 3774 1104 3811 veras
1143 3759 1301 3828 fuisse
1330 3778 1509 3815 rerum
1545 3762 1665 3831 ﬁnis
1700 3765 1945 3831 ostendit,

362 3862 607 3916 quasque
635 3848 681 3901 si
718 3850 929 3902 moleste
951 3849 1217 3916 tulissem,
1251 3852 1407 3921 facile
1448 3855 1574 3907 mihi
1618 3864 1731 3908 erat
1785 3857 1950 3908 inter-

357 3938 582 4005 ﬁciendi
615 3948 682 3994 te.
714 3939 820 3995 Sed
856 3943 1005 3995 modo
1028 3943 1351 4012 juramentis
1396 3948 1495 3999 tuis
1530 3946 1760 4014 ﬁdendo,
1796 3950 1949 4003 modo

359 4031 459 4084 tibi
496 4032 782 4101 parcendo,
827 4034 1018 4087 multos
1062 4036 1189 4088 mihi
1222 4036 1428 4090 devotos
1464 4041 1793 4109 parvipendi,
1842 4042 1948 4095 Deo

360 4138 490 4193 qua
520 4139 635 4177 mea
665 4133 787 4177 sunt
815 4125 968 4190 dans,
999 4142 1089 4194 per
1128 4144 1282 4197 quem
1323 4146 1467 4199 reges
1506 4142 1733 4200 regnant
1763 4143 1811 4186 et
1858 4152 1951 4204 po-

365 4225 537 4268 tentes
574 4215 806 4269 obtinent
833 4226 1056 4273 terram.
1095 4220 1201 4274 Sed
1226 4230 1275 4274 et
1312 4238 1472 4286 nunc,
1505 4240 1624 4276 cum
1662 4226 1734 4278 sis
1757 4227 1872 4295 pius
1900 4236 1948 4280 et

364 4307 431 4359 ab
464 4308 580 4377 ipso
624 4318 915 4378 provectus,
949 4320 998 4364 te
1036 4321 1093 4365 ut
1135 4312 1506 4383 imperatorem
1536 4315 1721 4380 adoro,
1753 4326 1801 4369 et
1830 4326 1950 4387 peto

364 4416 500 4453 mne
527 4417 743 4469 parcere
772 4402 1098 4471 inﬁrmitati.
1138 4405 1207 4459 Et
1240 4407 1462 4460 concede
1492 4410 1618 4462 mihi
1647 4429 1680 4463 a
1715 4427 1796 4463 me
1828 4429 1951 4464 con-

360 4502 626 4545 structam
668 4492 958 4548 Eleutherii
1005 4496 1215 4550 domum
1252 4498 1307 4550 in
1338 4499 1815 4554 reconciliationem
1862 4505 1948 4556 in-

364 4581 745 4648 comparabilis
783 4581 1103 4638 calamitatis
1131 4602 1278 4639 mete.
1313 4587 1383 4639 At
1418 4586 1507 4641 ille
1537 4588 1645 4642 ait:
1678 4587 1748 4642 Et
1775 4592 1822 4643 si
1855 4592 1949 4644 hoc

364 4673 443 4725 vis
471 4672 589 4739 ﬁeri
612 4672 723 4734 tibi,
739 4674 871 4743 jura
902 4676 1030 4729 milii
1061 4691 1154 4745 per
1186 4692 1396 4731 omnem
1435 4679 1668 4733 divinam
1698 4682 1947 4736 virtutem

366 4778 477 4815 non
506 4762 879 4816 absconsurum
906 4774 955 4818 te
1000 4768 1286 4837 quidquam
1324 4785 1388 4822 ea:
1422 4772 1679 4824 thesauris
1718 4773 1945 4841 imperii,

363 4862 414 4906 et
444 4852 714 4922 adimpleo
744 4854 1149 4923 postulationem
1177 4866 1347 4922 tuam,
1379 4868 1427 4911 et
1457 4875 1663 4912 omnem
1694 4861 1785 4913 tibi
1824 4861 1946 4931 pla-

361 4947 633 4999 cationem
672 4954 721 4998 et
754 4949 985 5017 requiem
1012 4948 1169 5017 facio.
1204 4949 1333 5014 Quze
1368 4951 1577 5021 juravit
1620 4952 1670 5006 ei
1718 4952 1783 5006 ad
1821 4969 1947 5023 pre-

362 5038 510 5093 tiosa
539 5046 596 5093 et
624 5038 838 5093 vivitica
866 5040 1034 5111 ligna,
1066 5042 1193 5111 quia
1222 5043 1342 5097 Non
1376 5044 1567 5098 celabo
1594 5054 1646 5100 te
1672 5061 1845 5116 usque
1880 5046 1948 5101 ad

362 5131 595 5184 obolum
646 5147 848 5197 unum;
889 5134 1035 5202 quod
1092 5144 1149 5189 et
1190 5135 1339 5190 fecit.
1393 5136 1595 5190 Verum
1634 5139 1745 5203 ille,
1799 5140 1945 5209 quod

364 5223 728 5278 desiderabat
759 5225 1012 5294 adeptus,
1035 5227 1288 5295 protinus
1311 5228 1506 5282 exsilio
1531 5230 1795 5302 relegavit
1822 5247 1942 5287 eam

364 5330 547 5385 penes
584 5315 817 5369 insulam
855 5317 1141 5386 principis,
1168 5318 1222 5372 in
1262 5320 1598 5374 monasterio
1647 5323 1792 5391 quod
1830 5324 1947 5392 ipsa

364 5406 759 5473 zediticaverat,
795 5425 919 5464 cum
950 5411 1132 5466 adhuc
1164 5423 1351 5467 essent
1392 5415 1446 5467 in
1494 5415 1628 5471 urbe
1662 5416 1814 5470 missi
1845 5415 1949 5471 Ca-

367 5499 474 5553 roli
500 5511 555 5553 et
583 5516 701 5569 qua:
728 5502 1029 5571 agebantur
1059 5504 1387 5573 aspicerent.
1418 5506 1596 5561 νοω
1626 5508 1793 5578 igitur
1819 5509 1945 5575 iste,

362 5600 700 5646 cunctorum
752 5595 987 5664 imperio
1034 5607 1312 5669 percepto,
1373 5614 1476 5653 nec
1513 5601 1705 5655 saltem
1751 5616 1946 5671 parum

2054 3312 2385 3378 efficeretur,
2419 3312 2570 3367 misit
2595 3311 2660 3366 ad
2692 3312 3090 3383 Nicephorum.
3114 3324 3172 3368 et
3205 3323 3431 3381 accepto
3460 3313 3633 3366 verbo

2054 3406 2109 3460 in
2137 3405 2357 3474 scriptis
2390 3405 2625 3474 proprite
2648 3396 2845 3459 manus
2881 3407 3022 3476 ejus,
3056 3406 3110 3459 in
3141 3421 3251 3474 quo
3277 3416 3333 3459 et
3368 3404 3630 3459 Tarasius

2053 3497 2435 3553 sanctissimus
2467 3505 2523 3551 et
2563 3497 2876 3566 patriarcha
2909 3508 2963 3551 et
3002 3512 3196 3551 omnes
3245 3497 3461 3566 patricii
3494 3497 3629 3550 sub-

2053 3590 2414 3659 scripserunt,
2440 3590 2588 3659 quod
2617 3590 2815 3643 illaesus
2845 3598 2901 3643 et
2924 3589 3198 3643 indemnis
3217 3604 3340 3642 cum
3371 3588 3630 3642 omnibus

2051 3682 2146 3751 qui
2191 3696 2378 3735 secum
2437 3691 2597 3736 erant
2628 3680 2770 3734 foret
2820 3680 3147 3743 servandus,
3182 3688 3339 3734 sexto
3369 3679 3497 3733 ldus
3534 3679 3635 3733 Se-

2053 3774 2357 3843 ptembrias
2390 3773 2571 3828 media
2600 3782 2762 3828 nocte
2786 3772 2924 3847 clam
2971 3772 3191 3842 fugiens
3228 3771 3515 3825 descendit
3559 3772 3627 3825 ad

2052 3864 2209 3921 Cium
2240 3865 2508 3936 Bithyniae
2536 3866 2589 3918 in
2624 3865 3019 3918 monasterium
3047 3862 3376 3927 lleraelii,et
3403 3862 3630 3916 invento

2051 3958 2371 4023 chelandio,
2407 3957 2553 4026 quod
2606 3958 2675 4010 ab
2714 3958 3048 4026 imperatore
3097 3970 3262 4024 super
3297 3955 3401 4008 hoc
3448 3954 3630 4009 fuerat

2052 4051 2305 4114 missum,
2359 4058 2550 4104 tonsus
2586 4058 2673 4103 est
2722 4057 2778 4102 et
2828 4048 3057 4101 indutus
3094 4046 3232 4101 stola
3271 4031 3624 4110 monachica}

2050 4152 2107 4199 ct
2142 4144 2422 4215 ingressus
2454 4143 2588 4197 illud
2628 4143 2766 4197 abiit
2796 4143 2851 4195 in
2896 4142 3151 4203 insulam,
3181 4157 3301 4210 quae
3338 4140 3628 4194 dicebatur

2052 4237 2251 4306 prima,
2276 4236 2472 4304 in.qua
2516 4234 2885 4287 :editicaverat
2925 4231 3339 4294 monasterium,
3369 4231 3626 4300 opinatus

2052 4327 2196 4397 quod
2231 4328 2443 4382 veritus
2486 4325 2632 4380 foret
2660 4325 2905 4379 terribile
2948 4324 3180 4377 verbum
3220 4322 3366 4392 quod
3398 4322 3624 4377 dederat

2052 4419 2155 4473 sibi
2210 4417 2649 4487 contemptibilis
2686 4416 3052 4485 Nicephorus,
3093 4423 3148 4468 et
3192 4415 3246 4468 in
3287 4414 3439 4468 nullo
3482 4423 3628 4468 esset

2051 4510 2353 4565 laedendus.
2377 4514 2445 4563 At
2476 4510 2566 4563 ille
2601 4509 2781 4578 primo
2804 4507 3029 4576 quidem
3052 4506 3296 4564 denudat
3319 4506 3469 4558 illum
3497 4506 3628 4559 sub-

2052 4598 2249 4653 stantia
2281 4600 2423 4669 ejus,
2456 4608 2510 4653 et
2537 4603 2829 4653 occasione
2855 4606 3079 4665 accepta
3107 4613 3301 4651 omnes
3322 4597 3625 4649 thematum

2052 4689 2331 4759 principes
2355 4698 2412 4744 et
2437 4690 2812 4754 habitatores;
2841 4688 3110 4757 quosdam
3133 4696 3313 4741 autem
3344 4696 3401 4740 et
3436 4686 3505 4739 de
3539 4703 3626 4739 re-

2052 4780 2137 4851 gia
2160 4781 2308 4834 urbe
2343 4781 2660 4850 captivavit,
2695 4780 3003 4834 exercitum
3052 4790 3238 4833 autem
3277 4794 3407 4848 roga
3440 4777 3625 4849 priva—

2057 4880 2170 4926 tum
2211 4871 2480 4926 deseruit.
2516 4872 2721 4925 Verum
2778 4871 2906 4940 quis
2949 4885 3131 4924 sermo
3176 4883 3436 4923 enarrare
3484 4882 3623 4922 con-

2053 4960 2215 5031 digne
2239 4961 2475 5016 sulliciet
2501 4974 2689 5030 opera,
2740 4976 2863 5029 quae
2899 4960 3101 5014 diebus
3140 4959 3251 5013 illis
3288 4958 3357 5012 ab
3391 4973 3458 5011 eo
3489 4965 3621 5010 sunt

2051 5062 2198 5123 gesta
2258 5068 2357 5121 per
2420 5052 2815 5122 indulgentiam
2878 5052 2974 5105 Dei
3040 5060 3265 5121 propter
3328 5048 3623 5103 commissa

2053 5144 2276 5198 nostra?
2302 5144 2455 5198 Nona
2501 5144 2589 5199 die
2619 5144 2847 5213 Augusti
2892 5145 3098 5198 mensis
3127 5141 3428 5196 undecimae
3477 5140 3624 5194 indi-

2051 5235 2250 5290 ctionis
2274 5235 2533 5289 defuncta
2567 5244 2651 5290 est
2691 5220 3013 5304 imperatrix
3056 5234 3289 5288 Heirene
3323 5234 3379 5287 in
3425 5231 3621 5286 exsilio

2048 5326 2241 5379 insulae
2292 5325 2476 5389 Lesbi,
2528 5336 2583 5379 et
2635 5327 2959 5379 translatum
3023 5334 3108 5378 est
3163 5338 3365 5392 corpus
3403 5324 3522 5392 ejus
3562 5321 3620 5375 in

2049 5416 2285 5470 insulam
2307 5416 2597 5486 principis,
2638 5415 2694 5469 in
2724 5416 3121 5470 monasterium
3153 5413 3300 5482 quod
3334 5412 3448 5482 ipsa
3484 5428 3621 5465 con-

2047 5511 2271 5565 struxit.

2118 5602 2302 5657 Mundi
2326 5617 2470 5656 anno
2492 5602 2655 5667 6246,
2679 5602 2877 5657 divinae
2906 5599 3299 5656 incarnationis
3321 5613 3467 5653 anno
3493 5600 3617 5664 7m,

1877 5695 2116 5754 NOTAE.

367 5826 379 5837 .
435 5752 551 5821 (89)
581 5752 958 5837 Iulianorandi,
988 5758 1270 5837 armarat.
1304 5760 1676 5837 Tertullianus
1708 5765 1785 5819 De
1812 5767 1938 5837 fuga

359 5828 418 5878 in
443 5834 704 5897 persecat.
727 5867 742 5887 ,
766 5844 783 5876 t
822 5828 1118 5883 inhonores
1176 5830 1364 5897 illum;
1405 5852 1422 5883 ι
1455 5843 1511 5887 et
1558 5828 1937 5893 inhonora'bilis

363 5893 515 5962 apud
545 5895 819 5951 eumdem.
843 5897 879 5950 S
914 5898 1155 5969 lgnatius
1181 5917 1269 5971 ep.
1288 5893 1361 5957 ad
1386 5904 1625 5974 Philad.,
1643 5908 1947 5978 ἀτιμάσαν-

2046 5787 2136 5833 τες
2164 5768 2378 5831 αὐτούς.
2398 5769 2515 5821 Vet.
2534 5767 2663 5820 int.t
2690 5766 3158 5823 inhonoraverunt
3183 5765 3393 5835 ipsos”
3419 5765 3509 5819 alii
3529 5767 3619 5817 de-

2044 5843 2304 5894 honorare
2329 5847 2566 5895 vertunt.
2588 5838 2746 5892 Faue.
