4414 6462
891 390 1018 452 itii

1990 402 2387 465 ANASTASII
2443 405 3058 468 BIBLIOTHECARII

885 516 1033 556 anno
1075 502 1288 571 imperii
1337 505 1421 558 sui
1465 507 1710 561 secundo
1761 508 2106 579 Nicephorus
2155 513 2442 585 coronavit
2471 520 2513 574 Α
2544 514 2952 582 ptingcntorum
3007 513 3265 569 videlicet
3319 515 3544 572 circiter
3594 517 3990 574 monachorum
4015 521 4129 573 sub

884 593 1232 646 Stauracium
1265 592 1439 660 ﬁlium
1489 610 1650 649 suum
1694 612 1792 666 per
1835 599 2118 653 Tarasium
2169 601 2454 654 sanctissi-

883 696 1031 734 mum
1066 682 1455 750 patriarcham.
1485 686 1539 739 in
1569 688 1803 742 amboue
1849 688 2070 759 Majoris
2100 689 2348 743 ecclesia:
2396 690 2450 744 in

879 768 1292 838 imperatorem,
1328 787 1452 827 cum
1492 785 1640 830 esset
1666 777 1878 831 inutilis
1911 777 1981 831 ad
2030 787 2237 832 tantam
2274 778 2452 832 modis

878 859 1136 915 omnibus
1181 861 1540 931 dignitatem,
1592 866 1702 918 tam
1750 867 1962 923 scilicet
2013 877 2236 937 aspectu
2287 885 2450 938 quam

881 948 1077 1003 robore
1108 949 1272 1004 simul
1319 962 1375 1006 et
1427 969 1614 1008 sensu.
1654 956 1925 1011 Caeterum
1963 959 2324 1030 Nicephorus,
2355 962 2450 1031 qui

877 1058 1160 1110 nunquam
1192 1060 1423 1114 usquam
1461 1051 1747 1104 veritatem
1770 1053 2030 1118 servavit,
2071 1054 2450 1124 Lycaonenscs

876 1133 1169 1200 quosdam,
1221 1135 1332 1189 imo
1376 1153 1510 1191 vero
1563 1137 2002 1213 Lycanthropos,
2048 1145 2354 1200 concordes
2395 1156 2451 1201 ct

873 1233 1278 1280 consentaneus
1307 1227 1374 1280 ad
1401 1228 1601 1282 Proteu
1627 1230 1863 1285 insulam
1893 1233 2139 1297 mittens,
2165 1235 2326 1304 jussit
2353 1250 2450 1288 eos

874 1325 1041 1368 noctu
1093 1316 1236 1370 hanc
1293 1319 1593 1374 ascendere
1661 1332 1719 1374 et
1778 1322 2136 1391 pradictum,
2175 1327 2330 1396 quasi
2390 1343 2450 1381 se

874 1403 1183 1471 ignorante,
1232 1407 1540 1462 luminibus
1576 1411 1794 1478 privare
1850 1413 2186 1481 Bardanum,
2221 1426 2278 1470 et
2325 1427 2449 1487 post

873 1493 1088 1546 facinus
1137 1495 1205 1548 ad
1252 1496 1545 1550 ecclesiam
1597 1499 1807 1570 fugere.
1843 1503 1962 1568 Quo
2008 1504 2152 1559 facto
2188 1517 2297 1560 tam
2349 1522 2447 1576 pa-

873 1581 1116 1634 triarcha
1157 1591 1213 1636 et
1267 1595 1497 1640 senatus
1544 1603 1708 1656 quam
1742 1605 1936 1647 omnes
1966 1594 2137 1648 Deum
2190 1595 2447 1651 timentes

870 1673 1074 1726 acriter
1102 1673 1420 1730 doluerunt.
1450 1678 1550 1732 Ast
1594 1680 1901 1750 imperator
1942 1686 2316 1755 nequissimus
2347 1688 2443 1743 Ni-

868 1763 1147 1832 eephorus
1171 1781 1297 1820 cum
1336 1767 1665 1837 juramentis
1689 1786 1883 1829 omnes
1925 1775 2197 1844 primores
2234 1777 2440 1850 Lycao-

2555 603 2832 657 Theodori
2867 603 3132 673 regimine
3155 603 3556 660 ordinatorum.

2575 704 2582 710 '
2627 691 2829 745 Eodem
2865 707 3083 761 quoque
3135 707 3281 746 anno
3348 693 3519 746 movit
3574 696 3880 748 exercitum
3934 695 4127 749 Aaron

2551 778 2792 833 Arabum
2826 778 2936 833 dux
2973 779 3234 835 adversus
3262 779 3606 846 Romaniam,
3627 783 3684 835 in
3713 782 3916 838 virtute
3940 783 4128 854 gravi,

2552 880 2923 925 trecentorum
2960 872 3219 928 videlicet
3244 873 3499 936 millium.
3529 881 3637 928 tam
3662 892 3694 930 a
3717 876 4128 946 Iaurophoris,

2549 975 2712 1027 quam
2745 958 2898 1030 Syria
2941 971 2996 1015 et
3024 961 3307 1016 Palestina
3359 971 3416 1018 et
3453 962 3620 1033 Libya
3668 976 4004 1020 coacervata.
4047 967 4123 1020 Et

2553 1063 2678 1101 cum
2699 1047 2938 1103 venisset
2954 1049 3158 1121 Tyana,
3179 1050 3467 1106 aedificavit
3489 1051 3710 1106 domum
3737 1053 4122 1124 blasphemia,

2551 1149 2610 1192 et
2640 1138 2898 1194 obsidens
2919 1141 3066 1211 cepit
3094 1149 3222 1198 tunc
3237 1143 3520 1198 Heraclios
3542 1153 3803 1208 castrum,
3817 1145 3962 1213 quod
3979 1156 4119 1202 erat

2551 1225 2706 1283 valde
2737 1229 3028 1294 munitum,
3054 1240 3111 1286 et
3139 1232 3428 1288 Thebasan
3455 1241 3513 1288 et
3539 1232 3883 1301 lalocopean
3919 1242 3976 1288 et
4021 1233 4120 1289 Si-

2551 1317 2868 1389 deropelum
2917 1331 2974 1376 et
3018 1324 3454 1382 Anandarasum.
3480 1324 3625 1380 Risit
3670 1336 3853 1379 autem
3881 1340 4116 1380 cursum

2549 1410 2828 1480 sexaginta
2877 1412 3112 1468 millium
3147 1413 3494 1480 bellatorum,
3519 1425 3578 1470 et
3618 1413 3904 1472 descendit
3933 1430 4118 1483 usque

2548 1500 2840 1570 Ancyram,
2872 1513 2929 1557 et
2963 1503 3065 1558 hac
3093 1505 3206 1560 visa
3249 1520 3506 1560 reversus
3535 1516 3640 1561 est.
3685 1508 3782 1560 Ast
3812 1505 4118 1575 imperator

2547 1589 2891 1663 Nicephorus
2917 1605 3066 1650 metu
3089 1604 3145 1650 et
3169 1595 3610 1666 impossibilitate
3639 1598 3894 1653 detentus
3916 1598 4114 1660 exivit,

2544 1689 2602 1736 et
2623 1683 2741 1752 ipse
2764 1683 2822 1739 in
2842 1685 3223 1756 desperatione
3245 1687 3408 1743 fortia
3446 1687 3731 1743 infortunii
3763 1687 4115 1742 demonstra-

2548 1783 2733 1830 turus.
2768 1775 2838 1831 Et
2883 1777 3072 1833 multis
3105 1777 3365 1849 trophais
3411 1777 3568 1833 factis
3609 1778 3758 1832 mlsit
3807 1777 3876 1832 ad
3927 1781 4116 1832 Aaron

867 1868 1068 1908 nenses
1099 1855 1413 1923 simulatus,
1441 1860 1769 1928 exquirebat
1797 1865 1850 1918 in
1882 1839 1998 1928 eos.
2028 1874 2091 1920 ut
2126 1839 2441 1936 putabatur.
2482 1839 2525 1894 Β
2553 1867 2958 1936 metropolitam
2986 1839 3328 1940 Synadorum
3374 1879 3431 1925 et
3469 1870 3689 1924 Petrum
3739 1868 4113 1940 hegumenum
4184 1916 4193 1931 .

867 1945 1119 2010 ulturus,
1160 1949 1344 2004 omnia
1391 1952 1697 2006 secundum
1736 1956 2163 2010 ostentationem
2210 1966 2267 2012 et
2307 1959 2444 2013 nihil

869 2034 1173 2088 secundum
1215 2036 1386 2089 Deum
1424 2038 1627 2107 jugiter
1649 2055 1836 2108 agens.
1871 2042 2000 2096 Erat
2025 2044 2171 2098 enim
2196 2045 2271 2099 illi
2303 2061 2444 2116 pra:-

867 2125 1029 2192 cipue
1073 2141 1198 2179 cum
1242 2128 1472 2197 reliquis
1507 2132 2056 2200 pmvaricationibus
2084 2145 2140 2192 et
2183 2137 2445 2209 hujusce-

870 2216 1018 2269 modi
1050 2232 1272 2286 quoque
1302 2221 1505 2275 mentis
1539 2221 1763 2289 idioma,
1800 2239 1898 2293 per
1926 2226 2072 2296 quod
2104 2227 2364 2286 videlicet
2388 2241 2446 2287 et

862 2311 992 2361 a‘ntc
1043 2309 1337 2377 imperium
1389 2313 1592 2368 multos
1640 2314 1902 2371 seduxit:
1949 2328 2326 2375 verumtamen
2388 2323 2444 2378 in

859 2397 1159 2452 ridiculum
1209 2399 1516 2456 habebatur
1558 2402 1664 2457 hoc
1712 2405 1835 2475 ejus
1882 2406 2094 2475 liquido
2139 2409 2445 2465 scientibus

864 2490 1135 2553 studium,
1169 2491 1241 2544 ita
1276 2499 1338 2546 ut
1380 2493 1720 2563 impudentia
1753 2495 1923 2549 multa
1960 2512 2180 2566 semper
2206 2499 2441 2570 caligosa

860 2591 917 2634 et
953 2584 1160 2651 polluta
1200 2583 1368 2638 facies
1398 2587 1521 2654 ejus
1557 2595 1688 2640 tunc
1720 2586 2118 2643 iuaccessibilis
2159 2591 2317 2646 fieret
2344 2607 2444 2662 per

859 2673 982 2725 dies
1016 2683 1250 2741 septem.
1285 2689 1353 2727 eo
1401 2673 1593 2728 dolose
1649 2676 1794 2730 intra
1842 2677 2159 2731 cubiculum
2209 2680 2446 2749 impera-

862 2763 1062 2815 torium
1089 2763 1337 2831 ejulante
1370 2780 1382 2814 :
1426 2779 1553 2817 nam
1583 2773 1640 2817 et
1686 2766 2023 2820 naturaliter
2051 2767 2102 2821 ei
2147 2768 2447 2826 muliebres

859 2851 1094 2906 aderant
1149 2851 1427 2921 lacrymte,
1465 2839 1606 2921 quas
1646 2853 1835 2908 multis
1884 2852 2091 2924 pravis:
2118 2865 2176 2909 et
2205 2856 2445 2925 pseudo-

856 2943 1173 2996 christianis
1196 2942 1372 2996 inesse
1401 2944 1596 3011 procul
1627 2943 1799 2998 dubio
1852 2954 2069 2999 constat
2089 2984 2105 3008 ,
2129 2961 2442 3018 quanquam

857 3033 1128 3101 plurimos
1168 3049 1277 3087 non
1324 3033 1567 3088 latuerit.
1616 3034 1802 3091 Mense
1857 3050 1991 3091 vero
2031 3036 2279 3108 Augusto
2315 3052 2440 3094 cum

2546 1955 2717 2012 Gulsei
2752 1967 2810 2014 et
2836 1958 3160 2031 Gregorium
3193 1975 3540 2016 cconomum
3587 1961 3872 2024 Amastra,
3913 1970 4112 2032 postu—

2544 2048 2665 2104 lans
2721 2048 2840 2107 neri
2890 2066 3100 2122 pacem.
3139 2053 3208 2108 Et
3262 2053 3494 2107 multum
3547 2052 3954 2122 disputantibus
4001 2051 4110 2114 eis,

2544 2138 2902 2197 ﬁrmaverunt
2929 2158 3138 2213 pacem,
3188 2153 3249 2198 ut
3280 2159 3378 2213 per
3412 2157 3858 2214 unumquemque
3899 2155 4110 2195 annum

2544 2231 2817 2289 tribueret
2855 2232 2965 2288 illis
2994 2244 3239 2290 trecenta
3275 2234 3447 2290 millia
3472 2235 3890 2298 numismatum,
3913 2241 3970 2288 et
3999 2232 4111 2286 tria

2541 2325 2870 2381 nomismata
2897 2325 2952 2381 in
2984 2327 3252 2382 tributum
3293 2327 3490 2398 capitis
3518 2324 3888 2395 imperatoris,
3913 2331 3971 2378 et
4000 2322 4110 2377 tria

2541 2414 2643 2470 ﬂlii
2672 2417 2834 2489 ejus;
2859 2417 3061 2488 quibus
3091 2419 3329 2490 acceptis
3358 2420 3540 2474 Aaron
3557 2417 3896 2489 jucundatus
3917 2421 4025 2477 est,
4047 2421 4110 2468 et

2539 2510 2835 2566 exsultavit
2873 2511 2996 2580 plus
3023 2524 3185 2582 quam
3208 2513 3254 2566 si
3287 2511 3428 2577 dena
3457 2511 3630 2566 millia
3663 2508 3995 2580 suscepisset
4022 2517 4104 2562 ta-

2540 2596 2709 2662 lenta.
2741 2607 2997 2670 tanquam
3034 2601 3129 2671 qui
3158 2601 3464 2671 subegisset
3511 2600 3882 2655 Romanorum
3928 2597 4108 2665 impe-

2542 2689 2709 2745 rium.
2767 2690 2940 2746 Porro
2971 2692 3228 2746 convenit
3280 2691 3424 2745 inter
3477 2705 3573 2744 eos
3611 2698 3810 2750 castra,
3843 2701 3965 2756 qua:
3998 2685 4110 2739 de-

2543 2788 2748 2834 structa
2775 2781 3016 2845 fuerant,
3047 2796 3158 2836 non
3187 2781 3583 2836 retedificanda.
3617 2779 3864 2849 Cumque
3899 2776 4109 2832 Arabes

2543 2867 2745 2922 reversi
2777 2867 3029 2935 fuissent,
3064 2870 3371 2926 construxit
3394 2869 3588 2925 eadem
3614 2868 3881 2924 continuo
3903 2875 4104 2928 castra,

2539 2966 2596 3013 et
2631 2961 3005 3029 praemunivit.
3032 2961 3154 3030 Quo
3181 2972 3467 3034 comperto
3487 2964 3667 3018 Aaron
3697 2961 3846 3020 misit
3877 2960 4104 3022 iterum,

2537 3057 2594 3104 et
2645 3051 2854 3122 recepit
2905 3052 3214 3122 Thcbasan,
3267 3055 3546 3126 missoque
3593 3053 3735 3110 stolo
3768 3054 3824 3109 in
3861 3051 4105 3124 Cyprum

856 3127 1128 3182 adversus
1149 3128 1361 3182 Arabes
1381 3128 1629 3194 eaiisset,
1651 3132 1895 3186 occurrit
1917 3130 1999 3186 eis
2019 3131 2165 3202 apud
2190 3131 2435 3189 Chrason
2462 3158 2507 3218 ο
2537 3141 2805 3198 ecclesias
2850 3143 3142 3212 destruxit,
3187 3144 3421 3218 Cyprios
3470 3144 3779 3217 emigravit,
3833 3153 3902 3200 ct-
3927 3143 4107 3198 multo

857 3216 1128 3286 Phrygiae,
1148 3227 1205 3270 et
1231 3218 1369 3270 inito
1389 3219 1534 3302 bello
1556 3229 1869 3286 superatur,
1896 3221 2198 3290 multisque
2222 3224 2440 3278 amissis
2473 3216 2503 3218 ⁷
2539 3249 2600 3288 ει

1696 3229 1869 3281 ratur.
1896 3221 2198 3290 multisque
2222 3224 2440 3278 aliis!“
2473 3216 2503 3218 ⁷
2539 3233 2756 3290 excidio
2785 3235 2930 3292 facto
2954 3233 3143 3308 pacem
3167 3216 3433 3301 dissolvit.

857 3306 1257 3373 propemodum
1305 3315 1362 3358 et
1412 3307 1529 3372 ipse.
1579 3309 1741 3360 vivus
1783 3310 1927 3362 foret
1958 3311 2284 3378 capiendus.
2330 3313 2437 3369 nisi

859 3395 1172 3463 principum
1212 3393 1434 3462 quidam
1489 3391 1777 3447 fortissimi
1834 3394 1983 3449 hunc
2039 3412 2071 3450 a
2111 3401 2437 3456 necessitate

860 3486 947 3538 vix
967 3484 1182 3540 salvare
1215 3482 1657 3554 przevaluissent.

929 3575 1088 3628 Anno
1126 3574 1345 3644 imperii
1391 3573 1687 3644 Nicephori
1731 3573 1917 3639 tertio,
1968 3573 2248 3634 simultate
2294 3579 2436 3637 facta

857 3664 914 3720 in
965 3666 1203 3729 Persica,
1243 3664 1530 3721 descendit
1587 3665 1831 3720 Arabum
1880 3665 1993 3721 dux
2037 3666 2427 3736 paciﬁcaturus

853 3774 970 3813 eos.
1023 3757 1363 3828 Nicephorus
1405 3767 1592 3813 autem
1648 3757 1830 3828 spatio
1880 3767 2100 3828 reperto
2141 3759 2432 3819 mditlcavit

853 3848 1127 3917 Ancyram
1156 3847 1380 3904 Galatia:
1403 3857 1460 3902 et
1488 3846 1778 3902 Thcbasan
1802 3857 1859 3902 et
1905 3846 2237 3906 Andrasum.
2282 3852 2431 3910 Misit

852 3941 1019 3995 etiam
1046 3950 1102 3995 et
1127 3955 1345 4004 cursus,
1380 3941 1474 4010 qui
1502 3949 1858 3995 revertuntur
1881 3940 2019 3997 nihil
2050 3945 2422 4016 proﬁcientes,

854 4029 952 4085 sed
979 4042 1036 4084 et
1062 4041 1251 4085 contra
1280 4033 1466 4102 potius
1495 4033 1768 4102 plurimos
1798 4033 2170 4093 admittentes.

927 4124 1086 4179 Anno
1117 4125 1337 4196 imperii
1383 4125 1678 4196 Nicephori
1713 4138 1930 4197 quarto,
1957 4130 2288 4205 duodecimo
2316 4135 2424 4192 Ka-

855 4215 1047 4269 lendas
1100 4215 1344 4282 Martias,
1377 4216 1641 4271 Tarasius
1683 4219 2063 4277 sanctissimus
2114 4224 2425 4293 patriarcha

851 4307 1502 4376 Constantinopolitanus
1551 4306 1788 4378 gloriose
1830 4312 1978 4368 diem
2013 4315 2214 4370 clausit
2238 4324 2424 4372 extre-

853 4412 1027 4463 mum,
1064 4407 1122 4452 et
1147 4399 1354 4453 elatum
1387 4405 1472 4453 est
1531 4398 1801 4470 lipsannm
1845 4404 1966 4474 ejus
2009 4405 2066 4460 in
2128 4417 2419 4476 angustum

853 4490 1029 4563 ponti,
1055 4499 1113 4546 et
1170 4491 1446 4560 sepultum
1492 4497 1578 4546 e‘st
1626 4492 1681 4550 in
1733 4495 2069 4549 monasterio
2103 4496 2251 4566 quod
2307 4497 2423 4568 ipse

856 4589 1262 4646 construxerat,
1292 4589 1488 4652 quarta
1520 4580 1657 4641 feria
1709 4586 1903 4657 prima
1932 4587 2268 4658 jejuniorum
2321 4589 2423 4645 he-

858 4671 1165 4727 bdomadis.
1201 4672 1269 4727 Et
1293 4687 1478 4728 mense
1531 4675 1730 4745 Aprili,
1760 4676 1853 4733 die
1903 4677 2193 4734 Dominico
2248 4681 2425 4736 sancti

852 4761 1096 4827 Pascha,
1136 4774 1493 4818 consecratus
1552 4773 1638 4820 est
1687 4767 2072 4823 sanctissimus
2106 4770 2420 4841 patriarcha

851 4850 1194 4920 Nicephorus
1232 4865 1262 4904 a
1300 4851 1556 4918 secretis,
1608 4854 1880 4911 electione
1919 4857 2089 4913 totius
2125 4860 2315 4930 populi
2361 4873 2427 4916 ac

853 4942 1204 5000 sacerdotum
1233 4942 1457 5018 insuper
1486 4954 1540 5001 et
1568 4947 1987 5017 imperatorum.
2012 4948 2154 5006 Sane
2183 4952 2335 5006 Plato
2362 4968 2428 5009 ac

853 5027 1186 5089 Thcodoru's
1234 5033 1529 5106 hegunteni
1570 5038 1892 5096 monasterii
1935 5039 2115 5097 Studii
2158 5054 2267 5099 non
2295 5057 2428 5099 con-

853 5133 1150 5182 senserunt
1200 5131 1601 5186 consecrationi
1641 5131 1959 5204 Nicephori,
1991 5133 2085 5188 sed
2120 5123 2196 5189 et.
2225 5134 2428 5205 oppido

853 5219 1200 5283 restiterunt,
1236 5217 1476 5274 schisma
1498 5223 1848 5294 meditantes,
1880 5239 2102 5282 causam
2140 5225 2306 5283 veluti
2337 5242 2425 5282 ra—

852 5307 1179 5365 tionabilem
1214 5306 1502 5370 habentes,
1531 5310 1679 5379 quod
1708 5327 1777 5368 ex
1826 5315 1983 5372 laicis
2015 5331 2124 5372 non
2175 5324 2429 5388 oporteat

851 5410 1083 5470 repente
1109 5399 1177 5455 ad
1203 5399 1457 5468 cpiscops
1534 5415 1581 5454 m
1609 5405 1934 5464 accelerare.
1952 5407 2101 5475 Quos
2129 5408 2428 5479 imperator

850 5493 1196 5563 Nicephorus
1226 5493 1363 5549 urbe
1395 5492 1600 5564 pellere
1634 5495 1822 5553 voiens
1845 5509 2128 5559 correctus
2170 5509 2276 5563 est.
2299 5503 2426 5572 qui-

850 5585 1082 5643 busdam
1114 5583 1410 5642 consilium
1441 5583 1724 5650 dantibus.
1764 5592 2129 5648 asseverando
2165 5607 2276 5648 non
2308 5592 2427 5648 fore

852 5670 1186 5728 laudabilem
1216 5672 1543 5746 patriarcha:
1578 5675 1936 5745 creationem,
1961 5681 2006 5737 si
2035 5681 2422 5752 przrdictorum

852 5762 1077 5839 rejectio
1107 5773 1165 5820 et
1209 5766 1344 5824 tanti
1403 5764 1707 5823 destructio
1751 5767 1902 5828 fieret
1947 5775 2304 5839 monasterii,
2335 5789 2418 5829 se-

2603 3325 2762 3379 Anno
2775 3326 3011 3397 “imperii
3032 3329 3116 3383 sui
3139 3328 3335 3399 quinto
3361 3338 3541 3386 castra
3565 3329 3738 3386 movit
3759 3326 4111 3400 Nioephorus

2535 3422 2726 3466 contra
2758 3415 3038 3485 Vulgares.
3069 3419 3136 3474 Et
3177 3434 3302 3474 cum
3343 3421 3587 3476 venisset
3629 3417 4102 3489 Hadrianopolim.

2532 3508 2590 3552 et
2612 3503 2874 3559 sensisset
2898 3507 3046 3574 quod
3080 3509 3416 3564 simultatem
3446 3520 3636 3565 contra
3660 3524 3720 3564 se
3755 3509 4101 3580 imperatorii

2532 3585 2784 3646 homines
2811 3600 2869 3647 et
2890 3592 3108 3663 quidam
3131 3611 3198 3652 ex
3224 3597 3514 3654 ordinibus
3557 3598 3976 3663 meditarentur.
4011 3600 4103 3656 in-

2531 3678 2720 3736 eillcax
2750 3682 3052 3752 repedavit,
3080 3687 3218 3743 nihil
3241 3689 3559 3756 proficiens,
3584 3691 3690 3747 nisi
3716 3691 3863 3761 quod
3881 3699 4099 3748 tantum

2529 3774 2794 3831 ultionem
2821 3777 3221 3836 eontribulibus
3239 3780 3446 3846 intulit,
3473 3785 3668 3840 horum
3691 3785 3895 3842 multos
3924 3785 4097 3842 cadi-

2521 3861 2651 3931 ,bus,
2673 3866 2885 3924 exsiliis
2917 3876 2974 3926 et
2997 3873 3498 3943 proscriptionibus
3521 3890 3706 3932 rerum
3735 3878 4092 3935 submittens.

2593 3962 2755 4015 Anno
2793 3961 3014 4034 imperii
3060 3964 3359 4038 Nicephori
3390 3977 3564 4034 sexto.
3612 3985 3802 4026 mense
3844 3971 4098 4042 Septem-

2521 4047 2669 4116 hrio,
2691 4051 2874 4110 Aaron
2899 4055 3140 4111 Arabum
3159 4058 3270 4114 dux
3293 4075 3419 4116 cum
3443 4062 3604 4117 classi
3625 4072 3814 4117 contra
3838 4063 4095 4119 Rhodum

2519 4139 2752 4199 Cumeid
2780 4144 3022 4212 direxit;
3051 4149 3146 4218 qui
3175 4165 3302 4203 cum
3322 4151 3507 4205 subito
3531 4161 3921 4210 transmeassct
3945 4156 4097 4210 Rhe-

2519 4229 2763 4303 rlumque
2791 4233 3158 4303 pervenisset,
3189 4237 3425 4291 multum
3458 4237 3513 4292 in
3537 4253 3603 4293 ea
3632 4241 3908 4296 excidium
3939 4243 4092 4300 fecit.

2521 4318 2911 4376 Verumtamen
2959 4323 3325 4394 municipium
3358 4325 3505 4393 quod
3561 4326 3616 4381 in
3646 4326 3765 4396 ipsa
3807 4341 3948 4395 erat,
3979 4346 4092 4386 non

2525 4407 2907 4480 impugnatum
2939 4413 3223 4468 remansit.
3253 4413 3391 4470 Cum
3426 4426 3609 4471 autem
3647 4419 3765 4489 ipse
3797 4433 4094 4490 remearet,

2527 4499 2825 4558 evidenter.
2843 4499 3196 4571 impugnatus
3218 4511 3302 4559 est
3328 4519 3359 4560 a
3393 4517 3586 4562 sancto
3612 4516 3670 4563 et
3696 4509 4093 4568 miraculorum

2528 4599 2811 4663 patratore
2841 4589 3089 4646 Nicolao.
3114 4592 3253 4648 Cum
3276 4597 3426 4651 enim
3466 4598 3612 4670 Myra
3643 4600 3886 4658 venisset
3911 4613 3969 4659 et
3997 4622 4092 4662 sa-

2521 4698 2675 4739 cram
2698 4674 3033 4754 ejusarcam
3080 4695 3368 4744 conterere
3415 4691 3755 4754 tentavisset,
3784 4693 3944 4749 aliam
3989 4711 4094 4765 pro

2526 4774 2620 4828 illa
2650 4773 2939 4830 contrivit.
2968 4772 3202 4844 Noxque
3230 4777 3449 4836 classitn
3489 4781 3660 4836 multa
3701 4793 3992 4840 ventorum
4035 4799 4094 4843 et

2524 4868 2864 4922 marinorum
2890 4867 3177 4927 fluctuum.
3211 4872 3581 4930 tonitruorum
3610 4891 3832 4949 quoque
3875 4896 3940 4935 ac
3983 4881 4086 4943 ται.

2523 4973 2720 5028 gurum
2751 4957 3097 5028 inqualitas
3139 4965 3581 5035 comprehendit,
3619 4969 3693 5026 ita
3741 4981 3801 5028 ut
3841 4975 4094 5043 plurima

2523 5051 2740 5120 scapha:
2766 5063 3290 5122 conquassarentur,
3327 5057 3552 5129 ipseque
3603 5061 3950 5135 impugnator
3993 5067 4092 5122 Dei

2521 5140 2752 5198 Cumeid
2783 5144 3046 5199 virtutem
3090 5149 3264 5204 sancti
3293 5165 3649 5222 cognosceret
3680 5164 3737 5211 et
3780 5158 4092 5227 periculum

2523 5243 2723 5302 praeter
2749 5248 2903 5304 spem
2931 5236 3212 5295 evaderet.
3248 5243 3420 5299 Porro
3450 5245 3666 5301 decimo
3685 5249 3852 5303 tertio
3887 5249 4091 5306 Kalen-

2524 5323 2622 5379 das
2652 5325 2943 5382 Jannarias
2985 5327 3327 5401 Nicephorus
3352 5344 3477 5407 post
3505 5337 3732 5393 multam
3760 5340 4090 5398 electionem

2526 5414 2821 5484 virginum,
2852 5431 2918 5470 ex
2948 5421 3096 5474 omni
3159 5432 3429 5492 potestate
3483 5427 3590 5482 sibi
3643 5429 3884 5492 subdita.
3923 5447 4092 5488 causa

2523 5507 2814 5576 capulandi
2843 5507 3190 5568 Stauracium
3223 5515 3394 5570 ﬁlium
3421 5532 3580 5572 suum
3605 5521 3822 5593 conjugi
3865 5523 4088 5589 factam,

2525 5594 2916 5668 Theophanam
2966 5600 3378 5670 Atheniensem,
3417 5618 3667 5679 agnatam
3713 5613 3772 5667 Β.
3816 5613 4088 5681 Ηείηηε.

2525 5705 2644 5759 quae
2671 5691 2791 5746 viro
2818 5690 3144 5761 desponsata
3173 5706 3294 5753 erat
3322 5707 3380 5754 ct
3421 5714 3565 5771 sepe
3591 5718 3716 5759 cum
3773 5707 3893 5777 ipso
3919 5709 4090 5762 cuba-

2524 5792 2699 5849 verat,
2728 5785 3002 5853 separavit
3046 5790 3116 5844 ab
3158 5791 3352 5846 eodem
3391 5794 3529 5861 viro,
3560 5805 3616 5850 et
3657 5798 4089 5869 ipsi'Stauracio

3986 412 4132 476 me
4247 371 4251 375 ’
