4414 6462
314 430 451 495 1413

1146 416 1509 477 HISTORIA
1541 409 2123 474 ECCLESIASTICA
2158 408 2259 469 EX
2290 406 2775 469 THEOPHANE.

3421 398 3559 466 Hii

309 544 513 598 misero
570 532 847 607 copulavit
884 529 1255 600 impudenter,
1302 536 1362 581 ut
1404 527 1459 579 in
1512 524 1655 587 aiiis,
1711 531 1766 576 et
1823 521 1877 574 in
1906 527 1956 588 Α
1984 528 2153 584 recta,
2196 520 2323 573 dolo
2357 520 2499 572 hanc
2526 520 2671 587 cepit
2700 516 2871 571 verbo
2896 557 2911 581 ,
2949 530 3014 570 ex
3044 512 3256 569 militiis
3288 512 3563 568 Romaieis

309 635 414 687 hoc
446 644 662 699 quoque
691 624 1075 695 praevaricator
1101 621 1351 676 effectus.
1387 618 1533 673 Alias
1563 630 1695 670 vero
1744 614 1881 667 duas

306 724 411 777 ista
446 719 815 793 pulchriores,
849 731 986 785 quas
1010 730 1135 767 eum
1180 727 1244 766 ea
1289 712 1547 780 elegerat,
1594 705 1882 760 manifeste

309 815 554 883 eorrupit
584 812 635 865 in
666 808 876 865 eisdem
909 806 1226 876 nuptiarum
1286 802 1503 864 diebus,
1528 798 1596 852 ab
1625 797 1882 852 omnibus

310 908 451 961 idem
480 904 749 958 obscenus
787 900 1005 954 irrisus.
1048 897 1295 964 Denique
1337 890 1639 947 Februario
1694 904 1881 944 mense

308 995 645 1051 simultatem
695 990 1072 1060 excogitantes
1121 987 1386 1040 adversus
1428 998 1554 1037 eum
1609 982 1768 1036 multi
1812 997 1879 1035 ex

309 1086 655 1158 proceribus,
680 1082 903 1139 Arsabir
933 1090 1258 1150 quaestorem
1289 1087 1345 1131 et
1367 1077 1679 1145 patricium,
1701 1076 1879 1127 virum

311 1178 460 1248 pium
494 1184 551 1229 et
593 1169 1163 1232 rationabilissimum,
1221 1166 1527 1234 elegerunt.
1560 1162 1714 1229 Quod
1755 1176 1881 1215 cum

312 1267 663 1323 multiformis
690 1263 1034 1332 Nicephorus
1062 1258 1393 1328 agnovisset,
1444 1256 1624 1326 ipsum
1658 1253 1881 1323 quidem

309 1374 506 1414 «esum
540 1365 596 1410 et
646 1364 863 1408 tonsum
891 1351 1219 1405 monachum
1259 1349 1389 1402 feeit
1416 1357 1473 1400 et
1509 1345 1702 1400 exsilio
1737 1344 1879 1398 rele-

310 1449 547 1521 gandum
580 1446 634 1500 in
661 1442 968 1513 Bithyniam
1003 1442 1173 1503 misit,
1204 1440 1447 1507 reliquos
1500 1445 1684 1490 autem
1715 1436 1881 1489 aedi-

311 1541 415 1594 bus
462 1548 516 1592 et
545 1535 792 1591 tonsuris
823 1544 877 1588 et
905 1531 1378 1603 publicationibus
1403 1529 1627 1597 insuper
1654 1536 1709 1580 et
1740 1525 1882 1579 exsi-

311 1632 400 1686 liis
427 1629 692 1691 subdidit,
723 1642 829 1679 non
867 1627 1043 1679 solum
1078 1621 1370 1675 mundialis
1405 1620 1529 1672 vita:
1582 1616 1878 1687 principes,

311 1719 406 1774 sed
448 1726 503 1771 et
546 1717 835 1786 episcopos
870 1720 1091 1767 sanctos
1125 1721 1180 1765 et
1222 1710 1541 1769 monachos,
1568 1722 1779 1761 necnon
1826 1716 1881 1760 ct

310 1808 527 1879 Majoris
560 1806 806 1862 ecclesia:
839 1804 1141 1875 syneellum
1167 1811 1223 1857 et
1262 1800 1602 1855 sacellarium
1630 1807 1685 1852 et
1725 1798 1881 1850 char-

1986 614 2293 668 interfeetis
2327 628 2423 666 sex
2458 611 2722 673 millibus,
2756 611 2959 678 absque
2994 608 3347 662 multitudine
3378 607 3564 676 priva-

1986 718 2164 763 torum
2192 706 2320 774 (9t).
2355 704 2695 772 Nicephorus
2725 709 2908 755 autem
2952 702 3104 769 quasi
3150 700 3412 754 adversus
3435 714 3561 751 eum

1986 796 2147 851 tertia
2176 795 2309 848 feria
2338 793 2692 848 hebdomadm
2715 792 2971 846 salutaris
2996 792 3268 860 passionis
3296 805 3558 861 egressus

1983 889 2207 955 dignum
2241 887 2462 957 quidem
2505 902 2757 941 sermone
2790 884 2924 938 nihil
2957 885 3182 937 omnino
3223 884 3407 953 gessit.
3453 881 3567 936 Hos

1983 995 2164 1040 autem
2196 985 2473 1054 principes
2493 1025 2507 1046 ,
2536 982 2629 1051 qui
2659 982 2725 1034 de
2754 982 2900 1036 eaade
2934 980 3126 1035 salvati
3151 990 3299 1040 sunt,
3327 979 3561 1031 verbum

1985 1077 2174 1131 salutis
2215 1077 2542 1145 deposcunt,
2592 1090 2714 1127 eum
2793 1075 2922 1127 dare
2967 1072 3295 1141 dedignatus
3343 1070 3567 1132 fuisset,

1986 1168 2049 1222 ad
2100 1170 2285 1221 hostes
2338 1166 2631 1234 confugere
2672 1165 2958 1232 compulit,
3001 1165 3143 1218 inter
3185 1178 3322 1232 quos
3347 1170 3467 1216 erat
3509 1169 3571 1215 et

1984 1260 2310 1313 Eumathius
2337 1257 2667 1325 spatharius,
2694 1256 3028 1309 mechanici:
3054 1256 3188 1309 artis
3208 1270 3405 1323 expers
3426 1253 3565 1319 (92).

1982 1354 2079 1402 Ast
2100 1347 2442 1414 Nicephorus
2466 1361 2575 1414 pra:
2598 1346 2772 1398 multo
2793 1344 3062 1397 dedecore
3087 1344 3371 1411 juratoriis
3393 1343 3566 1396 sacris

1984 1438 2144 1507 regia:
2179 1437 2297 1492 urbi
2325 1436 2665 1506 persuadere
2696 1435 2999 1504 satagebat,
3046 1446 3103 1487 ut
3141 1438 3389 1510 crederet
3418 1433 3565 1502 quod

1984 1530 2331 1584 festivitatem
2379 1530 2600 1583 Pascha:
2638 1529 2692 1583 in
2734 1531 2856 1584 aula
2909 1528 3137 1583 Crumni
3181 1527 3563 1582 celebraverit.

1984 1623 2253 1676 Praeterea
2288 1636 2412 1674 cum
2460 1621 2740 1675 civitatem
2795 1621 3099 1682 Sardieam,
3136 1636 3257 1687 quae
3289 1619 3567 1672 destructa

1982 1711 2417 1771 erat,a3dificare
2482 1710 2765 1773 voluisset,
2796 1710 3243 1763 multitudinibus
3303 1709 3565 1773 resisten-

1987 1803 2163 1864 tibus,
2195 1802 2410 1857 timens.
2448 1843 2461 1856 .
2502 1844 2514 1857 .
2551 1844 2565 1857 .
2598 1802 3041 1871 persuadendum
3084 1801 3260 1855 turbis
3332 1800 3567 1869 impera-

314 1877 672 1971 tophylacem,
702 1898 850 1951 viros
871 1896 1228 1949 rationabiles
1253 1904 1307 1947 et
1335 1892 1639 1947 reverentia
1666 1891 1878 1959 dignos.
1916 1877 1956 1931 Β
1987 1905 2161 1949 torem
2210 1895 2485 1964 postulare
2517 1910 2684 1964 super
2710 1895 2964 1949 aediﬁcio.
2997 1896 3065 1948 At
3107 1895 3184 1948 illi
3227 1908 3387 1947 senso
3416 1894 3567 1962 inge-

378 1995 537 2048 Anno
569 1990 785 2060 imperii
821 1987 1119 2057 Nieephori
1156 1986 1392 2055 septimo
1424 1984 1608 2038 Aaron
1635 1982 1880 2036 Arabum

309 2084 422 2137 dux
461 2090 710 2135 mortuus
733 2079 906 2133 est.in
934 2076 1197 2131 interiore
1231 2073 1473 2137 Perside,
1506 2088 1627 2141 qua:
1656 2081 1882 2125 vocatur

308 2175 630 2236 Chirsusau,
665 2181 721 2226 et
763 2169 1010 2236 suscepit
1034 2165 1399 2235 principatum
1444 2164 1691 2218 hlaumed
1739 2162 1883 2216 filius

307 2268 431 2336 ejus
456 2263 816 2333 scrupulosus
842 2274 938 2328 per
970 2258 1175 2323 omnia,
1210 2266 1403 2311 contra
1432 2272 1593 2325 quem
1644 2255 1882 2308 Abdelas

310 2360 481 2412 frater
508 2358 629 2425 ejus
652 2353 981 2407 seditionem
1017 2351 1303 2404 concitans
1344 2350 1589 2403 intestini
1632 2349 1758 2401 belli
1805 2347 1882 2400 fa-

306 2460 435 2506 ctus
458 2458 542 2502 est
564 2457 775 2501 auctor.
806 2445 872 2497 Et
898 2444 1026 2497 hinc
1056 2442 1113 2495 hi
1148 2442 1241 2511 qui
1273 2442 1328 2495 in
1362 2441 1517 2511 Syria
1560 2449 1616 2493 et
1652 2439 1883 2508 Egypto

306 2561 377 2599 ae
411 2543 578 2613 Libya
607 2548 789 2604 erant,
817 2540 873 2592 in
900 2537 1151 2592 diversos
1176 2534 1339 2589 incisi
1369 2534 1731 2602 principatus,
1774 2540 1882 2584 tam

307 2633 563 2705 publicas
589 2646 676 2685 res
702 2645 865 2699 quam
891 2629 1190 2682 alterutros
1234 2626 1645 2688 subverterunt,
1676 2634 1882 2678 macta-

308 2725 562 2779 tionibus
601 2733 659 2776 et
686 2721 893 2791 rapinis
929 2735 993 2773 ac
1053 2718 1288 2773 diversis
1333 2716 1548 2787 ﬂagitiis
1583 2726 1775 2769 contra
1826 2730 1885 2768 se

306 2820 617 2880 contraque
645 2809 897 2864 subditos
919 2806 1260 2861 Christianos
1293 2806 1529 2861 confusi.
1553 2806 1630 2863 Ae
1656 2822 1752 2874 per
1783 2806 1885 2859 hoc

306 2904 579 2967 eeelesiaz,
616 2917 738 2971 qua:
794 2902 851 2953 in
890 2908 1078 2955 saneta
1112 2896 1316 2953 Christi
1360 2897 1455 2953 Dei
1503 2897 1674 2951 nostri
1728 2905 1885 2951 erant

309 2995 560 3058 civitate,
590 2992 821 3045 deserta:
849 2990 1004 3044 facta:
1028 2999 1177 3053 sunt,
1212 2997 1268 3043 et
1297 2989 1626 3044 monasteria
1653 2988 1885 3041 duarum

312 3100 636 3154 magnarum
666 3084 967 3137 Laurarum
1004 3080 1140 3151 (90),
1164 3091 1363 3135 sancta:
1395 3080 1649 3133 videlicet
1680 3094 1885 3131 memo-

312 3181 410 3233 riae
443 3177 756 3231 Charitonis
789 3186 844 3229 et
873 3175 1088 3243 Cyriaei
1139 3183 1302 3242 atque
1334 3171 1389 3227 S.
1440 3171 1616 3234 Sabae,
1670 3185 1883 3223 necnon

310 3284 368 3325 et
425 3269 636 3337 reliqua
694 3267 943 3322 emnobia
974 3265 1069 3319 SS.
1134 3262 1410 3333 Euthymii
1464 3272 1519 3315 et
1574 3262 1886 3315 Theodosii.

310 3359 643 3415 Theodorus
672 3367 853 3411 autem
884 3357 1225 3426 hegumenus
1254 3353 1431 3407 Studii
1466 3364 1522 3407 et
1550 3352 1749 3421 Joseph
1777 3351 1889 3405 frao

311 3463 399 3507 ter
423 3451 564 3521 ejus,
599 3449 1047 3518 archiepisc0pus
1070 3446 1597 3509 Thessalonicensis,
1631 3460 1737 3497 una
1765 3458 1889 3498 eum

312 3544 547 3597 Platone
577 3541 823 3594 inclauso
850 3549 906 3593 et
950 3539 1166 3595 eazteris
1196 3538 1479 3592 monachis
1514 3536 1628 3589 suis
1674 3552 1702 3590 a
1736 3550 1889 3589 eom-

312 3634 579 3689 munione
607 3638 954 3685 recesserunt
980 3630 1271 3697 Nicephori
1303 3628 1634 3683 sanctissimi
1660 3627 1892 3696 patriar—

310 3723 432 3777 chae
465 3728 693 3790 propter
733 3719 932 3786 Joseph
965 3718 1393 3783 vieedominum,
1439 3718 1532 3786 qui
1570 3718 1893 3785 praevarica-

312 3813 455 3867 torie
478 3819 840 3865 coronaverat
857 3808 1274 3868 Constantinum
1291 3819 1347 3863 et
1369 3808 1893 3863 Theodotein.Tunc

314 3904 663 3972 Nicephorus
724 3903 1020 3971 imperator
1091 3900 1379 3955 occasione
1438 3909 1717 3969 percepta,
1765 3914 1889 3953 eum

311 3996 607 4067 episcopos
650 3993 854 4046 multos
883 4001 940 4045 et
972 3992 1309 4061 hegumenos
1349 3998 1756 4059 congregasset,
1800 4005 1891 4059 sy-

313 4088 521 4143 nodum
550 4068 817 4140 adversus
841 4084 963 4138 illos
984 4082 1253 4139 celebrari
1290 4083 1571 4153 praecepit,
1606 4096 1704 4151 per
1726 4097 1892 4151 quam

314 4177 653 4235 monasterio
700 4185 756 4233 et
791 4176 927 4231 urbe
962 4174 1164 4245 dejeeti
1196 4175 1394 4229 exsilio
1441 4184 1572 4229 sunt
1606 4174 1888 4242 destinati,

314 4285 503 4325 mense
528 4268 816 4331 Januario,
851 4266 1152 4320 indictione
1182 4265 1447 4319 secunda.

383 4361 595 4417 Eodem
618 4359 783 4413 etiam
813 4373 959 4412 anno
985 4358 1116 4412 dum
1164 4372 1296 4427 roga
1330 4372 1501 4427 penes
1540 4356 1891 4412 Stromonem

315 4467 532 4507 amnem
566 4450 769 4521 popqu
802 4449 1256 4512 distribueretur,
1306 4449 1583 4504 irruentes
1626 4448 1891 4518 Vulgares

1983 1988 2094 2048 nio,
2124 1995 2182 2039 ut
2214 2002 2282 2040 ex
2312 2001 2545 2054 nequam
2581 1987 2729 2040 illius
2761 1985 3329 2054 argumentationibus
3355 1984 3567 2038 submi-

1982 2079 2237 2143 nistrato,
2294 2076 2701 2129 tumultuantur
2751 2075 3013 2130 adversus
3041 2091 3165 2129 eum
3206 2082 3261 2127 et
3305 2074 3570 2127 adversus

1983 2170 2261 2239 principes
2288 2184 2418 2223 suos
2460 2185 2556 2238 per
2583 2169 2747 2222 horas
2777 2184 2892 2231 sex,
2926 2178 2981 2223 et
3009 2169 3283 2221 irruentes
3308 2177 3569 2235 rumpunt

1984 2262 2329 2319 tabernacula
2363 2262 2624 2329 ipsorum.
2648 2262 2781 2315 Cum
2808 2269 2986 2314 autem
3002 2262 3469 2327 venissentusque
3499 2260 3566 2313 ad

1984 2354 2413 2423 imperatorium,
2433 2353 2649 2420 injuriis
2671 2362 2724 2407 et
2753 2352 3058 2408 maledictis
3079 2351 3225 2405 hune
3244 2350 3571 2405 multissub-

1985 2448 2229 2511 mittunt,
2249 2446 2481 2499 ulterius
2500 2461 2675 2499 senon
2696 2444 2927 2499 sufferre
2943 2444 3264 2497 immensam
3283 2442 3568 2496 avaritiam

1983 2551 2039 2596 et
2058 2557 2291 2611 nequam
2314 2541 2612 2595 moliminis
2633 2542 2752 2610 ejus
2766 2542 3010 2594 animum
3032 2539 3360 2608 dejerantes.
3391 2540 3458 2591 At
3478 2538 3567 2591 ille

1984 2636 2275 2703 repentino
2310 2634 2606 2691 simultatis
2656 2648 2855 2702 pavore
2910 2632 3236 2700 perterritus
3278 2630 3567 2684 surrexita

1985 2742 2189 2778 mensa.
2220 2725 2286 2778 Et
2308 2725 2484 2793 primo
2506 2725 2723 2793 quidem
2750 2742 2845 2794 per
2865 2724 3232 2792 Nicephorum
3252 2738 3315 2777 ac
3345 2722 3568 2776 Petrum

1984 2818 2245 2885 patricios
2279 2817 2605 2886 juramentis
2647 2825 2703 2870 et
2736 2816 3139 2884 persuadilibus
3166 2814 3351 2869 verbis
3375 2813 3570 2868 sedare

1983 2905 2285 2959 conabatur
2340 2906 2662 2961 exercitum.
2696 2906 2763 2959 At
2807 2906 2882 2959 illi
2912 2904 3121 2958 modica
3182 2904 3365 2974 quiete
3409 2902 3570 2972 potiti

1984 2994 2273 3061 quemdam
2292 2995 2484 3047 collem
2530 3003 2897 3063 ceperunt,et
2950 3004 3105 3048 actus
3164 3008 3328 3061 quem
3383 3006 3568 3061 perse

1985 3084 2239 3138 manibus
2266 3085 2541 3138 habebant
2567 3086 2722 3157 obliti
2759 3094 2907 3149 sunt,
2942 3086 3105 3152 Hyrie
3138 3084 3356 3148 eleison,
3389 3084 3569 3136 excla-

1995 3184 2252 3240 mantes,
2302 3192 2364 3230 ae
2410 3178 2454 3230 si
2501 3192 2665 3245 super
2722 3179 2959 3245 quodam
3024 3187 3185 3230 terra!
3258 3184 3408 3229 motu
3458 3175 3561 3227 im-

1995 3268 2246 3322 briuinve
2272 3267 2513 3322 defectu.
2532 3269 2626 3323 ille
2643 3278 2826 3322 autem
2853 3276 3041 3337 utpote
3063 3283 3280 3337 semper
3309 3266 3373 3320 ad
3406 3281 3569 3321 omne

1996 3361 2196 3413 malum
2220 3370 2462 3428 paratus,
2492 3360 2847 3415 clandestinis
2882 3359 3205 3414 muneribus
3236 3368 3400 3413 noctu
3430 3359 3571 3413 mul-

1994 3451 2063 3504 tis
2100 3465 2163 3503 ex
2205 3450 2551 3518 principibus
2588 3451 2856 3519 pellectis,
2900 3450 2952 3504 in
2992 3451 3295 3505 crastinum
3333 3450 3447 3519 ipse
3471 3466 3569 3520 per

1994 3558 2051 3597 se
2095 3543 2273 3610 ipsum
2312 3541 2529 3595 medius
2582 3542 2808 3595 veniens
2850 3542 3124 3597 allocutus
3168 3549 3253 3597 est
3284 3542 3474 3595 turbas
3499 3542 3569 3595 de

1994 3634 2141 3686 omni
2193 3632 2626 3700 tranquillitate,
2675 3646 2739 3685 ac
2786 3647 2953 3699 super
3000 3632 3197 3701 aequali
3239 3647 3365 3702 erga
3410 3642 3569 3687 natos

1993 3735 2181 3773 eorum
2228 3719 2427 3773 affectu
2482 3720 2812 3790 juramentis
2852 3720 3216 3776 horribilibus
3234 3738 3331 3776 eos
3358 3724 3567 3776 eertiti-

1993 3826 2144 3877 cans,
2166 3822 2221 3866 et
2244 3812 2506 3866 continuo
2538 3813 2741 3882 regiam
2770 3813 3108 3881 pervenitad
3141 3813 3357 3878 urbem,
3390 3814 3571 3869 Theo-

1993 3899 2152 3954 dosio
2180 3900 2412 3969 patricio
2437 3918 2499 3954 ac
2520 3903 2926 3971 primoscrinio,
2962 3914 3328 3974 cognomento
3359 3905 3570 3961 Saliba-

1993 4005 2113 4053 ran,
2154 3991 2372 4045 deserto
2395 3991 2461 4043 ad
2497 3991 2921 4061 perdiscendum
2950 4008 3017 4047 ex
3042 3993 3330 4050 alterutris
3350 4008 3447 4049 eos
3468 3995 3566 4064 qui

1994 4082 2322 4136 seditionem
2361 4092 2733 4152 patraverant.
2778 4085 3029 4154 Cumque
3067 4084 3452 4141 multitudines
3482 4102 3569 4141 re-

1992 4182 2525 4245 verterentur,rogas
2548 4176 2630 4230 eis
2653 4176 2795 4245 apud
2818 4176 3110 4230 S.Mamam
3129 4192 3187 4231 se
3208 4178 3449 4232 tribuere
3469 4179 3571 4231 fin-

1993 4279 2148 4335 gens,
2189 4266 2432 4320 caedibus
2467 4275 2521 4320 et
2556 4266 2795 4321 tonsuris
2818 4282 2882 4321 ae
2910 4268 3116 4322 exsiliis
3155 4268 3344 4323 multis
3384 4282 3450 4322 ex
3488 4269 3572 4323 eis

1992 4359 2221 4428 punitis,
2274 4358 2653 4429 Chrysopolim
2688 4360 2931 4428 reliquos
2956 4361 3302 4431 ‘transduxit,
3352 4362 3571 4416 calcans

1995 4458 2150 4504 tanta
2181 4460 2238 4503 et
2262 4460 2369 4504 tam
2394 4449 2682 4505 horribilia
2711 4451 3043 4520 juramenta.
3070 4450 3151 4503 llli
3185 4466 3315 4504 vero
3343 4460 3571 4520 propter

317 4545 459 4598 hanc
483 4544 831 4606 ademerunt,
859 4542 981 4596 auri
1012 4543 1185 4597 libras
1213 4550 1435 4598 centum
1461 4550 1519 4596 et
1549 4542 1720 4604 mille,
1753 4543 1895 4596 mul-
1925 4554 1971 4610 ι)
1999 4556 2299 4597 aerumnam
2337 4541 2556 4612 igneum
2591 4541 2819 4596 ﬂuvium
2852 4556 3092 4597 meatum
3127 4544 3567 4613 appellaverunt.

320 4648 544 4706 tumque
607 4636 870 4706 populum
899 4634 1224 4689 occiderunt
1276 4650 1403 4689 cum
1435 4644 1669 4704 praetore
1727 4646 1893 4705 atque

320 4728 684 4799 principibus.
726 4727 897 4781 Erant
945 4727 1091 4780 enim
1121 4735 1176 4783 et
1220 4737 1547 4782 cancrorum
1588 4728 1892 4783 thematum

321 4820 526 4874 ibidem
573 4818 740 4874 taxati
779 4817 1055 4887 principes
1083 4832 1194 4871 non
1226 4817 1410 4887 pauci,
1441 4818 1536 4887 qui
1562 4833 1755 4873 omnes
1781 4820 1897 4874 illic

322 4913 551 4982 periere.
590 4911 871 4978 Ceperunt
894 4918 1078 4965 autem
1117 4918 1174 4965 et
1200 4916 1371 4969 totam
1403 4909 1701 4977 sarcinam,
1730 4918 1786 4971 et
1817 4911 1893 4966 ita

325 5002 529 5056 reversi
556 5013 705 5055 sunt.

394 5095 709 5164 Eodemque
732 5102 1011 5149 annoante
1039 5091 1443 5148 solemnitatem
1471 5094 1645 5150 sancti
1677 5094 1897 5151 Pascha

323 5184 595 5240 Crumnus
625 5186 921 5254 Vulgarum
954 5184 1085 5250 dux,
1119 5184 1235 5238 acie
1263 5195 1457 5246 contra
1485 5184 1767 5253 Sardicam
1807 5187 1896 5240 di-

2064 4635 2226 4689 Ληηο
2250 4634 2470 4703 imperii
2508 4634 2593 4688 sui
2625 4645 2819 4689 octavo
2850 4635 3198 4704 Nicephorus
3219 4644 3347 4704 post
3374 4635 3572 4704 impias

1994 4720 2510 4801 animadversiones
2531 4727 2757 4783 militias
2774 4742 2999 4796 prorsus
3016 4727 3309 4783 humiliare
3329 4737 3573 4783 tractans

1992 4818 2340 4874 Christianos
2359 4819 2593 4873 exsules.
2614 4834 2681 4873 ex
2704 4819 2854 4876 omni
2889 4818 3128 4873 themate
3161 4818 3216 4872 in
3240 4817 3573 4872 Sclaviniam

1996 4908 2118 4966 fieri
2158 4910 2342 4980 jussit,
2375 4910 2573 4964 horum
2610 4921 2791 4963 autem
2825 4909 3166 4965 substantias
3216 4908 3573 4967 venumdari.

1997 5000 2067 5056 Et
2088 5010 2208 5055 erat
2250 5001 2366 5055 haec
2392 5016 2482 5056 res
2510 5001 2825 5070 captivitate
2857 5016 2967 5054 non
3002 5000 3203 5064 minor,
3266 5000 3455 5054 multis
3502 5015 3574 5054 ex.

2000 5093 2244 5147 amentia
2297 5092 2814 5159 blasphemantihus
2842 5102 2898 5145 et
2936 5091 3287 5147 inimicorum
3316 5092 3577 5145 incursus

2013 5185 2395 5256 poscentibus,
2421 5187 2544 5240 aliis
2574 5184 2935 5239 nihilominus
2965 5183 3112 5239 circa
3158 5182 3459 5251 parentalia
3486 5197 3572 5236 se—

1838 5276 2071 5334 NOTAJ.

399 5370 507 5444 (99)
530 5371 713 5444 La_ura_r
739 5370 1157 5444 monasterium.
1186 5371 1441 5444 Synodus
1468 5374 1685 5432 Nicena
1707 5381 1817 5428 act.
1842 5375 1895 5429 1.

329 5455 393 5513 es
430 5440 648 5513 libro‘S.
683 5442 838 5495 Saba:
870 5461 881 5495 :
1056 5440 1406 5495 Ἀνασσξασίου
1442 5444 1536 5495 τοῦ
1574 5444 1762 5506 δουκὸς
1798 5445 1897 5513 τῆς

332 5510 457 5582 χέας
481 5510 696 5582 λαύρας
720 5512 915 5573 αὐτοὺς
942 5511 1162 5575 ἐξέωσε.
1199 5513 1600 5581 Metaphrastes
1645 5514 1798 5582 Sept.
1838 5510 1892 5568 in

330 5578 537 5654 Charit.
576 5582 695 5654 :tijv
728 5650 739 5654 _
766 5582 878 5654 ﬁoq
947 5578 1411 5654 pvqpovsuﬂdqiv
1478 5584 1632 5654 ἱερὰν
1689 5578 1897 5653 λὰύραν

331 5649 612 5723 ggxosgpez,
656 5649 815 5723 Adde
841 5649 1262 5723 Constantinum
1292 5652 1394 5723 AD:
1425 5649 1627 5709 adniin.
1672 5649 1805 5723 imp.
1837 5670 1892 5722 p.

335 5717 742 5793 §i§_ed._priu_i:e,
772 5721 1140 5793 Nicephorum
1171 5720 1453 5793 Callistum
1478 5734 1516 5777 t.
1546 5726 1600 5788 2,
1634 5740 1686 5793 p.
1714 5717 1892 5778 5356

335 5786 454 5868 ἔξω,
483 5786 925 5868 _.lo._Mosehum_‘
956 5791 1253 5868 l._i_monarii
1289 5809 1354 5868 Ae.
1391 5794 1443 5868 ἦ.
1477 5786 1805 5868 ,Διιὸμῂἠιυε
1831 5795 1885 5868 in

335 5858 685 5914 Constantino
735 5861 934 5916 Leonis
992 5862 1054 5915 F.
1104 5865 1133 5914 ὁ
1184 5863 1240 5916 δὲ
1284 5861 1536 5931 βασιλεὺς
1606 5858 1885 5934 Ῥωμανὺς

1996 5372 2321 5497 ἀποστὲίλας
2372 5375 2452 5437 εἰς
2490 5373 2669 5427 πάντα
2709 5372 2777 5426 τὰ
2807 5372 3146 5442 μοναστήρια
3176 5372 3273 5423 καὶ
3307 5367 3405 5429 τὰς
3434 5364 3568 5419 λαύ-

2003 5461 2123 5497 ρας.
2199 5461 2317 5497 an.

2040 5461 2123 5506 ας.
2159 5461 2317 5497 una.

2002 5462 2423 5584 ραῗέίξῗΐίηῑί
2447 5522 2803 5584 opponuntur
2823 5511 3105 5565 militibus.
3125 5509 3346 5584 _G_lossae
3373 5506 3571 5584 :_lBu-L-

1999 5577 2174 5654 «1:6
2230 5585 2430 5647 κοινός.
2480 5577 2732 5638 Privatus
2767 5596 3037 5654 paganus,
3084 5578 3352 5654 plebeius.
3405 5577 3477 5630 In.

2071 5653 2184 5725 (92)
2238 5646 2469 5725 Expers]
2529 5646 2783 5723 peritusf
2840 5646 3571 5725 Dositheus_magi_ster_in

1997 5714 2264 5783 Gloudrio
2295 5714 2561 5794 {expers}
2593 5740 2815 5793 gnarus,
2854 5723 3056 5777 sciens.
3099 5714 3427 5794 Glossarium
3464 5714 3573 5769 La-

1994 5789 2471 5919 :ino-Cra’cuni:
2548 5789 2768 5863 eipers,
2827 5794 3051 5861 ἄπειρος
3118 5790 3211 5843 καὶ
3285 5789 3569 5857 ἔμπειρος.

2017 5882 2045 5915 ο

2017 5882 2045 5915 ο
