4414 6462
856 414 993 480 HIS
1931 409 2326 474 ANASTASII
2388 408 2599 468 Βιηιιι

2388 408 2458 468 BI
2468 407 3007 470 BLIOTIIECARII
3934 402 4077 469 ατο

853 531 1042 599 pulcra
1068 523 1485 579 lamentantibus
1507 533 1562 578 et
1593 523 1880 577 defunctos
1903 521 2092 575 beatos
2110 534 2426 575 asseveran-
2453 523 2496 578 Α
2527 515 2750 583 quidam
2786 527 2905 570 erat
2940 519 2996 569 in
3028 515 3149 568 foro
3177 530 3242 568 ex
3275 513 3554 568 laboribus
3599 517 3714 569 suis
3746 516 3985 582 locuples
4014 525 4075 569 et

863 620 1032 671 tibus.
1053 615 1294 668 Fuerunt
1322 624 1500 666 autem
1530 625 1587 667 et
1609 613 1701 682 qui
1741 612 2050 680 suspendiis
2071 611 2153 664 usi
2175 619 2324 672 sunt,
2356 616 2415 660 ut
2517 607 2648 660 nihil
2685 622 2870 676 egens.
2905 607 3024 671 Quo
3051 604 3315 658 accersito
3341 605 3586 656 omnium
3640 619 3802 656 vorax
3836 606 4072 671 impera-

864 725 892 757 ιι
929 704 1081 756 malis
1128 701 1491 769 eriperentur.
1538 701 1750 753 Etenim
1806 696 2122 759 immobilia,
2154 711 2274 765 qua
2329 695 2414 752 in-
2458 703 2467 717 '

852 802 1033 855 erant,
1075 791 1177 844 sibi
1202 805 1387 844 secum
1423 789 1562 843 ferre
1601 804 1712 841 non
1755 797 2024 855 poterant,
2078 795 2131 836 et
2159 783 2414 836 substan-

866 884 1024 946 tiam,
1049 899 1211 950 quam
1243 896 1308 932 ex
1343 880 1723 948 parentalihus
1750 877 2033 932 doloribus
2063 875 2420 943 possederant

852 972 1120 1041 perditam
1143 970 1676 1036 contemplabantur,
1704 976 1757 1019 et
1781 965 2191 1034 impossibilitas
2229 975 2415 1014 omnis

851 1077 1040 1115 omnes
1058 1061 1312 1113 habebat.
1333 1060 1454 1112 Haec
1474 1059 1690 1125 quidem
1714 1058 1960 1109 inchoata
1983 1063 2151 1107 sunta
2169 1051 2414 1119 Septem-

851 1153 972 1204 brio
1007 1166 1215 1211 mense,
1243 1164 1404 1218 porro
1447 1149 1592 1199 circa
1625 1146 1826 1198 Pascha
1868 1143 2015 1195 ﬁnita
2040 1152 2187 1194 sunt.
2211 1141 2414 1193 Secun-

853 1241 976 1293 dam
1010 1255 1141 1292 vero
1160 1252 1282 1291 cum
1310 1237 1413 1289 hac
1450 1233 1793 1287 alllictionem
1829 1230 2147 1290 admovens,
2175 1228 2413 1280 militare

849 1331 1108 1402 praecepit
1148 1343 1346 1399 egenos
1391 1336 1446 1380 et
1483 1324 1682 1378 armari
1714 1323 1974 1376 adversus
2010 1319 2414 1387 compatriotas,

850 1427 1099 1476 conlcrre
1124 1418 1483 1473 nihilominus
1508 1416 1672 1468 etiam
1702 1413 1891 1465 decem
1921 1419 1974 1464 et
2009 1419 2134 1463 octo
2157 1424 2219 1462 ac
2242 1409 2408 1462 dimi-

850 1515 1004 1567 ιΙίιιιιὶ
1033 1510 1303 1564 numisma
1341 1523 1436 1575 per
1461 1505 1704 1572 singulos
1752 1503 1902 1565 ﬁsco,
1948 1516 2054 1554 una
2097 1516 2223 1555 cum
2263 1501 2415 1554 omni

856 1601 1207 1670 proximitate
1234 1598 1437 1650 tributa
1476 1595 1713 1664 publica.
1751 1591 1989 1646 Tertiam
2019 1591 2412 1660 malignitatem

853 1692 1102 1744 inferens
1127 1688 1287 1757 jussit
1325 1684 1662 1755 perpendere
1681 1690 1735 1735 et
1757 1682 1946 1751 augeri
1973 1681 2164 1734 horum
2183 1680 2410 1744 tributa,

851 1791 903 1833 et
937 1789 1194 1849 praestare
1247 1775 1693 1830 chartiaticorum
1738 1785 1901 1826 causa
1955 1772 2182 1840 siliquas
2231 1771 2411 1824 binas.

2519 703 2599 748 tor
2631 697 2708 748 ait
2738 712 2752 747 τ
2782 695 2924 748 Pone
2951 710 3168 746 manum
3198 701 3341 744 tuam
3368 694 3420 744 in
3472 695 3662 745 vertice
3707 709 3840 754 meo,
3868 701 3918 743 et
3937 693 4074 761 jura

2514 794 2767 852 quantum
2797 786 2888 836 tibi
2914 787 2981 837 sit
3011 800 3223 836 aurum.
3248 782 3350 847 Qui
3395 798 3586 850 parum
3615 791 3869 850 tanquam
3923 782 4074 835 indi-

2514 889 2650 941 gnus
2679 889 2958 938 recusans,
2991 883 3214 927 coactus
3259 881 3341 924 est
3375 872 3443 925 ab
3480 887 3546 925 eo
3602 873 3780 924 facere
3831 870 3955 927 hoc.
4017 879 4074 922 et

2515 972 2734 1016 centum
2780 963 2946 1018 libras
2982 980 3040 1018 se
3069 963 3206 1017 dixit
3239 963 3440 1015 habere
3462 1003 3476 1026 ,
3525 976 3662 1029 quas
3690 963 3882 1014 eadem
3937 961 4072 1014 hora

2515 1053 2771 1129 p‘mcepit
2794 1053 2999 1116 aﬂ‘erri,
3033 1054 3224 1106 dicens
3253 1072 3266 1104 :
3300 1052 3378 1105 Tu
3412 1053 3534 1120 quid
3583 1067 3709 1118 opus
3738 1052 3891 1103 habes
3924 1052 4072 1103 solli—

2514 1143 2713 1194 citari!
2746 1144 2946 1210 prande
2975 1158 3194 1206 mecum,
3217 1152 3266 1195 et
3297 1141 3421 1196 tolle
3463 1141 3621 1194 libras
3650 1141 3845 1202 decem,
3897 1150 3945 1193 et
3991 1141 4070 1193 his

2513 1231 2644 1283 uade
2675 1239 2965 1284 contentus.

2584 1321 2741 1374 Anno
2782 1321 2994 1390 imperii
3024 1320 3109 1374 sui
3135 1335 3281 1375 nono
3302 1321 3644 1390 Nicephorus
3681 1331 3870 1375 contra
3907 1321 4069 1375 Chri-

2515 1412 2724 1465 stianos
2755 1410 3173 1465 adiuventiones
3203 1413 3470 1475 extendit,
3515 1412 3895 1481 inspectione:
3950 1412 4068 1465 siue

2513 1502 2624 1555 Deo
2648 1503 2701 1556 in
2735 1503 3104 1571 emptionibus
3149 1503 3529 1560 animantium.
3580 1503 3922 1557 diversorum
3981 1518 4071 1569 pa-

2515 1593 2770 1646 bulorum
2798 1608 2860 1646 ac
2893 1593 3168 1647 fructuum
3201 1593 3452 1663 injustas,
3503 1593 3842 1646 titulationes
3891 1601 3946 1644 et
3992 1591 4075 1660 ja-

2514 1692 2698 1737 cturas
2716 1683 3050 1754 principum,
3079 1683 3449 1738 tenor-stiones
3479 1684 3534 1737 in
3567 1683 3821 1745 navibus,
3843 1683 3934 1751 qui
3957 1673 4076 1734 orn-

2513 1773 2676 1829 nibus
2738 1774 2912 1843 legem
2975 1774 3215 1843 ponebat
3263 1789 3331 1830 ne
3377 1774 3445 1828 ad
3497 1789 3720 1839 usuram
3775 1773 4074 1842 quidquam

854 1872 921 1925 Et
967 1870 1034 1923 ad
1091 1877 1342 1937 quartam
1408 1867 1704 1934 nequitiam
1761 1881 1912 1918 suam
1967 1863 2174 1916 reditus
2226 1877 2413 1917 omnes
2446 1857 2488 1917 Β
2520 1864 2877 1927 tribueretur,
2905 1874 2960 1919 et
2981 1865 3086 1920 alia
3107 1863 3248 1919 dena
3269 1865 3722 1922 milliamalorum
3743 1873 4076 1926 commenta.

852 1963 1037 2033 augeri
1068 1962 1348 2032 przecepit.
1377 1957 1578 2023 Quinta
1613 1972 1743 2009 vero
1770 1955 2059 2009 amictione
2091 1955 2234 2007 illata
2266 1970 2295 2006 a
2325 1969 2416 2006 ve-

856 2055 1188 2109 nerabilium
1257 2051 1544 2103 domorum
1605 2047 1908 2115 inquilinis,
1965 2046 2415 2114 orphanotrophii

855 2148 1073 2200 scilicet
1098 2152 1152 2197 et
1185 2142 1560 2210 hospitalium,
1610 2139 2042 2208 gerocomiorum
2095 2153 2312 2206 quoque
2353 2153 2417 2192 ac

857 2238 1223 2291 ecclesiarum
1249 2244 1304 2287 et
1343 2233 1800 2292 monasteriorum
1835 2231 2116 2300 regalium.
2147 2246 2246 2300 per
2299 2231 2415 2284 siu-

857 2329 1013 2392 gnlos
1041 2322 1192 2377 focos
1234 2337 1432 2376 census
1477 2319 1620 2389 exigi
1647 2337 1676 2372 a
1716 2321 1892 2388 primo
1943 2319 2248 2389 tyrannidis
2299 2321 2418 2388 ejus

853 2431 998 2469 anno
1026 2414 1301 2484 prmcepit.
1333 2414 1602 2467 Caeterum
1639 2427 1882 2480 quaequae
1917 2411 2141 2467 meliora
2171 2411 2408 2466 erantin

856 2505 1037 2568 rebus,
1085 2504 1136 2556 in
1168 2505 1369 2572 regiam
1406 2503 1737 2556 curatoriam
1781 2501 2244 2571 del'crrijubebat.
2281 2501 2414 2555 Sex-

857 2605 968 2647 tam
1003 2609 1351 2648 commovens
1384 2593 1756 2652 aﬂlictionem,
1797 2591 1991 2660 inspici
2020 2608 2050 2644 a
2093 2594 2414 2660 praetoribus
2448 2627 2477 2647 ι.

861 2684 1019 2752 jubet
1051 2699 1148 2736 eos
1178 2684 1270 2751 qui
1300 2699 1366 2736 ex
1406 2689 1721 2750 paupertate
1753 2691 1975 2748 repente
2009 2682 2177 2738 creati
2208 2690 2411 2744 essent,

856 2784 913 2827 et
942 2773 1010 2825 ab
1043 2774 1126 2825 his
1166 2773 1424 2840 pecunias
1451 2771 1590 2837 exigi
1612 2770 1765 2838 quasi
1794 2770 1861 2822 ab
1889 2770 2266 2824 inventoribus
2296 2771 2415 2823 the-

857 2878 1167 2918 saurorum.
1224 2861 1525 2930 Sepiimam
1550 2875 1768 2929 quoque
1807 2859 2164 2913 adinveniens
2191 2875 2288 2914 eos
2317 2860 2411 2928 qui

857 2963 988 3034 ante
1016 2954 1084 3007 ‘20
1105 2968 1276 3007 annos
1307 2952 1650 3015 invenerant,
1679 2960 1738 3004 et
1771 2966 1942 3020 usque
1975 2950 2157 3007 adhuc
2207 2950 2412 3006 dolium

856 3053 952 3096 aut
981 3059 1074 3096 vas
1094 3041 1480 3112 quodcunque,
1510 3042 1769 3096 omnibus
1819 3041 2056 3112 propriis
2088 3040 2286 3110 privari
2317 3056 2412 3110 pe-

857 3134 1055 3185 cuniis.
1089 3132 1372 3196 Octavam,
1392 3146 1487 3185 eos
1515 3131 1608 3199 qui
1639 3146 1705 3185 ex
1733 3133 1846 3185 avis
1877 3132 1961 3185 vel
2009 3130 2257 3201 patribus
2299 3131 2411 3185 hi2-

2528 1967 2761 2022 quorum
2798 1955 3148 2022 particularis
3182 1944 3427 2009 historia'
3442 1969 3675 2009 onerosa
3725 1963 3812 2008 est
3861 1953 3946 2009 bis
3981 1953 4076 2022 qui

2515 2043 2931 2112 compendiosas
2962 2043 3174 2098 discere
3205 2059 3397 2098 causas
3445 2045 3762 2112 exquirunt.
3817 2043 3934 2097 Kal.
3982 2057 4077 2097 au—

2521 2145 2630 2189 tem
2657 2133 3007 2195 Octobribus.
3041 2135 3201 2188 tertia
3235 2134 3393 2199 feria,
3416 2134 3702 2204 evaginato
3720 2132 3944 2202 quidam
3963 2132 4078 2186 dis-

2516 2229 2724 2298 sipatus
2748 2226 2803 2280 in
2832 2225 3024 2280 habitu
3053 2225 3304 2280 monachi
3335 2226 3515 2296 gladio
3533 2224 3817 2311 cujusdam
3836 2218 4077 2278 militan-

2521 2324 2654 2376 tium
2687 2319 2932 2375 cucurrit
2971 2320 3028 2373 in
3054 2320 3338 2388 palatium,
3372 2319 3740 2390 Nicephorum
3767 2315 4077 2371 interficere

2520 2425 2792 2482 quaerens.
2828 2410 2944 2465 Duo
2973 2425 3102 2464 vero
3133 2427 3200 2464 ex
3233 2409 3320 2463 his
3348 2409 3442 2478 qui
3493 2405 3948 2467 circumstabant,
4004 2403 4083 2456 ir-

2517 2513 2740 2555 ruentes
2774 2500 2831 2553 in
2866 2516 3016 2562 eum,
3050 2500 3313 2554 atrociter
3362 2499 3639 2554 vulnerati
3687 2509 3815 2555 sunt
3841 2496 3911 2549 ab
3961 2495 4076 2549 illo.

2514 2592 2957 2661 (Zumprehensus
2995 2601 3176 2646 autem
3207 2598 3263 2645 et
3290 2589 3482 2644 multis
3523 2588 3710 2658 penis
3726 2587 3954 2641 all‘ectus
3980 2599 4081 2638 es-

2515 2684 2835 2746 cusavitse,
2890 2681 3220 2738 daemonium
3276 2680 3481 2734 habere
3531 2678 3902 2748 praetendens.
3956 2675 4080 2728 nul.

2516 2775 2741 2841 lumque
2767 2787 2995 2841 prorsus
3036 2786 3320 2825 accusans.
3349 2768 3418 2823 At
3469 2767 3561 2822 ille
3616 2767 3765 2820 hunc
3814 2765 3871 2818 in
3932 2763 4082 2834 ligno

2518 2861 2759 2917 munivit
2786 2877 2911 2915 cum
2943 2860 3306 2930 patientibus.
3358 2857 3511 2914 Multi
3541 2867 3673 2927 ergo
3695 2855 3958 2926 deinceps
3985 2870 4085 2909 auo

2515 2953 2692 3024 gurati
2721 2960 2872 3015 sunt,
2899 2950 3142 3006 enormis
3170 2949 3290 3005 fore
3319 2951 3446 3004 mali
3479 2949 3586 3005 hoc
3612 2949 3825 3020 signum
3861 2961 4084 3001 asseve-

2518 3053 2703 3098 rantes
2736 3053 2844 3110 tam
2878 3041 3281 3111 imperantibus
3305 3056 3469 3111 quam
3503 3039 3782 3112 subjectis,
3814 3035 4082 3109 quemadg

2517 3135 2738 3190 modum
2763 3145 2819 3190 et
2841 3135 2896 3188 in
2923 3132 3091 3203 impio
3121 3133 3372 3199 Nestorio
3399 3131 3600 3186 iactum
3625 3139 3728 3186 est.
3759 3129 4086 3184 Manichae-

861 3222 1235 3276 reditaverant
1286 3230 1341 3274 et
1390 3221 1564 3274 divisa
1609 3222 1914 3275 substantia
1974 3237 2241 3290 pauperes
2291 3222 2487 3283 factic
2520 3243 2642 3281 rum
2691 3241 2864 3290 vero,
2910 3227 3020 3296 qui
3099 3241 3247 3280 nunc
3313 3222 3614 3280 Pauliciani
3679 3234 3736 3278 et
3791 3219 4085 3302 Athingani

859 3312 1192 3374 fuerant,“
1221 3310 1425 3362 eisdem
1454 3310 1612 3363 annis
1638 3310 1708 3361 20
1750 3311 2172 3364 redhibitionem
2201 3311 2421 3379 publico

866 3402 1112 3468 praebere
1138 3399 1386 3466 jubebat.
1440 3397 1507 3449 Et
1535 3413 1630 3448 eos
1671 3398 1766 3464 qui
1811 3407 2059 3450 emerant
2091 3408 2244 3450 extra
2279 3401 2424 3468 Aby-

860 3491 991 3544 dum
1017 3504 1245 3558 corpora
1273 3487 1514 3550 servilia,
1543 3487 1668 3541 bina
1701 3487 2031 3540 numismata
2063 3486 2116 3540 iu
2160 3487 2423 3541 tributum

861 3583 994 3635 dare
1043 3581 1320 3650 praecepit,
1384 3581 1616 3632 maxime
1669 3579 1790 3632 illos
1840 3579 1934 3649 qui
1987 3579 2042 3633 in
2090 3579 2424 3634 Dodecam'so

857 3683 1034 3730 erant.
1070 3671 1298 3734 Nonam,
1333 3685 1636 3730 nauccros.
1669 3671 1759 3738 qui
1789 3669 2108 3723 habitabant
2130 3669 2421 3733 maritima,

860 3776 916 3822 et
972 3762 1202 3818 maxime
1293 3764 1520 3816 minoris
1588 3763 1766 3826 Asiae,
1845 3767 2121 3833 nunquam
2206 3771 2424 3818 terreno

859 3858 1047 3912 labore
1080 3854 1350 3918 viventes,
1397 3871 1581 3909 emere
1635 3854 1703 3909 de
1746 3854 1912 3908 rebus
1942 3870 2064 3924 qua:
2085 3855 2153 3909 ab
2194 3855 2288 3909 illo
2337 3872 2426 3911 ra-

861 3950 1150 4019 piebantur
1204 3948 1487 4016 cogebat,
1524 3955 1804 4016 utcunque
1866 3947 2305 4017 apprctiarentur
2356 3949 2424 4004 ab

863 4041 1001 4110 ipso.
1033 4038 1332 4099 Decimam,
1360 4037 1668 4107 insignibus
1709 4036 2262 4105 Constantinopoleos
2292 4054 2431 4092 nau-

862 4129 1053 4184 cleriis
1075 4128 1323 4183 collectis
1364 4128 1516 4182 dedit
1547 4129 1616 4183 ad
1648 4143 1870 4182 usuram
1922 4137 2159 4197 quatuor
2190 4128 2415 4198 siliqua-

863 4235 984 4272 rum
1017 4221 1308 4282 nomisma,
1337 4235 1462 4273 cum
1504 4221 1625 4273 auri
1667 4219 1927 4273 librarum
1961 4218 2250 4272 duodecim
2299 4236 2426 4291 per-

863 4309 1165 4372 solverent,
1213 4309 1375 4362 simul
1415 4317 1471 4360 et
1507 4317 1772 4361 consueta
1814 4308 2164 4362 commercia.
2194 4308 2317 4366 liae
2359 4327 2427 4365 ex

865 4401 1050 4454 multis
1090 4399 1221 4451 mihi
1262 4400 1577 4451 summatim
1629 4413 1802 4466 pauca
1832 4398 2107 4468 descripta
2153 4411 2306 4465 sunt,
2353 4405 2428 4458 εί-

864 4489 1145 4559 gnilieanti
1181 4486 1565 4540 multimodum
1622 4485 1740 4554 ejus
1791 4485 1858 4540 ad
1911 4501 2131 4542 omnem
2186 4490 2425 4561 speciem

864 4581 1113 4634 avaritiae
1145 4577 1427 4632 molimen.
1460 4572 1590 4640 Quae
1617 4576 1764 4630 enim
1790 4576 1844 4633 in
1875 4576 2023 4649 regia
2054 4578 2190 4634 urbe
2223 4581 2430 4650 primo-

868 4671 1021 4723 ribus
1053 4669 1426 4722 mediocribus
1466 4676 1526 4719 et
1574 4667 1788 4737 exiguis
1838 4678 2059 4726 ostensa
2100 4682 2228 4727 sunt
2267 4673 2429 4737 mala,

867 4768 1150 4828 nequeunt
1194 4758 1384 4820 scribi,
1421 4757 1558 4810 alios
1579 4761 1798 4826 quidem
1819 4774 1886 4815 eo
1912 4762 2271 4833 iuvestigante
2300 4777 2435 4832 qua-

865 4853 993 4906 liter
1020 4842 1491 4913 domi'viverent,
1544 4863 1608 4902 ac
1658 4851 2015 4905 submittento
2070 4854 2431 4924 malignorum

867 4939 1136 5008 quosdam
1189 4952 1477 4990 servorum
1529 4937 1825 5006 derogandi
1857 4939 2118 5004 dominis,
2149 4950 2206 4994 et
2236 4942 2291 4995 in
2321 4942 2436 5012 pri-

868 5031 1101 5086 mortliis
1128 5030 1285 5099 quasi
1317 5029 1604 5083 dubitante
1628 5045 1794 5098 super
1816 5031 1902 5085 his
1925 5047 2046 5100 quae
2085 5032 2434 5098 dicebantur,

867 5122 1071 5180 deinde
1114 5137 1245 5175 vero
1283 5121 1589 5175 afﬁrmante
1640 5122 1991 5176 calumniam.
2024 5123 2080 5176 id
2131 5123 2308 5193 ipsum
2341 5141 2438 5179 au-

871 5229 978 5272 tem
1006 5226 1062 5270 et
1092 5230 1260 5285 super
1290 5214 1624 5284 ignobilibus
1642 5213 1887 5281 gerebat,
1914 5214 2108 5284 dignos
2133 5215 2437 5271 honoribus

862 5311 1118 5380 judicans
1160 5307 1536 5362 detrahentes.
1577 5306 1848 5360 l’rmterea
1897 5305 2186 5361 domorum
2233 5307 2439 5364 multos

869 5405 1243 5458 habitatorum
1272 5416 1300 5454 a
1329 5401 1500 5471 prima
1526 5400 1578 5451 in
1608 5399 1825 5452 tertiam
1867 5399 2269 5468 generationem
2302 5401 2440 5456 sub-

869 5495 1144 5557 vertebat,
1180 5510 1275 5564 spe
1301 5492 1479 5548 fretus
1507 5492 1656 5562 quod
1681 5498 1890 5560 quanto
1918 5491 2155 5546 celerius
2186 5500 2435 5558 ruerent,

872 5595 1024 5640 tanto
1062 5587 1162 5641 has
1198 5588 1314 5656 ipse
1348 5585 1492 5640 {oret
1520 5583 1845 5639 haereditate
1863 5583 2027 5639 citius
2057 5599 2438 5654 possessurus.

871 5677 1105 5745 Dignum
1137 5689 1324 5734 autem
1357 5688 1442 5734 est
1467 5687 1527 5732 ut
1554 5685 1613 5731 et
1646 5675 1752 5730 hoc
1785 5691 1951 5732 causa
2000 5677 2296 5746 voluptatis
2343 5691 2441 5732 seu

866 5771 1263 5842 paradigmatis
1302 5771 1580 5829 memoria
1606 5767 2076 5826 commendemus.
2124 5767 2444 5827 Cer‘ularius

2522 3318 2802 3380 dicuntur,
2829 3317 3034 3386 quique
3061 3317 3117 3369 in
3150 3315 3382 3385 Phrygia
3410 3323 3470 3369 et
3490 3313 3760 3384 Lycaonia
3802 3310 4095 3367 constituti

2523 3405 2768 3457 confines
2804 3414 2860 3457 et
2889 3404 3054 3457 vicini
3082 3407 3202 3472 ejus
3224 3397 3590 3464 habebantur,
3624 3401 3834 3454 amicus
3867 3399 4086 3453 ferven-

2525 3493 2778 3548 tissimus
2799 3501 2938 3556 erat,
2981 3492 3261 3560 responsis
3291 3505 3486 3546 eorum
3539 3503 3754 3554 semper
3783 3496 3839 3541 et
3888 3488 4087 3540 inuno-

2525 3584 2823 3638 lationibus
2853 3582 3280 3654 congratulatus,
3341 3581 3398 3634 in
3460 3580 3684 3651 quibus.
3747 3587 3804 3634 et
3868 3577 4090 3648 quando

2527 3673 2807 3728 Bardanus
2836 3671 3102 3743 patricius
3130 3680 3319 3727 contra
3344 3686 3402 3725 se
3435 3668 3756 3735 insurrexit,
3791 3667 3879 3722 his
3919 3667 4088 3722 advo-

2526 3766 2664 3821 catis
2695 3764 2844 3820 bunc
2877 3763 3255 3820 molitionibus
3286 3763 3530 3834 ipsorum
3580 3761 3817 3830 subegit.
3849 3759 4092 3816 Taurum

2527 3858 2732 3930 quippe
2769 3856 2825 3911 in
2870 3854 3108 3926 quodam
3151 3856 3272 3910 lacu
3307 3855 3488 3910 ferreo
3524 3854 3648 3925 palo
3678 3853 3939 3915 cornibus
3973 3853 4092 3910 alli-

2527 3963 2663 4019 gans
2697 3947 2762 4002 ad
2797 3957 3000 4002 terram
3029 3948 3408 4011 incurvatum,
3444 3946 3525 4000 sic
3577 3945 3707 3999 dum
3760 3944 3996 4016 mugiret
4040 3953 4095 3999 et

2527 4040 2874 4092 volutaretur
2902 4037 3082 4090 occidi
3121 4036 3276 4101 fecit,
3322 4035 3597 4107 huiusque
3624 4046 3834 4090 vestem
3863 4035 3917 4088 in
3953 4034 4094 4096 mota

2529 4145 2688 4184 versa
2705 4131 2826 4183 vice
2857 4129 3068 4184 molens
3092 4135 3149 4183 et
3167 4127 3638 4183 incantationibus
3659 4140 3792 4179 usus
3810 4125 4097 4180 victoriam

2530 4223 2675 4286 tulit,
2705 4222 3055 4292 permittente
3083 4220 3196 4274 Deo
3211 4228 3437 4289 propter
3463 4215 3869 4274 multitudinem
3907 4231 4100 4293 pecca-

2531 4324 2712 4369 torum
2732 4323 3064 4368 nostrorum.
3083 4310 3180 4366 lati
3204 4313 3385 4363 locum
3409 4306 3511 4367 sub
3527 4308 3761 4379 imperio
3781 4310 3902 4380 ejus
3915 4307 4098 4378 adepti

2531 4416 2661 4462 sunt
2711 4403 2984 4471 intrepide
3009 4398 3408 4465 conversandl;
3442 4399 3780 4473 unde_multl
3833 4399 4100 4458 leviorum

2537 4493 2778 4549 infandis
2828 4505 3023 4545 eorum
3049 4488 3300 4559 corrupti
3325 4501 3456 4548 sunt
3482 4491 3670 4548 sectis.
3696 4490 3755 4547 in
3803 4491 4104 4549 Exacionio

2537 4597 2670 4645 vero
2721 4577 2942 4649 quidam
3004 4577 3175 4632 falsus
3223 4577 3460 4635 οι·αυίιδ
3483 4580 3740 4636 Nicolaus
3783 4581 4010 4637 nomine
4049 4590 4108 4638 et

2540 4669 2763 4740 quidam
2789 4661 2914 4724 cum
2940 4681 3008 4723 eo
3031 4666 3332 4739 blasphemi
3362 4667 3493 4724 facti
3525 4668 3745 4726 fuerant
3771 4670 3938 4731 etiam
3967 4655 4102 4726 recti

2539 4755 2812 4817 sermonis
2858 4752 3370 4831 venerabillumque
3428 4761 3730 4833 imaginum
3781 4761 4107 4824 adversarii.

2538 4869 2679 4922 quos
2712 4845 3456 4923 Nieepborus'delendebat,
3488 4864 3548 4910 et
3600 4869 3876 4911 summum
3926 4869 4107 4910 sacerL

2534 4945 2717 5000 dotem
2767 4957 3070 5013 omnesque
3097 4942 3402 5003 secundum
3429 4945 3600 5008 Deum
3631 4946 3880 5001 viventes
3921 4945 4111 5001 tristes

2533 5037 2635 5091 hac
2662 5053 2762 5107 pro
2786 5051 2951 5092 causa
2982 5033 3266 5091 reddebat.
3285 5035 3440 5109 Sapo
3458 5053 3701 5108 namque
3722 5037 3986 5094 adversus
4012 5054 4110 5094 eos

2533 5128 2939 5196 queritantibus
2961 5126 3275 5196 indignatus
3292 5139 3396 5192 est,
3420 5127 3738 5182 inimicitias
3755 5127 3989 5182 invicem
4017 5143 4112 5184 eo—

2531 5219 2864 5288 agitantibus
2915 5217 3072 5274 valde
3119 5221 3536 5290 congratularis,
3574 5217 3833 5275 deridens
3891 5233 4111 5280 omnem

2541 5308 2914 5375 Christianum
2925 5310 3236 5383 proximum
3267 5312 3586 5384 diligentem
3606 5311 3775 5367 veluti
3800 5311 4113 5368 divinorum

2545 5403 2924 5466 mandatorum
2946 5393 3172 5458 eversor
3194 5419 3210 5467 ;
3230 5404 3321 5459 cui
3337 5406 3582 5460 studium
3611 5412 3734 5459 erat
3748 5403 3954 5473 judicia
3981 5403 4117 5462 trra.

2545 5495 2828 5552 tionabilia
2855 5506 2914 5552 et
2929 5495 3274 5559 rationabilis
3299 5505 3490 5556 contra
3513 5510 3732 5556 omnem
3762 5497 4039 5552 hominem
4057 5497 4117 5556 In

2550 5582 2856 5658 Magnaura:
2881 5587 3125 5660 pensito
3171 5587 3575 5656 commovendi,
3607 5602 3731 5658 qua:
3759 5602 3922 5646 uerno
3956 5603 4119 5666 vaca-

2551 5688 2633 5734 ret
2656 5695 2819 5751 agere
2851 5680 3114 5744 adversus
3143 5671 3477 5759 impietatcs
3499 5677 3640 5751 ejus.
3677 5678 3925 5759 Denique
3973 5681 4121 5736 mili-

2550 5779 2698 5827 tares
2719 5770 3001 5845 principes
3038 5758 3191 5829 more
3223 5787 3510 5830 servorum
3539 5772 3619 5829 uti
3647 5758 3925 5849 episcopis
3953 5781 4007 5830 ot
4037 5773 4121 5830 in-
