4414 6462
426 441 567 515 ltl'l

1240 440 1609 504 HISTORIA
1650 438 2225 501 ECCI.ESIASTICA
2254 438 2351 499 EX
2380 438 2867 500 'I'IIEOPIIANE.

3553 443 3690 510 1418

425 558 646 619 ferioris
684 556 896 614 ordinis
924 554 1145 611 clericis
1169 554 1353 627 jussit,
1408 552 1696 608 audituros
1727 553 2010 621 episcopia
2042 562 2081 609 Α
2112 550 2292 612 cabat.
2322 560 2376 607 et
2407 550 2774 622 principibus,
2818 550 2913 621 qui
2962 551 3251 609 introitum
3296 553 3695 627 ‘inbibuorant,

422 664 478 711 et
508 652 862 715 monasteria,
891 659 948 705 et
978 648 1065 703 his
1095 663 1218 718 quae
1241 662 1436 703 eorum
1470 656 1658 700 essent
1692 644 2009 699 auctorabi-

422 746 549 800 liter
569 742 877 805 abusuros;
929 753 1139 807 eosque
1162 739 1258 808 qui
1284 753 1314 791 a
1347 736 1551 791 saeculo
1576 736 1783 791 divinis
1805 744 2005 789 contu-

422 837 601 889 lerant
623 831 906 901 obsequiis
920 845 1087 905 aurea
1107 831 1194 884 vel
1216 835 1475 899 argentea
1492 843 1621 883 vasa
1638 825 2005 897 vituperabat,

421 937 477 982 et
505 925 867 981 ecclesiarum
896 937 1128 993 qumque
1179 930 1394 976 sacrata
1453 936 1551 992 pro
1609 919 2007 976 communibus

424 1019 617 1075 haberi
654 1018 881 1088 dignum
913 1016 1034 1071 fore
1054 1015 1479 1085 dogmatizabat,
1521 1015 1694 1069 instar
1716 1012 1872 1067 Judae
1901 1013 2007 1067 tale

426 1111 561 1180 quid
613 1126 781 1181 super
817 1109 1105 1164 Dominico
1138 1106 1489 1162 decernentis
1528 1114 1834 1177 unguento.
1893 1107 2004 1160 An-

426 1214 729 1259 tecessores
761 1218 893 1256 vero
939 1215 1070 1255 suos
1113 1199 1476 1269 imperatores
1524 1198 1813 1252 universos
1857 1198 2008 1251 velut

426 1294 765 1367 improvidos
792 1292 1104 1358 accusabat,
1133 1292 1467 1362 generaliter
1519 1290 1765 1344 omnium
1820 1290 2006 1361 provi-

424 1367 664 1444 d‘entiam
689 1388 966 1452 auferens,
992 1388 1240 1443 simulet
1278 1387 1469 1442 dicens
1513 1387 1789 1441 neminem
1844 1400 2007 1455 posse

425 1482 784 1551 imperantem
817 1479 1242 1542 circumveniri,
1279 1478 1323 1531 si
1352 1478 1589 1532 voluerit
1616 1480 1661 1532 is
1693 1480 1789 1548 qui
1835 1478 2007 1545 impe-

423 1580 507 1626 rat
536 1582 767 1626 strenue
801 1571 1176 1641 principatum
1207 1579 1418 1626 tenere.
1448 1571 1553 1626 Sed
1599 1586 1776 1625 vanus
1827 1569 2004 1624 factus

421 1673 506 1721 est
549 1664 603 1719 in
665 1664 1100 1734 cogitationibus
1150 1664 1267 1718 suis
1322 1664 1588 1718 divinitus
1642 1663 1996 1739 occidendus.

422 1758 634 1812 Interea
664 1773 850 1811 mense
893 1755 1197 1811 Februario
1226 1757 1476 1827 ejusdem
1529 1755 1758 1811 decima:
1791 1767 2002 1826 quartae

422 1850 762 1914 indictionis,
795 1851 974 1919 primo
1006 1850 1233 1905 sabbato
1263 1851 1622 1921 jejuniorum,
1679 1850 1825 1905 obvii
1871 1850 1998 1904 facti

422 1944 681 1999 Saraceni
711 1959 883 2012 penes
910 1943 1233 1999 Euchaitam
1260 1943 1430 1997 Leoni
1462 1942 1680 2013 praetori
1713 1943 2001 1998 Armenia-

426 2053 643 2100 corum,
680 2036 949 2091 deferenti
977 2023 1463 2106 thematisrogam,
1496 2037 1637 2091 hanc
1656 2036 2001 2090 abstulerunt

418 2144 544 2182 cum
564 2129 922 2183 multitudine
949 2128 1138 2198 populi
1168 2119 1409 2198 copiosa.
1438 2129 1670 2183 'Talenta
1694 2144 1824 2183 vero
1841 2138 1999 2183 erant

415 2221 715 2287 sexdecim,
740 2237 860 2290 qua:
890 2230 1021 2275 sunt
1053 2221 1206 2275 librae
1228 2222 1377 2275 mille
1412 2232 1467 2275 et
1498 2229 1781 2275 trecentae.
1804 2222 1872 2275 Et
1896 2237 1999 2275 nec

415 2313 495 2367 sic
520 2313 849 2383 redargutus
878 2313 1224 2382 Nicephorus
1258 2315 1327 2368 ab
1357 2313 1587 2367 avaritia
1613 2329 1711 2368 sua
1740 2315 1995 2368 cessavit.

414 2406 472 2461 In
497 2406 581 2460 his
610 2421 741 2475 ergo
774 2406 946 2475 signis
982 2421 1159 2460 novus
1212 2406 1404 2460 Achab
1445 2421 1554 2461 non
1590 2407 1873 2471 eruditus;
1898 2407 1993 2476 qui

412 2507 625 2560 contra,
645 2498 935 2551 Phalaride
959 2512 1025 2551 ac
1047 2497 1189 2551 Mida
1210 2498 1566 2553 ambitiosior
1589 2499 1785 2561 factus,
1804 2508 1994 2552 contra

415 2589 675 2659 Vulgares
727 2588 976 2658 praelium
1034 2600 1311 2660 praeparat
1368 2608 1478 2646 una
1528 2607 1653 2647 cum
1708 2591 1996 2646 Stauracio

412 2679 524 2734 lilio
559 2697 679 2733 suo.
722 2681 791 2733 Et
832 2680 980 2735 Julio
1012 2698 1202 2738 mense
1233 2699 1263 2736 a
1308 2684 1456 2754 regia
1502 2685 1639 2738 urbe
1688 2683 1990 2754 digressus,

403 2772 566 2840 jussit
586 2772 789 2827 Niceten
814 2774 1047 2843 patricio
1076 2782 1131 2829 et
1161 2777 1401 2845 generali
1428 2777 1719 2845 logotheta:
1745 2777 1992 2847 publicos

406 2864 765 2919 ecclesiarum
809 2873 865 2919 et
912 2868 1372 2922 monasteriorum
1435 2884 1633 2923 census
1684 2868 1990 2938 imponere,

406 2965 462 3009 et
514 2965 642 3010 octo
699 2973 969 3012 annorum
1033 2961 1440 3029 praeteritorum
1507 2962 1909 3016 redhibitiones
1962 2978 1992 3015 a

406 3048 723 3118 principum
793 3050 1054 3106 domibus
1121 3053 1360 3122 exigere,
1420 3064 1477 3107 et
1530 3063 1649 3108 erat
1693 3055 1989 3109 lamentum

408 3155 684 3209 magnum.
712 3140 849 3195 Cum
885 3150 1069 3195 autem
1099 3145 1505 3212 querimoniam
1535 3145 1754 3200 audiret
1800 3162 1827 3200 a
1854 3162 1991 3216 quo-

2114 642 2450 697 miuabatur.
2512 642 2918 697 lrrationabilia
2972 658 3205 714 quaeque
3249 646 3572 714 animantia,
3611 648 3698 704 in,

2110 734 2288 790 fantes
2326 742 2385 789 et
2421 748 2641 788 omnem
2691 742 2908 790 aetatem
2959 735 3474 795 immisericorditer
3510 739 3693 796 occidi

2110 826 2392 897 praecepit,
2421 833 2479 880 et
2503 833 2720 879 mortua
2746 826 3301 894 comprovincialium
3333 843 3572 900 corpora
3590 831 3696 893 ,ἰη-

2109 918 2325 986 sepulta
2353 915 2586 982 dimisit,
2622 918 2794 972 solius
2833 918 3139 987 spoliorum
3182 916 3533 976 collectionis
3567 922 3694 976 dili-

2108 1010 2347 1081 gentiam
2389 1009 2621 1066 faciens.
2656 1009 2854 1066 Claves
2887 1020 3069 1067 autem
3103 1022 3160 1068 et
3206 1013 3490 1083 signacula
3524 1030 3695 1085 pene-

2108 1100 2343 1156 tralibus
2399 1101 2627 1156 Crumni
2678 1104 3186 1183 superimponebat,
3220 1122 3287 1161 ea
3348 1116 3411 1162 ut
3467 1108 3694 1178 propria

2107 1192 2177 1247 de
2206 1200 2406 1249 caetero
2447 1194 2726 1273 muniens.
2787 1194 2964 1250 Aures
3017 1197 3185 1251 etiam
3246 1206 3304 1252 et
3362 1207 3692 1268 caeterorum

2107 1285 2555 1341 Christianorum
2619 1285 2912 1352 membra,
2973 1288 3068 1357 qui
3131 1290 3326 1356 saltem
3379 1290 3695 1362 tetigissent

2107 1382 2407 1452 quidquam
2441 1397 2509 1436 ex
2539 1382 2756 1451 spoliis,
2782 1382 3123 1447 abscidebat,
3149 1392 3205 1438 et
3224 1384 3407 1439 aulam
3446 1385 3694 1441 incendit

2107 1493 2230 1546 qua:
2254 1476 2546 1531 dicebatur
2572 1477 2742 1531 cortis
2769 1466 3025 1541 Grumni,
3058 1492 3186 1533 cum
3224 1478 3342 1547 ipse
3388 1478 3692 1535 vehemen-

2107 1578 2190 1624 ter
2218 1575 2367 1623 esset
2398 1568 2745 1631 humiliatus,
2774 1578 2831 1623 et
2864 1560 3231 1639 signiﬁcasset
3274 1571 3468 1626 dicens
3504 1589 3518 1626 :
3559 1572 3692 1638 Ecce

2103 1663 2292 1715 vicisti.
2328 1659 2473 1714 Tolle
2501 1676 2626 1731 ergo
2671 1662 2945 1731 quidquid
2974 1663 3065 1716 tibi
3114 1662 3377 1731 placabile
3413 1666 3591 1735 fuerit,
3641 1676 3693 1719 et

2105 1755 2350 1825 egredere
2378 1756 2433 1808 in
2459 1772 2604 1825 pace.
2643 1756 2712 1809 At
2738 1756 2849 1819 ille,
2881 1771 3007 1810 cum
3039 1756 3194 1825 pacis
3220 1766 3368 1812 esset
3398 1757 3686 1823 inimicus,

2110 1848 2253 1902 hanc
2286 1848 2581 1903 admittere
2617 1848 2816 1903 noluit.
2855 1849 2914 1904 In
2963 1849 3166 1920 quibus
3200 1831 3581 1917 saeviensfille
3632 1851 3690 1905 in

2109 1942 2349 2012 regionis
2386 1942 2648 1997 introitus
2694 1951 2750 1995 et
2780 1942 2961 1997 exitus
3010 1943 3189 2013 lignea
3227 1945 3532 1999 munimina
3566 1945 3693 2000 mit-

2106 2044 2228 2090 tens
2253 2036 2493 2090 maceria
2524 2036 2905 2091 circumdabat
2935 2046 3100 2107 atque
3141 2040 3361 2093 tulavit.
3410 2039 3690 2111 Nicephoo

2105 2142 2201 2179 rus
2231 2134 2413 2180 autem
2446 2126 2551 2181 hoc
2578 2140 2865 2197 comperto
2896 2143 3025 2182 mox
3078 2130 3369 2193 attonitus,
3424 2131 3690 2199 quidnam

2101 2228 2289 2288 ageret
2317 2219 2651 2274 circumiens
2674 2219 2984 2291 ignorabat,
3013 2229 3068 2275 et
3091 2221 3305 2291 Μεκηυὶ
3338 2221 3505 2275 simul
3556 2221 3691 2275 atle-
3724 2205 3726 2208 l

2102 2321 2226 2366 rant
2246 2299 2490 2366 futuram
2521 2312 2888 2383 perditionem
2918 2312 3274 2382 praedicebat,
3310 2329 3644 2368 asseverans
3673 2332 3687 2367 :

2098 2401 2281 2455 Etiam
2306 2403 2350 2454 si
2373 2404 2588 2471 pennati
2615 2403 2742 2471 facti
2765 2402 3042 2471 fuerimus,
3065 2418 3121 2455 se
3158 2418 3312 2459 nemo
3364 2412 3535 2471 speret
3580 2404 3692 2463 eati-

2101 2495 2232 2547 tium
2257 2512 2555 2549 evasurum.
2616 2495 2742 2550 Hzec
2800 2505 2984 2549 autem
3040 2494 3320 2557 molimina
3374 2504 3533 2551 erant
3593 2511 3693 2565 per

2099 2585 2220 2641 dies
2260 2587 2418 2653 duos,
2451 2588 2700 2658 quintam
2731 2588 2990 2644 videlicet
3042 2597 3097 2643 et
3128 2598 3340 2645 sextam
3372 2588 3602 2653 feriam;
3634 2596 3692 2643 et

2097 2686 2260 2733 nocte
2286 2678 2509 2733 sabbati
2546 2679 2890 2735 turbationes
2925 2688 2981 2734 et
3010 2680 3299 2734 turbarum
3349 2689 3689 2744 armatarum

2097 2755 2244 2821 circa
2279 2767 2653 2837 Nicephorum
2678 2779 2734 2823 et
2756 2785 2851 2825 eos
2886 2770 2984 2839 qui
3019 2758 3144 2825 eum
3196 2770 3318 2840 ipso
3374 2780 3535 2826 erant
3584 2786 3689 2824 au-

2097 2859 2225 2913 ditae
2272 2861 2422 2915 acies
2476 2876 2668 2917 omnes
2709 2873 3137 2917 enervaverunt.
3192 2864 3333 2919 Ante
3390 2864 3501 2919 diei
3554 2878 3689 2935 ergo

2096 2952 2430 3023 principium
2457 2957 2912 3025 supervenientes
2942 2956 3171 3011 Barbari
3196 2966 3391 3012 contra
3427 2957 3690 3011 taberna-

2094 3044 2282 3100 culum
2317 3046 2608 3116 Nicephori
2641 3057 2695 3103 et
2729 3058 3011 3120 magnates
3039 3050 3132 3121 qui
3165 3065 3290 3105 cum
3334 3051 3457 3120 ipso
3504 3056 3686 3116 erant,
3721 3066 3725 3070 '

2095 3137 2245 3191 hunc
2330 3139 2727 3195 miserabiliter
2819 3126 3244 3209 interficiunt;
3326 3144 3473 3198 inter
3548 3157 3690 3212 quos

406 3231 533 3285 dam
563 3231 788 3300 proprio
831 3232 1064 3298 famulo,
1095 3235 1410 3289 Theodosio
1442 3236 1701 3291 videlicet
1747 3236 1992 3292 Salibara
2024 3246 2066 3303 c
2099 3243 2149 3282 el

1945 3238 2260 3303 racerant
2334 3229 2524 3285 Aetius
2595 3233 2833 3295 Petrus,
2898 3244 2955 3289 et
3031 3234 3312 3292 Sisinnius
3396 3235 3688 3307 Triphyles

405 3323 641 3393 patricio
671 3323 888 3377 dicente
914 3324 1018 3378 sibi
1053 3344 1067 3377 :
1100 3324 1317 3389 Omnes,
1348 3342 1377 3377 o
1408 3326 1640 3390 domine,
1670 3336 1856 3379 contra
1888 3345 1982 3381 nos

404 3413 668 3475 clamant,
711 3422 761 3464 et
808 3414 863 3465 in
896 3423 1130 3483 tempore
1157 3417 1467 3467 tentationis
1499 3432 1676 3469 omnes
1715 3420 1861 3471 casui
1890 3435 1986 3472 no-

402 3515 517 3558 stro
552 3503 1090 3573 congratulabunlur,
1134 3505 1212 3559 ait
1235 3506 1301 3560 ad
1339 3521 1465 3561 eum
1505 3524 1518 3560 :
1552 3506 1610 3562 Si
1639 3508 1777 3562 Deus
1825 3510 1986 3563 obdu-

404 3613 534 3649 rans
570 3596 844 3648 obduravit
888 3613 977 3649 cor
1004 3614 1175 3651 meum
1204 3608 1258 3651 ut
1298 3598 1534 3663 Pharao,
1571 3602 1697 3668 quid
1721 3603 1843 3655 boni
1889 3605 1988 3656 erit

403 3690 486 3740 his
516 3690 604 3757 qui
630 3689 722 3741 sub
754 3706 914 3741 manu
952 3706 1066 3741 mea
1092 3699 1215 3742 sunt
1242 3690 1266 3743 Ζ)
1296 3708 1326 3743 a
1351 3691 1666 3761 Nicephoro,
1717 3694 1985 3759 Theodosi,

403 3779 517 3830 noli
550 3788 856 3847 exspectare
890 3790 1082 3847 prmter
1112 3796 1231 3849 qua:
1262 3799 1292 3834 a
1318 3791 1364 3834 te
1392 3786 1801 3853 conspiciuntur.
1863 3788 1987 3842 Haec

406 3868 673 3922 Dominus
702 3870 873 3922 novit.
928 3870 1046 3939 Ipse
1082 3886 1183 3940 ego
1232 3873 1578 3943 conscriptor
1626 3875 1820 3931 horum
1868 3879 1987 3933 viva

401 3974 540 4014 voce
577 3961 762 4014 audivi
803 3977 831 4014 a
868 3962 1497 4021 Theodosio.Collectis
1543 3968 1727 4037 itaque
1752 3971 1986 4035 militiis,

401 4066 515 4104 non
541 4054 715 4105 solum
746 4067 812 4105 ex
841 4052 1079 4115 Thrace,
1106 4068 1296 4107 verum
1324 4056 1488 4111 etiam
1520 4072 1585 4112 ex
1606 4060 1984 4127 ulterioribus,

398 4160 528 4199 cum
559 4143 645 4197 his
669 4144 831 4198 etiam
864 4160 1072 4213 egenos
1102 4146 1318 4224 pedites
1349 4164 1472 4203 eum
1506 4152 1745 4221 propriis
1775 4154 1984 4224 stipen-

400 4234 510 4291 diis
547 4244 738 4289 contra
771 4236 1052 4305 Volgares,
1097 4222 1287 4293 fundis
1322 4249 1379 4294 et
1433 4241 1603 4313 virgis
1647 4222 1887 4301 armatos
1930 4255 1985 4300 et

402 4326 849 4395 blasphemantes
888 4328 1137 4381 minavit.
1186 4329 1464 4387 Crumnus
1509 4344 1693 4389 autem
1733 4338 1984 4392 multitu-

401 4418 561 4473 dines
589 4419 806 4483 timens,
839 4435 964 4474 cum
992 4431 1140 4475 esset
1169 4422 1460 4489 Marcellis,
1512 4429 1735 4498 petebat
1769 4447 1981 4500 pacem.

400 4513 470 4565 At
504 4511 595 4563 ille
630 4526 866 4579 nequam
910 4515 1160 4571 consiliis
1215 4527 1271 4571 et
1313 4519 1464 4588 paria
1518 4522 1982 4579 consentientium

2094 3320 2312 3389 patricii
2353 3361 2368 3385 ,
2444 3330 2609 3393 atque
2695 3324 3044 3380 Theodosius
3132 3326 3423 3404 Haliharas
3509 3327 3688 3396 patri-

2090 3415 2251 3479 cius,
2308 3415 2403 3485 qui
2485 3416 2839 3471 contrislavit
2906 3426 2963 3471 et
3047 3419 3219 3472 multa
3292 3419 3470 3474 beata:
3539 3419 3684 3480 mala

2087 3506 2328 3560 ostendit
2360 3506 2610 3561 lleirenaz
2647 3525 2661 3573 ;
2709 3524 2925 3563 necnon
2964 3518 3016 3563 et
3060 3509 3347 3579 Eparchus
3389 3510 3683 3579 patricius.

2086 3606 2143 3652 et
2169 3597 2446 3653 Romanus
2466 3600 2732 3669 patricius
2754 3616 2819 3656 ac
2848 3610 3050 3671 praetor
3077 3602 3465 3673 Orientalium,
3494 3603 3685 3657 multia-

2087 3705 2194 3757 que
2232 3690 2323 3748 alii
2363 3693 2792 3761 protospatharii
2839 3702 2893 3748 et
2928 3693 3234 3762 spatharii:
3273 3696 3407 3763 quin
3436 3705 3496 3751 et
3526 3695 3681 3749 ordi—
3726 3732 3727 3735 η

2088 3797 2219 3834 num
2253 3781 2551 3852 principes,
2595 3791 2651 3838 et
2678 3783 2973 3841 excubitus
3004 3772 3347 3841 domesticus
3375 3802 3475 3844 seu
3506 3780 3681 3845 (ιι-ιιηὲ

2085 3873 2271 3943 garius
2303 3875 2605 3945 imperialis
2633 3877 2853 3955 vigiliae,
2900 3879 3063 3933 simul
3096 3888 3152 3933 et
3188 3879 3415 3937 Thraca:
3452 3888 3676 3949 praetor,

2085 3974 2141 4020 et
2172 3966 2327 4021 multi
2364 3969 2646 4039 principes
2664 3971 2969 4025 thematum
3004 3987 3128 4027 cuin
3166 3972 3400 4029 inﬁnitis
3427 3974 3674 4044 populis.

2089 4056 2389 4128 Omnisque
2402 4050 2844 4117 Christianorum
2870 4074 3126 4141 corrupta
3144 4075 3229 4120 est
3248 4066 3494 4136 species;
3523 4083 3680 4122 arma

2086 4165 2309 4221 quoque
2355 4153 2540 4207 omnia
2599 4141 2884 4224 perierunt
2937 4166 2995 4211 et
3048 4157 3267 4227 itnperii
3316 4175 3464 4214 vasa.
3504 4160 3676 4215 Porro

2085 4241 2210 4295 talis
2242 4242 2353 4296 diei
2401 4243 2670 4300 deformia
2697 4249 2865 4303 verba
2913 4250 3056 4307 absit
3093 4251 3392 4310 Christiani
3438 4254 3675 4309 ulterius

2083 4334 2322 4399 videant,
2360 4344 2551 4407 utpote
2599 4346 2761 4396 omne
2798 4343 3097 4400 lamentum
3137 4346 3477 4402 excedentia.
3508 4348 3673 4403 Facta

2082 4442 2215 4481 vero
2242 4437 2371 4489 sunt
2387 4430 2505 4486 haec
2524 4433 2758 4502 septimo
2771 4436 3040 4493 Kalendas
3056 4439 3330 4510 Augustas
3353 4441 3672 4496 indictionis

2083 4525 2312 4585 quartae.
2361 4520 2536 4590 Caput
2569 4533 2750 4578 autem
2794 4526 3089 4597 Nicephori
3120 4529 3398 4587 Crumnus
3428 4533 3668 4587 recisum

400 4602 763 4655 consiliorum
804 4619 1027 4659 suorum
1054 4609 1409 4666 suasionibus
1445 4614 1761 4682 prohibitus
1793 4624 1895 4679 est,
1920 4628 1975 4672 et
2013 4600 2055 4653 θ
2084 4624 2143 4662 ευ

1923 4628 1975 4672 ρι
2013 4600 2055 4653 Ι)
2084 4612 2369 4677 suspendit
2404 4612 2600 4668 diebus
2644 4616 2831 4691 multis
2874 4619 2927 4671 in
2966 4620 3112 4690 ligno
3143 4620 3197 4675 in
3238 4623 3666 4679 ostentationem

401 4701 523 4758 post
556 4692 760 4745 multos
786 4693 1069 4749 anfractus
1096 4712 1193 4764 per
1239 4698 1357 4752 avia
1390 4700 1505 4754 loca
1554 4704 1975 4774 praecipitanter,

402 4784 734 4840 temerarius
764 4785 928 4838 simul
955 4796 1012 4840 et
1043 4788 1295 4856 pavidus,
1326 4790 1637 4862 ingreditur
1665 4796 1976 4867 Vulgariatn

399 4872 619 4927 decimo
643 4875 1105 4934 tertiolialendas
1134 4882 1429 4952 Augustas,
1482 4900 1605 4939 cum
1656 4886 1832 4944 Sirius
1886 4904 1981 4958 ap-

398 4972 620 5032 pareret
642 4975 840 5020 cuncta
866 4982 1221 5037 consumens,
1256 4974 1575 5044 frequenter
1596 4976 1813 5042 affatus,
1849 4977 1979 5044 Quis

402 5054 522 5117 ibit,
559 5053 839 5122 inquiens.
873 5064 922 5109 et
948 5059 1168 5129 decipiet
1196 5063 1395 5123 Achab.
1427 5067 1549 5132 quia
1575 5066 1681 5119 sive
1699 5066 1840 5121 Deus
1874 5070 1979 5122 sive

399 5144 737 5199 adversarius
768 5151 933 5202 trahit
982 5167 1065 5203 me
1106 5153 1411 5209 nolentem?
1444 5158 1614 5211 Porro
1656 5159 1977 5230 priusquam

398 5235 683 5306 ingressus
709 5237 904 5295 fuisset
929 5243 1265 5313 Vulgariam,
1321 5246 1615 5318 Byzantius
1651 5250 1812 5321 hujus
1840 5251 1978 5307 dile-

398 5339 525 5385 ctus
569 5330 811 5387 famulus
852 5335 918 5389 ad
945 5334 1254 5392 Crumnum
1301 5355 1335 5393 a
1378 5341 1651 5398 Marcellis
1708 5343 1974 5415 confugit,

399 5434 588 5505 secum
622 5424 882 5494 subrepta
918 5437 1069 5483 veste
1101 5430 1369 5500 imperiali
1401 5444 1457 5488 et
1486 5436 1605 5490 auri
1638 5436 1795 5492 libris
1849 5453 1980 5493 cen-

398 5516 539 5563 tum.
573 5511 726 5566 Multi
754 5524 937 5570 autem
966 5517 1131 5590 hujus
1156 5521 1339 5593 fugam
1370 5523 1425 5579 in
1451 5528 1654 5582 malum
1679 5528 1973 5599 Nicephori

398 5600 666 5667 suspicati
703 5615 851 5660 sunt.
882 5606 1088 5665 Tribus
1131 5611 1337 5683 quippe
1377 5614 1574 5671 diebus
1612 5628 1739 5689 post
1768 5619 1975 5690 primos
2018 5618 2022 5621 Α

397 5691 687 5785 conﬂictus
718 5712 777 5750 se
808 5702 1124 5770 prosperari
1152 5705 1411 5775 opinatus
1444 5724 1552 5765 non
1592 5726 1853 5783 prospera
1888 5712 1970 5767 fa-

397 5780 565 5833 cienti
597 5781 710 5837 Deo
745 5788 1032 5844 victoriam
1065 5794 1400 5861 ascribehat,
1441 5799 1536 5853 sed
1566 5780 1838 5857 Stauraeii
1885 5818 1972 5857 so-

398 5865 507 5926 lius
532 5872 731 5932 bonam
767 5878 1045 5941 fortunam
1078 5886 1396 5960 bonumque
1427 5895 1718 5950 consilium
1770 5896 1970 5966 pracdi-

756 5993 1023 6058 I‘nnOL.
1069 6000 1185 6065 Gn.
1232 6006 1443 6071 CVIII.

2082 4699 2147 4753 ad
2180 4717 2238 4756 se
2275 4703 2687 4761 adventantium
2721 4710 3006 4765 nationum
3040 4722 3095 4767 et
3133 4714 3514 4770 confusionem
3551 4733 3671 4771 om.

2081 4791 2233 4846 nium
2261 4788 2623 4850 nostrorum.‘
2645 4798 2771 4853 Post
2817 4802 2933 4857 haec
2968 4819 3099 4859 sane
3131 4806 3411 4876 accipiens
3446 4807 3575 4871 hoc,
3613 4817 3669 4862 et

2080 4898 2143 4939 os
2171 4885 2455 4943 denudans
2477 4902 2814 4962 argentoque
2846 4895 3155 4953 forinsecus
3175 4898 3435 4965 induens,
3472 4900 3670 4957 bibere

2081 4974 2135 5028 in
2163 4992 2230 5031 eo
2260 4978 2639 5036 Sclavinorum
2674 4977 2952 5058 principes
2988 4989 3117 5047 fecit
3151 4990 3437 5062 gloriatus.
3465 4993 3669 5055 Verum

2080 5065 2210 5122 licet
2243 5072 2429 5127 multa:
2468 5074 2649 5132 viduae
2677 5094 2742 5133 ac
2772 5081 3004 5151 orphani
3040 5098 3151 5137 uno
3178 5068 3273 5139 die
3304 5084 3513 5140 fuerint
3541 5086 3667 5142 facti

2080 5170 2136 5215 et
2161 5160 2480 5219 lamentatio
2524 5166 2888 5226 intolerabilis
2920 5172 3241 5239 haberetur,
3282 5177 3449 5249 hujus
3485 5188 3669 5234 tamen

2080 5252 2287 5308 occisio
2314 5256 2612 5313 multorum
2647 5262 2785 5317 facta
2816 5274 2901 5319 est
2931 5268 3258 5323 consolatio.
3291 5265 3511 5324 Modu'm
3538 5286 3669 5325 vero

2079 5342 2246 5413 hujus
2265 5346 2561 5404 occisionis
2584 5353 2768 5408 nullus
2782 5370 2974 5410 eorum
2998 5358 3092 5427 qui
3126 5359 3319 5416 salvati
3342 5371 3471 5417 sunt
3502 5362 3670 5433 liqui—

2060 5434 2204 5491 ~dius
2236 5441 2535 5495 enarravit.
2582 5445 2791 5501 Ferunt
2831 5448 3058 5518 quidam
3089 5452 3235 5522 quod
3264 5463 3321 5508 et
3363 5453 3666 5511 Christiani

2078 5528 2225 5585 hunc
2257 5531 2543 5593 cadentem
2576 5536 2855 5608 lapidibus
2887 5541 3254 5612 impetierint,
3286 5555 3344 5601 et
3379 5547 3668 5603 effemina—

2078 5630 2259 5675 torum
2279 5622 2546 5691 virorum,
2569 5644 2856 5709 servorum
2892 5633 3106 5690 scilicet
3132 5636 3275 5705 ejus,
3304 5653 3430 5694 cum
3464 5639 3667 5711 quibus

2074 5725 2129 5768 et
2175 5718 2599 5785 concumbebat,
2649 5722 2741 5778 alii
2774 5725 2996 5795 quidem
3041 5728 3166 5800 Igne
3206 5729 3358 5795 valli,
3395 5729 3487 5786 alii
3531 5739 3666 5787 vero

2074 5810 2271 5880 gladiis
2291 5815 2507 5883 periere
2528 5833 2653 5873 cum
2680 5819 2818 5891 ipso.
2841 5820 3014 5894 Hujus
3031 5824 3339 5897 principatu
3362 5826 3667 5883 Christiani

2073 5903 2385 5972 graviorem
2429 5910 2583 5966 nullo
2628 5919 2875 5987 tempore
2924 5910 3209 5974 consecuti
3264 5928 3408 5974 sunt.
3464 5920 3689 5993 Omnes

3141 6035 3212 6101 45
