4414 6462
755 402 889 465 1419

1870 397 2267 458 ANASTASII
2311 395 2940 459 BIBLIOTHECARII

3903 407 4046 476 ΝΞΟ

756 517 898 570 enim
925 513 1020 583 qui
1052 521 1179 567 ante
1207 524 1265 565 se
1289 507 1635 579 imperarunt
1662 507 2059 562 ambitionibus
2094 513 2151 560 et
2179 504 2342 559 luxu-
2373 513 2416 568 Α
2448 505 2806 562 indicabitur.
2837 507 3011 564 Porro
3055 507 3404 581 Nicephorus
3431 516 3740 584 patriarcha
3767 519 4039 592 scriptum

757 612 855 665 riis
890 616 1054 678 atque
1088 604 1395 660 barbaricis
1427 601 1852 657 crudelitatibus
1891 599 2174 670 superavit
2206 615 2220 661 ;
2270 598 2338 653 de

756 703 958 771 quibus
991 715 1089 770 per
1115 697 1328 769 singula
1358 694 1619 768 prosequi
1645 704 1703 750 et
1743 694 1981 763 posteris
2016 690 2339 747 incredibile

756 805 812 850 et
839 795 1001 849 nobis
1039 793 1147 848 erit
1183 791 1542 847 laboriosum.
1581 788 1975 843 Verumtamen
2007 802 2073 842 ex
2125 786 2338 840 (imbria

773 899 972 944 .extura
1023 885 1334 948 manifesta,
1378 885 1530 954 juxta
1581 881 1956 953 proverbium.
2005 879 2342 934 Vulneratur

757 991 939 1036 autem
958 989 1015 1035 et
1039 978 1359 1034 Stauracius
1381 975 1528 1030 ﬁlius
1551 976 1673 1046 ejus
1701 973 2010 1044 periculose
2035 973 2090 1025 in
2118 971 2341 1028 dextera

757 1074 884 1131 colli
923 1081 1100 1144 parte,
1136 1080 1192 1126 et
1229 1071 1319 1123 vix
1353 1084 1383 1122 a
1427 1084 1609 1139 pugna
1653 1067 1813 1121 vivus
1853 1064 2042 1126 exivit,
2085 1074 2142 1118 et
2192 1063 2343 1118 venit

758 1165 1208 1236 Hadrianopolim
1258 1164 1578 1218 atrocitera
1623 1163 1778 1232 plaga
1825 1159 2225 1230 colaphizatus.
2274 1158 2344 1212 At

759 1276 892 1316 vero
923 1258 1238 1327 Stephanus
1261 1255 1528 1326 patricius
1551 1265 1605 1309 et
1634 1254 1949 1308 scholarum
1982 1250 2342 1317 domesticus,

755 1367 880 1407 cum
923 1349 1143 1405 adesset
1166 1363 1387 1418 quoque
1407 1346 1761 1401 Theoctistus
1790 1343 2065 1414 magister,
2090 1357 2345 1412 pronun-

758 1444 914 1500 tiavit
947 1441 1295 1498 Stauraeium
1324 1440 1720 1510 imperatorem
1752 1454 1766 1503 ;
1821 1445 1878 1491 et
1913 1435 2216 1505 disputavit
2243 1449 2343 1502 po-

756 1539 911 1609 pulo,
947 1536 1042 1607 qui
1080 1536 1321 1592 salvatus
1351 1532 1549 1596 fuerat,
1582 1539 1776 1586 contra
1811 1527 2098 1600 proprium
2133 1537 2341 1598 patrem

758 1647 919 1687 suum
955 1648 969 1696 ;
1005 1629 1100 1700 qui
1128 1627 1330 1698 oppido
1362 1625 1619 1681 delectati
1641 1633 1791 1680 sunt.
1823 1622 2052 1678 Michael
2083 1637 2214 1676 sane
2247 1635 2346 1674 cu-

757 1723 1078 1794 ropalatius,
1116 1721 1318 1774 illmsus
1346 1713 2024 1787 exsuperans,admodum
2053 1713 2122 1767 ab
2155 1714 2348 1768 amicis

758 1822 980 1886 rogatus
1001 1821 1086 1868 est
1107 1820 1166 1866 ut
1183 1812 1483 1882 imperator
1502 1810 1895 1880 appellaretur,
1911 1817 1970 1863 et
1988 1816 2096 1862 non
2123 1809 2346 1862 admisit

756 1909 828 1962 ob
862 1909 1177 1978 juramenta
1212 1905 1454 1975 praestita
1485 1903 1798 1973 Nieephoro
1823 1911 1990 1971 atque
2032 1900 2340 1956 Stauracio.

760 2001 899 2056 lluic
959 1999 1274 2070 Stephanus
1329 1998 1668 2052 domesticus
1718 1996 2020 2052 resultabat
2073 2011 2169 2065 spe
2220 1996 2344 2049 vitae

759 2094 1053 2149 Stauracii.
1094 2092 1446 2146 Theoctistus
1479 2104 1612 2144 vero
1642 2088 1902 2159 magister
1932 2088 2214 2157 satagebat
2244 2103 2344 2156 pro

759 2189 990 2258 imperio
1031 2186 1336 2240 Michaelis.
1391 2185 1562 2238 Porro
1606 2181 1926 2236 Stauraeius
1976 2196 2075 2251 per
2127 2181 2342 2233 urinam

758 2281 1027 2353 sanguine
1073 2280 1470 2333 immensurate
1511 2282 1904 2345 prorumpente
1947 2272 2225 2327 arefactus
2260 2280 2344 2327 est

759 2363 1063 2430 femoribus
1097 2371 1261 2426 simul
1300 2377 1355 2423 et
1398 2368 1572 2433 tibiis,
1616 2367 1754 2422 adeo
1794 2376 1854 2420 ut
1894 2366 2091 2436 phorio
2132 2366 2344 2419 veniret

758 2465 1104 2538 Byzantium.
1160 2462 1317 2520 Hune
1375 2461 1720 2530 Nicephorus
1782 2458 2093 2529 patriarcha
2163 2458 2344 2513 valido

757 2575 949 2615 amans
967 2558 1192 2616 affectu,
1220 2555 1512 2611 consilium
1539 2553 1705 2607 dabat
1729 2553 1779 2607 ei
1802 2565 1860 2608 ut
1884 2553 2053 2606 Deum
2081 2552 2339 2620 placaret,

755 2661 814 2706 et
848 2665 943 2705 eos
969 2648 1063 2718 qui
1095 2647 1324 2702 avaritia
1371 2645 1692 2715 praegravati
1729 2653 1918 2700 essent
1958 2658 1988 2698 a
2034 2650 2190 2714 patre
2237 2658 2337 2697 suo

758 2742 1157 2798 consolaretur.
1201 2737 1282 2793 Ad
1337 2752 1500 2807 quem
1540 2737 1759 2806 paterni
1808 2752 2005 2791 sensus
2049 2751 2345 2806 germanus

758 2835 937 2889 haeres
987 2831 1207 2886 dicebat
1239 2846 1351 2883 non
1401 2844 1459 2883 se
1515 2844 1677 2898 posse
1718 2829 1842 2898 plus
1889 2828 2069 2882 tribus
2111 2828 2344 2882 reddere

761 2924 1006 2980 talentis.
1045 2924 1172 2978 llmc
1225 2930 1410 2976 autem
1445 2929 1566 2974 erat
1597 2920 1756 2975 exilis
1791 2937 1920 2990 pars
1951 2920 2341 2991 injustitiarum

761 3017 910 3072 illius
942 3035 954 3070 :
1011 3024 1392 3070 verumtamen
1424 3023 1478 3068 et
1512 3013 1658 3068 circa
1693 3014 1808 3067 haec
1845 3012 2232 3083 pigritabatur,
2259 3013 2343 3066 vi-

758 3109 1110 3167 verefidens.
1144 3107 1282 3163 Cum
1327 3115 1510 3161 autem
1556 3105 1737 3160 foedus
1764 3105 2034 3158 illibatum
2066 3120 2217 3159 more
2247 3121 2344 3175 pa-

2442 615 2474 652 a
2501 598 2764 655 Michaele
2793 601 3038 671 propria:
3069 617 3266 658 manus
3301 606 3483 675 exegit
3520 608 3589 663 de
3621 621 3768 665 recta
3808 612 3937 676 fide,
3977 629 4041 672 et

2443 704 2505 748 ut
2531 693 2650 751 sine
2675 697 2948 767 sanguine
2974 714 3173 754 manus
3193 715 3224 754 a
3240 701 3571 759 Christianis
3588 719 3861 774 servaret,
3886 728 3948 768 ac
3964 715 4036 769 de

2443 788 2615 843 sacris
2645 787 2967 844 horninibus
2999 807 3095 847 seu
3129 794 3417 850 monachis
3442 806 3498 852 et
3522 804 3636 854 toto
3657 803 4038 862 ecclesiastico

2442 881 2717 952 catologo,
2757 897 2826 938 ne
2862 896 3290 952 pcreuterentur
3317 888 3387 942 ab
3415 889 3530 946 illo.

2512 971 2671 1028 Anno
2726 974 2913 1045 itaque
2978 978 3172 1033 mundi
3225 980 3562 1038 conditionis
3619 984 3779 1052 6504,
3833 990 4038 1047 divina:

2447 1063 2847 1122 incarnationis
2879 1083 3021 1122 anno
3057 1068 3181 1130 804.
3209 1074 3493 1129 mensibus
3522 1087 3668 1144 octo,
3702 1079 3790 1134 die
3814 1085 4034 1151 quinta,

2447 1155 2578 1211 hora
2619 1157 2818 1227 prima,
2868 1160 3169 1216 indictione
3218 1165 3436 1233 quinta,
3485 1167 3714 1226 Michael
3752 1175 4037 1243 piissimus

2445 1253 2794 1322 europalates
2832 1259 3140 1326 appellatus
3186 1269 3272 1315 est
3316 1263 3619 1332 imperator
3659 1268 4031 1330 Romanorum

2449 1343 2504 1399 in
2535 1345 2928 1416 Hippodromio
2953 1366 2983 1403 a
3019 1359 3131 1406 toto
3163 1363 3355 1407 senatu
3397 1367 3561 1425 atque
3589 1359 3899 1427 ordinibus,
3935 1365 4030 1433 qui

2448 1435 2742 1504 imperavit
2786 1440 2945 1495 annis
2988 1443 3227 1500 duobus.
3264 1445 3601 1504 Stauracius
3633 1463 3824 1507 autem
3869 1456 4034 1527 hujus

2446 1530 2841 1588 acclamatione
2866 1534 3051 1589 audita
3090 1538 3271 1593 statim
3305 1555 3519 1595 comam
3547 1546 3803 1611 totondit,
3832 1558 3884 1602 et
3917 1566 4033 1601 mn-

2448 1619 2696 1676 nachieis
2723 1623 3092 1681 circumdatus
3116 1637 3199 1682 est
3224 1632 3564 1688 vestimentis
3595 1651 3690 1704 per
3717 1636 4033 1694 Simeonem

2449 1713 2804 1779 monachum,
2860 1727 3155 1788 cognatum
3211 1737 3395 1785 suum,
3453 1727 3609 1781 valde
3659 1731 4032 1797 patriarcham

2439 1805 2772 1874 implorans.
2804 1807 2908 1875 Qui
2942 1812 3170 1868 veniens
3211 1813 3265 1868 in
3297 1816 3560 1884 palatium
3594 1822 3825 1875 multum
3867 1823 4033 1878 Stau-

2449 1900 2660 1953 racium
2697 1917 2804 1956 una
2848 1918 2973 1957 cum
3015 1905 3344 1977 imperatore
3379 1910 3643 1968 Michaele
3668 1917 3914 1987 rogabat,
3969 1936 4036 1974 ne

2449 1990 2766 2048 trislaretur
2803 2010 2969 2066 super
2997 2014 3064 2052 eo
3094 2001 3242 2069 quod
3289 2002 3494 2057 factum
3544 2016 3629 2060 est
3662 2026 3673 2060 :
3732 2025 3841 2063 non
3886 2013 4033 2066 enim

2445 2098 2546 2152 per
2577 2084 2827 2153 insidias,
2859 2090 2955 2144 sed
2989 2107 3086 2159 per
3127 2094 3567 2164 desperationem
3602 2101 3725 2155 vita:
3767 2103 3938 2172 ipsius
3983 2107 4034 2160 id

2446 2186 2660 2245 gestum
2691 2183 3064 2238 asseverabat.
3095 2186 3163 2239 At
3203 2187 3295 2240 ille
3328 2191 3587 2258 nequitia:
3613 2204 3855 2262 paterna
3883 2199 4036 2252 rabie

2444 2267 2637 2326 furens
2662 2288 2771 2326 non
2810 2275 3111 2344 acquievit,
3131 2279 3323 2334 dicens
3354 2282 3419 2335 ad
3443 2297 3568 2337 eum
3598 2301 3610 2337 :
3635 2287 3874 2340 Amicum
3921 2308 4033 2343 me-

2448 2360 2633 2416 tiarem
2657 2381 2738 2417 me
2765 2383 2868 2419 non
2901 2367 3134 2422 habebis.
3165 2370 3310 2426 Hora
3340 2389 3472 2429 vero
3510 2375 3618 2430 diei
3652 2390 3843 2446 quarta
3875 2396 4035 2439 coro-

2447 2463 2610 2511 natus
2638 2467 2722 2512 est
2749 2459 2980 2516 Michael
2999 2479 3028 2515 a
3047 2463 3358 2534 Nicephoro
3384 2469 3696 2536 patriarcha
3721 2472 3775 2525 in
3802 2473 4035 2529 ambone

2445 2544 2660 2614 Magna:
2680 2549 2950 2615 ecclesias,
2984 2551 3037 2605 in
3069 2569 3180 2622 quo
3215 2571 3408 2625 magna
3444 2559 3737 2614 exsultatio
3768 2561 3910 2616 facta
3928 2576 4033 2625 cst,

2445 2647 2501 2694 et
2545 2639 2772 2695 donavit
2812 2643 3140 2712 patriarcha:
3176 2648 3298 2701 auri
3340 2649 3511 2704 libras
3549 2654 3948 2724 quinquaginta
3983 2670 4039 2712 et

2445 2731 2595 2784 clero
2618 2732 2840 2788 vicenas
2861 2735 3126 2805 quinque.
3152 2737 3289 2793 Cum
3317 2740 3463 2795 enim
3490 2750 4040 2815 essetmaguanimus

2446 2827 2502 2874 et
2526 2836 2636 2875 non
2660 2837 2883 2888 avarus,
2918 2841 3110 2882 omnes
3150 2832 3466 2886 consolatus
3498 2844 3582 2887 est
3616 2836 3708 2903 qui
3741 2837 4036 2907 Nicephori

2445 2913 2674 2968 avaritia
2688 2915 3324 2991 fuerantlaasi,donisque
3341 2935 3588 2980 senatum
3603 2937 3766 2997 atque
3785 2931 4039 2986 militiam

2447 3007 2742 3064 recreavit.
2774 3009 2947 3065 Porro
2977 3022 3172 3080 quarto
3204 3013 3328 3069 idus
3359 3016 3644 3072 Octobrias
3669 3031 3929 3077 coronata
3955 3036 4041 3078 est

2445 3095 2714 3184 Procopia
2741 3097 2987 3169 Augusta
3015 3100 3068 3156 in
3101 3103 3340 3158 triclinio
3377 3108 3705 3177 Augusteos,
3740 3114 4039 3184 multisque

761 3211 930 3256 ternae
962 3200 1163 3254 mentis
1195 3200 1338 3253 circa
1375 3198 1650 3252 neminem
1679 3205 2056 3260 conservaret,
2092 3197 2347 3266 frequen-
2375 3219 2420 3280 ο
2451 3183 2612 3240 donis
2667 3198 2920 3242 senatum
2973 3190 3280 3245 liberaliter
3323 3195 3493 3248 auxit.
3544 3195 3867 3254 Mulieribus
3907 3183 4040 3257 vero

762 3293 874 3347 tius
936 3288 1489 3345 dehonestatiunibus
1559 3289 1914 3343 submittebat
1964 3289 2346 3344 Theoctistum

762 3383 1145 3455 magistratum
1176 3391 1230 3437 et
1255 3380 1617 3435 domesticum
1647 3380 1987 3450 Stephanum
2021 3398 2086 3437 ac
2111 3382 2352 3438 Michae-

764 3477 871 3531 lem
922 3474 1302 3544 curopalaten,
1354 3485 1610 3527 avertens
1648 3473 1876 3528 omnino
1927 3483 1984 3529 et
2025 3474 2349 3544 Proeopiam

764 3583 1010 3624 sororem
1073 3583 1244 3622 suam
1309 3575 1370 3620 ut
1433 3566 1784 3622 insidiantem
1847 3565 1954 3622 sibi
2023 3567 2349 3638 Theophani

769 3664 1029 3733 Augustae
1061 3659 1548 3714 submissionibus.
1593 3660 1712 3714 Mox
1762 3676 1982 3730 quoque
2021 3661 2220 3716 misera
2254 3677 2354 3732 per

767 3755 941 3809 beata:
971 3752 1335 3807 imitationem
1382 3749 1633 3806 lleireme
1675 3750 1928 3806 obtinere
1968 3752 2221 3822 sperabat
2249 3755 2352 3808 im-

766 3845 1005 3915 perium,
1035 3858 1160 3898 cum
1185 3843 1303 3897 sine
1338 3841 1531 3896 liberis
1557 3851 1723 3898 esset.
1765 3841 1834 3898 At
1857 3858 1990 3896 vero
2033 3842 2353 3900 Stauraeius

767 3952 827 3992 se
872 3936 1069 3992 videns
1108 3935 1491 3991 insanabiliter
1536 3934 1809 3999 habitum,
1860 3937 2151 4006 imperium
2196 3937 2354 3992 uxori

769 4027 1059 4096 acquirere
1078 4025 1374 4080 festinabat
1396 4032 1490 4078 aut
1522 4021 1754 4093 Vulgare
1789 4023 2082 4094 imperium
2112 4025 2355 4083 excitare

771 4117 826 4172 in
856 4115 1201 4171 Christianos
1232 4128 1399 4182 supra
1446 4113 1810 4182 praecedentia
1845 4114 2005 4168 mala.
2042 4112 2220 4182 Super
2243 4131 2353 4182 quo

773 4213 1033 4276 paventes
1061 4203 1407 4272 Nicephorus
1433 4203 1745 4273 patriarcha
1777 4213 1833 4258 et
1862 4205 2214 4259 Theoctistus
2243 4221 2355 4260 ma-

770 4297 1033 4368 gistratus
1071 4305 1127 4351 et
1160 4294 1473 4365 Stephanus
1502 4294 1836 4349 domesticus
1869 4311 1935 4350 ex
1972 4297 2142 4351 multa
2170 4297 2353 4350 inimi-

770 4388 898 4443 eitia
917 4388 972 4441 in
992 4387 1260 4442 alternam
1279 4386 1578 4441 amicitiam
1598 4403 1723 4442 eum
1747 4387 2014 4442 Michaele
2035 4389 2354 4458 curopalate

771 4495 972 4535 venere
1000 4479 1145 4535 circa
1172 4479 1334 4534 finem
1369 4479 1572 4534 mensis
1600 4477 1936 4550 Septembris
1963 4482 2170 4551 quinta:
2208 4481 2354 4535 indi-

2453 3276 2873 3333 thematieorum
2935 3281 3173 3336 militum
3203 3323 3218 3347 ,
3265 3285 3361 3353 qui
3411 3285 3626 3341 fuerant
3678 3291 3730 3342 in
3785 3292 4041 3362 \‘ulgaréa

2451 3373 2746 3442 perempti,
2763 3375 3008 3444 quinque
3031 3377 3151 3430 auri
3171 3379 3372 3432 talenta
3384 3379 3628 3436 donavit.
3648 3383 4038 3455 Theophanam

2451 3473 2637 3518 autem
2661 3479 2888 3521 uxorem
2925 3466 3219 3534 Stauracii,
3256 3470 3591 3541 singularem
3621 3475 3786 3528 vitam
3826 3481 4041 3547 ample-

2453 3569 2597 3620 xam,
2626 3563 2682 3609 et
2715 3565 2976 3626 cognatos
3006 3558 3173 3626 illius,
3199 3559 3292 3628 qui
3328 3561 3717 3620 miserabiliter
3746 3567 3849 3620 sub
3876 3569 4005 3626 Nice
4029 3599 4043 3613 -

2451 3645 2628 3715 phoro
2654 3646 3140 3712 vixerant,ditavit
3165 3667 3179 3714 ;
3209 3651 3353 3706 inter
3373 3668 3496 3721 qua:
3522 3655 3790 3726 insignem
3821 3675 4040 3729 quoque

2453 3739 2677 3794 domum
2743 3742 3142 3796 monasterium
3208 3743 3543 3800 Tahebraica
3611 3747 3862 3814 dictum,
3945 3756 4041 3807 ubi

2456 3831 2776 3888 Stauraeius
2811 3843 2896 3888 est
2914 3835 3184 3903 sepultus,
3222 3835 3298 3890 illi
3325 3839 3614 3894 concessit.
3651 3845 3850 3896 Omnes
3874 3845 4041 3899 etiam

2453 3926 2714 3995 patricios
2739 3937 2795 3981 et
2823 3936 3125 3993 senatores,
3147 3928 3462 3982 sacerdotes
3488 3945 3550 3984 ac
3583 3946 3826 3989 summos
3854 3952 4042 3990 sacer-

2454 4015 2612 4071 dotes
2654 4026 2710 4072 et
2739 4017 3060 4082 monachos,
3087 4019 3388 4074 militantes
3415 4028 3470 4074 et
3502 4036 3772 4091 pauperes
3794 4064 3807 4086 ,
3847 4035 3952 4078 tam
3986 4030 4039 4084 in

2455 4109 2604 4178 regia
2644 4109 2780 4164 urbe
2808 4125 2974 4178 quam
3021 4111 3075 4164 in
3109 4111 3445 4166 thematibus
3476 4112 3758 4182 degentes,
3792 4115 4045 4186 locuple-

2458 4201 2613 4264 tavit,
2649 4200 2790 4256 adeo
2842 4211 2902 4254 ut
2947 4201 3419 4258 immensurabilis
3456 4205 3682 4258 avaritia
3725 4206 4040 4276 Nicephori,

2453 4301 2679 4362 propter
2711 4308 2875 4363 quam
2900 4303 2954 4347 et
2985 4294 3125 4350 male
3161 4296 3346 4364 periit,
3383 4298 3438 4352 in
3474 4297 3662 4365 paucis
3697 4297 3892 4354 diebus
3929 4301 4043 4355 dis-

2457 4385 2706 4453 paruisse
2738 4385 3090 4455 probaretur.
3125 4386 3304 4458 Super
3346 4391 3550 4443 multos
3588 4401 3854 4459 praeterea
3892 4395 4040 4462 npti—

2458 4492 2577 4532 mos
2599 4493 2779 4533 mores
2800 4494 2950 4541 suos,
2979 4494 3103 4532 cum
3133 4480 3254 4548 pius
3276 4488 3329 4534 et
3353 4481 3850 4536 orthodoxissimus
3873 4497 4037 4545 CSScl,

773 4572 994 4628 etionis.
1021 4566 1277 4629 Kalendis
1312 4579 1497 4626 autem
1522 4573 1855 4630 Octobribus
1879 4574 2096 4644 vesperi
2125 4573 2353 4628 Staura-
2389 4577 2430 4632 D
2460 4572 2782 4626 tristabatur
2841 4586 3006 4634 super
3064 4571 3152 4626 his
3197 4572 3292 4642 qui
3336 4588 3366 4627 a
3409 4583 3596 4628 saneta
3642 4575 4039 4630 scindebantur

770 4666 890 4721 cius
917 4664 1244 4720 advocatum
1275 4664 1614 4733 Stephanum
1638 4664 1998 4720 domesticum
2035 4673 2356 4735 percuncta-

781 4760 982 4822 batur,
1040 4772 1279 4827 quonam
1343 4766 1503 4826 pacto
1574 4756 1895 4812 Michaelem
1960 4759 2168 4812 sororis
2241 4773 2355 4812 suae

774 4851 1033 4906 maritum
1064 4867 1129 4904 cx
1173 4850 1396 4920 propria
1445 4850 1649 4904 ducere
1691 4858 1878 4922 posset
1918 4851 2080 4906 domo
2118 4851 2187 4905 ad
2236 4853 2356 4920 ejus

771 4945 964 5001 oculos
996 4942 1290 4998 eruendos.
1327 4941 1446 5009 Quo
1493 4942 1819 5012 perhibente
1857 4943 2204 5013 .impossibile
2252 4945 2357 5000 hoc

776 5040 894 5092 fore
940 5035 1042 5090 hac
1077 5035 1211 5088 hora
1261 5043 1487 5104 prepter
1531 5034 1790 5088 virtutem
1842 5049 1963 5104 qua:
2008 5036 2154 5089 circa
2203 5036 2356 5090 illum

773 5130 1011 5192 adesset,
1050 5137 1113 5181 et
1145 5127 1216 5180 ob
1255 5127 1616 5182 munitionem
1659 5127 1762 5183 loci
1796 5127 1994 5182 domus
2024 5128 2215 5198 ipsius,
2270 5145 2360 5184 ro-

773 5231 864 5292 gat
904 5219 1114 5275 nemini
1165 5217 1281 5272 fieri
1315 5227 1440 5273 nota
1486 5234 1609 5288 qute
1638 5219 1781 5274 dicta
1819 5229 1966 5274 sunt.
2004 5222 2072 5274 At
2111 5221 2201 5275 ille
2232 5237 2358 5275 cum

775 5315 960 5369 verbis
991 5311 1452 5382 ,persuasibilibus
1492 5311 1787 5366 inflexisset
1824 5326 1950 5366 eum
1985 5327 2053 5366 ne
2087 5312 2360 5367 sollicitus

775 5415 943 5472 esset,
999 5422 1098 5476 per
1156 5413 1327 5459 totam
1385 5415 1600 5461 noctem
1649 5405 1874 5460 militias
1922 5405 2202 5470 ordinum,
2238 5421 2361 5477 quae

775 5505 1176 5561 remanserant,
1227 5495 1450 5566 collegit
1498 5497 1551 5551 in
1602 5495 2024 5567 llippodromio,
2076 5514 2182 5553 una
2232 5515 2359 5553 cum

777 5589 1122 5660 principibus
1168 5587 1408 5658 propriis
1452 5586 1520 5644 ad
1577 5587 2046 5657 pronuntiandum
2101 5588 2359 5644 eumdem

779 5682 1098 5738 ldichaelem
1130 5680 1542 5749 imperatorem.
1567 5679 1818 5751 Cumque
1864 5690 2012 5736 tetus
2041 5674 2264 5737 senatus
2294 5685 2361 5739 ad

780 5774 1043 5842 palatium
1075 5770 1142 5824 de
1189 5771 1310 5824 luce
1360 5772 1623 5835 venisset,
1669 5771 1821 5827 hunc
1861 5773 2364 5843 pronuntiaverunt

781 5866 1205 5933 imperatorem,
1266 5863 1731 5934 quemadmodum
1790 5866 1843 5920 in
1897 5866 2363 5938 subsequentibus

2457 4665 2709 4722 Ecclesia
2741 4681 3072 4736 quacunque
3101 4667 3391 4722 occasione
3425 4668 3540 4722 sive
3568 4669 3879 4724 rationabili
3925 4672 4037 4723 sive

2454 4757 2843 4823 irrationabili;
2865 4759 3210 4829 multumque
3227 4759 3633 4813 sanctissimum
3650 4761 4040 4829 patriarcham,

2452 4862 2510 4907 et
2532 4867 2629 4907 eos
2653 4852 2747 4922 qui
2780 4861 3033 4922 poterant
3067 4867 3168 4922 pro
3198 4851 3476 4906 communi
3525 4867 3657 4921 pace
3689 4868 4038 4912 concurrere.

2458 4960 2656 5016 rogans
2705 4960 2816 5000 non
2852 4944 3196 5014 quiescebat,
3247 4943 3389 4998 inter
3431 4958 3569 5013 quos
3598 4953 3653 4997 et
3689 4944 4040 4998 Theodorum

2459 5035 2826 5105 hegumenum
2862 5035 3040 5090 Studii
3094 5043 3150 5088 et
3199 5034 3482 5089 Platonem
3523 5043 3687 5101 atque
3721 5033 3919 5102 Ioseph
3957 5050 4044 5086 ar-

2457 5127 2868 5198 chiepiscopum
2889 5127 3460 5186 Thessalonicensem,
3493 5124 3712 5177 fratrem
3741 5124 4039 5186 Theodori,

2461 5221 2517 5275 in
2553 5221 2820 5277 custodiis
2863 5221 3116 5275 detentos
3149 5218 3371 5280 amaris,
3406 5233 3513 5271 una
3544 5232 3668 5271 eum
3714 5217 4043 5286 primatibus-

2460 5330 2680 5384 quoque
2714 5315 3033 5368 monasterii
3065 5327 3256 5367 eorum
3283 5311 3564 5381 satagebat
3597 5310 3785 5373 unirc;
3813 5310 3957 5378 quod
3989 5321 4043 5364 et

2461 5408 2611 5462 fecit.
2645 5407 2916 5462 Caeterum
2954 5407 3106 5461 misit
3149 5414 3205 5460 et
3245 5403 3312 5458 ad
3347 5403 3606 5459 Carolum
3657 5404 4041 5472 imperatorem

2462 5501 2799 5556 Francorum
2832 5516 2929 5570 pro
2962 5515 3094 5570 pace
3121 5509 3284 5569 atque
3323 5507 3606 5553 contractu
3639 5496 3954 5564 nuptiarum
3991 5495 4042 5547 in

2463 5588 2932 5660 Theophylactum
2988 5590 3157 5644 filium
3204 5605 3385 5644 suum.
3439 5587 3779 5656 Nicephorus
3825 5599 4043 5654 quoque

2465 5682 2847 5739 sanctissimus
2869 5683 3178 5752 patriarcha
3198 5681 3500 5736 transmisit
3521 5678 3812 5751 synodieas
3833 5678 4048 5731 litteras

2465 5771 2532 5827 ad
2558 5772 2794 5827 Leonem
2821 5772 3229 5827 sanctissimum
3255 5785 3450 5842 papam
3492 5769 3802 5825 Romanum
3834 5783 3847 5815 :
3885 5777 4046 5819 antea

2469 5869 2670 5941 quippe
2725 5867 2962 5924 faciendi
3024 5866 3130 5924 hoc
3179 5883 3209 5923 a
3260 5865 3572 5938 Nicephoro
3625 5860 4048 5936 prohibebatur.
