4414 6462
427 409 554 475 H21

1233 404 1600 467 HISTORIA
1647 395 2218 464 ECCLESIASTICA
2260 394 2358 454 EX
2399 392 2861 481 TIIEOPHANE

3528 389 3544 450 1
3559 388 3663 451 423

422 528 594 585 Porro
613 533 808 580 octavo
829 520 1099 577 Kalendas
1117 519 1405 575 Januarias
1422 519 1628 589 quinae
1653 514 1990 573 indictionis,
2021 509 2068 568 Î›
2096 509 2444 576 Nicmamque
2484 515 2647 576 atque
2673 504 2892 560 Probati
2926 501 3163 558 castrum
3200 511 3252 558 et
3280 502 3382 557 alia
3417 502 3663 572 quaedam

423 617 692 678 Michael.
757 612 1243 682 tranquillissimus
1311 611 1651 680 imperator,
1711 607 1993 663 coronavit

423 707 893 777 Theophylactum
932 701 1100 758 illium
1128 718 1288 757 suum
1317 703 1369 756 in
1405 702 1786 772 imperatorem
1838 715 1866 752 a
1901 698 1996 752 Ni-

425 799 666 869 cephoro
717 795 1052 866 patriarcha.
1097 794 1152 848 in
1199 795 1430 847 amboue
1476 793 1695 862 Maioris
1727 789 1991 853 ccclesim,

425 891 560 945 feria
590 889 780 960 quinta
819 905 833 950 ;
873 896 928 941 et
975 887 1177 940 obtulit
1207 887 1667 955 pretiosissimum
1699 899 1993 938 ornamen-

428 993 541 1037 tum
576 991 767 1037 sancto
799 979 994 1034 altario
1022 977 1133 1048 (93)
1168 979 1221 1032 in
1253 979 1393 1031 vasis
1429 977 1611 1033 aureis
1641 985 1696 1030 et
1718 974 1994 1044 lapidibus

425 1074 729 1128 venustatis
755 1081 809 1126 et
832 1070 1226 1141 quadrangulis
1259 1070 1416 1132 velis,
1444 1067 1746 1138 antiquitus
1771 1083 1836 1121 ex
1859 1081 1995 1119 auro

424 1174 478 1220 ct
521 1179 764 1234 purpura
817 1163 961 1217 clare
1012 1161 1319 1223 contextis,
1367 1169 1530 1230 atque
1577 1157 1995 1212 admirabilibus

423 1256 629 1310 sanctis
665 1255 993 1323 imaginibus
1036 1236 1280 1306 variatis.
1321 1253 1551 1306 Donavit
1585 1261 1766 1305 autem
1805 1260 1860 1304 et
1900 1265 1995 1318 pa-

429 1349 682 1401 triarcha:
712 1347 830 1400 auri
857 1346 1028 1400 libras
1055 1347 1298 1414 quinque
1319 1352 1375 1398 et
1402 1344 1642 1404 vicenas,
1670 1361 1732 1397 ac
1765 1358 1995 1396 venera-

428 1440 524 1494 bili
559 1440 706 1493 clero
738 1438 907 1492 libras
933 1446 1183 1497 centum,
1218 1436 1559 1506 splendidam
1596 1435 1829 1490 reddens
1869 1451 1997 1488 san-

427 1541 568 1585 ctam
615 1530 966 1585 festivitatem
1007 1537 1061 1582 et
1105 1529 1199 1583 lilii
1244 1529 1770 1598 pronuntiationem.
1827 1528 1996 1581 Multo

427 1637 556 1679 sane
583 1621 770 1674 divino
806 1622 924 1677 zelo
957 1620 1252 1690 imperator
1281 1619 1560 1688 piissimus
1591 1628 1770 1672 motus
1807 1626 1994 1671 contra

428 1711 773 1773 Manichzeos,
807 1712 898 1778 qui
935 1724 1082 1762 nunc
1118 1706 1414 1761 Pauliciani
1450 1707 1729 1769 dicuntur,
1760 1715 1814 1758 et
1845 1705 1998 1758 Athi-

425 1816 597 1874 ganos
621 1801 674 1854 in
720 1800 951 1869 Phrygia
979 1808 1033 1853 et
1077 1798 1350 1868 Lycaonia
1380 1797 1662 1868 degentes,
1708 1796 1995 1865 capitalem

427 1891 955 1948 animadversionem
983 1889 1270 1958 Nicephori
1313 1887 1645 1944 sanctissimi
1675 1889 1995 1955 patriarchae

431 1984 750 2038 acaliorum
810 1984 1028 2052 piorum
1097 1981 1538 2050 praedicatncntis
1605 1981 1982 2049 promulgatis,

429 2092 655 2131 aversus
695 2085 779 2129 est
821 2091 916 2144 per
954 2075 1088 2130 alios
1129 2090 1361 2142 nequam
1394 2089 1608 2129 morum
1653 2072 1996 2126 consiliarios

431 2167 658 2220 obtentu
712 2166 1082 2234 poenitentiae,
1123 2181 1247 2219 cum
1294 2174 1441 2219 esset
1489 2163 1828 2232 impossibile
1878 2163 1999 2216 illos

429 2254 808 2325 paenitentiam
841 2270 1032 2323 gerere
1067 2253 1160 2323 qui
1186 2268 1376 2306 eorum
1409 2253 1551 2320 capti
1582 2251 1815 2306 fuissent
1840 2265 1998 2304 erro-

431 2363 512 2402 re.
557 2347 1003 2417 Dogmatizabant
1031 2355 1214 2400 autem
1265 2345 1506 2417 indocte,
1554 2359 1666 2398 non
1703 2345 1871 2398 licere
1910 2359 1997 2399 sa-

431 2435 746 2490 cerdotibus
778 2435 1122 2504 promulgare
1155 2445 1343 2488 contra
1381 2434 1576 2502 impios
1614 2445 1868 2494 mortem.
1905 2431 1997 2502 per

430 2525 615 2579 omnia
645 2523 848 2578 divinis
877 2538 1044 2592 super
1076 2523 1179 2576 hoc
1203 2522 1556 2576 adversantes
1591 2521 1905 2590 Scripturis.
1943 2520 1999 2574 Si

431 2617 577 2672 enim
602 2617 796 2671 Petrus
823 2625 1010 2669 vertex
1033 2616 1402 2679 apostolorum
1432 2614 1696 2668 Ananiam
1724 2623 1778 2666 et
1810 2612 2003 2681 Sophi-

435 2720 548 2758 ram
589 2705 658 2758 ob
705 2703 1051 2758 mendacium
1086 2712 1295 2756 tantum
1327 2703 1770 2761 mortificavit.et
1805 2703 2002 2756 Paulus

436 2808 664 2862 magnus
701 2794 900 2846 clamat
938 2809 950 2845 :
991 2791 1090 2857 Qui
1126 2793 1280 2855 talia,
1317 2794 1592 2861 inquiens,
1638 2801 1822 2862 agunt,
1856 2794 2003 2863 digni

434 2892 556 2936 sunt
582 2893 767 2938 morte.
802 2883 916 2936 haec
945 2882 1011 2935 de
1035 2884 1150 2936 solo
1171 2884 1438 2952 corporali
1459 2896 1701 2951 peccato,
1729 2881 2004 2950 quomodo

434 2990 544 3028 non
584 2974 780 3028 horum
811 2975 1073 3028 contrarii
1107 2982 1289 3037 erunt,
1342 2976 1434 3042 qui
1466 2975 1613 3027 omni
1653 2974 1928 3043 corporali
1950 2982 2006 3027 et

435 3065 706 3134 spirituali
744 3067 1005 3134 spurcitia
1040 3066 1248 3134 plenos,
1287 3066 1491 3134 quique
1517 3065 1856 3120 daemonibus
1890 3080 2006 3119 ser-

2094 600 2366 671 przesidia,
2401 599 2651 654 similiter
2673 597 3167 668 etPhilippopolim
3193 607 3247 652 et
3269 597 3567 667 Philippos,
3612 607 3666 650 et
3740 619 3749 626 -

2094 693 2438 762 Strymonem
2486 691 2800 745 habitantes
2848 690 3048 745 accola:
3099 690 3388 743 occasione
3442 698 3664 758 accepta

2094 785 2362 855 fugientes
2402 784 2468 838 ad
2521 783 2740 853 propria
2786 783 3095 837 redierunt.
3147 780 3263 836 Hoc
3317 791 3499 835 autem
3549 790 3669 834 erat

2095 875 2279 932 divina
2315 873 2614 944 indignatio
2641 872 2932 940 Nic-ephori
2968 872 3244 925 vesaniam
3277 886 3531 940 arguens,
3572 885 3668 940 per

2095 980 2255 1034 quem
2307 964 2562 1032 putativae
2597 963 2709 1030 (94)
2756 961 3132 1016 correctiones
3174 961 3314 1030 ejus,
3360 961 3413 1012 in
3468 961 3669 1029 quibus

2095 1056 2451 1129 gloriabatur,
2496 1056 2754 1110 celeriter
2806 1066 3156 1109 corruerunt.
3203 1055 3514 1122 Pravasque
3559 1054 3672 1123 opi-

2099 1148 2291 1201 niones
2319 1148 2634 1208 multorum,
2667 1145 2762 1214 qui
2796 1146 2964 1198 Deum
3003 1144 3386 1214 impugnantes
3411 1154 3466 1198 et
3493 1143 3669 1197 abun-

2096 1240 2289 1293 dantes
2310 1240 2546 1293 hzereses
2564 1238 3026 1303 Paulicianorum,
3042 1236 3458 1305 Athiganorum,
3479 1236 3669 1290 [cono-

2098 1333 2392 1385 clastarum
2469 1339 2524 1384 et
2583 1330 2992 1384 Tetraditarum
3061 1329 3324 1381 deserunt
3387 1343 3665 1382 accusare.

2097 1421 2300 1476 Omitto
2353 1421 2500 1473 enim
2567 1418 2751 1472 dicere
2808 1419 3079 1472 adulteria
3141 1427 3195 1471 et
3258 1417 3669 1481 fornicationes,

2098 1513 2356 1567 libidines
2385 1520 2548 1580 atque
2580 1510 2841 1580 periuria,
2879 1509 3004 1561 odia
3037 1507 3273 1561 fraterna
3303 1517 3358 1561 et
3391 1507 3669 1571 avaritias,

2100 1622 2310 1660 necnon
2329 1615 2382 1659 et
2407 1602 2887 1674 prmvaricationes
2909 1601 3167 1669 reliquas.
3189 1599 3392 1654 Contra
3416 1614 3596 1654 sacras
3617 1609 3672 1652 et

2100 1698 2444 1752 venerabiles
2482 1696 2745 1765 imagines
2771 1702 3074 1763 contraque
3101 1693 3483 1747 monachicum
3517 1693 3672 1746 habi-

2102 1802 2213 1846 tum
2241 1790 2533 1844 movebant
2551 1789 2783 1858 linguas,
2813 1787 3032 1841 beatum
3055 1785 3302 1840 dicentes
3328 1786 3440 1839 Deo
3472 1784 3673 1838 abomi-

2099 1883 2334 1938 nabilem
2361 1897 2423 1935 ac
2447 1881 2843 1935 misserrimum
2871 1878 3314 1938 Constantinum,
3346 1876 3490 1946 quod
3522 1875 3675 1929 forti-

2101 1985 2184 2030 ter
2213 1974 2478 2028 adversus
2516 1973 2782 2041 Vulgares
2827 1970 3058 2040 gesserit
3109 1978 3338 2038 propter
3390 1967 3672 2037 pietatem,

2099 2082 2281 2136 quam,
2313 2074 2372 2118 ut
2402 2065 2567 2133 impie
2611 2061 2857 2116 infelices
2897 2061 2972 2114 illi
3004 2060 3354 2122 fatebantur,
3396 2052 3670 2112 habuerit.

2101 2160 2167 2212 At
2195 2174 2324 2212 vero
2345 2158 2400 2210 1Î¹á½·
2430 2157 2523 2226 qui
2551 2157 2603 2210 in
2629 2156 2762 2209 urbe
2794 2153 2940 2222 regia
2967 2160 3144 2217 erant,
3167 2150 3521 2205 armabantur
3555 2159 3674 2219 post

2101 2249 2365 2320 synodum
2416 2247 2780 2301 universalem
2821 2244 2889 2301 ad
2923 2243 3082 2297 fidem
3124 2241 3552 2295 subvertendam
3587 2257 3677 2295 or-

2102 2337 2415 2401 thodoxam,
2446 2351 2617 2390 caecos
2651 2334 2811 2389 caecis
2840 2333 3117 2387 mentibus
3144 2334 3389 2390 volentes
3420 2331 3535 2389 sine
3565 2331 3677 2386 Deo

2102 2429 2393 2499 imperare,
2441 2429 2581 2482 ï¬lios
2615 2427 2872 2481 videlicet
2898 2425 3244 2482 Constantini
3287 2426 3460 2482 Deum
3497 2426 3678 2494 impu-

2101 2519 2495 2589 gnantis,apud
2523 2520 2848 2572 Panormum
2874 2518 3104 2572 insulam
3126 2516 3389 2574 custodia:
3406 2517 3680 2586 mancipa~

2103 2618 2208 2673 tos,
2242 2626 2380 2680 quos
2410 2609 2578 2664 furari
2607 2626 2703 2679 per
2733 2620 2950 2663 noctem
2983 2609 3274 2662 voluerunt
3302 2617 3360 2661 et
3405 2607 3678 2662 adducere

2102 2704 2169 2756 ad
2204 2704 2527 2758 exercitum.
2561 2702 2666 2756 Sed
2704 2703 2980 2756 Dominus
3008 2701 3108 2754 hos
3139 2699 3411 2762 confudit,
3463 2700 3681 2768 erigens

2104 2795 2424 2849 Michaelem
2454 2795 2759 2864 piissimum
2793 2794 2845 2847 in
2872 2793 3244 2846 defensionem
3263 2792 3528 2845 veritatis.
3561 2791 3682 2845 Dia-

2105 2886 2310 2956 putatis
2349 2887 2494 2939 enim
2521 2885 2979 2940 convenientibus
2992 2882 3058 2936 de
3079 2883 3184 2938 fide
3208 2883 3461 2951 plebibus
3475 2882 3679 2952 regiam

2107 2978 2388 3046 repedavit
2424 2977 2490 3029 ad
2529 2977 2744 3038 urbem,
2777 2984 2831 3028 et
2871 2975 3153 3043 sapienter
3195 2974 3444 3044 cogitans
3480 2973 3682 3027 multos

2106 3070 2395 3122 rebellium
2415 3084 2513 3136 per
2541 3083 2739 3136 paucas
2772 3068 2955 3138 plagas
2987 3066 3275 3120 deterruit.
3312 3065 3518 3122 Exsilio
3540 3081 3681 3135 quo-

435 3158 611 3217 viunt,
640 3173 669 3211 a
701 3157 882 3226 gladio
915 3157 1290 3211 redemerim?
1331 3157 1436 3212 Sed
1477 3157 1599 3226 pius
1635 3157 1864 3211 Michael
1897 3171 2004 3210 non
2031 3174 2075 3234 Ï
2108 3175 2214 3228 que
2243 3159 2551 3227 deportavit
2583 3159 2721 3211 filios
2752 3157 3118 3219 Constantini,
3152 3156 3244 3225 qui
3286 3157 3460 3210 oculis
3502 3156 3679 3209 orbati

435 3263 640 3318 paucos
667 3263 859 3303 eorum
895 3249 1110 3304 recidit.
1141 3249 1457 3304 Stauracius
1480 3264 1610 3303 vero
1639 3249 1820 3303 ulcere
1857 3249 2008 3302 tabe-

435 3342 611 3398 factus
640 3358 704 3398 ex
735 3344 948 3398 mortali
983 3345 1136 3413 plaga
1178 3343 1326 3397 circa
1357 3344 1526 3411 spina:
1549 3343 1665 3396 loca
1699 3342 1902 3406 inï¬‚ixa,
1935 3343 2007 3397 ita

436 3444 624 3489 utnon
667 3445 848 3505 posset
872 3436 1140 3505 quispiam
1176 3434 1618 3504 appropinquare
1651 3435 1727 3488 illi
1763 3434 1833 3488 ob
1868 3434 2009 3488 mul-

437 3534 554 3578 tum
607 3525 837 3579 fetorem
865 3565 880 3587 ,
927 3536 1178 3578 mortuus
1224 3533 1309 3577 est
1353 3523 1516 3576 tertio
1549 3523 1678 3577 ldus
1722 3523 2009 3578 Januarias

435 3616 755 3672 indictionis
775 3617 828 3678 5,
853 3632 976 3671 cum
1007 3617 1348 3685 imperasset,
1373 3624 1433 3672 ut
1460 3624 1705 3684 putatur,
1731 3615 2010 3669 mensibus

437 3708 655 3762 duobus
688 3709 881 3762 diebus
917 3723 1029 3762 sex.
1058 3709 1228 3762 Porro
1281 3708 1476 3777 quinto
1508 3707 1636 3762 ldus
1663 3708 1847 3770 Maias,
1875 3707 2008 3761 feria

437 3811 610 3862 sexta,
647 3800 869 3868 eclipsis
900 3799 1093 3854 solaris
1111 3797 1304 3855 eï¬‚'eeta
1334 3807 1417 3853 est
1442 3814 1632 3869 magna
1657 3816 1671 3862 ;
1697 3807 1750 3852 et
1777 3798 2010 3867 septimo

439 3890 495 3944 id
506 3905 568 3944 us
582 3891 608 3944 J
617 3892 771 3945 unias
783 3905 1032 3960 egressus
1046 3901 1127 3946 est
1140 3890 1364 3946 Michael
1377 3899 1564 3944 contra
1579 3890 1865 3960 Vulgares:
1885 3905 2007 3944 cum

439 3997 506 4035 eo
533 3981 694 4035 simul
743 3996 960 4052 egressa
987 3988 1072 4035 est
1119 3991 1175 4035 et
1209 3981 1474 4049 Procopia
1521 3995 1693 4050 usque
1723 3981 2006 4035 Zurulum.

436 4070 714 4127 Crumnus
777 4082 960 4127 autem
1006 4073 1118 4126 dux
1170 4072 1488 4142 Vulgarum,
1538 4088 1662 4127 cum
1697 4073 2009 4140 -Debe_ltum

441 4162 728 4217 obsidione
769 4164 1024 4231 cepisset,
1059 4174 1115 4216 et
1145 4178 1240 4217 eos
1281 4164 1374 4231 qui
1408 4164 1462 4216 in
1492 4164 1605 4232 ipsa
1652 4163 1868 4219 fuerant
1904 4181 2010 4218 una

443 4268 568 4309 cum
613 4254 870 4323 episcopo
919 4254 1382 4324 transmigrasset,
1429 4256 1833 4316 multitudines,
1891 4272 2012 4325 quae

444 4355 669 4414 propter
690 4346 890 4400 malum
918 4346 1282 4416 frequensque
1311 4347 1602 4402 consilium
1632 4362 1864 4416 nequam
1884 4363 2013 4400 con-

443 4437 778 4491 siliariorum
828 4437 1178 4506 imperatoris
1222 4438 1290 4491 ad
1327 4454 1453 4492 eum
1503 4438 1900 4503 confluxerant,
1943 4440 2010 4494 ad

445 4528 674 4582 insidias
699 4544 761 4583 ac
787 4529 1017 4596 injurias
1036 4531 1267 4583 maxime
1289 4530 1489 4599 Opsicii
1522 4532 2010 4586 etThracesiorum

443 4636 721 4676 conversae
750 4632 878 4675 sunt
908 4638 922 4686 ;
955 4638 1090 4690 quas
1125 4623 1352 4677 Michael
1389 4638 1743 4692 compescens
1772 4625 1932 4678 donis
1961 4634 2016 4684 et

443 4712 910 4769 admonitionibus
933 4713 1154 4768 silentio
1184 4714 1440 4783 imposito
1471 4716 1759 4784 mitigavit,
1789 4717 1855 4771 At
1885 4732 2017 4772 vero

351 4860 356 4862 á¼¼
445 4800 706 4871 Vulgares
727 4801 1096 4857 simultatibus
1114 4802 1435 4858 militiarum
1452 4805 1765 4874 compertis,
1785 4815 1840 4860 et
1869 4808 2014 4875 quod

443 4888 800 4947 formidantes
828 4893 1074 4962 prazlium
1115 4902 1172 4948 et
1209 4895 1538 4950 taxationem
1573 4897 1963 4953 tumultuarent
1991 4941 2005 4966 ,

443 4984 679 5052 amplius
703 4985 989 5039 confortati
1022 4985 1427 5054 prmvaluerunt
1452 4985 1716 5042 adversus
1743 4988 2007 5045 Thracem

444 5085 498 5128 et
551 5075 942 5130 Macedoniam.
997 5077 1151 5130 Tunc
1187 5086 1246 5131 et
1282 5077 1605 5131 Anchialum
1655 5087 1710 5132 et
1762 5079 2010 5134 Berohen

443 5167 1086 5224 dimittentesChristiani
1103 5169 1379 5240 fugerunt,
1395 5170 1611 5225 nemine
1629 5181 2011 5240 persequente,

2111 3267 2230 3305 esse
2282 3251 2670 3312 cernebantur,
2711 3249 2783 3302 in
2828 3249 3150 3316 Aphusiam.
3205 3249 3382 3302 Unum
3441 3264 3570 3301 vero
3615 3264 3680 3302 et

2111 3341 2516 3404 seductoribns,
2551 3341 2748 3393 falsum
2779 3340 3090 3401 eremitam,
3124 3338 3333 3392 Nieolai
3363 3339 3683 3394 exacionitre

2112 3432 2222 3500 (95)
2265 3431 2494 3485 malefici
2531 3431 2763 3494 socium,
2801 3429 2895 3498 qui
2944 3429 3156 3482 ieonam
3205 3429 3565 3483 sanctissimae
3588 3430 3681 3483 Dei

2109 3523 2404 3578 Genitricis
2429 3523 2908 3584 dehonestaverat,
2936 3520 3118 3590 lingua
3151 3522 3324 3575 recisa
3365 3521 3637 3575 mutilavit
3665 3540 3679 3584 ;

2111 3617 2201 3684 qui
2230 3626 2286 3669 et
2311 3625 2562 3670 mortuus
2590 3624 2675 3669 est
2706 3629 2934 3684 corpore
2968 3615 3131 3669 simul
3168 3624 3224 3667 et
3264 3616 3470 3669 anima.
3510 3616 3682 3682 Hujus

2111 3717 2292 3760 autem
2311 3708 2572 3774 collegam
2599 3705 2878 3760 Nicolaum
2908 3705 3383 3772 repromittentem
3415 3721 3472 3765 se
3509 3707 3682 3775 poeni-

2113 3799 2336 3853 tentiam
2379 3807 2627 3853 acturum
2654 3813 2839 3854 coram
2874 3799 3131 3854 omnibus
3171 3799 3509 3867 publicavit;
3547 3815 3682 3854 con-

2115 3891 2356 3946 fitentem
2406 3907 2624 3961 quoque
2656 3907 2755 3946 sua
2786 3891 2960 3961 ipsius
2987 3892 3144 3944 â€˜maln
3180 3891 3595 3944 tradidit-illum
3628 3891 3680 3944 in

2112 3985 2503 4040 monasterium
2528 3984 2967 4044 custodiendum,
2985 3999 3053 4038 ne
3071 3983 3245 4037 libera
3269 3983 3684 4038 conversatione

2113 4073 2270 4129 libito
2315 4075 2537 4144 proprio
2588 4075 2928 4129 abuteretur.
2986 4074 3209 4142 Populis
3264 4085 3444 4127 autem
3499 4087 3683 4127 coram

2113 4168 2346 4221 concilio
2391 4167 2446 4222 in
2493 4167 2784 4236 Magnaura
2835 4176 3148 4228 coronatus,
3189 4166 3262 4234 pii
3293 4176 3348 4220 et
3381 4167 3683 4220 secundum

2114 4260 2283 4312 Deum
2344 4275 2536 4313 sensus
2592 4261 2674 4314 sui
2724 4260 2974 4328 dogmata
3021 4260 3406 4313 manifestavit.
3444 4261 3511 4311 At
3557 4275 3686 4314 vero

2115 4350 2413 4420 Athiganos
2463 4351 2750 4418 publicans
2817 4350 3011 4404 exsilio
3056 4349 3283 4403 tradidit
3313 4365 3411 4417 per
3445 4349 3683 4404 Leonem

2115 4449 2404 4510 praetorem
2481 4441 2860 4495 Orientalium.
2941 4444 3112 4494 Porro
3194 4439 3438 4509 Augusto
3498 4455 3686 4494 mense

2116 4529 2321 4599 quinta:
2348 4529 2666 4584 indictionis
2687 4531 2923 4584 Thebith
2949 4540 3139 4584 contra
3166 4530 3508 4585 Christianos
3533 4545 3688 4584 exer-

2115 4623 2282 4677 citum
2343 4621 2531 4684 movit,
2589 4637 2881 4690 cum-quo
2937 4622 3141 4674 bellum
3199 4621 3312 4681 Leo
3360 4622 3714 4689 conferens,â€™

2114 4703 2475 4769 Orientalium
2523 4723 2744 4781 praeter.
2801 4723 3155 4781 prosperatus
3201 4721 3306 4775 est,
3366 4713 3476 4766 duo
3514 4714 3683 4766 millia

2117 4805 2453 4860 interficiens
2475 4814 2532 4859 et
2561 4820 2735 4874 equos
2767 4805 3242 4873 comprehendens
3267 4813 3324 4858 et
3354 4819 3524 4858 arma.
3571 4804 3685 4858 Mu-

2116 4899 2310 4954 hamed
2349 4909 2530 4954 autem
2557 4941 2569 4964 ,
2606 4899 2817 4967 primus
2845 4899 2990 4954 illius
3025 4901 3227 4961 Aaron,
3260 4908 3453 4952 tenens
3484 4899 3689 4968 princi-

2116 5000 2301 5061 patum
2341 4992 2537 5061 gentis.
2577 4991 2713 5044 inito
2748 4991 2890 5046 bello
2921 4993 2972 5046 in
3007 4992 3252 5045 interiori
3293 4990 3516 5044 Perside
3562 5006 3684 5045 cum

2118 5083 2321 5138 Abdela
2354 5084 2518 5139 fratre
2537 5101 2638 5139 suo
2659 5097 2948 5156 superatus
2973 5097 3076 5152 est,
3098 5097 3153 5142 et
3175 5088 3388 5158 fugiens
3424 5088 3476 5141 in
3509 5087 3682 5157 Bagda

2121 5174 2223 5228 hoc
2249 5174 2504 5230 obtinuit.
2532 5177 2851 5232 Damascum
2873 5194 3004 5233 vero
3026 5179 3166 5233 alius
3187 5189 3450 5250 tyrannus
3472 5179 3683 5242 habuit,

1960 5307 2185 5364 ÎÎŸÎ¤Î‘Îž.

516 5389 626 5458 (95)
665 5390 891 5444 Andria.
923 5390 1126 5446 Giossae
1156 5410 1170 5446 :
1208 5393 1589 5462 Î¸Ï…ÏƒÎ¹Î±ÏƒÏ„á½µÏÎ¹Î¿Î½
1621 5397 1894 5462 altarium,
1930 5416 2014 5454 sa-

444 5462 700 5535 crarium.
722 5462 1024 5535 Concilium
1059 5463 1314 5535 Cairthag.
1349 5463 1387 5517 2
1417 5481 1539 5520 can.
1560 5467 1596 5520 ï¬‚
1629 5484 1641 5518 :
1671 5485 1692 5519 Î¹
1716 5469 1924 5524 Placuit
1956 5477 2016 5522 ut

446 5531 501 5609 in
528 5533 784 5609 omnibus
809 5544 865 5609 et
884 5533 952 5585 ab
975 5534 1231 5609 omnibus
1255 5531 1517 5605 pudicitia
1534 5539 1894 5609 custodiatur,
1919 5540 2012 5609 qui

445 5602 636 5673 altario
652 5601 986 5673 deserviunt.
1010 5622 1026 5654 Î¹
1043 5603 1149 5658 Usu
1161 5601 1280 5673 rpat
1293 5621 1411 5660 eam
1427 5621 1614 5673 vocem
1633 5607 1870 5664 Severus
1883 5601 2010 5665 hist.

441 5685 552 5749 ÎµÏ€.
590 5672 610 5724 1
637 5712 664 5749 ._
692 5671 893 5749 Paulus
929 5667 1306 5749 Farnefridus
1333 5676 1400 5729 de
1431 5667 1833 5749 gest.â€˜Longob.
1870 5680 1926 5745 6,
1957 5680 2010 5745 6,

442 5739 736 5810 Gregorius
769 5742 898 5795 Tur.
931 5744 985 5806 3,
1021 5745 1109 5797 51.
1150 5745 1306 5801 Pana.

513 5811 629 5879 (94)
663 5812 946 5867 Putatira.
987 5814 1101 5868 Vet.
1129 5816 1400 5884 interpres
1428 5832 1514 5885 ep.
1539 5817 1606 5872 ad
1625 5817 1860 5888 Philipp.
1893 5835 2012 5889 quae

2113 5397 2170 5454 S.
2195 5398 2405 5474 [gnatio
2430 5399 2797 5474 adscribitur:
2829 5402 2947 5458 Non
2975 5405 3215 5474 putative
3240 5419 3414 5472 neque
3441 5405 3494 5474 in
3528 5404 3687 5472 phas-

2113 5471 2357 5541 matemiâ€˜i
2385 5472 2619 5538 Î´Î¿Îºá½µÏƒÎµÎ¹,
2644 5473 2704 5522 Î¿á½‘
2731 5471 3020 5540 (perv-racia.
3041 5474 3254 5528 Idemin
3284 5471 3370 5541 ep.
3389 5473 3454 5528 ad
3477 5471 3642 5528 Trall.
3669 5491 3683 5527 :

2115 5540 2312 5594 Dicunt
2335 5555 2461 5594 eum
2502 5543 2743 5609 putative
2769 5552 2979 5597 tantum
3011 5542 3176 5599 fuisse
3200 5540 3473 5598 hominem
3499 5554 3552 5596 et
3580 5558 3688 5598 non

2115 5626 2306 5694 verum
2335 5627 2536 5694 corpus
2560 5614 2901 5694 suscepisti-se1
2930 5621 3093 5694 atque
3122 5615 3363 5694 putative
3388 5629 3605 5684 passum
3635 5623 3689 5668 et

2115 5687 2415 5750 mortuum,
2451 5682 2668 5750 Î´Î¿Îºá½µÏƒÎµÎ¹
2692 5694 2746 5737 et
2769 5682 2844 5750 Ï„á¿·
2875 5682 3136 5739 Î´Î¿ÎºÎ¿á¿¦Î½Ï„Î¹,
3181 5683 3255 5737 In.

2116 5821 2145 5886 Î™
2178 5749 2296 5872 Î£Î¸á¿—)
2311 5750 2464 5874 Uandâ€˜e
2486 5749 3112 5818 dicunturtiamovi'tat,
3127 5769 3181 5806 v.
3199 5753 3472 5808 Theodor.
3494 5752 3689 5808 Hcrct.

2143 5838 2170 5872 Î±
2217 5860 2225 5873 .
2291 5861 2304 5885 ,
2380 5836 2496 5886 .-p.

2143 5836 2225 5873 an.
2250 5836 2304 5885 4,
2340 5836 2496 5888 Î´Î±á½·Î¼,
