4414 6462
734 384 871 450 M23

1820 366 2224 432 ANASTASII
2266 363 2479 426 BIBLI
2492 361 2917 427 OTHECARH

3858 362 3997 427 142i

726 503 783 549 tt
824 492 1116 564 Egyptum
1144 496 1199 543 et
1226 485 1465 541 Atticam
1495 481 1606 538 duo
1639 478 1825 552 partiti
1854 488 2005 543 sunt,
2041 486 2096 533 et
2128 475 2298 532 Palae-
2327 486 2372 541 Α
2401 471 2738 543 acquirenda
2791 483 2975 529 tamen
3018 470 3273 543 pluribus
3319 480 3377 527 et
3439 472 3844 530 contribulibus
3906 492 3987 531 sa.

728 588 930 643 stinam
961 584 1103 639 alius
1124 579 1357 636 latronis
1384 592 1538 631 more
1560 574 1819 645 depastus
1840 580 1947 627 est.

798 678 959 734 Anno
1010 672 1227 744 imperii
1260 668 1547 726 Michaelis
1594 665 1837 722 secundo
1866 663 2142 720 Crumnus
2175 658 2305 715 Vul-

726 782 918 841 garum
960 765 1074 819 dux
1118 778 1219 834 per
1256 761 1649 830 Dargamerum
1699 770 1802 826 pro
1838 769 1970 824 pace
2009 765 2201 807 rursus
2234 748 2301 803 ad

733 859 1056 918 Michaelem
1086 856 1478 925 imperatorem
1500 848 1830 921 legationem
1862 844 2030 909 misit,
2053 856 2304 914 quarens

728 954 937 1010 foedera
967 965 1091 1021 qua:
1126 947 1227 1003 sub
1265 942 1576 1000 Theodosio
1632 938 2009 995 Hadramitino
2058 945 2115 991 et
2166 934 2305 990 Ger-

729 1059 893 1100 mano
917 1039 1228 1113 patriarcha
1259 1035 1590 1106 repromissa
1624 1033 1841 1088 fuerant
1869 1029 2175 1091 Cormesio,
2210 1028 2305 1097 qui

728 1151 828 1207 per
854 1132 987 1188 illud
1018 1139 1235 1200 tempus
1267 1125 1533 1197 Vulgariae
1554 1123 1810 1179 dominus
1831 1119 2158 1183 habebatur,
2186 1131 2309 1187 quae

729 1221 997 1278 terminos
1050 1216 1411 1273 continebant
1467 1230 1499 1269 a
1554 1213 1821 1268 Meleonis
1871 1208 2307 1273 Thracensibus,

727 1311 1055 1368 vestimenta
1101 1322 1322 1378 quoque
1369 1322 1469 1361 seu
1507 1305 1796 1360 coccineas
1833 1301 2006 1372 pelles
2036 1314 2210 1369 usque
2243 1298 2311 1354 ad

728 1401 967 1475 pretium
996 1399 1394 1471 quinquaginta
1438 1398 1703 1451 librarum
1737 1395 1879 1469 auri,
1910 1403 1966 1447 et
2002 1408 2169 1462 super
2199 1392 2315 1446 hac

728 1496 991 1567 profugos
1037 1493 1327 1561 utriusque
1382 1490 1558 1560 partis
1600 1488 1669 1543 ad
1700 1488 2029 1542 alterutrum
2060 1482 2242 1548 reddi,
2269 1484 2314 1538 si

731 1587 1057 1660 contigisset
1080 1600 1177 1640 eos
1200 1582 1451 1641 insidiari
1498 1580 1771 1651 praelatis;
1809 1577 2154 1647 negotiantes
2183 1589 2317 1629 vero

732 1680 789 1735 in
812 1688 1045 1748 utraque
1077 1676 1302 1747 regione
1336 1689 1435 1744 per
1468 1679 1740 1741 prmcepta
1769 1676 1825 1724 et
1856 1666 2137 1737 signacula
2164 1679 2319 1720 com-

731 1770 982 1828 mendari
1022 1786 1033 1820 :
1076 1769 1122 1823 si
1158 1767 1252 1837 qui
1283 1781 1418 1821 vero
1463 1763 1585 1818 sine
1616 1760 1898 1833 signaculo
1942 1756 2151 1812 inventi
2182 1755 2321 1810 fuis-

2406 566 2521 621 lute
2582 566 2873 636 oportebat
2919 568 3104 636 potius
3140 566 3429 621 decertare
3493 582 3660 637 quam
3698 582 3863 638 super
3907 570 3993 623 in-

2405 656 2576 712 certis
2615 665 2671 711 et
2721 656 3099 713 invisibilibus
3163 658 3491 727 locupletari
3527 677 3539 712 :
3582 660 3793 729 gratius
3842 661 3995 715 enim

2405 747 2520 802 Deo
2552 747 2739 817 plures
2756 763 2919 817 quam
2942 747 3234 818 pauciores
3267 749 3502 803 salvare.
3534 747 3708 804 Porro
3733 748 3998 804 damnum

2409 842 2466 896 in
2509 841 2762 913 pluribus
2806 841 2919 911 pati
2967 850 3197 911 propter
3233 840 3509 895 modicum
3544 841 3762 897 lucrum
3805 842 4001 912 prima:

2409 932 2702 988 dementiae
2731 941 2837 988 est.
2898 932 3007 989 Sed
3038 944 3094 989 et
3120 933 3215 1005 qui
3250 933 3399 989 circa
3428 935 3655 1005 propria
3687 934 4002 990 inconsulte

2409 1024 2645 1096 laborat,
2675 1025 2838 1080 ﬁdem
2869 1026 3172 1082 secundum
3196 1027 3425 1083 Paulum
3456 1030 3760 1099 negavit,et
3791 1028 4001 1082 inﬁdeli

2411 1115 2654 1172 deterior
2676 1116 2962 1188 iudicatur
2990 1133 3003 1170 :
3030 1118 3126 1172 ubi
3172 1119 3281 1173 erit
3313 1127 3370 1173 et
3402 1117 3540 1172 illud
3581 1117 3757 1174 :Cum
3803 1119 3882 1172 his
3907 1120 4003 1188 qui

2412 1213 2635 1267 oderant
2696 1229 2905 1284 pacem,
2952 1230 3103 1267 eram
3163 1214 3413 1284 paciﬁcus
3436 1232 3454 1280 ;
3487 1214 3591 1268 nisi
3633 1214 3772 1268 forte
3806 1216 3919 1268 sint
3943 1224 4003 1268 et

2415 1304 2587 1360 Paulo
2615 1314 2671 1359 et
2719 1304 2893 1360 David
2926 1305 3015 1359 isti
3052 1305 3437 1375 sapientiores.
3464 1305 3615 1372 Quis
3644 1316 3827 1361 autem
3863 1304 4002 1360 Ger-

2416 1411 2579 1451 mano
2609 1404 2691 1451 ter
2723 1398 2884 1451 beato
2930 1413 3079 1453 nunc
3111 1397 3432 1467 sapientior,
3464 1399 3571 1453 nisi
3613 1399 3767 1469 juxta
3809 1398 4001 1468 perni-

2419 1490 2630 1547 ciosum
2663 1489 2861 1544 animae
2891 1499 3164 1545 tumorem
3190 1506 3423 1560 nequam
3451 1506 3515 1544 ac
3542 1491 3785 1559 perversi
3818 1491 4005 1545 consi-

2420 1581 2585 1644 liarii,
2618 1581 2713 1652 qui
2760 1598 2949 1652 pacem
2980 1583 3345 1640 inhibuerunt
3372 1583 3395 1636 ?
3418 1582 3548 1638 Haec
3577 1583 3842 1637 Kalendis
3873 1595 4008 1637 sunt

2423 1674 2564 1729 facta
2621 1674 3047 1730 Novembribus.
3076 1677 3257 1731 Porro
3310 1674 3487 1745 pridie
3532 1674 3717 1733 Nonas
3763 1674 4003 1730 Novem-

2424 1770 2577 1825 brias
2610 1769 2867 1838 apparuit
2906 1780 3151 1824 cometes
3199 1768 3263 1822 in
3319 1767 3493 1838 figura
3527 1767 3758 1821 duarum
3790 1765 4006 1837 fulgen-

733 1872 878 1928 εθιιῑν
906 1894 909 1897 ·
934 1862 1313 1930 diriperentur
1361 1870 1485 1926 (ιιικ
1538 1853 1829 1917 haberem.
1889 1860 1943 1906 ει
1984 1849 2324 1904 inferrentur
2355 1843 2396 1898 Β
2427 1859 2565 1913 tium
2601 1860 2879 1924 lunarum,
2905 1862 3266 1917 adunantium
3318 1876 3376 1916 se
3430 1869 3595 1930 atque
3622 1860 4005 1930 separantium

732 1952 973 2024 publicis
1002 1948 1333 2006 rationibus.
1365 1945 1602 2017 Scripsit
1644 1945 1812 2001 etiam
1854 1952 1910 1999 et
1942 1941 2326 1997 damnationes

735 2046 804 2102 ad
844 2045 1233 2115 imperatorem
1269 2039 1429 2111 :_Nist’
1477 2036 1877 2100 acceleraveris,
1926 2035 2185 2104 inquiens
2210 2074 2225 2098 ,
2257 2034 2326 2086 ad

736 2153 941 2208 pacem,
985 2134 1190 2206 judicio
1229 2144 1319 2186 tuo
1372 2129 1658 2206 μνωιίαὸον
1708 2137 1893 2182 contra
1936 2127 2323 2181 Mesembriam.

736 2232 835 2287 llis
892 2227 1175 2300 perceptis
1211 2225 1512 2293 imperator
1549 2236 1787 2291 nequam
1838 2218 2197 2274 consiliorum
2229 2217 2329 2272 ad-

735 2318 1142 2377 monitionibus
1187 2328 1379 2385 pacem
1420 2311 1606 2366 minus
1648 2308 1891 2364 admisit.
1941 2306 2057 2364 Sub
2094 2307 2328 2365 obtentu

737 2411 888 2467 enim
916 2410 1066 2465 falsae
1114 2404 1358 2477 pietatis,
1398 2403 1509 2457 imo
1536 2398 2069 2471 indisciplinationis
2095 2408 2151 2453 et
2183 2398 2329 2453 circa

738 2519 867 2559 rem.
919 2500 1202 2573 publicam
1245 2495 1597 2568 perditionis,
1659 2509 1898 2563 nequam
1952 2492 2332 2547 consiliatores

739 2595 1060 2653 asserebant
1090 2610 1103 2645 :
1134 2591 1252 2647 Non
1284 2598 1491 2661 oportet
1526 2588 1741 2659 fugitivo
1772 2586 2008 2650 reddere,
2036 2584 2334 2655 perhiben-

740 2697 826 2744 tes
847 2687 905 2743 in
934 2683 1314 2741 testimonium
1352 2681 1489 2736 illud
1541 2679 1926 2750 evangelicum
1956 2678 2186 2734 Domini
2212 2679 2333 2733 elo-

739 2778 933 2851 quium
964 2774 1309 2847 perhibentis
1343 2791 1357 2827 :
1396 2772 1536 2827 Eum
1570 2772 1659 2842 qui
1686 2771 1826 2824 venit
1865 2769 1934 2822 ad
1963 2784 2064 2833 me,
2098 2785 2201 2822 non
2233 2768 2334 2838 eji-

740 2872 882 2926 ciam
932 2870 1098 2939 foras.
1141 2858 1419 2921 Medianté
1472 2877 1607 2917 vero
1653 2876 1843 2915 mense
1871 2858 2131 2914 Octobrio
2162 2860 2335 2913 aciem

741 2962 934 3034 dirigit
978 2962 1254 3016 Crumnus
1302 2968 1495 3012 contra
1531 2954 1916 3009 Mesembriam
1959 2952 2013 3006 in
2050 2952 2337 3006 machina-

742 3054 948 3110 mentis
991 3061 1046 3109 et
1095 3051 1382 3121 manganis
1435 3058 1495 3103 et
1542 3042 1833 3112 arietibus,
1879 3062 2001 3115 qua:
2040 3045 2337 3114 Nicephori

745 3145 1057 3206 occasione,
1113 3140 1485 3197 destructoris
1540 3137 1769 3202 Christi,
1828 3136 2120 3191 didicerat.
2164 3133 2341 3188 Arabs

2427 1952 2483 2007 in
2519 1953 2734 2008 diversa
2769 1953 3069 2017 schemata,
3104 1953 3176 2007 ita
3215 1963 3273 2007 ut
3318 1954 3371 2008 in
3397 1954 3644 2024 acephali
3682 1954 3784 2008 viri
3828 1953 4007 2009 fictio-

2425 2056 2552 2095 nem
2584 2041 2978 2098 formarentur.
3020 2043 3089 2097 Et
3140 2043 3193 2096 in
3223 2042 3525 2097 crastinum
3556 2042 3623 2098 de
3653 2043 3868 2098 excidio
3897 2044 4009 2098 ble—

2427 2132 2681 2187 sembrite
2727 2134 2882 2188 venit
2929 2133 3092 2188 nobis
3128 2135 3389 2188 miserum
3434 2134 3687 2199 dubium,
3722 2135 4012 2190 deterrens

2428 2238 2620 2277 omnes
2642 2223 2712 2277 ob
2740 2224 3010 2294 majorum
3043 2224 3312 2278 malorum
3338 2226 3825 2295 exspectationem.
3855 2226 4013 2280 lnvc-

2429 2313 2646 2368 nieutes
2702 2314 2851 2368 enim
2885 2330 3006 2369 eam
3047 2315 3257 2372 inimici
3290 2316 3508 2385 plenam
3543 2316 3800 2371 omnibus
3845 2317 4014 2372 rebus

2430 2416 2553 2475 qua:
2614 2403 2682 2459 ad
2739 2405 3137 2461 habitationem
3202 2406 3489 2461 hominum
3548 2406 3740 2462 adesse
3783 2407 4011 2469 debent.

2430 2497 2574 2553 hanc
2611 2506 2912 2554 tenuerunt
2963 2515 3070 2553 una
3129 2515 3255 2555 cum
3312 2499 3563 2564 Debelto,
3620 2501 3676 2554 in
3722 2501 3925 2571 quibus
3956 2513 4014 2557 et

2431 2591 2695 2661 siphones
2730 2607 2915 2647 amcos
2968 2591 3232 2647 invenere
3264 2608 3359 2647 sex
3385 2602 3444 2647 et
3492 2592 3754 2657 tricenos,
3787 2604 3841 2649 et
3871 2595 4015 2664 ignis

2434 2683 2673 2747 humidi,
2717 2686 2812 2754 qui
2866 2700 2966 2756 per
3003 2699 3099 2739 eos
3132 2684 3517 2749 emittebatur,
3565 2686 3798 2757 aurique
3833 2697 3887 2741 et
3922 2703 4014 2742 ar-

2435 2778 2583 2848 genti
2611 2776 2759 2832 haud
2791 2778 3064 2832 modicam
3094 2777 3328 2847 copiam.

2507 2867 2713 2922 Eodem
2745 2882 2891 2921 anno
2930 2867 3089 2921 multi
3119 2867 3559 2922 Christianorum
3605 2884 3671 2923 ex
3703 2868 4012 2930 Palaestina,

2437 2959 2691 3013 monachi
2722 2960 2934 3014 scilicet
2975 2974 3040 3013 ac
3070 2959 3221 3025 laici,
3253 2968 3309 3014 et
3341 2975 3406 3014 ex
3439 2962 3586 3015 omni
3638 2960 3793 3031 Syria
3828 2962 3883 3016 in
3913 2962 4020 3033 Cy-

2441 3065 2599 3120 prum
2654 3065 2877 3115 venere,
2929 3050 3206 3120 fugientes
3258 3051 3581 3106 immensam
3614 3052 3849 3107 Arabum
3878 3054 4016 3107 allii-

2443 3140 2704 3195 ctionem.
2732 3142 2868 3196 Cum
2897 3142 3046 3197 enim
3088 3142 3208 3197 sine
3240 3144 3482 3213 generali
3520 3146 3828 3215 principatu
3855 3146 4015 3216 Syria

744 3236 893 3291 enim
920 3232 1146 3303 quidam
1174 3230 1239 3285 ad
1273 3228 1609 3299 δεριίειηιιω
1639 3235 1951 3293 acvesserat
1978 3227 2113 3280 satis
2140 3239 2339 3294 expers
2364 3226 2408 3288 C
2442 3230 2590 3288 eSset
2619 3242 2677 3287 et
2702 3231 2970 3303 Egyptus
3017 3242 3074 3288 et
3122 3234 3305 3289 Africa
3351 3244 3408 3289 et
3449 3236 3627 3291 omnis
3680 3238 4019 3307 principatus

748 3326 1082 3382 mechanica:
1130 3322 1298 3388 artis,
1330 3334 1653 3391 quem'cum
1680 3328 1863 3377 castra
1898 3328 2137 3373 metatus
2162 3325 2332 3383 esset,

749 3424 805 3477 in
837 3415 1233 3484 Hadrianopoli
1281 3412 1611 3476 constituit;
1662 3410 1753 3464 cui
1790 3410 2001 3466 nullum
2030 3408 2337 3464 secundum

750 3510 1009 3565 meritum
1055 3507 1319 3561 auxilium
1367 3505 1454 3559 vel
1498 3503 1830 3559 beneﬁcium
1857 3502 2170 3568 conferens,
2203 3503 2337 3572 quin

751 3602 938 3672 potius
989 3610 1046 3655 et
1087 3614 1275 3670 rogatu
1327 3599 1447 3670 ejus
1496 3596 1847 3662 abbrevians,
1898 3606 2339 3651 murmurantem

752 3697 919 3754 nimis
942 3694 1164 3750 cecidit.
1194 3693 1300 3760 Qui
1334 3707 1504 3762 super
1533 3692 1639 3746 hoc
1671 3690 1928 3745 tristatus
1954 3690 2093 3760 fugit
2116 3690 2183 3744 ad
2218 3690 2343 3745 Vul-

752 3805 932 3863 gares,
966 3797 1024 3844 et
1045 3778 1239 3843 decuit
1271 3801 1369 3841 eos
1402 3800 1622 3839 omnem
1657 3784 1912 3854 mangani
1944 3792 2141 3839 artem.
2168 3774 2233 3837 ln‘
2257 3784 2345 3837 his

754 3880 1038 3942 insistens,
1072 3876 1295 3933 nemine
1332 3875 1404 3930 ob
1454 3873 1682 3930 multam
1712 3874 2001 3929 stultitiam
2033 3874 2342 3940 resistente,

755 3989 855 4045 per
902 3980 1079 4028 totum
1129 3984 1375 4024 mensem
1440 3967 1589 4038 cepit
1635 3982 1781 4022 eam.
1855 3965 2116 4021 Kalendis
2159 3976 2344 4021 autem

756 4064 1107 4121 Novembriis
1137 4063 1404 4138 advocato
1455 4062 1761 4138 imperator
1825 4059 2164 4130 patriarcha,
2219 4074 2345 4113 cum

758 4128 1190 4229 angustiaretur,
1218 4154 1286 4208 de
1319 4168 1452 4223 pace
1482 4128 1776 4207 consilium
1812 4128 2067 4222 sumpsit.
2102 4151 2349 4205 Aderant

760 4263 945 4309 autem
991 4259 1049 4306 et
1096 4244 1536 4317 metropolitani,
1574 4244 1833 4300 Nicaznus
1866 4244 2128 4298 videlicet
2156 4252 2213 4319 et
2242 4243 2348 4314 Cy-

761 4346 988 4401 zicenus
1023 4342 1294 4412 episcopi,
1331 4336 1700 4409 prtesentibus
1727 4352 1948 4406 quoque
1987 4336 2173 4405 pravis
2221 4351 2351 4389 con-

763 4437 987 4492 siliariis
1038 4450 1161 4489 cum
1218 4432 1511 4487 Theodoro
1560 4425 1870 4501 ltegumeno
1901 4430 2103 4485 Studii.
2148 4430 2212 4482 Et
2253 4438 2350 4499 pa-

2441 3324 2537 3393 qui
2569 3324 2670 3379 sub
2710 3325 2844 3394 ipsis
2871 3336 2976 3390 est,
3005 3326 3305 3381 homicidia
3343 3336 3401 3381 et
3445 3329 3650 3397 rapinae
3673 3340 3725 3383 et
3750 3329 4019 3384 adulteria

2442 3416 2786 3486 luxuriaeque
2827 3432 2891 3471 ac
2932 3432 3124 3472 omnes
3164 3419 3275 3473 Deo
3309 3419 3545 3475 odibiles
3592 3422 3833 3477 actiones
3862 3424 3912 3477 in
3942 3426 4020 3477 ci-

2441 3508 2707 3563 vitatibus
2738 3517 2793 3562 et
2825 3509 2970 3564 villis
2998 3526 3026 3563 a
3054 3509 3325 3564 divinitus
3353 3511 3601 3580 peritura
3626 3523 3787 3583 gente
3820 3530 4019 3584 perpe-

2445 3601 2757 3655 trabantur.
2789 3602 2960 3670 lnque
2991 3602 3133 3656 alma
3174 3602 3270 3657 Dei
3323 3605 3499 3658 nostri
3533 3605 3755 3660 civitate
3787 3607 4021 3661 colenda

2446 3691 2587 3756 loca,
2648 3700 2850 3746 sancta:
2895 3693 3155 3747 videlicet
3191 3696 3615 3749 resurrectionis
3645 3711 3708 3750 ac
3734 3697 3986 3751 calvariae
4008 3740 4021 3762 ,

2447 3798 2546 3837 ceu
2573 3784 2782 3853 reliqua
2808 3784 3095 3853 profanata
3122 3794 3272 3838 sunt.
3307 3785 3575 3841 Similiter
3604 3798 3788 3842 autem
3821 3800 3875 3845 et
3910 3790 4027 3845 latu-

2447 3889 2521 3928 rae
2549 3875 2721 3928 eremi
2752 3876 3145 3945 opinatissima:
3190 3876 3323 3947 (96),
3375 3879 3549 3933 sancti
3597 3881 3807 3936 scilicet
3835 3882 4028 3938 Chari-

2450 3965 2597 4021 tonis
2622 3975 2679 4020 et
2712 3967 2887 4021 sancti
2920 3967 3096 4031 Sabaz,
3139 3979 3196 4022 et
3228 3970 3440 4039 reliqua
3472 3975 3810 4028 monasteria
3839 3986 3891 4029 et
3930 3992 4028 4031 cc-

2449 4058 2640 4113 clesiae-
2686 4059 2917 4113 desertae
2967 4060 3123 4116 factae
3156 4072 3286 4117 sunt
3317 4103 3331 4126 ,
3362 4062 3451 4117 alii
3482 4080 3718 4134 namque
3762 4079 4026 4136 percepto

2451 4155 2713 4226 martyrio
2735 4155 3053 4226 interempti
3104 4168 3253 4215 sunt.
3291 4159 3380 4212 alii
3418 4175 3550 4214 vero
3573 4160 3808 4230 Cyprum
3848 4172 3900 4215 et
3926 4162 4029 4217 hac

2453 4250 2776 4320 Byzantium
2825 4264 3214 4320 properarunt,
3261 4268 3402 4321 quos
3441 4252 3667 4307 Michael
3698 4248 3820 4322 pius
3858 4254 4030 4324 impe-

2454 4349 2605 4396 rator
2655 4351 2711 4397 et
2745 4342 3093 4411 Nicephorus
3151 4344 3533 4399 sanctissimus
3585 4346 3897 4414 patriarcha
3934 4348 4031 4404 be-

2455 4434 2621 4503 nigna
2652 4433 3028 4488 munificentia
3067 4445 3397 4503 receperunt
3427 4452 3440 4486 :
3474 4451 3599 4488 nam
3628 4436 3714 4489 his
3745 4438 3837 4505 qui
3865 4454 4031 4494 vene-

765 4529 1007 4583 triarcha
1031 4525 1253 4596 quidem
1297 4538 1360 4578 ac
1396 4521 1749 4591 metropolita
1783 4520 2060 4575 antistites
2087 4535 2212 4574 cum
2250 4520 2352 4573 im-
2382 4562 2432 4620 Β
2461 4532 2589 4576 runt
2615 4523 2683 4577 ad
2706 4523 2901 4577 urbem
2944 4524 3342 4577 monasterium
3392 4523 3607 4592 insigne
3650 4524 3902 4582 donavit.
3944 4527 4030 4582 his

765 4631 1019 4693 peratore
1058 4615 1799 4689 pacemampleetebantur:
1840 4614 1966 4666 mali
2005 4628 2135 4667 vero
2164 4602 2350 4667 consi-

765 4714 910 4769 liarii
944 4728 1068 4766 cum
1116 4708 1411 4763 Theodoro
1446 4706 1757 4776 hegumeno
1815 4704 1993 4758 Studii
2045 4704 2188 4759 hanc
2218 4705 2351 4759 sub-

764 4805 1078 4866 vertebant,
1131 4802 1370 4856 fatentes
1424 4817 1436 4852 :
1471 4798 1535 4853 I‘n
1578 4798 1967 4852 subversiouem
2001 4796 2162 4849 divini
2202 4814 2355 4850 man-

766 4899 882 4953 dati
906 4913 1059 4951 uemo
1090 4911 1268 4966 pacem
1303 4890 1676 4963 amplectitor:
1710 4905 1830 4943 eum
1851 4889 2042 4958 quippe
2064 4890 2153 4956 qui
2190 4891 2350 4952 venit,

765 4991 937 5061 inquit
972 4988 1247 5047 Dominus,
1287 4985 1356 5038 ad
1392 5000 1492 5048 me,
1518 4999 1619 5039 non
1666 4983 1876 5052 ejiciam
1909 4980 2074 5049 foras,
2106 4981 2358 5035 nescien—
2398 5026 2401 5029 Α

769 5092 853 5137 tes
905 5093 1087 5149 neque
1115 5092 1237 5147 qme
1267 5075 1519 5129 dicerent
1559 5087 1741 5141 neque
1784 5073 1853 5124 de
1884 5070 2085 5141 quibus
2116 5071 2355 5145 afﬁrma-

772 5180 920 5234 rent,
945 5170 1126 5240 primo
1156 5165 1380 5236 quidem
1409 5163 1671 5234 quoniam
1704 5163 1927 5217 nemine
1968 5163 2033 5217 ad
2056 5177 2158 5217 nos
2192 5178 2256 5218 ex
2287 5164 2367 5219 eis

772 5262 1123 5331 confugiente
1165 5274 1267 5313 nos
1293 5273 1389 5312 eos
1418 5256 1513 5326 qui
1547 5259 1689 5309 intra
1738 5263 1945 5307 cortem
1982 5262 2144 5308 erant
2182 5255 2369 5323 prodi-

773 5356 979 5416 dimus,
1004 5352 1254 5405 valentes
1310 5350 1414 5403 hos
1467 5363 1593 5402 cum
1644 5361 1786 5416 pace
1838 5344 2369 5410 salvare;secundo

773 5460 909 5503 vero
938 5444 1069 5515 quia
1097 5451 1154 5499 et
1200 5442 1250 5496 si
1294 5440 1556 5512 fugerunt
1583 5439 1690 5494 rari
1719 5438 1940 5508 quidam
1980 5437 2048 5491 ad
2098 5454 2220 5503 nos,
2272 5454 2371 5509 pro

2458 4628 2589 4667 vero
2623 4615 2717 4683 qui
2760 4613 2813 4667 in
2845 4612 3023 4684 Cypro
3070 4622 3472 4677 remanserunt,
3503 4616 3789 4670 monachis
3823 4618 4033 4672 scilicet

2458 4714 2517 4759 et
2560 4707 2735 4770 laicis,
2762 4707 3037 4761 talentum
3087 4707 3207 4760 auri
3241 4706 3564 4770 transmisit,
3591 4715 3646 4761 et
3675 4708 3907 4762 diversis
3933 4710 4034 4763 hos

2459 4802 2774 4856 consolatus
2824 4811 2910 4857 est
2947 4802 3145 4856 modis.
3205 4803 3337 4857 Erat
3384 4802 3587 4873 quippe
3639 4803 3866 4858 Michael
3904 4821 4034 4875 erga

2461 4893 2654 4946 omnes
2676 4892 2861 4946 suavis
2880 4891 3105 4961 quidem
3138 4900 3194 4946 et
3223 4892 3485 4952 clemens.
3511 4892 3655 4945 circa
3686 4894 4033 4962 negotiorum

2463 4999 2595 5038 vero
2627 4983 3046 5053 dispositionem
3068 4983 3249 5045 iners,
3280 4983 3545 5037 servitute
3568 4982 3827 5038 subactus
3858 4985 4038 5039 Theo-

2463 5076 2626 5129 otisto
2658 5076 2920 5145 magistro
2964 5090 3061 5129 seu
3109 5075 3323 5130 caeteris
3365 5073 3730 5143 principibus.
3771 5075 4040 5129 Praeterea

2465 5179 2655 5219 mense
2699 5164 3005 5219 Februario
3050 5164 3160 5220 duo
3201 5163 3501 5219 Christiani
3540 5179 3606 5218 ex
3652 5164 3909 5235 Vulgaria
3956 5164 4041 5219 fu-

2465 5254 2677 5324 gientes
2711 5255 3111 5311 nuntiaverunt
3142 5255 3462 5325 imperatori
3496 5254 3797 5309 Crumnum
3830 5256 4040 5324 praeda-

2468 5356 2654 5400 turum
2689 5362 2808 5409 eos,
2835 5348 2931 5416 qui
2961 5355 3146 5401 essent
3168 5347 3223 5401 in
3252 5346 3486 5410 Thrace,
3513 5356 3738 5415 repente
3759 5345 4039 5400 festinare.

2472 5436 2540 5495 Et
2558 5437 2777 5494 decimo
2798 5439 2994 5508 quinto
3014 5437 3292 5499 Kalendas
3308 5437 3530 5493 Martias
3552 5439 3723 5492 exivit
3741 5438 4045 5507 imperator

2308 5547 2541 5603 NOTAE}.

847 5648 957 5719 (96)
990 5645 1421 5719 Opinatissirnte._
1441 5641 2013 5719 Rufﬁnusinterpres
2031 5640 2256 5719 Eusebii
2286 5638 2356 5694 ΙΙ.

777 5711 987 5783 1·;.’νιιί,
1033 5711 1094 5773 ἰε
1135 5737 1152 5768 ι
1218 5713 1632 5784 opinatissimus
1684 5711 1774 5784 ille
1827 5712 2199 5784 Dorotlteu's.r
2242 5711 2360 5779 Ipse

778 5781 1084 5847 Rutilmisl.
1110 5786 1174 5841 10
1198 5803 1222 5840 -:
1258 5781 1278 5836 ἰ
1316 5784 1535 5838 nobiles
1572 5792 1628 5836 et
1666 5781 2031 5850 epinatissimi
2088 5797 2362 5836 convene-

777 5871 923 5918 runt.
970 5880 990 5914 ι
1017 5860 1197 5919 Julius
1221 5855 1493 5917 Firmicus
1515 5852 1649 5918 5,5:
1690 5870 1709 5905 ι
1740 5867 1925 5926 magos
1949 5852 2186 5909 famosos
2200 5852 2361 5912 faciet

2471 5643 2555 5697 vel
2574 5633 2933 5712 philosolshos
2957 5641 3238 5711 opinatos.
3271 5640 3591 5712 isinncmar.
3628 5640 3768 5712 Item
3815 5641 3883 5695 de
3908 5642 4050 5712 Pra-

2471 5712 2669 5767 destin.
2722 5713 2790 5766 54
2825 5730 2837 5764 :
2886 5731 2903 5762 ‹
2941 5712 3240 5781 Gregorius
3268 5711 3642 5781 Nazianzenus
3670 5711 3750 5764 vir
3782 5712 3833 5765 in
3863 5711 3969 5767 ﬁde
3994 5721 4051 5773 et

2470 5783 2724 5840 doctrina
2753 5780 3185 5854 opiuatissimus.
3216 5801 3234 5832 ι
3262 5780 3418 5837 FABR.
