4414 6462
414 434 551 498 ιιεε

1175 433 1536 493 HISTORIA
1570 430 2139 492 ECCLESIASTICA
2176 431 2272 491 EX
2308 431 2788 493 ΤΗΕΟΡΗΑΝΕ.

3458 429 3594 494 1426

404 551 472 603 ah
511 549 666 620 urbe,
699 555 755 599 et
781 545 874 600 Dei
911 543 1249 614 providentia
1288 542 1528 595 inetlicax
1563 539 1724 593 rediit
1758 537 1954 592 Crum-
1979 543 2028 600 Α
2053 552 2180 591 suos
2215 536 2413 589 milites
2437 535 2694 598 erudivit,
2724 545 2783 589 ut
2803 550 2908 588 non
2938 546 3153 603 peccata
3181 549 3276 589 sua
3301 536 3402 604 ipsi
3433 551 3594 590 accu-

404 652 506 689 nus
551 651 657 688 non
688 635 874 702 paucis
919 630 1152 686 amissis.
1188 631 1284 684 Ast
1319 631 1610 697 imperator
1644 626 1948 681 Hadriano-

404 725 567 794 polim
608 723 872 783 veniens,
906 726 962 775 et
1013 719 1278 774 ordinatis
1327 726 1450 785 apte
1495 731 1615 785 quae
1658 716 1800 768 circa
1828 730 1948 769 eam

403 823 577 873 erant.
605 827 727 865 cum
760 810 957 879 gaudio
1002 809 1180 870 rediit,
1230 815 1286 860 et
1333 806 1630 860 ascendens
1676 814 1949 858 monaste-

406 903 545 957 rium
581 902 787 956 Tarasii
827 898 1127 954 beatissimi
1156 896 1495 966 patriarcha,
1519 894 1805 948 celebratis
1833 895 1950 962 ejus

405 992 706 1056 memoriis,
737 1005 845 1044 una
891 1004 1014 1044 cum
1068 987 1308 1056 Augusta
1354 985 1638 1054 Procopio,
1694 991 1950 1053 argenteo

405 1059 585 1151 pctalo
619 1079 882 1133 librarum
921 1076 987 1130 95
1015 1089 1230 1128 sacrum
1265 1073 1578 1141 sepulcrum
1626 1072 1744 1142 ejus
1787 1071 1951 1126 vesti-

407 1169 504 1221 vit.
527 1167 654 1222 Post
681 1172 896 1234 captam
924 1176 1056 1216 vero
1087 1159 1464 1215 Mesembriam
1494 1160 1788 1229 imperator
1817 1159 1952 1213 Cru-
1986 1229 1990 1242 _

407 1272 535 1311 ωηο
563 1270 692 1324 pace
725 1261 936 1322 negata.
965 1265 1033 1305 ex
1066 1250 1321 1305 omnibus
1351 1249 1680 1304 thematibus
1702 1249 1951 1303 militiam

406 1356 531 1401 ante
558 1345 775 1398 vernale
809 1351 1022 1410 tempus
1051 1341 1105 1394 in
1123 1339 1386 1394 Thracem
1410 1340 1640 1394 transire
1666 1340 1948 1409 praecepit,

408 1436 483 1490 ita
508 1442 566 1487 ut
595 1445 783 1487 omnes
810 1430 1036 1485 moleste
1078 1428 1304 1490 ferrent,
1334 1431 1562 1483 maxime
1599 1428 1954 1498 Cappadoces

406 1534 462 1580 et
495 1521 818 1576 Armeniaci.
850 1520 1181 1588 lmperatore
1208 1528 1387 1573 autem
1415 1527 1647 1573 exeunte
1692 1534 1814 1572 cum
1864 1534 1954 1573 or-

407 1610 626 1665 dinibus
655 1623 841 1662 mense
868 1607 1028 1672 Maio,
1059 1608 1226 1662 exivit
1263 1623 1386 1662 cum
1431 1622 1497 1661 eo
1533 1607 1733 1676 pariter
1757 1607 1956 1660 Proco-

407 1701 493 1769 pia
550 1697 789 1768 Augusta
836 1713 1008 1767 usque
1056 1697 1129 1750 ad
1175 1695 1524 1766 aqualductus
1573 1697 1724 1766 juxta
1784 1697 1954 1750 Hera-

407 1789 590 1843 cliam.
621 1788 690 1842 At
717 1802 851 1841 vero
882 1786 1265 1841 multitudines
1298 1802 1463 1856 super
1507 1787 1612 1840 hoc
1639 1787 1848 1840 duriter
1871 1787 1956 1841 fe-

2055 634 2194 688 scnt,
2229 623 2323 678 sed
2356 625 2709 678 orthodoxam
2731 633 2834 678 eta
2870 624 3119 679 Patribus
3153 626 3404 678 traditam
3438 627 3596 679 ﬁdem

2055 728 2376 783 sacrumque
2412 713 2657 766 habitum
2696 713 3110 773 monachorum.
3162 713 3252 780 qui
3287 713 3482 767 divina:
3519 724 3598 766 est

2055 804 2408 873 philosophiae
2433 804 2787 873 gymnasium.
2811 803 2965 856 Multi
2995 812 3174 856 autem
3201 818 3388 855 eorum
3424 805 3514 869 qui
3547 805 3598 855 in

2063 893 2148 948 his
2164 894 2631 962 blasphemabant,
2658 893 2846 947 habitu
2877 901 3083 946 tantum
3107 892 3598 954 erantChristiani,

2057 985 2286 1039 veritate
2325 1001 2457 1039 vero
2482 985 2799 1046 Pauliciani,
2830 985 2918 1051 qui
2942 1000 3047 1037 non
3079 984 3321 1036 valentes
3358 982 3599 1036 detesta-

2058 1073 2187 1126 bilia
2235 1073 2484 1142 dogmata
2531 1088 2628 1127 sua
2657 1071 2999 1125 manifestare
3040 1071 3412 1140 hujuscemodi
3441 1084 3601 1124 occa-

2058 1164 2208 1217 sione
2260 1162 2509 1216 indoctos
2564 1160 2960 1223 adulterabant,
3014 1159 3449 1223 Constantinum,
3497 1162 3591 1227 qui

2056 1253 2267 1308 Iudaici
2300 1251 2479 1306 fuerat
2508 1267 2720 1314 sensus,
2748 1251 2965 1305 beatum
2999 1252 3245 1305 dicentes
3278 1261 3337 1304 ut
3369 1251 3605 1320 prephe—
3663 1302 3670 1310 ,

2061 1351 2168 1396 tam
2203 1350 2257 1396 et
2289 1341 2575 1399 victorem,
2611 1339 2968 1408 haeresimque
3002 1339 3170 1407 ipsius
3209 1341 3262 1392 in
3293 1339 3605 1412 subversio-

2059 1446 2182 1484 nem
2218 1431 2510 1484 incarnatz
2565 1429 2988 1498 dispensationis
3019 1429 3235 1481 Domini
3269 1428 3442 1481 nostri
3479 1426 3604 1479 Jcsu

2057 1518 2258 1573 Christi
2283 1519 2694 1586 amplectentes.
2729 1517 2899 1572 Porro
2924 1517 3136 1570 decimo
3154 1515 3422 1572 Kalendas
3440 1515 3608 1569 Jnlias

2060 1609 2303 1678 pratlium
2335 1609 2653 1662 ineuntibus
2686 1609 2830 1662 haud
2863 1609 3051 1676 procul
3095 1609 3162 1661 ah
3198 1606 3608 1674 lladrianopoli.

2060 1697 2385 1766 delinquunt
2445 1697 2665 1766 quidem
2722 1683 3016 1752 Christiani
3072 1698 3225 1749 valde
3287 1696 3405 1749 dire
3466 1698 3610 1748 circa

2061 1789 2285 1851 bellum,
2338 1789 2586 1841 obtinent
2614 1795 2794 1841 autem
2837 1787 3040 1839 inimici
3069 1801 3299 1854 pugnam
3336 1800 3361 1836 a
3391 1786 3518 1845 Deo,
3555 1793 3614 1836 ut

409 1886 592 1932 rentes
623 1877 677 1932 in
718 1877 1120 1947 derogationem
1155 1892 1217 1932 ac
1251 1878 1685 1932 maledictionem
1725 1894 1953 1932 conver-
1983 1869 2028 1927 B
2057 1881 2237 1950 plures
2263 1879 2698 1934 Christianorum
2729 1894 2830 1932 nec
2849 1879 3074 1948 primam
3108 1878 3613 1946 congressionem...

408 1980 480 2018 δίε
527 1974 656 2020 sunt
700 1974 894 2020 contra
944 1965 1284 2020 Michaelem.
1349 1965 1517 2020 Porro
1577 1968 1738 2020 tertio
1775 1967 1959 2020 Nonas

408 2054 576 2109 Maias
619 2056 840 2125 eclipsis
872 2056 1012 2110 facta
1063 2065 1148 2110 est
1209 2055 1341 2110 solis
1386 2057 1533 2110 circa
1564 2057 1959 2110 duodecimam

410 2154 616 2216 partem
648 2146 812 2201 Tauri
850 2147 1002 2216 juxta
1062 2147 1424 2215 horologium,
1475 2148 1687 2201 oriente
1741 2147 1875 2212 sole,
1907 2155 1963 2200 et

398 2238 613 2293 multus
647 2239 811 2291 timor
845 2237 1043 2293 cecidit
1084 2252 1248 2305 super
1292 2237 1498 2290 turbas.
1535 2237 1632 2290 Ast
1664 2237 1960 2305 imperator

411 2328 739 2384 circumibat
785 2328 1052 2383 Thracem
1086 2342 1209 2381 cum
1239 2326 1565 2396 praetoribus
1613 2342 1677 2379 ac
1726 2326 1957 2389 militiis,

411 2432 590 2489 neque
649 2425 837 2473 contra
887 2414 1262 2473 Mesembriam
1310 2426 1562 2485 pergens,
1609 2431 1785 2485 neque
1815 2416 1961 2470 aliud

421 2510 552 2580 quid
586 2525 774 2565 eorum
798 2524 916 2578 quae
943 2509 1026 2578 agi
1056 2507 1256 2562 debent
1303 2506 1371 2560 ad
1411 2505 1837 2561 destructionem
1868 2508 1966 2561 ho-

410 2602 575 2656 stium
628 2608 886 2669 patrans,
946 2597 1041 2650 sed
1105 2605 1311 2650 tantum
1364 2610 1560 2650 suasus
1620 2597 1967 2652 sermonibus

412 2691 565 2746 vanis
604 2690 1040 2746 consiliariorum
1088 2705 1331 2753 suorum,
1379 2689 1645 2743 bellorum
1691 2690 1967 2760 experien-

415 2781 544 2833 tiam
587 2795 698 2832 non
746 2779 1064 2833 habentium
1093 2820 1107 2844 ,
1149 2794 1211 2832 ac
1261 2794 1356 2848 per
1399 2778 1503 2832 hoc
1538 2779 1967 2833 asseverantium

414 2885 525 2923 non
571 2870 774 2924 audere
818 2869 1100 2922 inimicum
1148 2869 1413 2923 adversus
1466 2870 1616 2922 illum
1665 2870 1874 2932 venire,
1915 2871 1966 2924 in

415 2960 635 3028 prepria
665 2958 885 3027 regione
932 2944 1234 3012 sedentem.
1285 2960 1353 3012 Et
1404 2969 1521 3013 erat
1552 2960 1840 3013 barbarico
1867 2960 1970 3012 im-

416 3055 544 3116 petu
596 3049 812 3116 gravior
867 3047 1170 3101 concivium
1205 3057 1384 3103 cretus
1412 3049 1785 3103 deficientium
1820 3049 1967 3102 circa

416 3139 747 3194 necessarias
780 3139 1044 3194 utilitates
1073 3180 1086 3204 ,
1140 3149 1193 3193 et
1239 3140 1441 3210 rapinis
1481 3156 1542 3194 ac
1596 3141 1969 3196 invasionibus

415 3228 892 3283 cxterminantium
948 3230 1352 3299 compatriolas.
1416 3229 1573 3284 Circa
1622 3229 1774 3284 initia
1836 3246 1964 3285 vero

415 3319 563 3375 Junii
596 3319 798 3374 mensis
829 3319 962 3374 exiit
1015 3319 1286 3374 Crumnns
1339 3320 1630 3390 Vulgarum
1683 3321 1793 3375 dux
1846 3337 1970 3376 cum

416 3405 748 3462 exercitibus
781 3409 916 3470 suis,
950 3408 1176 3471 veritus,
1209 3409 1354 3478 quod
1395 3410 1562 3464 multa
1592 3410 1761 3463 millia
1790 3418 1973 3464 essent

415 3496 867 3554 Christianorum.
943 3498 1188 3569 Cumque
1244 3502 1504 3556 movisset
1561 3502 1865 3555 exercitum
1919 3502 1972 3555 in

418 3586 771 3643 Versinieiam
807 3590 960 3658 quasi
1005 3590 1228 3645 tricenis
1281 3592 1452 3661 signis
1485 3591 1555 3646 ab
1597 3592 1974 3660 imperialibus

417 3678 633 3743 castris,
663 3679 774 3734 Leo
806 3680 1068 3749 patricius
1095 3690 1154 3734 et
1192 3690 1390 3750 prator
1417 3680 1776 3733 Orientalium
1813 3681 1974 3734 Joan-

419 3785 627 3841 nesque
683 3771 946 3841 patricius
994 3779 1050 3824 et
1100 3768 1426 3823 Macedtnite
1483 3777 1706 3837 praetor,
1775 3783 1975 3838 cogno-

419 3871 604 3916 mento
627 3862 874 3930 Aplaces.
908 3859 1137 3912 multum
1165 3856 1402 3927 prompti
1442 3859 1516 3912 ad
1538 3857 1640 3912 hos
1668 3857 1971 3922 bellandos,

419 3951 681 4022 prohibiti
730 3957 860 4003 sunt
899 3948 968 4002 ab
999 3947 1326 4017 imperatore
1357 3963 1454 4016 per
1504 3947 1672 4002 malos
1715 3948 1974 4002 consilia-

421 4041 548 4096 rios.
604 4038 742 4096 Cum
795 4048 978 4093 autem
1032 4037 1162 4092 urbs
1215 4038 1446 4093 letanias
1509 4038 1810 4093 celebraret
1849 4053 1974 4093 cum

419 4147 635 4189 summo
665 4131 948 4187 sacerdote
981 4132 1034 4186 in
1068 4131 1269 4202 templo
1297 4129 1394 4187 SS.
1421 4133 1826 4202 Apostolorum,
1853 4133 1976 4206 qui-

420 4226 544 4280 dam
606 4224 896 4293 impiorum
955 4223 1206 4279 obscenas
1257 4224 1367 4278 Deo
1408 4224 1589 4294 perosi
1629 4222 1975 4280 Constantini

421 4314 711 4380 haereseos,
736 4315 986 4370 obserata
1007 4324 1166 4387 porta
1194 4315 1558 4385 imperialium
1575 4317 1974 4386 sepulcrorum,

421 4406 640 4462 nemine
673 4406 1024 4472 attendente,
1079 4415 1304 4478 propter
1360 4407 1534 4462 turbat
1589 4407 1975 4478 frequentiam,

2060 1984 2268 2024 summa
2328 1985 2427 2038 uga
2462 1977 2770 2032 uterentur,
2800 1969 2871 2021 ita
2898 1977 2957 2020 ut
2987 1967 3258 2021 Crumnns
3303 1975 3618 2020 consterna-

2061 2070 2148 2116 tus
2179 2058 2472 2118 azstimaret
2503 2056 2829 2113 insidiarum
2869 2072 3210 2127 quarumque
3240 2065 3615 2124 argumentum

2061 2170 2213 2213 esse:
2243 2167 2355 2222 quu
2376 2152 2578 2206 factum
2603 2161 2685 2206 est
2713 2161 2773 2204 ut
2793 2151 3065 2204 modicum
3103 2151 3362 2202 retineret
3394 2161 3522 2200 suos
3550 2145 3616 2198 ab

2064 2244 2452 2301 insecutiore':
2488 2242 2615 2312 quia
2662 2243 2807 2296 enim
2840 2242 2974 2294 vidit
3013 2255 3105 2293 eos
3134 2240 3247 2291 sine
3306 2239 3410 2290 ulla
3440 2247 3618 2289 reten-

2064 2334 2212 2388 tione
2245 2332 2455 2402 fugere,
2489 2341 2810 2402 persecutus
2861 2329 3059 2384 occidit
3117 2327 3492 2380 multitudines
3521 2339 3616 2378 co-

2063 2423 2262 2491 piosas,
2280 2422 2506 2476 veniens
2533 2422 2890 2475 nihilominus
2907 2420 2972 2474 ad
2995 2419 3256 2480 sarcinas,
3293 2426 3346 2471 et
3377 2417 3474 2470 has
3494 2431 3618 2470 cum

2063 2513 2275 2568 exuviis
2309 2512 2586 2578 auferens.
2618 2514 2717 2567 Ast
2753 2512 3048 2581 imperator
3073 2510 3287 2580 fugiens
3317 2508 3618 2579 repedabat

2065 2605 2117 2658 in
2154 2606 2370 2670 urbem,
2420 2604 2870 2659 multitudinibus
2927 2605 3227 2672 harumque
3278 2601 3618 2670 printipibus

2067 2699 2324 2766 sumptis.
2358 2698 2584 2766 Insuper
2611 2707 2665 2751 et
2693 2697 2906 2765 itnperii
2941 2695 3297 2765 pollicebatur
3331 2692 3625 2761 depositio-

2067 2801 2190 2842 nom
2253 2787 2527 2856 dejurans.
2571 2786 2715 2840 lntcr
2767 2800 2904 2854 quos
2943 2793 2996 2838 et
3037 2784 3276 2837 Leonem
3328 2782 3618 2849 patricium

2066 2886 2121 2931 et
2141 2885 2428 2945 praetorem
2460 2876 2844 2936 Orientalium,
2884 2887 3137 2941 tanquam
3173 2875 3320 2941 pium
3350 2882 3404 2924 et
3435 2871 3623 2924 fortis-

2067 2967 2265 3020 simum
2294 2976 2346 3020 et
2370 2981 2466 3034 per
2490 2965 2671 3018 omnia
2704 2973 3010 3024 strenuum,
3048 2963 3100 3014 in
3125 2961 3358 3014 tenendo
3389 2962 3620 3029 imperio

2068 3055 2332 3109 asciscere
2353 3054 2558 3108 socium
2579 3054 2768 3106 voluit.
2791 3051 2891 3116 Qui
2916 3052 3223 3104 nullatenus
3249 3051 3623 3117 acquiescens,

2069 3142 2276 3196 dimisit
2296 3157 2420 3195 eum
2446 3156 2677 3211 praeesse
2704 3140 3054 3201 thematihus,
3084 3140 3306 3208 ipsoque
3330 3138 3395 3191 ad
3422 3137 3624 3207 regiam

2071 3233 2322 3303 pervenit
2365 3232 2559 3285 urbem
2609 3241 2801 3285 octavo
2853 3229 3124 3283 Kalendas
3190 3228 3385 3300 Julias,
3439 3228 3626 3280 volens

2072 3322 2648 3392 deponerelmperium
2680 3322 2915 3374 etalium
2942 3324 3298 3388 promovere;
3331 3319 3420 3387 qui
3450 3329 3628 3371 tamen

2074 3414 2141 3469 ab
2163 3429 2352 3477 uxore,
2381 3424 2437 3468 et
2475 3415 2542 3468 ab
2564 3414 2652 3466 his
2672 3413 2763 3481 qui
2803 3413 3055 3481 nequiter
3087 3411 3500 3480 prarvaluerant,
3523 3425 3628 3461 non

2073 3516 2156 3560 est
2185 3504 2500 3574 permissus.
2535 3505 2732 3559 Verum
2767 3505 2818 3555 in
2846 3503 2948 3555 hoc
2985 3502 3321 3569 Nicephorus
3351 3502 3632 3554 sanctissi-

2073 3611 2195 3650 mus
2211 3597 2524 3664 patriarcha
2570 3592 2947 3647 consentiebat
2979 3610 2990 3643 :
3022 3591 3086 3643 Et
3120 3595 3248 3658 ipse,
3274 3592 3550 3658 inquiens,
3582 3603 3630 3642 et

2072 3686 2174 3753 ﬁlii
2196 3687 2307 3753 ejus
2338 3683 2580 3737 solvendi
2610 3691 2781 3742 erunt,
2817 3683 2859 3732 si
2889 3680 3064 3732 taliter
3091 3682 3204 3747 quis
3245 3689 3632 3748 promoveatur.

2073 3777 2143 3831 At
2164 3791 2294 3830 vero
2327 3784 2587 3844 pratores
2606 3772 2880 3825 discentes
2905 3770 3290 3839 imperatorem
3331 3783 3455 3823 cum
3497 3771 3635 3823 mul-

2074 3863 2404 3920 titudinibus
2430 3863 2484 3916 in
2519 3861 2708 3915 urbem
2736 3860 2956 3928 fugisse,
2991 3857 3265 3926 desperati
3295 3856 3361 3911 ab
3393 3872 3458 3911 co
3487 3857 3630 3926 quod

2074 3949 2665 4021 decateroimperandi
2697 3949 2898 4012 forent,
2925 3958 2979 4002 et
3005 3947 3274 4002 consiliati
3296 3947 3436 4016 apud
3463 3956 3636 4002 semet

2077 4045 2222 4114 ipsos
2245 4041 2610 4113 implorabant
2645 4040 2882 4095 Leonem
2930 4037 3222 4109 patricium
3255 4045 3311 4092 et
3344 4043 3636 4108 praetorem

2074 4135 2453 4199 Orientalium,
2477 4150 2584 4204 quo
2616 4134 2972 4188 auxiliaretur
3002 4131 3276 4184 communi
3303 4130 3379 4185 rei
3405 4129 3637 4199 publice

2075 4237 2132 4284 et
2159 4225 2595 4282 Christianorum
2652 4223 2898 4293 religioni
2957 4220 3338 4290 opitularetur.
3390 4221 3485 4273 Ast
3547 4220 3636 4274 ille

2078 4319 2393 4390 aliquandiu
2419 4318 2780 4372 vehementer
2805 4313 3094 4368 differebat
3122 4321 3360 4383 tempus,
3383 4311 3634 4366 considas

2081 4427 2206 4467 rans
2235 4409 2607 4466 difficultatem
2639 4418 2694 4463 et
2721 4407 3081 4462 Barbarorum
3125 4405 3492 4467 incursionem
3546 4406 3631 4458 in-

421 4514 530 4569 quo
565 4499 746 4554 subito
779 4515 902 4555 cum
923 4499 1158 4570 quodam
1187 4500 1366 4556 sonitu
1397 4501 1702 4570 aperiretur
1723 4509 1971 4570 egerunt,
2008 4506 2051 4562 Ι)
2079 4503 2439 4562 tolerabilem.
2479 4510 2535 4555 et
2557 4510 2728 4556 semet
2757 4501 2932 4568 ipsum
2968 4514 3094 4566 erga
3117 4499 3473 4566 imperatores
3505 4511 3639 4550 con-

421 4590 576 4660 quasi
605 4607 670 4646 ex
701 4591 932 4660 quadam
956 4592 1276 4662 operatione
1318 4590 1583 4645 divinitus
1630 4591 1756 4644 facti
1798 4590 1982 4659 prodi-

422 4682 536 4752 gii,
591 4690 646 4737 et
695 4683 841 4739 intro
904 4685 1215 4739 insilientes
1267 4681 1623 4752 procidebant
1675 4680 1981 4736 seductoris

423 4782 813 4837 monumento,
871 4772 1019 4828 hunc
1083 4774 1401 4827 invocantes
1463 4778 1520 4823 et
1582 4783 1692 4822 non
1745 4768 1916 4822 Deum
1963 4786 1976 4820 :

423 4859 629 4933 Surge,
686 4862 980 4927 dicentes,
1047 4871 1094 4916 et
1157 4861 1416 4916 auxiliare
1476 4859 1694 4929 perdita:
1751 4860 1826 4911 rei
1884 4876 1982 4928 pu-

423 4951 570 5006 blica:
584 4971 602 5016 ;
632 4938 1158 5022 difl'amaveruntque
1180 4954 1306 5022 quia
1331 4951 1568 5006 surrexit
1590 4965 1757 5019 super
1775 4964 1979 5018 equum

425 5042 640 5105 sedens,
667 5052 723 5096 et
760 5042 909 5096 vadit
945 5041 1205 5112 Volgares
1233 5043 1555 5105 bellaturus,
1597 5041 1690 5109 qui
1735 5055 1763 5094 e
1789 5049 1979 5094 contra

425 5133 709 5186 Tartarum
756 5133 965 5185 habitat
1011 5148 1134 5187 cum
1164 5132 1522 5187 dzemonibus.
1571 5131 1670 5196 Qui
1706 5131 1774 5185 ah
1833 5131 1982 5186 urbis

424 5221 681 5293 praefecto
711 5222 1089 5290 comprehensi
1120 5222 1296 5291 primo
1322 5223 1543 5292 quidem
1575 5220 1982 5274 mentiebantur

425 5315 691 5369 divinitus
722 5316 864 5368 ultro
893 5314 1060 5369 fuisse
1083 5325 1265 5384 portas
1292 5318 1668 5385 sepulcrorum
1713 5322 1930 5381 apertas
1966 5331 1979 5365 :

425 5406 732 5475 praesentati
765 5420 897 5460 vero
919 5406 1174 5460 tribunali
1208 5406 1442 5475 prmfecti
1478 5417 1532 5460 et
1568 5406 1709 5459 circa
1740 5403 1982 5457 testimo-

428 5499 577 5552 nium
628 5497 998 5552 claudicantes
1026 5497 1389 5552 obserationis
1424 5497 1666 5552 fraudem
1703 5503 1830 5547 ante
1864 5510 1982 5547 om-

430 5603 552 5643 nem
599 5602 814 5658 pmnam
860 5585 1094 5642 confessi
1129 5599 1448 5658 sunt;quos
1498 5588 1693 5643 merito
1741 5585 1985 5653 vectibus

431 5679 673 5736 subdens
723 5695 934 5751 pompa
1001 5680 1232 5750 publicae
1292 5681 1565 5742 submisit,
1620 5678 1985 5733 vociferantes

437 5788 652 5829 causam
690 5788 879 5843 pmnat.
909 5771 999 5828 Sic
1016 5772 1160 5828 enim
1186 5773 1437 5842 nequitia:
1460 5773 1708 5827 inventor
1733 5769 1984 5822 diabolus

2079 4609 2304 4650 servans
2356 4601 2569 4647 rectum
2617 4601 2672 4644 et
2721 4590 2924 4659 absque
2965 4589 3195 4644 insidiis.
3243 4586 3380 4652 Quia
3419 4602 3547 4640 vero
3574 4587 3639 4639 ad

2081 4687 2269 4740 urbem
2298 4697 2591 4754 properare
2618 4682 2897 4735 inimicum
2931 4681 3089 4742 vidit,
3119 4679 3308 4733 scribit
3334 4677 3640 4745 Nicephoro

2080 4776 2402 4848 patriarcha
2423 4774 2490 4828 de
2527 4783 2673 4828 recta
2700 4773 2801 4826 fide
2826 4788 2920 4825 sua
2952 4771 3242 4833 affirmans,
3271 4779 3459 4837 petens
3477 4769 3638 4821 etiam

2081 4877 2140 4921 ut
2167 4883 2288 4922 cum
2339 4866 2587 4921 oratione
2617 4875 2671 4920 et
2709 4874 2846 4918 nutu
2880 4867 2998 4933 ejus
3049 4862 3335 4931 imperium
3375 4865 3635 4912 sumeret.

2081 4960 2148 5013 Et
2182 4959 2408 5012 veniens
2457 4956 2522 5011 ad
2580 4956 2939 5010 tribunalium
2986 4963 3108 5007 ante
3159 4953 3346 5004 urbem
3404 4948 3638 5016 positum

2083 5067 2186 5104 una
2214 5065 2335 5103 cum
2364 5047 2690 5118 praetoribus
2713 5056 2768 5101 et
2795 5045 3144 5107 exercitibus,
3186 5041 3339 5092 valde
3366 5039 3642 5107 legitimus

2084 5141 2453 5192 Romanorum
2491 5140 2787 5206 imperator
2843 5135 3168 5194 ostenditur,
3229 5141 3282 5182 et
3325 5129 3412 5180 die
3465 5129 3640 5180 media

2083 5228 2614 5296 Constantinopolim
2641 5242 2737 5295 per
2766 5226 2958 5281 Carisii
2997 5233 3205 5292 portam
3233 5218 3554 5287 ingreditur,
3588 5225 3641 5269 et

2085 5320 2148 5374 ad
2200 5319 2398 5387 regalia
2445 5317 2714 5386 pervenit.
2750 5315 2919 5368 Porro
2964 5312 3213 5369 Michael,
3245 5308 3428 5361 audita
3481 5308 3643 5375 hujus

2083 5407 2488 5469 acclamatione,
2508 5407 2561 5458 in
2579 5405 2876 5459 oratorium
2895 5402 3052 5457 Phari
3071 5414 3385 5458 accurrens,
3401 5413 3506 5450 una
3522 5413 3644 5450 cum

2085 5497 2345 5567 Procopio
2374 5497 2624 5563 natisque
2661 5495 2794 5557 suis,
2820 5494 3061 5547 detonsis
3088 5491 3297 5558 capillis
3348 5489 3645 5541 monastica

2089 5589 2265 5645 induit
2301 5588 2621 5641 vestimenta
2656 5585 2847 5653 quinto
2891 5582 3015 5636 ldus
3063 5580 3235 5633 Julias
3293 5589 3459 5643 sexta:
3506 5579 3645 5632 indi-

2088 5677 2303 5739 ctionis,
2355 5674 2488 5729 feria
2515 5672 2771 5727 secunda.
2804 5673 3024 5726 Postera
3068 5687 3198 5724 vero
3234 5669 3321 5723 die
3353 5681 3647 5725 coronatus

2089 5788 2114 5825 a
2139 5769 2441 5839 Niveplioro
2478 5766 2783 5835 patriarcha
2812 5765 2862 5817 in
2888 5765 3117 5818 amboue
3154 5764 3368 5835 Maioris
3403 5765 3645 5820 ecelesix
