4052 6184
378 294 3636 360 W

828 349 1011 359 ἓν*
1035 349 1132 358 ς-ιρ
1200 348 1495 365 ..Α-ὴ..
1538 348 2258 361 ww

938 471 1524 592 ΒΕΔΤῙ
1597 466 2348 588 ΒΔΒΔΝῙ
2420 465 3041 581 ΜΔΠΒῙ

2839 344 3111 355 ἠ’-μμ
3128 341 3375 353 ...νς-*-

2258 340 2833 356 -ᾐῤ-,ι--ἻῩ
2754 340 2773 341 νν
2804 340 2815 341 ί
2838 340 3111 355 '—.___.__—.
3128 340 3635 355 ...νς--ιο-ι--ῄ

1094 678 1385 737 ABBATIS
1422 675 1813 734 FULDENSIS
1850 673 1938 729 ET
1977 676 1984 729 l

2055 672 2362 730 DGUNTINI
2401 626 2925 730 Αιιεηιεριέοορι

727 856 2268 995 COMMENTARIOBUM
2361 853 2529 985 IN
2626 853 3293 983 EXODUM

1418 1095 1632 1157 LIBRI
1673 1092 2078 1167 QUATUOR.
2126 1091 2369 1171 (ANNO
2406 1091 2578 1173 83's.)

1692 1345 2298 1431 ΡΒΔΞΕΑΤΙΟ.

1215 1504 1306 1560 AD
1340 1498 1813 1559 FRECULPHUM
1852 1495 2347 1554 LEXOVIENSEH
2382 1492 2796 1553 EPISCOPURI.

1796 1641 2232 1655 ﬂ

433 1726 586 1790 Inter
622 1740 850 1790 caeteras
877 1728 1187 1802 Scripturas
1237 1744 1375 1800 quas
1400 1730 1803 1786 Pentateuebus
1823 1728 1960 1800 legis
1988 1733 2039 1799 Α
2062 1734 2304 1798 sequente
2335 1740 2423 1783 eos
2443 1730 2592 1794 petra
2619 1738 2638 1776 :
2666 1731 2818 1793 petra
2844 1730 3017 1777 autem
3034 1731 3157 1777 erat
3179 1719 3426 1778 Christus
3449 1721 3502 1794 (l
3523 1721 3651 1780 Cor.

368 1826 650 1890 continet,
695 1824 893 1878 merito
920 1821 1058 1879 liber
1106 1820 1276 1878 Exodi
1305 1822 1541 1891 eminet,
1584 1822 1638 1881 in
1667 1836 1777 1898 quo
1823 1835 1961 1892 pene

361 1914 553 1970 omnia
576 1921 917 1970 sacramenta
946 1912 1143 1983 quibus
1166 1926 1406 1983 praesens
1443 1912 1689 1969 Ecclesia
1717 1912 1959 1975 institui-

373 2015 502 2071 tur,
559 2004 802 2059 nutritur
851 2012 909 2059 et
943 2003 1169 2075 regitur,
1220 2002 1518 2075 ﬁguraliter
1561 2003 1958 2077 exprimuntur.

366 2097 507 2152 Nam
556 2097 629 2152 ibi
678 2111 776 2166 per
803 2095 1144 2169 corporalem
1171 2094 1377 2151 exitum
1424 2095 1661 2151 ﬁliorum
1696 2095 1860 2153 Israel
1894 2094 1962 2152 de

368 2187 606 2260 {Egypto
640 2186 908 2253 terrestri,
945 2197 1131 2243 noster
1162 2186 1343 2242 exitus
1382 2187 1451 2244 de
1493 2186 1760 2258 spirituali
1795 2184 1962 2259 Aegy-

362 2285 466 2346 pto
494 2276 934 2331 demonstratur:
965 2275 1039 2331 ibi
1068 2291 1167 2346 per
1195 2276 1481 2331 transitum
1509 2274 1678 2331 maris
1707 2274 1876 2330 Rubri
1906 2284 1963 2333 et

367 2365 672 2420 Pharaonis
709 2375 873 2439 atque
914 2365 1295 2438 Egyptiorum
1355 2366 1806 2433 submersionem,
1858 2367 1958 2425 ba-

368 2459 558 2530 ptismi
598 2461 915 2533 mysterium
950 2472 1006 2517 et
1034 2460 1394 2532 Spiritualium
1423 2461 1660 2516 hostium
1710 2462 1962 2518 interitus

359 2554 657 2624 ﬁguratur.
708 2552 784 2607 lbi
814 2553 975 2629 typici
1006 2553 1127 2624 agni
1172 2552 1505 2620 immolatio,
1536 2561 1592 2609 et
1614 2551 1841 2609 Pascha:
1864 2568 1959 2610 ce-

358 2642 620 2709 lebratio,
671 2644 786 2699 veri
830 2643 971 2714 Agui
1018 2636 1329 2714 passionem
1376 2658 1443 2701 ac
1469 2651 1716 2700 nostram
1748 2644 1961 2703 redem-

356 2733 608 2803 ptionem
640 2734 937 2799 insinuant.
993 2735 1070 2790 lbi
1099 2749 1298 2790 manna
1322 2736 1391 2792 de
1427 2735 1588 2791 ocelis
1612 2742 1669 2792 et
1690 2744 1858 2806 potus
1891 2737 1960 2794 de

360 2836 529 2895 petra
559 2826 735 2897 egenti
760 2827 959 2897 pepqu
999 2825 1216 2892 dantur,
1250 2835 1309 2881 ut
1339 2827 1533 2883 doceat
1557 2842 1656 2887 nos
1682 2827 1959 2884 caelestem

366 2932 560 2986 panem
587 2924 643 2972 et
665 2926 851 2988 potum
872 2917 995 2973 vitae
1023 2917 1354 2973 desiderare.
1392 2917 1474 2974 lbi
1492 2926 1765 2991 praecepta
1795 2925 1961 2989 atque

362 2992 565 3075 indicia
601 3008 802 3078 populo
831 3006 926 3063 Dei
962 3008 1017 3062 in
1045 3016 1230 3064 monte
1263 3007 1570 3075 traduntur,
1602 3015 1663 3065 ut
1684 3007 1960 3064 discamus

2066 1816 2144 1888 tt).
2185 1815 2279 1870 Sic
2326 1821 2383 1869 et
2409 1811 2645 1867 Joannes
2687 1811 3043 1883 evangelista,
3093 1827 3216 1871 cum
3267 1812 3320 1866 in
3359 1812 3655 1884 Evangelio

2060 1922 2165 1964 suo
2186 1904 2521 1965 Dominicam
2546 1903 2854 1975 passionem
2888 1903 3255 1969 describeret,
3289 1904 3380 1959 ubi
3408 1904 3477 1959 ad
3499 1904 3649 1959 illum

2062 1998 2242 2055 locum
2292 2003 2611 2069 perventum
2659 2002 2743 2051 est
2768 2036 2785 2062 ,
2841 2011 2948 2066 quo
2981 1995 3037 2055 in
3087 2010 3254 2052 cruce
3299 1994 3649 2067 pendentium

2059 2086 2333 2145 latronum
2363 2100 2524 2142 crura
2554 2085 2959 2158 frangerentur,
3000 2086 3130 2143 hinc
3157 2087 3527 2147 testimonium
3558 2103 3651 2142 su-

2060 2193 2217 2235 mens
2245 2178 2324 2233 ait
2356 2196 2369 2232 :
2409 2178 2493 2231 Ad
2522 2177 2706 2233 Iesum
2736 2185 2914 2233 autem
2950 2194 3069 2233 cum
3098 2179 3375 2243 venissent,
3422 2187 3479 2232 ut
3511 2178 3653 2232 vide-

2064 2280 2186 2324 runt
2230 2284 2349 2324 eum
2370 2269 2486 2339 jam
2536 2277 2803 2324 mortuum
2826 2309 2842 2334 ,
2884 2285 2988 2323 nou
3018 2268 3284 2339 fregerunt
3313 2269 3429 2339 ejus
3469 2285 3653 2334 crura,

2059 2359 2151 2415 sed
2175 2375 2312 2415 unus
2336 2358 2565 2413 militum
2598 2357 2784 2413 lancea
2822 2358 2963 2414 latus
2996 2359 3111 2429 ejus
3143 2361 3379 2430 apemit,
3410 2369 3459 2414 et
3488 2362 3655 2416 conti-

2061 2466 2166 2507 nuo
2192 2451 2356 2505 exivit
2406 2449 2627 2521 sanguis
2680 2459 2729 2505 et
2776 2466 2937 2521 aqua.
2986 2449 3051 2506 Et
3103 2449 3265 2521 paulo
3287 2458 3448 2523 post:
3478 2449 3652 2506 Facta

2060 2553 2202 2610 sunt,
2230 2542 2431 2613 inquit,
2454 2543 2589 2610 hinc,
2621 2552 2679 2598 ut
2709 2541 2985 2615 Scriptura
3025 2542 3330 2615 impleretur
3351 2561 3373 2600 :
3430 2543 3504 2600 0s
3546 2561 3653 2599 non

2058 2636 2420 2705 comminuetis
2445 2652 2512 2692 ea:
2528 2652 2611 2701 eo,
2634 2644 2747 2692 etc.
2778 2635 3119 2708 Quapropter
3138 2677 3155 2703 ,
3183 2636 3533 2695 dilectissime
3556 2653 3653 2693 an-

2052 2713 2290 2787 tistitum
2312 2723 2631 2797 Freculpbe,
2660 2726 2874 2781 videtur
2901 2726 3031 2781 mibi
3054 2724 3216 2796 hujus
3234 2726 3366 2786 libri
3398 2742 3649 2784 necessa—

2059 2818 2141 2874 ria
2182 2831 2306 2875 esse
2358 2817 2656 2883 meditatio,
2711 2817 2767 2874 in
2817 2833 2926 2889 quo
2975 2826 3439 2877 sacramentorum
3489 2829 3653 2890 atque

2060 2911 2447 2983 mysteriorum
2471 2912 2774 2969 cmlestium
2801 2922 2955 2969 tanta
2980 2915 3063 2970 vis
3089 2916 3312 2980 existit,
3346 2925 3407 2972 ut
3432 2933 3539 2975 non
3563 2933 3653 2973 so-

2062 2999 2176 3059 lum
2201 3000 2549 3073 evangelicis,
2596 3003 2692 3058 sed
2716 3003 2883 3060 etiam
2905 3004 3171 3076 legalibus
3200 3006 3269 3061 ad
3313 3005 3511 3062 Christi
3536 3012 3655 3063 cui.

364 3099 620 3168 supernis
644 3097 839 3168 subjici
868 3098 1188 3171 disciplinis.
1242 3099 1319 3155 ibi
1348 3098 1680 3157 tabernaculi
1704 3107 1957 3159 consun-
1982 3104 2032 3164 Β
2058 3101 2173 3153 tum
2194 3091 2426 3163 pleniter
2447 3093 2783 3150 instruamur
2805 3094 3204 3151 traditionibus.
3218 3095 3355 3152 Feci
3379 3098 3523 3152 enim
3545 3098 3653 3154 sie-

358 3191 478 3247 ctio
506 3200 668 3262 atque
695 3208 949 3249 vasorum
979 3190 1095 3261 ejus
1137 3192 1298 3249 simul
1321 3208 1446 3249 cum
1470 3192 1620 3251 cultu
1666 3200 1726 3249 et
1749 3191 1957 3253 sacriﬁ-

358 3282 469 3338 ciis
492 3282 611 3339 ﬁeri
650 3284 904 3355 iubetur,
934 3292 995 3339 ut
1022 3292 1226 3340 sanctae
1276 3283 1534 3342 Ecclesiae
1560 3283 1825 3342 mirabilis
1860 3300 1955 3341 or-

367 3382 552 3440 natus,
586 3382 647 3430 et
670 3375 1032 3446 spiritualium
1062 3375 1455 3433 sacriﬁciorum
1478 3376 1616 3433 ritus
1645 3376 1702 3433 in
1734 3375 1838 3431 hoc
1866 3375 1955 3431 in-

356 3465 635 3521 sinuetur.
694 3466 772 3521 lbi
824 3467 1122 3537 spiritualis
1166 3467 1441 3525 unctionis
1483 3475 1539 3524 et
1585 3468 1955 3540 thymiamatis

364 3556 717 3612 odoramenta
763 3557 1164 3625 coniiciuntur,
1214 3566 1274 3615 ut
1311 3557 1667 3618 sanctiﬁcatio
1717 3559 1958 3631 Spiritus

361 3646 543 3701 sancti
569 3654 624 3702 et
651 3646 959 3702 orationum
983 3663 1263 3704 sacrarum
1286 3649 1605 3722 mysterium
1630 3648 1791 3709 nobis
1808 3664 1956 3706 com-

360 3736 670 3791 mendetur.
725 3735 852 3792 Ηιρε
876 3737 1022 3792 enim
1064 3738 1247 3797 omnia
1276 3753 1383 3794 non
1432 3737 1604 3794 solum
1628 3739 1952 3815 prmeeden-

364 3826 503 3880 tium
524 3825 755 3881 Patrum
801 3826 962 3882 dictis
986 3828 1059 3883 ita
1096 3829 1366 3899 explicata
1395 3828 1718 3895 invenimus,
1763 3841 1953 3883 verum

364 3916 609 3985 ipsorum
652 3917 1020 3987 apostolorum
1065 3918 1356 3974 traditione
1389 3934 1454 3974 ac
1485 3917 1785 3988 Scripturis
1833 3932 1954 3973 cer-

356 4007 581 4061 tissime
606 4007 962 4078 percepimus.
991 4007 1127 4064 Nam
1150 4008 1354 4064 Paulus
1381 4009 1451 4064 ad
1479 4008 1793 4066 Corinthios
1815 4008 1951 4065 scri-

364 4099 519 4162 bens,
553 4097 627 4153 ita
650 4099 727 4153 ait
753 4118 765 4154 :
801 4098 939 4155 Nolo
959 4109 1135 4155 autem
1163 4117 1252 4156 vos
1275 4102 1539 4173 ignorare,
1567 4101 1783 4172 fratres,
1811 4101 1951 4173 quod

292 4210 312 4227 ι
359 4198 538 4257 patres
562 4190 726 4242 nostri
750 4206 926 4245 omnes
972 4190 1067 4244 sub
1116 4190 1250 4246 nube
1286 4192 1524 4261 fuerunt,
1551 4202 1599 4247 et
1641 4208 1820 4247 omnes
1858 4207 1953 4263 per

353 4291 510 4329 mare
545 4277 866 4331 transierunt
892 4295 913 4345 ,'
940 4289 988 4333 et
1018 4296 1195 4333 omnes
1228 4283 1282 4335 in
1313 4279 1494 4351 Moyse
1526 4280 1778 4352 baptismi
1802 4291 1948 4348 sunt,

348 4368 417 4420 in
447 4367 579 4421 nube
620 4378 668 4422 et
698 4370 753 4423 in
783 4371 919 4423 mari
947 4384 967 4421 :
1018 4382 1068 4425 et
1109 4387 1287 4426 omnes
1321 4373 1555 4427 eamdem
1583 4388 1756 4427 escam
1794 4374 1951 4443 spiri-

2052 3192 2119 3243 -ut
2165 3183 2221 3245 in
2251 3191 2345 3239 tua
2374 3182 2601 3255 epistola
2628 3184 2761 3243 mihi
2784 3184 2999 3255 jussiin
3028 3197 3131 3241 :‘et
3169 3185 3361 3259 collegi
3409 3187 3650 3258 undique

2056 3278 2125 3337 de
2150 3282 2460 3335 sanctorum
2485 3275 2709 3335 Patrum
2739 3277 2899 3333 dictis
2926 3277 2982 3333 in
3014 3293 3183 3333 unum
3230 3279 3508 3347 volumen,
3538 3281 3652 3337 sin-

2048 3367 2301 3440 gularum
2330 3367 2723 3425 sententiarum
2751 3367 3049 3424 solutiones
3073 3385 3089 3434 ;
3140 3378 3199 3425 et
3224 3368 3319 3426 ubi
3348 3370 3529 3427 minus
3550 3388 3647 3427 an-

2056 3459 2330 3528 tiquorum
2347 3457 2756 3531 invenirepotui
2783 3456 3225 3529 explanationes,
3255 3473 3472 3518 nostras
3491 3462 3649 3530 juxta

2054 3566 2244 3611 eorum
2268 3565 2464 3609 sensus
2491 3550 2923 3619 similitudinem,
2946 3562 3117 3622 prout
3144 3553 3325 3609 divina
3347 3555 3524 3627 gratia
3558 3570 3648 3611 me

2052 3657 2212 3714 posse
2238 3643 2557 3709 concessit,
2600 3643 2805 3700 inserui
2835 3645 3224 3715 expositiones.
3278 3646 3432 3703 Unde
3458 3648 3648 3719 depre-

2053 3751 2149 3792 cor
2179 3741 2240 3790 ut
2267 3735 2315 3790 si
2341 3735 2652 3791 confectum
2687 3752 2825 3807 opus
2856 3737 3079 3809 dignum
3105 3738 3350 3807 duxeris,
3381 3750 3495 3796 tam
3539 3742 3647 3797 tuis

2053 3840 2217 3895 quam
2272 3824 2503 3882 aliorum
2549 3826 2875 3884 utilitatibus
2928 3829 3061 3885 illud
3110 3833 3527 3897 accommodes;
3590 3843 3647 3887 et

2052 3918 2414 3974 communiter
2442 3919 2741 3975 secundum
2766 3920 3059 3978 charitatis
3082 3924 3349 3995 tegulam,
3375 3940 3499 3980 cum
3521 3939 3650 3994 pro-

2051 4008 2216 4065 ximis
2269 4009 2379 4065 tuis
2407 4009 2552 4065 utari
2598 4010 2744 4066 bono
2796 4013 2940 4081 quod
2992 4013 3088 4069 tibi
3137 4014 3387 4086 agnoscis
3420 4029 3645 4070 munere

2051 4099 2304 4156 collatum
2334 4115 2455 4156 esse
2481 4100 2683 4158 divino.
2732 4100 2810 4157 De
2825 4112 3034 4160 caetero
3062 4121 3278 4176 quoque
3303 4106 3534 4162 obsecro
3582 4115 3643 4160 ut

2051 4190 2402 4263 fragilitatem
2454 4207 2632 4248 meam
2668 4194 3009 4253 orationibus
3056 4195 3298 4265 adiuves,
3341 4196 3643 4265 deprecans

2052 4297 2341 4352 supernam
2401 4282 2743 4352 maiestatem
2801 4292 2860 4339 ut
2896 4300 2984 4340 me
3029 4287 3085 4340 in
3134 4286 3420 4357 prasentis
3462 4287 3640 4357 pelagi

2052 4378 2375 4440 tempestate
2424 4371 2501 4425 ita
2534 4386 2629 4426 sua
2667 4373 2853 4444 gratia
2893 4375 3157 4447 gubernet
3194 4376 3429 4446 qualiter
3464 4392 3552 4433 me
3583 4379 3638 4432 in

357 4457 557 4511 malem
586 4460 1064 4529 manducaverunt,
1093 4471 1140 4517 et
1169 4479 1344 4517 omnes
1369 4462 1605 4517 eumdem
1631 4472 1811 4534 potum
1834 4463 1945 4532 spi-
1972 4451 2017 4513 C
2048 4462 2300 4532 prmnti
2334 4462 2465 4526 vita,
2513 4462 2566 4519 in
2595 4477 2696 4518 suo
2726 4464 2952 4520 servitio
2993 4466 3181 4521 utilem
3205 4508 3220 4533 ,
3267 4476 3322 4524 et
3350 4469 3404 4523 in
3433 4467 3635 4533 futura,

351 4548 606 4604 ritualem
629 4551 887 4606 biberunt.
924 4552 1177 4609 Bibebant
1205 4564 1380 4609 autem
1423 4554 1488 4611 de
1512 4553 1777 4625 spirituali
1815 4570 1943 4609 cort-

2044 4552 2319 4623 »largitatis
2343 4567 2457 4608 sua:
2480 4567 2584 4624 ope
2606 4553 2870 4610 concedat
2905 4571 3027 4612 esse
3056 4558 3293 4614 beatum.

1798 4787 2202 4850 INCIPIUNT

1018 4930 2065 5051 COMMENTARIA
2149 4936 2296 5049 IN
2380 4936 3026 5053 EXODUM.

1744 5119 2221 5134 Ἃ

1601 5219 1905 5297 LIBER
1975 5219 2393 5300 PRIMUS.

876 5454 1105 5514 CAPUT
1129 5456 1418 5515 PRIMUM.

346 5567 429 5623 De
470 5569 708 5637 ingressu
750 5566 919 5623 Israel
958 5569 1015 5622 in
1055 5567 1130 5622 Ε

703 5638 961 5692 vexabant
987 5637 1228 5709 Αἰξωρὶἱὶ
1248 5637 1541 5696 Israelitas.

2040 5462 2332 5534 Egyptian
2356 5480 2473 5521 cum
2499 5463 2687 5520 Iacob.
2734 5463 2942 5537 Singuli
2969 5483 3088 5522 eum
3129 5466 3367 5522 domibus
3397 5467 3511 5521 suis
3541 5467 3626 5527 ἰη-

1234 5579 1368 5642 tum,
1394 5579 1445 5642 et
1486 5569 1793 5641 fatigatione
1831 5569 1984 5642 qua]

2055 5555 2296 5610 froierunt
2324 5572 2343 5610 :
2374 5554 2585 5621 Ruben,
2639 5555 2887 5625 Simeon,
2940 5556 3084 5620 Lari,
3127 5556 3322 5621 ludas,
3373 5555 3624 5627 Isachar.

2041 5643 2281 5701 Zabulon
2302 5657 2350 5702 et
2375 5647 2678 5720 Benjamin,
2694 5649 2813 5704 Dan
2839 5661 2888 5704 et
2912 5647 3272 5719 Neplttltalint,
3296 5648 3415 5707 God
3429 5662 3477 5706 et
3492 5655 3626 5710 Aser

422 5725 557 5780 "(re
582 5737 703 5781 sunt
732 5727 942 5780 nomina
970 5726 1205 5797 ﬁliorum
1230 5728 1422 5799 Israel,
1451 5730 1542 5801 qui
1568 5731 1786 5802 ingressi
1807 5741 1930 5786 sunt
2043 5733 2240 5806 (Exod.
2273 5736 2332 5810 ι).
2377 5736 2515 5805 Quid
2541 5753 2669 5809 ergo
2720 5739 2807 5794 isti
2856 5738 3107 5793 undecim
3155 5737 3248 5793 lilii
3278 5738 3446 5798 Iacob
3470 5783 3486 5811 ,
3525 5744 3619 5813 qui

672 5820 953 5880 Ρηκοι..
998 5819 1192 5883 CVIII

323 5976 431 6155 ‘i
484 5960 668 6119 1‘1
707 5954 945 6176 id,

3146 5830 3179 5889 1
