3992 6182
306 251 371 306 ,ι
986 229 1045 286 B.
1087 228 1343 289 assam
1378 227 1599 287 usum
1635 224 1955 285 ARCIIIEP.
1999 224 2307 282 uocum.
2348 225 2631 283 OPEItllM
2666 225 2848 282 rans
2886 227 2925 280 l.
3482 199 3541 275 εξ

300 348 527 421 mgressi
550 355 676 403 sunt
703 361 824 402 cum
853 359 918 399 eo
942 361 992 399 Ill
1024 343 1301 415 Aigytum,
1339 344 1453 399 sive
1484 342 1656 411 magis
1681 341 1879 397 duode-
1907 347 1953 404 Α
1981 339 2226 407 Quanilin
2249 355 2377 411 ergo
2407 356 2500 395 rex
2531 351 2736 407 noster,
2771 343 2823 396 id
2850 350 2950 408 est,
2993 343 3216 411 spiritus
3241 344 3437 400 mentis
3462 361 3558 399 no-

301 443 409 497 cim
439 438 618 496 addito
643 437 909 492 videlicet
934 432 1132 507 Josepb
1161 434 1486 507 signiﬁcant,
1530 435 1632 491 nisi
1659 443 1889 507 apostoo.

302 533 476 587 lorum
502 528 721 584 ordine?
768 528 843 583 De
870 528 1064 597 quibus
1111 525 1358 582 Salvator
1407 525 1520 596 ipse
1566 526 1681 579 ait:
1733 523 1877 579 Sicut

303 626 444 680 misit
472 640 553 677 me
584 621 763 684 Pater,
810 629 859 674 et
885 635 977 688 ego
1016 618 1134 674 misi
1168 635 1259 673 vos
1299 619 1357 672 in
1401 617 1652 672 mundum
1694 614 1876 688 (Joan.

303 718 400 783 vi).
432 713 697 784 Egyptns
726 710 887 768 enim.
920 709 1007 763 hic
1032 709 1262 763 mundus
1285 722 1403 762 esse
1423 706 1719 778 ﬁguraliter
1749 705 1882 759 mul—

305 807 374 860 tis
407 793 801 875 prophetarum
823 803 1046 857 vocibus
1085 801 1430 871 approbatur.
1474 799 1689 857 Necnon
1718 806 1772 852 et
1797 813 1880 852 se-

303 894 581 964 ptuaginta
610 891 848 962 quinque
875 890 1086 953 animm,
1142 902 1277 956 quae
1311 887 1469 942 simul
1497 888 1551 941 in
1586 884 1877 957 Egyptum

304 1002 424 1039 cum
447 985 704 1055 prmdicto
725 983 1033 1054 patriarcha
1055 981 1307 1035 introisse
1327 977 1726 1041 describuntur,
1749 990 1882 1046 prae-

303 1079 601 1132 dicatorum
644 1074 887 1130 ordinem
921 1073 1097 1144 typice
1140 1071 1424 1142 designant
1455 1083 1470 1122 :
1502 1069 1625 1139 quia
1666 1075 1882 1136 septua-

302 1168 450 1237 ginta
480 1164 767 1235 discipulos
792 1164 857 1219 ad
887 1162 1285 1233 prredicantlum
1318 1160 1412 1216 Dei
1433 1160 1660 1214 verbum
1686 1158 1739 1212 in
1769 1165 1881 1212 toto

302 1258 434 1311 orbe
463 1257 713 1311 Salvator
756 1253 978 1308 miserat
1006 1270 1019 1305 :
1060 1260 1118 1305 ut
1155 1250 1579 1318 Pentateuchum
1612 1248 1743 1319 legis
1773 1248 1882 1318 spi—

305 1346 569 1400 ritualiter
591 1348 915 1401 servandum
943 1344 1217 1397 docerent.
1247 1341 1423 1396 Aliter
1441 1341 1525 1394 ha:
1547 1338 1880 1409 septuaginta

302 1438 511 1498 animm,
546 1451 664 1504 qua:
696 1435 747 1488 in
778 1432 1067 1504 liigyptum
1100 1432 1357 1502 ingressae
1384 1438 1528 1495 sunt,
1576 1429 1803 1500 mystice
1826 1428 1879 1482 in

303 1540 526 1577 numero
552 1523 885 1578 remissionis
914 1521 1289 1591 accipiuntur:
1319 1520 1524 1575 scilicet
1547 1528 1608 1573 ut
1628 1519 1755 1573 huic
1783 1533 1883 1572 sm-

301 1614 437 1673 culo,
469 1615 557 1682 qui
591 1626 687 1683 per
716 1612 1003 1683 Egyptum
1035 1609 1385 1678 ﬁgurabatur,
1432 1617 1555 1680 post
1581 1617 1728 1664 tanta
1757 1622 1883 1677 pec-

1979 438 2123 495 straz,
2168 438 2316 485 tenet
2336 429 2650 487 memoriam
2673 430 2892 502 Ioseph,
2925 432 2975 486 id
3006 442 3110 498 est,
3146 432 3343 488 Christi
3373 434 3555 505 (hujus

1978 523 2123 577 enim
2144 522 2389 577 meminit
2413 516 2505 577 rex
2534 521 2588 578 in
2622 520 2876 595 Egypto,
2910 523 2961 577 id
2993 531 3095 588 est,
3129 525 3350 593 spiritus
3372 535 3558 581 noster

1978 612 2033 667 in
2054 628 2217 668 carne
2243 622 2426 670 nostra
2453 655 2469 680 ,
2518 630 2637 685 quas
2671 614 2939 687 Egyptus
2968 631 3074 671 non
3119 616 3557 674 inconvenienter

1979 702 2197 775 dicitur)
2228 719 2332 758 non
2365 703 2670 776 aﬂliguntur
2694 704 2787 759 ﬁlii
2819 705 3002 771 Israel,
3035 707 3382 763 rationabiles
3410 709 3557 763 scili-

1978 800 2065 846 cet
2092 808 2284 848 sensus
2321 793 2405 847 vel
2446 794 2715 861 virtutes;
2762 809 2861 850 nec
2894 796 3007 850 luto
3046 805 3101 851 et
3145 796 3315 852 latere
3364 813 3557 852 consu-

1977 891 2217 946 muntur,
2259 881 2489 937 terrenis
2510 882 2717 938 scilicet
2737 885 2914 949 euris;
2950 899 3125 956 neque
3153 886 3232 939 eis
3254 886 3557 939 admiscen-

1978 979 2069 1026 tur
2114 972 2299 1042 palear,
2347 972 2400 1026 id
2423 981 2524 1038 est,
2553 972 2697 1027 leves
2723 982 2778 1026 et
2810 973 3206 1028 irrationabiles
3234 984 3387 1028 actus
3415 991 3427 1038 ;
3461 990 3558 1028 nec

1980 1062 2199 1116 masculi
2234 1069 2518 1128 necantur,
2574 1063 2677 1116 hoc
2723 1071 2807 1117 est
2855 1077 3019 1132 Opera
3043 1063 3155 1131 jam
3195 1063 3457 1132 perfecta.
3500 1061 3554 1114 Si

1978 1168 2107 1208 vero
2135 1167 2324 1208 sensus
2352 1160 2536 1207 noster
2559 1153 2814 1208 nescierit
2834 1151 3132 1216 Christum,
3180 1163 3309 1207 tunc
3344 1152 3559 1221 sapien—

1981 1243 2055 1296 tia
2074 1242 2271 1305 carnis,
2299 1256 2420 1312 qua:
2449 1242 2666 1296 inimica
2695 1250 2780 1297 est
2799 1241 2929 1306 Deo,
2957 1239 3194 1297 succedit
3215 1240 3270 1293 in
3296 1254 3555 1309 regnum:

1980 1341 2035 1388 et
2059 1332 2348 1401 alloquitur
2371 1340 2584 1404 gentem
2607 1348 2781 1397 suam,
2812 1346 3104 1401 corporeus
3147 1331 3354 1385 scilicet
3380 1329 3562 1383 volun-

1981 1434 2157 1479 tates:
2200 1433 2256 1479 et
2281 1425 2487 1479 vocatis
2510 1424 2737 1480 ducibus
2771 1424 3047 1488 vitiorum,
3079 1422 3246 1477 initur
3277 1421 3555 1477 consilium

1979 1526 2167 1571 contra
2197 1516 2379 1579 Israel,
2418 1518 2688 1588 quomodo
2735 1517 3074 1587 opprimatur
3103 1514 3425 1585 supradictis
3448 1530 3560 1566 ma-

1980 1608 2063 1663 lis.
2094 1609 2160 1663 Et
2187 1617 2240 1663 tu
2282 1625 2430 1681 ergo,
2478 1611 2570 1679 qui
2602 1611 2717 1665 luce
2760 1610 2938 1673 audis,
2987 1610 3033 1665 si
3075 1615 3200 1678 post
3244 1608 3442 1662 donum
3468 1607 3561 1661 ba-

300 1708 417 1753 cala
448 1708 504 1754 et
556 1697 860 1768 sacrilegia,
909 1696 1203 1751 donaret-llr
1227 1695 1478 1751 remissio
1505 1701 1870 1765 peccatorum
1902 1703 1949 1762 B
1976 1702 2156 1772 ptismi
2183 1718 2345 1773 opera
2392 1700 2550 1771 hujus
2585 1703 2768 1758 mundi
2816 1702 2970 1769 facis,
3006 1703 3144 1756 scito
3171 1701 3297 1771 quia
3325 1700 3558 1755 surrexit

300 1790 492 1860 Joscph
539 1800 712 1843 autem
763 1790 821 1841 in
863 1785 1095 1857 /Egypto
1139 1794 1271 1840 erat.
1310 1786 1376 1841 Et
1405 1786 1471 1841 de
1524 1784 1881 1854 Redemptore

304 1890 491 1936 nostro
535 1878 770 1933 Joannes
816 1878 1036 1946 scripsit
1078 1895 1091 1929 :
1147 1876 1273 1947 quia
1326 1877 1383 1931 in
1434 1875 1632 1929 mundo
1658 1884 1791 1941 erat,
1832 1884 1882 1929 et

300 1973 528 2027 mundus
562 1989 654 2043 per
696 1973 866 2043 ipsum
921 1971 1094 2040 factus
1129 1979 1224 2036 est,
1279 1980 1326 2023 et
1358 1970 1584 2024 mundus
1629 1986 1749 2024 eum
1778 1986 1881 2024 non

301 2064 534 2134 cognovit
564 2064 743 2135 (Joan.
770 2064 831 2135 ι).
885 2062 1001 2128 Quo
1024 2071 1231 2117 mortuo
1274 2072 1322 2116 et
1347 2062 1599 2116 universis
1627 2061 1881 2131 fratribus

299 2154 431 2224 ejus,
458 2154 697 2225 omnique
722 2155 1030 2224 cognatione
1050 2153 1141 2206 illa
1167 2152 1267 2221 lilii
1305 2151 1474 2206 Israel
1505 2160 1793 2217 creverunt,
1834 2161 1882 2205 et

294 2244 448 2313 quasi
462 2244 808 2313 germinantes
828 2240 1158 2310 multiplicati
1185 2250 1305 2294 sunt
1326 2252 1344 2291 :
1370 2256 1431 2293 ac
1453 2239 1677 2292 roborati
1706 2239 1883 2304 nimis,

302 2333 638 2403 impleverunt
670 2341 885 2385 terram.
917 2330 1025 2402 (Ea:
1052 2329 1307 2399 Isidoro.)
1355 2328 1562 2384 Mortuo
1586 2327 1785 2398 Ioseph
1830 2337 1886 2383 et

302 2424 558 2478 fratribus
603 2423 737 2493 ejus,
771 2430 1059 2481 creverunt
1094 2422 1188 2477 ﬁlii
1221 2421 1404 2485 Israel,
1457 2431 1511 2476 et
1542 2422 1883 2476 invaluerunt

300 2513 482 2567 nimis.
545 2512 638 2568 Sic
686 2521 743 2567 et
790 2520 976 2568 noster
1003 2525 1164 2566 verus
1209 2508 1430 2581 Ioseph,
1470 2521 1754 2582 postquam
1784 2525 1884 2579 pro

300 2606 551 2660 carnibus
575 2606 812 2676 gustavit
840 2614 1090 2670 mortem,
1140 2618 1236 2674 per
1263 2619 1422 2673 quam
1450 2604 1716 2659 destruxit
1766 2604 1885 2667 dia-

302 2696 504 2761 bolum,
537 2696 627 2765 qui
655 2696 891 2752 habebat
923 2695 1116 2750 mortis
1165 2694 1468 2764 imperium,
1500 2684 1887 2764 multiplicatus

303 2795 388 2842 est
432 2786 667 2840 ﬁdelium
692 2785 942 2855 populus.
992 2784 1113 2839 Nisi
1144 2785 1286 2841 enim
1315 2785 1456 2839 sicut
1479 2786 1593 2855 ipse
1619 2784 1713 2850 ait,
1750 2783 1886 2838 ceci-

302 2877 458 2932 disset
490 2893 712 2947 granum
733 2877 979 2946 frumenti
1004 2876 1058 2930 in
1084 2885 1279 2929 terram
1308 2885 1355 2929 et
1393 2887 1656 2930 mortuum
1678 2874 1883 2943 fuisset,

303 2984 408 3021 non
435 2968 609 3037 utique
659 2966 886 3035 fructum
935 2965 1118 3037 (Joan.
1147 2968 1267 3035 xu),
1302 2982 1447 3020 nunc
1487 2966 1776 3036 plurimum
1804 2975 1886 3021 to-

1983 1792 2037 1865 in
2070 1798 2123 1846 te
2151 1791 2288 1847 alius
2318 1807 2414 1847 rex
2445 1791 2536 1862 qui
2565 1792 2737 1847 nescit
2759 1789 2982 1861 Joseph.
3012 1789 3194 1844 Potest
3218 1801 3432 1857 quoque
3465 1802 3559 1841 rex

1980 1882 2201 1957 Egypti
2233 1883 2323 1953 qui
2361 1884 2533 1938 nescit
2554 1881 2773 1953 Ioseph,
2817 1882 3061 1938 diabolus
3088 1880 3282 1949 accipi,
3316 1881 3405 1948 qni
3428 1880 3560 1933 dixit

1981 1976 2035 2030 in
2070 1975 2235 2031 corde
2263 1990 2383 2041 suo,
2426 1989 2533 2029 non
2575 1984 2658 2029 est
2696 1974 2836 2028 Deus
2866 1991 2879 2026 :
2912 1972 3002 2043 qui
3046 1971 3186 2041 genti
3219 1985 3350 2033 suae,
3382 1969 3439 2022 id
3481 1978 3563 2022 est

1981 2071 2246 2141 apostatis
2273 2069 2477 2140 angelis
2523 2065 2921 2138 quodammodo
2968 2063 3207 2133 loquitur
3239 2080 3251 2114 :
3303 2059 3439 2114 Ecce
3467 2061 3564 2113 viri

1982 2166 2153 2221 Israel
2196 2175 2482 2226 creverunt,
2515 2173 2561 2218 et
2592 2161 2923 2216 invalucrunt
2971 2159 3126 2212 nimis
3156 2171 3313 2226 super
3335 2170 3428 2208 nos
3449 2169 3469 2207 .·
3509 2155 3560 2208 1ιὶ

1984 2255 2226 2317 scilicet,
2271 2254 2364 2325 qui
2396 2261 2575 2308 mente
2620 2252 2788 2306 Deum
2835 2251 3019 2306 videre
3042 2255 3288 2321 possunt,
3339 2252 3394 2299 et
3425 2244 3567 2299 unde

1984 2346 2087 2401 hoc
2112 2345 2283 2400 sensit
2311 2343 2575 2407 diabolus,
2621 2341 2745 2411 quia
2779 2340 2931 2394 fortis
2972 2332 3051 2395 sit
3071 2356 3201 2411 gens
3227 2339 3415 2405 Israel,
3461 2338 3562 2392 nisi

1983 2435 2108 2505 quia
2157 2447 2296 2502 sazpe
2337 2425 2659 2502 congressus
2692 2437 2810 2493 est,
2850 2438 2906 2483 et
2944 2443 3084 2498 δίηρο
3113 2435 3401 2499 superatus
3442 2426 3567 2481 est?

1986 2524 2092 2579 Sed
2128 2523 2277 2589 illud,
2309 2523 2451 2593 quod
2490 2521 2666 2588 timet,
2702 2534 2770 2574 ne
2797 2517 3014 2589 quando
3056 2519 3269 2574 eveniat
3310 2517 3414 2571 illis
3448 2516 3564 2570 beli—

1984 2614 2094 2669 lum
2122 2623 2176 2669 et
2194 2614 2491 2685 jungantur
2509 2610 2838 2667 adversariis
2859 2609 3090 2673 illorum,
3119 2616 3175 2664 et
3192 2608 3419 2664 devictis
3440 2606 3566 2667 illis,

1985 2706 2051 2761 de
2080 2713 2225 2760 terra
2254 2720 2353 2759 sua
2388 2702 2668 2759 discedant
2693 2741 2706 2766 ,
2754 2698 2991 2753 ostendit
3029 2712 3088 2753 se
3115 2712 3199 2763 ea,
3258 2713 3379 2768 quas
3408 2712 3437 2750 a
3468 2711 3566 2766 pa-

1988 2796 2238 2851 triarchis
2265 2803 2320 2849 et
2355 2794 2634 2865 prophetis
2679 2793 2745 2847 de
2789 2792 3025 2846 adventu
3068 2789 3266 2845 Christi
3312 2788 3567 2859 praadicta

1985 2895 2131 2955 sunt,
2160 2887 2548 2959 prmsensisse:
2576 2893 2631 2939 et
2656 2883 2779 2939 inde
2806 2884 2971 2948 scire,
2988 2882 3132 2953 quod
3160 2882 3259 2936 sibi
3291 2883 3569 2936 immineat

1984 2979 2221 3032 bellum:
2267 2993 2391 3031 cum
2420 2991 2543 3030 eum
2586 2976 2755 3030 sensit
2787 2984 3096 3040 venturum,
3144 2974 3234 3044 qui
3282 2988 3406 3029 cum
3435 2973 3571 3027 ﬁdu-

304 3058 411 3113 tius
447 3058 594 3111 Ofb-IS
638 3064 798 3110 terra:
831 3055 1146 3109 sustulisset.
1200 3056 1477 3109 Moralitcr
1500 3071 1715 3125 quoque
1745 3065 1801 3110 et
1826 3056 1879 3109 in
1908 3046 1954 3109 Ο
1985 3066 2069 3120 cia
2092 3067 2387 3136 triumphet
2415 3065 2593 3136 ipsum
2631 3073 2688 3120 et
2730 3065 2987 3121 satellites
3015 3066 3152 3136 ejug_
3202 3066 3367 3121 Doce;
3406 3066 3569 3137 igitur

306 3161 359 3206 te
389 3150 435 3204 si
472 3148 733 3204 moriatur
760 3146 981 3216 Ioseph,
1035 3146 1088 3199 id
1118 3154 1203 3200 est
1231 3144 1701 3201 mortiﬁcationem
1729 3145 1884 3201 Chri-

305 3244 377 3297 sti
404 3243 457 3296 ia
489 3254 718 3309 corpore
754 3247 845 3293 tuo
869 3237 1154 3308 suscipias,
1182 3245 1238 3291 et
1268 3234 1560 3292 mortiﬁces
1584 3236 1883 3289 membrum

308 3343 457 3387 tamn
484 3338 723 3401 peccato,
780 3339 909 3384 tunc
939 3329 993 3381 in
1035 3337 1086 3382 te
1116 3326 1542 3397 multiplicantur
1570 3325 1665 3379 ﬁlii
1694 3324 1884 3389 Israel,

307 3427 357 3481 id
384 3433 468 3481 est
502 3438 695 3480 sensus
718 3422 845 3479 boni
873 3430 929 3476 et
962 3420 1293 3492 spirituales.
1323 3418 1574 3487 Quotidie
1596 3417 1741 3471 enim
1767 3430 1888 3474 mo-

308 3517 570 3572 rientibus
596 3513 744 3569 vitiis
772 3513 826 3568 in
858 3521 933 3578 te,
959 3514 1222 3566 virtutum
1252 3523 1511 3565 numerus
1540 3516 1805 3579 augetur:
1833 3514 1890 3562 et

307 3608 363 3660 in
410 3614 553 3660 terra
596 3601 1067 3674 multiplicaberis,
1121 3601 1177 3655 in
1205 3608 1296 3655 tua
1326 3599 1534 3655 scilicet
1558 3613 1762 3654 carne:
1793 3612 1891 3670 per

307 3712 470 3766 quam
515 3696 743 3750 virtutes
789 3693 1258 3749 administrantur.
1292 3690 1535 3747 Surrexit
1573 3691 1773 3744 in:erea
1798 3703 1891 3743 rea:

310 3802 469 3841 novus
492 3801 649 3856 super
674 3783 965 3855 ngyptum
989 3783 1077 3853 qui
1103 3781 1378 3852 ignorabat
1403 3781 1622 3850 Ioseph,
1648 3790 1697 3834 et
1718 3781 1791 3833 ait
1820 3779 1890 3834 ad

308 3875 556 3948 populum
581 3888 776 3930 suum:
813 3875 949 3929 Ecce
985 3872 1207 3944 populus
1231 3872 1461 3941 ﬁliorum
1491 3870 1663 3925 Israel
1693 3869 1891 3923 multus

309 3983 354 4025 et
379 3971 567 4040 [artior
592 3970 738 4024 nobis
760 3977 855 4024 est.
902 3965 1077 4022 Venite
1092 3966 1353 4035 sapienter
1373 3965 1725 4035 apprimamus
1749 3978 1889 4027 eum,

313 4079 376 4116 ue
430 4062 565 4132 forte
593 4059 983 4131 multiplicetur.
1031 4057 1091 4112 In
1124 4057 1411 4111 Chronicis
1437 4056 1657 4111 Eusebii
1687 4065 1741 4111 et
1767 4056 1893 4111 Hie-

314 4153 518 4225 ronymi
544 4152 796 4222 legimus,
819 4150 961 4219 quod
989 4155 1110 4219 post
1134 4148 1435 4219 ingressum
1459 4145 1625 4201 Jacob
1644 4146 1697 4199 in
1729 4145 1893 4217 [Egy-

314 4254 499 4310 ptum,
538 4242 743 4312 primus
786 4239 1001 4294 Amasis
1047 4236 1352 4309 regnaverit
1387 4236 1543 4291 annis
1595 4251 1721 4301 xxv,
1773 4242 1895 4305 post

313 4348 472 4403 quem
500 4331 714 4386 Nebron
737 4329 894 4384 annis
923 4344 1018 4383 xm
1040 4368 1056 4393 ,
1099 4327 1295 4383 dehinc
1334 4325 1705 4394 Amenonphis
1735 4325 1890 4378 annis

316 4390 430 4486 in,
467 4431 589 4490 post
637 4422 781 4475 hunc
807 4421 1052 4489 ilephres
1076 4419 1233 4473 annis
1282 4434 1382 4483 xu,
1422 4425 1544 4495 post
1571 4432 1733 4486 quem
1765 4415 1892 4470 Mis-
1919 4390 1968 4449 Ῑ)

317 4510 679 4580 pharmutusis
707 4509 864 4563 annis
909 4523 1057 4574 xxvn,
1087 4516 1209 4578 post
1235 4523 1361 4563 eum
1394 4508 1708 4563 Tithimoris
1735 4507 1895 4561 annis

315 4617 390 4666 tr,
420 4600 612 4655 deinde
660 4598 993 4668 Amonapbis
1035 4598 1191 4654 annis
1216 4613 1368 4664 xxxi,
1400 4597 1501 4652 sub
1527 4611 1634 4666 quo
1668 4597 1893 4651 Aturam

316 4692 500 4762 genuit
524 4689 743 4761 Moysen
781 4704 902 4743 cum
929 4696 1074 4743 esset
1109 4703 1375 4742 annorum
1418 4702 1543 4740 ιιι.
1593 4686 1890 4756 Ρνιεροδιιὶι

318 4788 490 4856 itaque
518 4783 589 4837 eis
629 4784 903 4855 magistros
941 4797 1176 4853 operum,
1208 4790 1263 4833 ut
1300 4780 1583 4852 a/ﬂigerent
1610 4795 1696 4833 eos
1722 4779 1894 4832 oneri-

318 4880 411 4931 bus
449 4891 467 4929 :
512 4875 997 4946 a’diﬁcaveruntque
1044 4873 1194 4928 urbes
1243 4871 1697 4927 tabernaculorum
1746 4869 1891 4925 Plia-

319 4969 488 5034 raoni,
535 4968 725 5021 Pltitou
776 4977 824 5021 et
880 4967 1142 5022 Ilameses.
1192 4965 1500 5039 Quantaque
1538 4967 1891 5038 opprimebant

318 5078 426 5126 eos,
451 5069 594 5114 tanta
621 5060 787 5128 magis
816 5059 1299 5129 multiplicabuntur
1323 5069 1371 5113 et
1392 5060 1708 5114 crescebant.
1759 5058 1895 5114 Ode-

320 5162 538 5224 runtque
562 5151 700 5222 ﬁlios
729 5149 901 5205 Israel
930 5149 1168 5221 Egyptii
1204 5158 1251 5203 et
1276 5149 1589 5219 aﬂligebant,
1616 5148 1893 5204 illudentes

317 5245 394 5299 eis
413 5254 461 5299 et
493 5242 798 5308 invidentes,
825 5251 977 5314 atque
1012 5242 1080 5295 ad
1106 5241 1512 5296 amaritudinem
1542 5241 1894 5310 perducebant

319 5333 476 5385 vitam
504 5347 709 5395 eorum,
750 5331 987 5401 operibus
1024 5330 1173 5384 duris
1214 5329 1311 5384 luti
1336 5339 1384 5384 et
1407 5329 1587 5384 lateris
1614 5342 1632 5381 :
1657 5332 1897 5401 omnique
1956 5326 1961 5333 ⁴

326 5422 583 5483 famulatu
602 5439 704 5494 quo
731 5424 784 5478 in
806 5431 961 5477 teme
989 5421 1229 5492 operibus
1263 5420 1647 5492 premebantur.

392 5512 613 5585 Mystice
639 5522 815 5570 autem
847 5513 1080 5584 primum
1117 5513 1404 5568 videndum
1433 5521 1519 5569 est
1543 5514 1666 5583 quis
1694 5514 1768 5568 sit
1797 5514 1899 5570 iste

330 5620 420 5660 rex
450 5608 538 5675 qui
583 5608 789 5663 sciebat
816 5606 1054 5678 Ioseph;
1104 5605 1302 5675 etquis
1335 5606 1428 5673 sit,
1483 5605 1573 5675 qui
1601 5606 1896 5661 nesciebat.

1985 3140 2197 3210 Pharao
2217 3154 2491 3210 Israelitas
2523 3153 2793 3210 aediﬁcare
2814 3155 2915 3210 sibi
2942 3156 3191 3211 civitates
3219 3172 3233 3221 ;
3265 3156 3421 3209 idest
3449 3155 3570 3209 Phi-

1984 3255 2099 3313 ton,
2131 3262 2251 3318 qua:
2278 3247 2669 3317 interpretatur
2694 3261 2755 3300 os
2781 3246 3099 3303 defectionis
3126 3247 3212 3301 vel
3253 3262 3316 3303 os
3350 3248 3566 3319 abyssi,

1986 3347 2040 3393 et
2073 3337 2371 3405 Ramesen,
2403 3353 2523 3409 quae
2550 3338 2939 3408 interpretatur
2987 3339 3245 3394 malitiam
3298 3341 3569 3403 detinens,

1985 3429 2071 3484 vel
2100 3429 2389 3485 commotio
2437 3430 2613 3485 tineae.
2664 3430 2803 3486 Ecce
2837 3430 3025 3499 quales
3067 3432 3319 3487 civitates
3362 3448 3569 3502 praece—

1987 3521 2067 3591 pit
2094 3520 2197 3576 sibi
2235 3520 2493 3600 aediﬁcari
2529 3520 2761 3587 Pharao,
2791 3523 2880 3592 qui
2910 3524 3300 3592 interpretatur
3334 3524 3568 3593 dissipa—

1991 3621 2094 3679 tor,
2122 3620 2177 3668 et
2195 3626 2361 3667 verus
2392 3612 2644 3668 inimicus
2672 3621 2755 3667 est
2776 3612 2956 3682 populi
2990 3613 3077 3668 Dei
3102 3628 3116 3666 :
3154 3613 3342 3667 urbem
3368 3612 3571 3667 scilicet

1990 3719 2109 3775 qua:
2134 3704 2330 3759 dicitur
2359 3704 2471 3758 oris
2496 3704 2768 3775 despectio
2807 3704 2893 3760 vel
2928 3719 2991 3761 os
3019 3704 3199 3776 abyssi
3225 3722 3237 3758 :
3270 3718 3394 3758 cum
3424 3718 3574 3757 men-

1989 3795 2202 3851 dacium
2231 3794 2375 3864 loqui
2406 3795 2710 3866 persuadet,
2744 3805 2799 3851 et
2837 3794 3045 3851 foveam
3089 3804 3358 3868 praeparat
3392 3795 3576 3867 perdi-

1989 3889 2154 3943 tionis
2198 3888 2285 3943 his
2320 3889 2412 3958 qui
2456 3887 2560 3943 sibi
2598 3889 3058 3960 obtemperantes,
3093 3890 3291 3961 linguis
3318 3890 3431 3945 suis
3478 3889 3570 3943 do-

1991 3982 2103 4035 lose
2134 3987 2317 4051 agunt.
2362 3979 2544 4033 Altera
2584 3994 2744 4043 vero,
2789 3994 2909 4049 quae
2957 3980 3155 4034 dicitur
3183 3979 3474 4034 commotio
3503 3979 3570 4031 ti-

1990 4087 2107 4126 neae
2134 4070 2219 4125 vel
2246 4069 2506 4125 malitiam
2537 4070 2803 4136 detinens,
2848 4070 2921 4125 ibi
2946 4071 3299 4135 construitur,
3351 4070 3441 4125 ubi
3463 4085 3576 4123 ma-

1991 4162 2201 4216 litiosus
2232 4161 2363 4230 ipse,
2409 4160 2669 4215 malitiam
2699 4161 2865 4215 menti
2912 4175 3179 4231 perversa:
3229 4160 3467 4231 ingerit,
3519 4170 3574 4215 et

1993 4254 2234 4309 avaritia:
2270 4262 2475 4322 pestem
2522 4254 2832 4308 introducit.
2887 4254 2988 4319 Qui
3013 4254 3157 4307 enim
3188 4263 3475 4323 sequuntur
3515 4254 3576 4309 il-

1993 4346 2124 4412 lum,
2164 4346 2266 4400 nisi
2301 4346 2390 4415 qui
2417 4345 2672 4416 colligunt
2691 4359 2789 4415 per
2813 4343 3055 4400 fraudem
3105 4343 3343 4409 divitias,
3370 4353 3425 4399 et
3452 4359 3564 4400 cen-

1995 4440 2127 4494 dunt
2153 4439 2437 4493 thesauros
2465 4453 2591 4492 suos
2622 4436 2675 4491 in
2704 4444 2873 4502 terra,
2904 4436 2995 4490 ubi
3020 4435 3164 4491 tinea
3192 4434 3498 4500 demOlitur,
3523 4444 3577 4489 ct

1995 4529 2142 4584 fures
2169 4527 2426 4583 eﬁ‘odiunt
2455 4536 2615 4598 atque
2654 4526 2944 4582 furantur?
2991 4525 3100 4582 Nos
3130 4522 3261 4598 ergo
3288 4527 3335 4581 si
3361 4528 3426 4581 de
3452 4527 3578 4581 sub-

1993 4618 2192 4673 stantia
2221 4628 2405 4673 nostra
2435 4619 2637 4689 gratias
2667 4633 2890 4689 agamus
2916 4617 3156 4673 omnium
3184 4619 3447 4673 honorum
3471 4617 3577 4670 lar-

1994 4708 2175 4780 gitori,
2203 4717 2259 4763 et
2287 4709 2711 4763 misericordiam
2739 4710 2805 4763 de
2833 4709 2920 4762 illa
2966 4709 3338 4778 impendamus
3368 4706 3422 4760 in
3448 4722 3577 4776 pro-

1997 4799 2170 4854 ximos
2216 4808 2430 4855 nostros
2457 4808 2698 4870 egentes,
2744 4799 3144 4870 jungamurque
3190 4815 3287 4869 per
3323 4799 3577 4855 obedien-

1994 4890 2123 4943 tiam
2149 4888 2594 4958 praedicatoribus
2641 4889 2911 4953 veritatis,
2957 4889 3102 4944 dicet
3125 4890 3192 4943 de
3236 4891 3392 4945 nobis
3422 4890 3577 4958 spiri-

1997 4978 2154 5032 tualis
2208 4976 2419 5031 Pharao
2472 4991 2487 5030 :
2555 4975 2679 5031 Filii
2752 4977 2920 5032 Israel
2974 4977 3371 5048 praevaluerunt
3417 4977 3581 5030 nimis

1998 5085 2158 5140 super
2183 5083 2302 5132 nos,
2337 5076 2391 5122 et
2413 5067 2715 5139 junguntur
2752 5068 2986 5124 inimicis
3013 5067 3232 5132 nostris,
3273 5068 3400 5136 quia
3439 5082 3578 5137 pne-

1997 5158 2295 5213 valebimus
2338 5155 2446 5222 illi,
2495 5168 2549 5213 et
2581 5172 2648 5213 eo
2685 5158 2851 5213 invito
2890 5159 3164 5229 pergimus
3198 5159 3265 5213 de
3291 5166 3431 5211 terra
3460 5171 3578 5221 sua,

2001 5249 2331 5318 deponentes
2357 5256 2593 5302 veterem
2632 5248 2905 5305 hominem
2932 5264 3054 5303 cum
3083 5248 3292 5303 actibus
3314 5246 3451 5315 ejus,
3502 5255 3581 5300 at-

2003 5354 2107 5408 que
2150 5337 2513 5407 relinquentes
2558 5337 2847 5410 imaginem
2890 5338 3090 5394 terreni
3120 5338 3361 5407 parentis
3387 5337 3581 5400 nostri,

2002 5424 2287 5479 induemus
2316 5438 2414 5478 nos
2436 5423 2722 5493 imaginem
2758 5423 2996 5479 cmlestis
3021 5423 3415 5491 Redemptoris.
3455 5421 3582 5474 Inde

2002 5515 2148 5569 enim
2196 5515 2430 5569 maxime
2470 5514 2792 5570 sollicitatur
2835 5514 3081 5570 diabolus
3109 5554 3123 5579 ,
3167 5522 3222 5568 et
3262 5520 3435 5569 certat
3483 5525 3584 5580 per

2006 5606 2295 5678 magistros
2336 5622 2399 5663 ac
2448 5607 2765 5677 praepositos
2814 5622 2958 5672 suos,
2999 5606 3283 5662 hrcreticos
3311 5602 3579 5668 videlicet,

3320 5898 3643 6039 rw

3400 5998 3573 6039 Α)

3400 5998 3496 6037 Α
3564 6016 3573 6037 ι
