4052 6184
415 318 483 372 ιδ
1389 304 1883 373 connm’rams
1925 314 1989 371 tu
2031 312 2337 372 attenuat.
2376 347 2445 357 .-
2477 313 2604 370 LIB.
2645 312 2684 371 ι.
3604 314 3669 372 ts

402 435 779 505 philosophos,
829 448 922 488 seu
968 432 1129 488 falsos
1181 433 1543 495 Christianos,
1591 443 1649 485 ut
1688 432 1988 503 allligamnr
2014 436 2062 494 Α
2093 432 2306 485 ficando
2359 428 2595 486 infantes
2620 430 2897 500 parvulos;
2917 431 3063 485 aliud
3101 428 3373 486 Pharaoni
3400 432 3673 487 mentien-

400 529 667 583 oneribus
687 526 972 591 scelerum,
1006 539 1074 580 ne
1099 526 1441 597 egrediamur
1477 526 1630 580 liberi
1672 540 1702 579 a
1732 526 1992 580 servitute

404 628 756 688 peccatorum
802 625 858 671 et
894 617 1170 671 vitiorum.
1220 615 1482 685 Quodque
1517 616 1731 680 dicitur,
1781 614 1992 681 Quanto

401 708 765 779 opprimebant
817 706 971 771 illos,
1017 716 1161 761 tanto
1204 708 1370 776 magis
1412 704 1901 777 multiplicabuntur
1944 714 1993 759 et

403 801 737 862 crescebant,
784 798 1057 868 signiﬁcat
1106 797 1251 867 quod
1300 804 1501 867 quanto
1551 797 1705 851 saevit
1747 795 1994 851 diabolus

404 891 785 964 persequendo
810 890 1167 951 Christianos,
1213 897 1268 942 et
1290 888 1535 959 augendo
1568 888 1888 943 tentationes
1915 896 1995 942 at-

405 1000 518 1053 que
546 989 838 1044 tormenta,
896 987 1049 1033 tanto
1092 978 1265 1046 magis
1292 985 1547 1032 crescunt
1587 977 1749 1031 electi
1776 977 1829 1030 in
1859 991 1994 1046 aug-

407 1081 596 1127 mento
630 1071 969 1134 meritorum,
996 1077 1051 1122 et
1094 1067 1520 1137 multiplicantur
1552 1068 1605 1121 in
1642 1066 1996 1122 retributione

405 1163 776 1234 praemiorum.
808 1159 1069 1230 Sequitur
1096 1176 1110 1212 :

1028 1268 1254 1324 CAPUT
1293 1267 1355 1322 ll.

411 1383 493 1440 lie
528 1382 885 1439 obstetricibus
928 1378 1269 1435 Hebra'orum
1310 1390 1357 1434 et
1398 1378 1696 1435 Pharaonis
1734 1392 1993 1450 pra’cepto

769 1454 834 1506 de
863 1452 1221 1521 interfectione
1254 1451 1633 1504 masculorum.

482 1563 634 1618 Dixit
654 1574 826 1616 autem
857 1579 948 1616 rex
989 1561 1207 1632 ἰθέῃ)ιί
1236 1561 1599 1617 obstetricibus
1621 1562 1991 1626 Hebrteorum,

407 1672 639 1727 quorum
679 1674 787 1709 una
816 1654 1097 1709 vocabatur
1123 1653 1352 1723 Sephra,
1390 1652 1555 1708 altera
1595 1654 1772 1721 Phua,
1800 1657 1992 1726 praeci-

407 1749 559 1817 piens
586 1748 660 1801 eis
684 1763 702 1800 :
731 1744 957 1812 Quando
1002 1745 1401 1799 obstetrieabitis
1429 1744 1705 1813 Hebrwas,
1738 1756 1784 1800 et
1808 1757 1992 1817 partus

408 1849 615 1909 tempus
637 1838 923 1901 advenerit,
946 1837 992 1890 si
1014 1836 1277 1890 masculus
1299 1836 1475 1905 fuerit,
1504 1837 1781 1905 interficite
1800 1838 1948 1891 illum
1972 1852 1992 1890 :

408 1930 458 1983 .τί
499 1930 1003 1999 femina,rcservate
1042 1925 1239 1998 (Exod.
1282 1925 1343 1996 ι).
1389 1925 1525 1981 Istas
1561 1928 1907 1993 obstetrices,
1941 1929 1995 1983 id

409 2027 519 2082 est,
558 2017 787 2083 Phuam,
819 2032 939 2085 qua:
983 2014 1123 2086 apud
1172 2031 1271 2069 nos
1318 2015 1515 2070 rubens
1556 2016 1640 2070 vel
1686 2018 1994 2073 verecunda

410 2108 518 2163 dici
551 2116 745 2177 potest,
771 2115 826 2161 et
853 2105 1145 2176 Sephram,
1178 2121 1298 2175 quae
1330 2106 1447 2160 avis
1494 2104 1612 2175 ejus
1642 2107 1726 2163 vel
1760 2110 1995 2178 pulchri-

414 2203 543 2257 tudo
566 2201 679 2255 sive
697 2200 919 2271 placens
949 2200 1356 2269 interpretatur,
1385 2199 1604 2269 quidam
1630 2200 1887 2255 dixerunt
1906 2217 1992 2255 ra-

414 2293 690 2350 tionabilis
729 2291 1053 2346 eruditionis
1088 2290 1319 2344 formam
1359 2299 1575 2356 tenere,
1601 2306 1721 2361 quae
1758 2294 1991 2358 subtilis,

411 2384 640 2453 pulchra
661 2391 715 2437 et
742 2382 1046 2437 verecunda
1076 2388 1181 2446 est,
1204 2390 1259 2435 et
1287 2388 1398 2434 tam
1429 2382 1802 2450 spiritualibus
1830 2399 1991 2454 quam

410 2474 785 2545 corporalibus
808 2472 1007 2529 habilis
1036 2480 1196 2542 atque
1220 2473 1503 2527 commoda
1538 2472 1854 2542 disciplinis.
1884 2475 1993 2531 0b-

410 2566 664 2621 stetrioes
694 2565 837 2619 enim
873 2564 1117 2635 quzedam
1150 2562 1338 2621 medias
1367 2570 1515 2629 sunt,
1555 2573 1611 2619 et
1640 2573 1748 2618 tam
1780 2581 1993 2622 mascu-

410 2657 495 2711 los
520 2671 682 2726 quam
713 2654 945 2709 feminas
990 2652 1174 2709 fovent
1208 2666 1222 2705 :
1249 2652 1328 2707 sic
1355 2654 1589 2707 eruditio
1620 2653 1721 2708 ista
1749 2670 1993 2710 commu-

408 2750 497 2803 nis
529 2746 864 2802 rationabilis
888 2744 1131 2800 scientia‘
1155 2745 1223 2799 ad
1246 2758 1434 2798 omnes
1465 2746 1851 2814 propemodum
1870 2762 1993 2816 per-

410 2837 574 2909 tingit
601 2850 793 2890 sensus
825 2853 837 2887 :
865 2849 1055 2889 omnes
1084 2834 1327 2909 instruit,
1368 2849 1559 2889 omnes
1584 2833 1757 2900 fovet;
1798 2844 1853 2890 et
1877 2836 1992 2891 sive

405 2929 655 2984 coalestia
700 2927 972 2989 meditari,
1004 2926 1118 2980 sive
1159 2902 1428 2981 mundana
1457 2925 1689 2996 disponi,
1722 2926 1834 2981 suis
1860 2942 1984 2997 pos-

405 3023 715 3077 sessoribus
737 3021 792 3074 in
813 3030 1063 3089 promptu
1091 3026 1193 3073 est.
1225 3018 1281 3072 Si
1318 3010 1440 3089 quis
1484 3018 1658 3074 virilis
1699 3019 1753 3073 in
1785 3033 1848 3074 ea
1872 3021 1990 3075 ani-

408 3115 482 3168 mi
517 3112 701 3174 fuerit,
728 3120 782 3166 et
812 3110 1045 3165 voluerit
1084 3109 1325 3165 ccelestia
1371 3126 1635 3180 quzerere,
1664 3125 1763 3181 per
1800 3109 1989 3180 hujus-

407 3205 555 3258 modi
585 3202 943 3257 eruditionem
970 3200 1037 3253 ad
1069 3200 1374 3254 divinorum
1396 3199 1802 3273 intelligentiam
1831 3218 1989 3273 para-

408 3295 519 3348 tior
546 3294 744 3347 veniet.
783 3290 840 3345 Si
900 3300 1079 3344 autem
1137 3290 1415 3345 saecularia
1473 3291 1596 3360 quis
1650 3292 1865 3363 negotia
1892 3307 1990 3362 per

405 3400 529 3438 eam
555 3398 716 3454 agere
743 3380 996 3445 voluerit,
1028 3380 1096 3435 ad
1124 3381 1224 3436 hoc
1245 3381 1416 3449 ipsam
1448 3380 1791 3437 utilissimam
1818 3382 1987 3438 habe-

406 3476 506 3529 bit.
534 3474 642 3545 (Ἐςτ
668 3472 921 3544 Isidoro.)
947 3472 1107 3527 Jubet
1127 3488 1339 3542 quoque
1367 3472 1635 3528 masculos
1652 3473 1827 3529 occidi
1850 3473 1989 3528 Pha-

410 3582 529 3628 rao,
557 3574 613 3619 ct
662 3564 893 3619 feminas
918 3564 1099 3618 vivere
1142 3581 1155 3617 :
1189 3564 1268 3618 sic
1314 3572 1370 3617 et
1418 3562 1684 3630 diabolus,
1716 3580 1785 3619 ne
1822 3565 1989 3622 robur

410 3656 533 3709 tidei
573 3655 877 3725 praevaleat,
913 3663 1140 3709 conatur
1157 3663 1217 3708 ut
1240 3654 1540 3710 interfectis
1562 3655 1869 3720 virtutibus,
1907 3656 1989 3710 vi-

412 3751 484 3801 tia
516 3756 769 3802 maneant
825 3764 838 3800 :
884 3746 1315 3816 fortissimosque
1359 3754 1415 3802 et
1453 3747 1640 3803 viriles
1674 3748 1840 3801 animi
1869 3763 1988 3802 sen-

410 3854 522 3902 sus,
553 3840 694 3893 unde
740 3837 982 3893 emlcstia
1023 3839 1263 3907 rupimus
1291 3847 1347 3893 et
1388 3838 1593 3903 divina,
1630 3839 1685 3892 id
1712 3847 1794 3893 est
1818 3839 1987 3894 ratio-

410 3945 552 3995 nem,
586 3930 953 4001 prudentiam,
1002 3929 1367 3985 innocentiam
1407 3939 1462 3984 ct
1499 3931 1658 3986 fidem
1686 3931 1740 3986 in
1767 3932 1985 3989 homine

408 4022 658 4077 occidere
686 4021 936 4087 festinat;
966 4029 1021 4075 et
1055 4020 1184 4076 illud
1234 4021 1287 4075 in
1315 4036 1381 4075 eo
1413 4020 1710 4087 vivificare,
1735 4021 1877 4092 quod
1906 4022 1985 4079 fe-

410 4113 671 4177 mineum,
699 4112 844 4182 quod
875 4111 1200 4166 imbecillum
1230 4119 1286 4165 et
1318 4110 1526 4182 fragile.
1562 4119 1617 4167 et
1642 4127 1874 4183 pronum
1913 4113 1981 4167 ad

407 4203 536 4257 vitia
560 4203 832 4266 cernitur;
863 4202 914 4255 id
936 4209 1039 4265 est,
1070 4200 1435 4264 ambitionem,
1463 4201 1836 4267 vinolentiam,
1862 4201 1982 4256 libi-

405 4294 610 4357 dinem,
636 4292 993 4355 iracundiam,
1013 4290 1407 4357 crudelitatem,
1431 4290 1690 4358 furorem,
1715 4299 1769 4345 et
1787 4300 1981 4346 caetera

407 4385 491 4438 bis
519 4383 740 4448 similia,
771 4397 891 4451 qua:
925 4382 979 4435 in
1023 4380 1343 4436 feminarum
1384 4380 1551 4452 figura
1583 4391 1727 4437 sunt.
1770 4382 1979 4437 Timue-

405 4484 525 4528 runt
552 4483 729 4527 autem
775 4473 1068 4527 obstetrices
1111 4472 1294 4535 Deum,
1321 4482 1367 4525 et
1410 4489 1513 4525 non
1552 4471 1785 4542 fecerunt
1817 4474 1978 4542 juxta

402 4574 720 4636 prrrceptum
765 4566 900 4634 regis
948 4562 1187 4633 /Egypti,
1236 4562 1327 4616 sed
1376 4563 1747 4617 conservabant
1784 4581 1995 4621 mares..

407 4656 608 4720 Quibus
653 4655 722 4708 ad
752 4673 807 4709 se
843 4655 1129 4718 accersitis,
1161 4670 1251 4709 rex
1275 4655 1351 4707 ait
1381 4668 1399 4705 :
1430 4653 1696 4718 Quidnam
1741 4665 1815 4709 est
1859 4656 1975 4720 hoc,

403 4749 539 4818 quod
568 4749 743 4818 facere
771 4748 1024 4811 voluistis,
1059 4757 1114 4801 ut
1148 4764 1335 4817 pueros
1375 4748 1694 4801 servaretis?
1722 4747 1854 4813 Quae
1898 4766 1979 4802 re-

402 4838 743 4905 sponderunt:
762 4836 883 4891 Non
899 4848 1017 4890 sunt
1036 4837 1271 4891 llebrcete
1284 4838 1418 4891 sicut
1432 4836 1699 4906 Egyptim
1713 4834 1974 4890 mulieres.

404 4930 541 4997 Ipsa!
567 4929 704 4982 enim
743 4928 1113 4982 obstetricandi
1148 4928 1335 4981 habent
1369 4927 1641 4980 scientiam
1677 4943 1695 4980 :
1725 4935 1772 4979 et
1800 4928 1975 4995 prius-

399 5035 557 5087 quam
589 5020 853 5071 veniamus
886 5019 954 5070 ad
981 5034 1089 5082 eas,
1113 5019 1345 5087 pariunt.
1377 5017 1517 5072 Bene
1540 5035 1661 5088 ergo
1684 5018 1807 5088 fecit
1835 5017 1976 5071 Deus

400 5109 779 5174 obstetricibus,
826 5118 874 5163 et
909 5111 1065 5163 crevit
1095 5110 1318 5180 populus
1350 5109 1775 5180 confortatusque
1804 5120 1878 5163 est
1901 5110 1979 5162 ni-

400 5201 500 5253 mis
528 5214 547 5250 :
574 5210 621 5253 et
650 5202 773 5269 quia
803 5202 1091 5254 timuerunt
1138 5200 1436 5253 obstetrices
1484 5200 1672 5263 Deum,
1700 5199 1979 5267 ardiﬁeavit

397 5290 507 5343 illis
529 5291 729 5343 domos.
764 5290 871 5361 (Ea:
894 5290 1229 5361 Augustino.)
1252 5290 1429 5357 ρυλετὶ
1462 5290 1616 5353 solet,
1641 5301 1821 5345 utrum
1852 5291 1981 5345 talia

399 5379 683 5433 tuendacia
712 5381 1005 5451 approbata
1030 5381 1135 5433 sint
1158 5382 1481 5435 auctoritate
1503 5381 1707 5445 divina,
1738 5382 1982 5450 quando-

397 5471 622 5540 quidem
638 5472 896 5541 scriptum
913 5481 997 5527 est
1012 5472 1177 5525 Deum
1207 5470 1537 5527 benefecisse
1562 5473 1976 5542 obstetricibus;

397 5564 495 5618 sed
526 5574 711 5618 utrum
750 5581 846 5635 pro
891 5560 1263 5620 misericordia
1313 5565 1624 5635 ignoscebat
1675 5567 1977 5628 mendacio,

396 5669 467 5706 an
498 5662 554 5707 et
577 5654 752 5723 ipsum
799 5656 1137 5711 mendacium
1186 5657 1405 5725 dignum
1435 5658 1659 5726 prtemio
1678 5656 1977 5726 judicabat,

398 5745 670 5798 incertum
700 5745 983 5808 est..A|iud
1011 5746 1155 5801 enim
1200 5745 1466 5802 faciebant
1500 5748 1821 5805 obstetrices
1849 5748 1981 5804 vivi—

2007 4516 2059 4575 D

2094 523 2185 577 do.
2205 522 2336 576 Nam
2363 523 2416 577 in
2448 522 2553 576 illis
2577 522 2933 588 vivificandis,
2959 537 3094 592 opus
3121 524 3505 579 misericordi-.13
3536 524 3670 589 fuit;

2094 617 2379 673 mendacio
2408 632 2537 672 vero
2559 617 2649 671 illo
2674 632 2773 688 pro
2806 631 2865 673 se
2887 618 3200 682 utebantur,
3227 633 3293 672 nc
3320 628 3541 674 noceret
3569 620 3677 675 illis

2094 708 2306 764 Pharao
2336 727 2348 761 :
2382 708 2523 778 quod
2548 708 2723 778 potuit
2750 723 2855 763 non
2886 708 2952 763 ad
2981 707 3217 774 laudem,
3250 710 3343 763 sed
3373 708 3438 762 ad
3464 711 3675 764 veniam

2094 800 2388 870 pertinere.
2416 798 2599 870 Neque
2625 798 2753 854 hinc
2794 799 3172 854 auctoritatem
3213 800 3278 856 ad
3310 800 3677 855 mentiendum

2094 905 2215 945 esse
2241 890 2573 959 propositam
2603 890 2736 943 mihi
2765 888 3001 955 videtur,
3031 890 3084 943 in
3125 905 3230 959 qua
3269 890 3441 960 magis
3470 902 3678 944 recom-

2094 981 2414 1050 pensatione
2460 981 2706 1035 noscitur
2732 980 2862 1049 quid
2897 980 3165 1033 mendacii
3193 979 3350 1049 culpa
3377 988 3673 1034 mercatur.

2095 1068 2230 1122 Nam
2262 1069 2615 1141 benignitatis
2650 1083 2837 1123 eorum
2886 1083 3094 1123 merces
3130 1084 3249 1139 qucc
3272 1078 3355 1124 est
3391 1070 3444 1123 in
3473 1078 3676 1124 aeterna

2096 1160 2205 1214 vita
2228 1161 2405 1230 potuit
2437 1159 2684 1223 retribui,
2714 1175 2813 1229 pro
2848 1155 3083 1213 admissa
3136 1159 3291 1230 culpa
3324 1160 3591 1215 mendacii
3621 1161 3675 1214 in

2096 1259 2313 1304 terrena
2354 1256 2438 1304 est
2483 1248 2984 1319 recompensatione
3033 1249 3333 1312 declinata;
3378 1259 3438 1305 ut
3484 1251 3674 1307 invita

2094 1354 2191 1394 sua
2210 1352 2372 1409 quam
2400 1340 2680 1395 mendacio
2702 1341 2839 1395 tueri
2867 1341 3173 1407 voluerunt,
3201 1358 3265 1397 ea
3289 1359 3407 1414 qua:
3431 1344 3677 1401 fecerunt

2095 1430 2233 1484 bona
2298 1440 2643 1500 receperunt,
2694 1440 2749 1485 et
2811 1431 3041 1487 ulterius
3090 1434 3233 1503 quod
3294 1446 3675 1506 exspectarent

2095 1520 2361 1575 mercedis
2415 1536 2528 1577 sua:
2568 1522 2869 1592 praemium,
2920 1536 3026 1577 non
3072 1524 3358 1579 baberent.
3416 1525 3672 1598 Pra’cepil

2095 1620 2271 1664 autem
2319 1610 2528 1665 Pharao
2560 1613 2702 1665 omni
2747 1611 2940 1682 populo
2981 1630 3078 1668 suo
3128 1615 3305 1670 dicens
3337 1634 3356 1670 :
3404 1616 3674 1687 Quidquid

2095 1699 2373 1753 masculini
2405 1716 2561 1753 sexus
2612 1709 2795 1755 natum
2821 1701 3001 1772 fuerit,
3040 1704 3094 1757 in
3145 1706 3340 1773 ﬂumen
3387 1707 3673 1777 projicite;

2022 1792 2350 1862 Bquidquid
2397 1791 2632 1861 feminei.
2659 1803 2933 1849 reservate.
2991 1796 3178 1852 Videte
3229 1801 3371 1869 quod
3421 1802 3673 1873 princeps

2099 1881 2257 1949 hujus
2295 1882 2479 1937 mundi
2511 1883 2709 1953 populo
2734 1900 2834 1940 suo
2863 1889 3204 1960 praeceperit,
3233 1891 3439 1948 scilicet
3480 1902 3540 1949 ut
3579 1911 3671 1950 no-

2095 1980 2238 2026 stros
2271 1971 2502 2027 infantes
2529 1974 2760 2044 rapiant,
2793 1984 2848 2030 et
2877 1977 2931 2031 in
2953 1976 3149 2035 flumen
3180 1979 3488 2051 projiciant.
3522 1985 3674 2042 Unde

2093 2062 2396 2126 considera,
2425 2078 2458 2115 o
2486 2064 2666 2129 homo,
2684 2065 2813 2135 quid
2842 2066 2936 2121 tibi
2961 2068 3242 2126 immineat
3262 2083 3547 2143 postquam
3574 2091 3673 2131 na-

2094 2158 2180 2205 tus
2214 2150 2402 2218 fueris,
2430 2153 2538 2208 imo
2566 2163 2805 2211 renatus.
2841 2155 2973 2213 Illud
3002 2159 3207 2231 utique,
3238 2164 3381 2233 quod
3420 2165 3471 2219 in
3499 2166 3671 2223 Evan-

2093 2240 2233 2311 gelio
2261 2242 2457 2312 legitur
2485 2261 2498 2296 :
2530 2245 2622 2299 ubi
2649 2246 2715 2300 de
2736 2247 3006 2315 baptismo
3033 2250 3246 2305 Domini
3280 2268 3673 2311 commemora-

2095 2340 2203 2385 tur.
2233 2332 2410 2398 Jesus,
2436 2333 2630 2403 inquit,
2655 2344 2711 2388 ut
2737 2337 2969 2391 ascendit
2996 2337 3062 2392 de
3089 2339 3365 2411 baptismo,
3383 2344 3571 2400 ductus
3595 2357 3671 2401 est

2093 2421 2158 2474 ab
2172 2419 2372 2493 Spiritu
2395 2423 2449 2477 in
2470 2424 2754 2492 desertum,
2774 2436 2829 2481 ut
2850 2435 3142 2484 tentaretur
3162 2449 3193 2484 a
3215 2434 3426 2489 diabolo
3448 2436 3667 2507 (Matth.

2094 2514 2188 2581 tv).
2214 2512 2327 2568 Hoc
2350 2516 2589 2585 ergotibi
2616 2517 2878 2582 imminet,
2907 2528 2969 2574 ut
2990 2522 3147 2592 aquis
3168 2524 3493 2584 salutaribus
3516 2546 3671 2585 mun-

2092 2602 2252 2656 datus
2286 2612 2343 2658 et
2362 2619 2534 2660 novus
2559 2606 2721 2664 homo
2748 2607 2993 2676 effectus,
3018 2611 3242 2671 insidias
3269 2626 3323 2672 et
3346 2621 3673 2679 tentationcs

2093 2694 2333 2763 perferas
2359 2696 2560 2753 diaboli
2600 2708 2657 2754 et
2703 2701 3077 2760 ministrorum
3118 2705 3264 2776 ejus;
3316 2713 3512 2782 quibus
3568 2717 3671 2773 lioc

2091 2785 2202 2839 voti
2229 2790 2708 2880 est,ut_quidquid
2743 2795 3027 2851 masculini
3072 2813 3136 2853 ac
3182 2805 3437 2875 przecipui
3484 2809 3672 2880 gigans

2092 2874 2294 2942 operis,
2318 2875 2476 2945 aquis
2503 2879 2870 2949 submergant.
2906 2883 2979 2938 De
2999 2885 3193 2953 quibus
3216 2874 3372 2958 aquis
3403 2874 3669 2965 Propheta

2092 2966 2279 3022 dicit:
2323 2967 2462 3034 Quia
2513 2972 2839 3028 intraverunt
2896 2992 3047 3046 aqua:
3104 2994 3266 3049 usque
3317 2984 3388 3035 ad
3439 2988 3671 3041 animum

2093 3073 2262 3112 meam
2298 3056 2473 3131 (Psal.
2504 3062 2713 3135 vam).
2742 3065 2881 3134 Quid
2912 3083 3041 3140 ergo
3069 3069 3318 3130 dabimus
3359 3076 3455 3131 tibi
3493 3081 3671 3135 consi—

2016 3148 2061 3210 C
2092 3150 2171 3217 lii,
2196 3150 2300 3207 nisi
2328 3160 2389 3207 ut
2428 3156 2725 3211 masculum
2772 3168 2981 3227 natum,
3014 3164 3190 3219 tribus
3219 3169 3497 3226 mensibus
3522 3188 3671 3227 more

2089 3241 2292 3299 Levita:
2327 3244 2630 3316 elegantem
2664 3251 2904 3309 occultes
2954 3253 3214 3313 infantem
3245 3277 3259 3311 :
3293 3274 3362 3314 ne
3394 3262 3566 3320 hostis
3610 3267 3672 3319 il-

2090 3333 2200 3389 lum
2248 3336 2425 3407 rapiat
2472 3347 2526 3393 et
2581 3340 2906 3399 interficiat?
2956 3346 3117 3403 Verbi
3160 3352 3362 3420 gratia,
3415 3356 3459 3410 si
3500 3357 3670 3414 facins

2088 3423 2508 3519 eleemosynam,
2534 3431 2660 3500 quia
2680 3447 2818 3505 opus
2843 3435 2934 3491 Dei
2957 3446 3062 3504 cst,
3091 3443 3387 3500 masculum
3417 3462 3663 3519 generas,

2088 3515 2184 3614 sed
2218 3518 2262 3572 si
2303 3518 2377 3614 ita
2422 3518 2559 3614 facis
2601 3533 2662 3577 ut
2702 3524 3013 3585 hominibus
3058 3531 3382 3601 innotescas,
3408 3515 3476 3595 ab
3503 3539 3671 3614 Egy-

2087 3608 2214 3676 ptiis
2254 3611 2460 3680 rapitur
2494 3612 2841 3688 elecmosyna
2876 3628 2985 3687 tua,
3019 3631 3073 3677 et
3117 3626 3274 3695 aquis
3298 3608 3671 3698 spiritualibns

2088 3699 2481 3793 submergetur.
2524 3704 2667 3793 ‘Vide
2706 3722 2836 3779 ergo
2895 3726 2963 3766 ne
3015 3713 3352 3775 obliviscaris
3410 3728 3666 3793 prtccepti

2087 3787 2374 3884 Dominici,
2396 3791 2539 3861 quod
2568 3795 2663 3850 tibi
2688 3800 2941 3854 mandat:
2967 3800 3097 3856 Cum
3115 3805 3249 3873 facis
3263 3787 3664 3884 eleeniosynam,

2087 3881 2280 3934 nesciat
2305 3883 2523 3940 sinistra
2568 3897 2660 3941 tua
2701 3890 2828 3961 quid
2877 3893 3040 3963 faciat
3082 3897 3298 3955 dentem
3330 3913 3420 3957 tua
3436 3924 3454 3969 ,·
3487 3881 3559 3961 tut
3597 3913 3666 3963 sit

2084 3970 2409 4071 eleemosyna
2431 3986 2522 4032 tua
2546 3979 2600 4034 in
2630 3982 2967 4049 abscondito;
2993 3998 3039 4041 et
3068 3988 3231 4046 Pater
3255 4004 3397 4063 tuus,
3421 4000 3510 4071 qui
3532 4002 3669 4056 videt

2084 4063 2139 4117 in
2158 4064 2484 4162 abscondito,
2501 4072 2679 4128 reddet
2701 4076 2795 4130 tibi
2816 4076 3031 4149 (Matth.
3052 4081 3147 4154 vr).
3178 4084 3271 4142 Sic
3292 4096 3349 4144 et
3373 4063 3442 4145 de
3461 4092 3665 4162 jejunio

2084 4163 2141 4209 et
2166 4155 2234 4212 de
2268 4161 2535 4230 oratione,
2559 4174 2614 4220 et
2634 4170 2847 4224 caeteris
2880 4173 3252 4241 spiritualilms
3277 4155 3483 4237 artibus
3512 4155 3665 4241 nobis

2084 4243 2390 4304 faciendum
2421 4260 2527 4317 est,
2568 4270 2637 4309 ne
2678 4255 2816 4312 forte
2856 4262 3147 4328 perdamus
3190 4264 3421 4322 fructum
3466 4270 3665 4328 laboris

2084 4339 2273 4427 nostri,
2328 4351 2384 4395 et
2433 4343 2578 4398 dicat
2627 4346 2693 4401 de
2747 4351 2903 4404 nobis
2951 4351 3208 4410 Dominus
3237 4375 3250 4410 :
3279 4360 3463 4427 Amen,
3510 4382 3663 4422 auten

2084 4425 2201 4480 dico
2229 4430 2388 4495 vobis,
2420 4448 2722 4503 receperant
2749 4442 3037 4496 mercedem
3063 4460 3213 4500 suam
3238 4447 3450 4525 (Ibid.).

2702 4550 2929 4610 CAPUT
2963 4555 3048 4611 Ill.

2122 4630 2198 4687 De
2221 4637 2488 4691 nativitate
2517 4638 2707 4711 Moysi,
2741 4653 2790 4697 et
2824 4645 2941 4715 ejus
2975 4654 3294 4722 expositione
3316 4660 3370 4713 in
3388 4662 3624 4731 flumine.

2157 4746 2412 4815 Egressus
2437 4760 2510 4804 est
2542 4762 2656 4822 post
2688 4755 2800 4810 hcce
2836 4759 2915 4811 vir
2939 4761 3005 4815 de
3036 4763 3192 4819 domo
3225 4766 3369 4836 Levi,
3393 4783 3442 4827 et
3468 4782 3665 4848 accepit

2085 4852 2299 4933 uxorem
2328 4842 2503 4911 stirpis
2531 4860 2675 4933 suat,
2705 4863 2822 4917 qua
2854 4855 3086 4922 concepit
3138 4867 3186 4910 et
3231 4864 3425 4930 peperit
3454 4842 3663 4933 filium;

2085 4937 2132 4980 et
2157 4928 2331 4982 videns
2354 4946 2472 4984 eum
2502 4931 2808 5003 elegantem,
2850 4940 3119 4997 abscondit
3173 4928 3342 5004 tribus
3374 4928 3657 5014 mensibus:

2085 5014 2317 5109 Cumque
2360 5020 2479 5089 jam
2517 5023 2688 5078 celare
2741 5043 2846 5080 non
2897 5041 3102 5098 posset,
3147 5042 3364 5107 sumpsit
3410 5042 3661 5109 ﬁscellam

2079 5108 2354 5209 scirpeam,
2384 5121 2431 5164 et
2471 5112 2639 5209 finivit
2669 5133 2784 5171 eam
2812 5118 3067 5178 bitumine
3110 5143 3173 5180 ac
3200 5130 3333 5199 pice,
3390 5139 3665 5209 posuitque

2081 5204 2221 5253 intus
2252 5201 2598 5270 infantulum,
2626 5216 2674 5259 et
2697 5213 2936 5278 exposuit
2956 5229 3074 5267 eum
3105 5218 3159 5272 in
3184 5201 3535 5295 carecta—ripa:
3558 5201 3664 5298 [iu-

2084 5293 2259 5355 minis,
2290 5303 2460 5348 stante
2480 5298 2665 5365 procul
2682 5316 2861 5357 sorore
2894 5305 3032 5373 ejus,
3054 5318 3103 5362 et
3123 5293 3485 5371 consideranti:
3509 5293 3662 5374 euen-

2086 5390 2197 5473 tum
2221 5384 2317 5437 rei.
2354 5384 2491 5439 Ecce
2524 5397 2699 5443 autem
2729 5391 3071 5451 descendebat
3098 5400 3213 5469 ﬁlia
3252 5402 3573 5473 Pharaonis,
3603 5426 3663 5467 ut

2080 5470 2347 5573 lavaretur
2372 5474 2425 5528 in
2458 5478 2673 5546 flumine
2702 5493 2721 5531 .'
2756 5493 2804 5536 et
2824 5485 3012 5555 puella:
3035 5491 3150 5559 ejus
3172 5470 3665 5573 gradiebantur—per

2082 5565 2400 5635 crepidinem
2430 5568 2582 5623 alvei.
2626 5569 2757 5636 Quae
2784 5592 2900 5629 cum
2932 5579 3140 5633 vidisset
3179 5582 3434 5649 ﬁscellam
3470 5590 3524 5644 in
3565 5565 3662 5664 pa-

2083 5659 2319 5759 pprione,
2356 5659 2497 5712 misit
2527 5678 2685 5716 unam
2728 5682 2756 5719 e
2791 5666 3007 5734 famulis
3055 5672 3201 5734 suis;
3231 5684 3278 5734 et
3307 5674 3512 5735 illatam
3538 5659 3665 5755 ape.

2086 5756 2223 5805 riens
2252 5766 2566 5823 cernensque
2601 5756 2652 5807 in
2696 5773 2756 5810 ea
2782 5760 3056 5825 parvulum
3100 5765 3405 5837 vagicumn,
3448 5776 3661 5830 miserta
