4052 6184
353 208 422 267 15
1036 203 1096 257 Β.
1137 201 1393 258 RABANI
1433 199 1653 258 MAURI
1690 197 2010 256 ARCHIEP.
2051 195 2359 255 MOGUNT.
2396 197 2681 263 OPERUM
2718 197 2897 254 PARS
2932 198 2972 253 1.
3545 203 3610 260 16

351 326 465 395 ejus
501 321 574 377 ait
603 334 625 375 .-
663 319 738 374 De
775 317 1064 387 infantibus
1114 315 1456 380 Hebra’orum
1494 324 1590 369 est.
1644 312 1744 368 Cui
1780 328 1933 368 soror
1960 319 2006 375 Α
2036 309 2187 366 didit.
2225 308 2355 363 Filia
2382 317 2562 364 autem
2605 305 2905 366 Pharaonis
2943 308 3185 364 Ecclesia
3220 317 3306 366 est
3347 325 3415 366 ex
3445 315 3616 384 genti-

347 413 520 483 pueri,
558 410 673 477 Vis,
703 409 899 484 inquit,
923 419 977 465 ut
1000 407 1212 473 cadam,
1236 418 1284 461 et
1313 423 1487 462 vocem
1515 406 1609 459 tibi
1651 403 1930 464 Ilebraaam

348 503 643 566 mulierem,
669 517 786 572 qua:
815 501 1015 564 nutrire
1050 500 1212 570 possit
1253 496 1615 568 infautulum?
1644 494 1932 566 Respondit

347 595 417 658 ei,
452 591 618 646 Vade.
648 589 889 646 Perrexit
925 589 1123 661 puella,
1145 598 1192 643 et
1223 589 1419 650 vocarit
1448 597 1668 642 matrem
1690 585 1826 656 ejus.
1849 583 1932 654 Ad

347 700 506 756 quam
541 682 716 738 locuta
740 681 854 751 ﬁlia
882 680 1181 740 Pharaonis
1213 693 1230 730 :
1264 677 1473 748 Accipe,
1499 677 1594 741 ait,
1617 693 1835 746 puerum
1862 675 1934 728 is-

347 787 460 829 tum
505 785 553 829 et
607 774 749 829 nutri
795 772 925 826 mihi
951 785 968 823 .'
997 788 1090 842 ego
1118 772 1214 825 tibi
1240 770 1376 824 dabo
1433 768 1721 824 mercedem
1761 777 1928 820 tuam.

349 865 590 938 Suscepit
625 864 815 919 mulier
842 873 889 918 et
920 864 1138 917 nutrivit
1178 877 1423 932 puerum,
1455 859 1795 928 adultamque
1823 866 1933 910 tra-

346 958 481 1011 didit
510 957 639 1027 filice
664 955 1167 1027 Pltaraonis;quem
1218 952 1311 1007 illa
1351 951 1616 1021 adoptavit
1657 951 1712 1002 in
1759 948 1930 1002 locum

345 1047 465 1117 ﬁlii,
495 1049 794 1118 vocavitque
822 1063 1009 1102 nomen
1037 1046 1152 1115 ejus
1171 1042 1401 1112 Moyses,
1441 1042 1618 1094 dicens
1645 1053 1662 1091 :
1695 1038 1832 1105 Quia
1867 1037 1932 1092 de

346 1156 486 1209 aqua
512 1138 610 1192 tuli
630 1154 750 1192 eum
775 1135 972 1208 (Exod.
1004 1134 1087 1207 ιι).
1114 1134 1251 1188 Hinc
1276 1132 1416 1204 apud
1438 1129 1728 1199 Josepbmn
1752 1128 1932 1183 taliter

346 1232 610 1300 scriptum
660 1227 948 1300 reperitur.
996 1224 1240 1280 Metuens
1287 1230 1466 1276 autem
1525 1219 1818 1283 Amramis,
1862 1233 1931 1272 ne

345 1331 536 1391 captus
566 1303 730 1391 regiae
781 1317 874 1371 irce
904 1315 1303 1391 succumberet,
1337 1321 1392 1367 et
1441 1312 1557 1381 ipse
1611 1325 1735 1365 cum
1764 1323 1930 1395 puero

346 1415 640 1486 deperiret,
673 1420 728 1470 ct
751 1411 846 1468 Dei
884 1409 1282 1480 providentiam
1311 1404 1641 1470 excluderet,
1667 1403 1932 1459 delibera-

342 1511 421 1563 vit
437 1509 619 1578 potius
644 1507 748 1560 hoc
776 1505 934 1559 modo
958 1502 1109 1578 pueri
1132 1500 1418 1556 consulere
1440 1498 1620 1565 saluti,
1643 1496 1930 1568 providen-

347 1603 588 1670 tiamque
609 1597 809 1654 latendi
861 1597 1002 1651 hanc
1028 1609 1149 1650 esse
1188 1591 1608 1653 indicavit..Vas
1636 1588 1926 1653 rotundum

2035 402 2136 458 bus
2167 409 2493 471 congregata
2516 441 2532 466 ,
2568 415 2691 470 qute
2735 401 2982 469 quamvis
3025 417 3170 456 nunc
3211 417 3343 465 vero
3384 405 3619 474 gaudeat

2033 502 2279 568 parente,
2334 492 2438 546 hoc
2485 500 2569 546 est
2621 490 2732 545 Deo
2779 490 2963 557 Patre,
3001 499 3187 552 tamen
3241 501 3402 548 antea
3451 495 3614 551 alium

2032 583 2249 656 quando
2279 582 2432 638 idolis
2471 581 2763 647 serviebat,
2805 590 2989 638 secuta
3020 592 3104 636 est
3129 591 3338 653 patrem
3368 600 3384 637 :
3421 585 3489 641 de
3509 602 3615 657 quo

2031 689 2130 744 per
2159 673 2397 728 divinam
2417 687 2608 728 vocem
2644 672 2696 726 in
2736 674 2944 743 psalmo
2970 675 3039 729 ad
3081 674 3255 744 ipsam
3281 675 3484 732 dictum
3509 688 3611 733 est.

2033 764 2195 828 Audi,
2225 763 2359 832 ﬁlia,
2387 772 2436 839 et
2479 763 2617 831 vide,
2651 774 2700 820 et
2723 764 2919 821 inclina
2946 781 3129 820 aurem
3157 774 3326 832 tuam,
3351 776 3400 822 et
3429 768 3612 824 oblivi-

2032 874 2174 916 scere
2195 856 2445 928 populum
2467 866 2637 923 tuum,
2659 866 2706 911 et
2721 858 2936 915 domum
2956 858 3123 929 patris
3148 859 3224 921 tui
3245 858 3416 930 (Psal.
3442 861 3610 933 xuv).

2032 946 2159 1007 Haec
2188 962 2318 1018 ergo
2336 947 2503 1002 exivit
2527 947 2595 1004 de
2614 947 2772 1004 domo
2795 948 2990 1018 patris,
3017 957 3072 1004 et
3088 949 3240 1004 venit
3265 948 3533 1019 baptizari
3554 959 3614 1003 ut

2032 1038 2308 1093 lavaretur
2339 1053 2368 1091 a
2402 1037 2659 1108 peccatis,
2691 1053 2811 1107 qua:
2852 1047 3203 1093 contraxerat
3241 1039 3297 1094 in
3325 1041 3490 1095 domo
3521 1057 3613 1111 pa-

2031 1130 2136 1184 tris
2153 1129 2260 1196 sui,
2290 1129 2619 1198 veniensque
2651 1129 2718 1185 ad
2765 1129 3092 1202 baptismum
3129 1132 3370 1201 suscepit
3391 1132 3565 1203 legem
3596 1153 3608 1186 :

2032 1233 2152 1287 qua:
2181 1227 2362 1272 tamen
2388 1217 2476 1272 lex
2518 1218 2663 1284 intra
2710 1217 2972 1273 ﬁscellam
3009 1225 3140 1276 tunc
3167 1228 3288 1274 erat
3321 1221 3614 1292 scirpeam,

2031 1323 2098 1364 ex
2124 1308 2309 1364 multis
2332 1309 2585 1380 virgultis
2612 1309 2726 1369 sive
2754 1323 2824 1363 ex
2843 1325 3050 1382 papyro
3070 1319 3347 1376 contexta,
3375 1327 3440 1368 ac
3461 1313 3612 1369 Iinita

2031 1399 2150 1469 pice
2173 1407 2229 1453 et
2249 1399 2514 1454 bitumine
2546 1417 2560 1452 :
2591 1399 2722 1470 quia
2747 1399 2946 1455 vilibus
2967 1400 3156 1470 utique
3181 1410 3235 1456 et
3265 1404 3612 1458 terrestribus

2031 1488 2342 1545 Iudaeorum
2383 1490 2638 1559 sordebat
2690 1499 2843 1561 septa
2878 1491 3286 1558 traditionibus,
3332 1509 3617 1565 usqueqt‘o

2031 1582 2272 1638 Ecclesia
2308 1591 2529 1653 ruperat
2554 1583 2702 1637 illam
2730 1584 2797 1640 de
2825 1583 3176 1660 palustribus,
3217 1594 3273 1641 et
3297 1587 3458 1657 luteis
3483 1589 3616 1644 locis

346 1707 413 1745 ex
438 1663 641 1744 vimine
687 1685 1076 1756 complicitum,
1131 1682 1278 1737 velut
1325 1679 1519 1736 alveoli
1556 1678 1930 1748 magnitudine
1956 1687 2009 1750 Β
2032 1673 2328 1728 carnalium
2357 1663 2634 1742 sensuuni,
2673 1683 2728 1730 et
2756 1675 2901 1730 intra
2947 1677 3226 1747 sapientia:
3254 1693 3397 1734 verm
3441 1679 3610 1746 aulas,

343 1788 739 1854 praepararunt,
773 1778 916 1850 quod
944 1774 1212 1832 suﬂiceret
1253 1782 1314 1834 ut
1358 1771 1539 1828 infans
1579 1771 1654 1826 ibi
1690 1769 1928 1841 spatiose

343 1876 545 1945 iaceret
587 1889 603 1926 :
646 1869 838 1926 deinde
894 1873 1167 1921 unxerunt
1206 1863 1334 1918 illud
1376 1862 1662 1917 bitumine.
1723 1860 1928 1924 Natura

343 1977 574 2038 namque
603 1957 884 2016 bituminis
909 1965 1014 2020 est,
1044 1965 1103 2009 ut
1127 1955 1180 2010 in
1211 1952 1558 2010 viminalibus
1582 1950 1817 2018 vasculis
1839 1965 1926 2005 ac-

343 2069 552 2110 cessum
581 2049 778 2122 posita,
827 2054 1095 2102 coerceat.
1136 2043 1252 2098 Illic
1280 2057 1409 2114 ergo
1439 2042 1720 2100 mittentes
1751 2038 1929 2096 infan-

344 2156 448 2200 tem
474 2151 528 2199 et
552 2142 697 2198 circa
739 2138 959 2194 ﬂuvium
986 2144 1270 2214 ponentes,
1301 2135 1418 2206 ejus
1447 2134 1678 2189 salutem
1700 2133 1814 2188 Deo
1841 2147 1928 2187 re-

342 2239 634 2307 liquerunt.
687 2231 1021 2288 Thermothe
1071 2229 1235 2301 igitur
1282 2234 1405 2284 erat
1449 2226 1556 2281 ﬁlia
1603 2226 1768 2297 regis.
1801 2225 1928 2282 Hzec

343 2330 468 2383 dum
499 2326 713 2382 luderet
747 2325 894 2379 circa
937 2322 1091 2376 littus
1143 2321 1403 2386 ﬂuminis,
1432 2320 1640 2390 portari
1689 2334 1722 2373 a
1763 2317 1927 2374 ﬂuvio

343 2421 470 2475 illud
510 2435 608 2474 vas
638 2415 1002 2490 conspiciens,
1039 2414 1296 2484 prtecepit
1320 2420 1382 2467 ut
1408 2413 1474 2468 ad
1505 2427 1564 2468 se
1607 2411 1698 2468 ille
1732 2412 1928 2466 alveus

343 2517 672 2580 portaretur.
723 2505 1078 2562 Venientibus
1104 2511 1285 2558 autem
1314 2503 1404 2572 qui
1452 2501 1520 2560 ad
1559 2503 1662 2558 hoc
1710 2501 1928 2557 fuerant

339 2598 595 2654 destinati
627 2612 748 2652 cum
793 2595 967 2660 alveo,
1005 2594 1197 2650 videns
1245 2591 1524 2657 infantem,
1558 2592 1714 2647 valde
1741 2592 1928 2661 gavisa

339 2700 426 2745 est
467 2697 690 2760 propter
722 2685 1153 2759 magnitudinem
1195 2692 1252 2740 et
1297 2684 1534 2754 speciem
1583 2683 1723 2753 ejus.
1750 2683 1926 2740 Tanto

339 2783 482 2838 enim
523 2779 701 2836 studio
730 2778 874 2833 Deus
899 2777 1043 2832 circa
1067 2775 1285 2848 Moysen
1316 2791 1450 2832 usus
1477 2784 1586 2841 est,
1612 2784 1673 2830 ut
1698 2775 1767 2832 ab
1795 2774 1928 2844 ipsis

340 2873 430 2943 qui
458 2880 677 2944 propter
700 2868 818 2939 ejus
867 2867 1205 2922 nativitatem
1232 2868 1590 2924 decreverant
1614 2865 1926 2922 interimere

341 2977 502 3018 omne
523 2975 690 3032 genus
712 2957 1086 3022 Hebraeorum,
1113 2955 1376 3010 alimento
1398 2965 1595 3009 etcura
1617 2953 1812 3024 dignus
1832 2952 1926 3006 ha-

2033 1772 2088 1818 et
2120 1765 2322 1835 regalia
2379 1773 2523 1820 tecta
2569 1766 2928 1822 consciverat.
2964 1767 3090 1824 Haec
3133 1768 3419 1824 infantiam
3461 1786 3616 1826 suam

2030 1862 2172 1933 apud
2203 1876 2329 1916 suos
2359 1862 2622 1932 transegit
2661 1880 2675 1916 :
2717 1863 2860 1933 apud
2910 1863 3036 1918 illos
3073 1863 3300 1930 scilicet,
3333 1865 3424 1934 qui
3456 1865 3616 1935 spiri-

2029 1953 2245 2008 tualiter
2273 1968 2389 2008 eam
2414 1952 2714 2022 intelligere
2737 1953 3304 2026 nesciebant,parvula
3332 1964 3386 2011 et
3412 1956 3620 2012 lactan-

2030 2044 2163 2098 tium
2188 2042 2323 2098 ﬂens
2360 2044 2535 2099 cibus.
2570 2041 2706 2098 Cum
2749 2059 2880 2099 vero
2914 2044 2982 2099 ad
3011 2044 3311 2100 Ecclesiam
3359 2047 3528 2112 venit,
3559 2055 3614 2102 et

2027 2150 2127 2205 per
2150 2150 2267 2190 eam
2298 2135 2404 2190 rite
2439 2135 2712 2204 intellecta
2735 2144 2836 2200 est,
2868 2135 3063 2191 fortior
3091 2137 3349 2193 efﬁcitur.
3377 2139 3486 2210 (Ea:
3509 2139 3614 2194 Isi-

2028 2227 2205 2300 doro.)
2242 2227 2380 2295 Quid
2409 2228 2574 2300 igitur
2600 2236 2703 2294 est,
2738 2229 2884 2300 quod
2921 2231 3228 2286 mercedem
3255 2232 3468 2301 accepit
3499 2233 3610 2299 illa,

2029 2333 2151 2389 qua:
2176 2333 2405 2389 puerum
2442 2318 2737 2385 nutriebat,
2766 2334 2798 2373 a
2824 2319 2934 2373 lilia
2960 2319 3288 2385 Pharaonis,
3313 2321 3416 2375 nisi
3465 2321 3612 2391 quod

2032 2410 2318 2483 Synagoga
2360 2411 2502 2481 apud
2529 2427 2691 2482 quam
2736 2413 2826 2468 lex
2858 2420 2984 2467 nata
3034 2421 3090 2468 et
3140 2413 3345 2468 nutrita
3373 2423 3512 2479 erat,
3543 2415 3619 2470 ab

2027 2505 2271 2560 Ecclesia
2320 2504 2482 2560 istam
2520 2505 2825 2560 mercedem
2854 2505 3083 2576 accepit,
3116 2513 3176 2560 ut
3209 2505 3298 2560 illa
3335 2506 3472 2561 idola
3502 2522 3611 2562 non

2027 2597 2253 2661 coleret,
2272 2595 2465 2652 videns
2489 2610 2582 2651 eos
2624 2596 2716 2667 qui
2760 2612 2827 2652 ex
2864 2596 3117 2668 gentibus
3145 2597 3506 2661 crediderant,
3539 2597 3613 2652 ita

2028 2701 2320 2743 conversos
2369 2687 2438 2741 ad
2491 2685 2802 2753 Dominum,
2833 2695 2895 2741 ut
2935 2687 3151 2756 penitus
3185 2695 3506 2758 respuerent
3535 2687 3610 2742 si-

2028 2777 2291 2843 mulacra,
2323 2785 2379 2832 et
2400 2775 2540 2832 ultra
2574 2793 2680 2832 non
2713 2777 2974 2844 colerent,
3002 2778 3117 2849 ipsa
3145 2793 3360 2849 quoque
3385 2779 3612 2834 docere—

2027 2878 2118 2931 tur
2139 2869 2463 2926 erubescere
2483 2868 2624 2924 idola
2657 2869 2855 2924 colere.
2891 2869 3079 2936 Aliter,
3106 2869 3317 2941 Moyses
3341 2869 3408 2926 ad
3441 2871 3617 2943 ripam

2028 2957 2270 3014 ﬂuminis
2313 2959 2591 3029 expositus
2631 2965 2928 3030 reperitur,
2973 2975 3098 3016 cum
3148 2961 3410 3018 Dominus
3452 2961 3612 3031 cujus

340 3055 580 3108 beretur.
604 3049 880 3120 Jussitque
898 3048 1179 3103 mulierem
1206 3046 1402 3101 adduci
1423 3044 1755 3107 Thermothe
1781 3043 1926 3113 regis
1952 3043 1997 3107 C
2029 3048 2242 3120 Moyses
2271 3056 2456 3119 typum
2485 3049 2752 3116 induerat,
2781 3050 2848 3105 ad
2885 3051 3089 3106 ﬂumen
3112 3050 3316 3106 lavacri
3333 3061 3389 3108 et
3413 3068 3609 3122 aquam

341 3147 468 3210 tilia,
495 3160 615 3215 qua:
631 3145 782 3198 daret
810 3141 1002 3196 infanti
1033 3140 1346 3195 mamillam.
1370 3139 1489 3208 Quo
1503 3155 1608 3195 non
1637 3139 1926 3195 accedente

341 3241 408 3294 ad
444 3240 588 3294 illius
621 3237 811 3303 ubera,
846 3237 941 3291 sed
966 3236 1222 3299 evitante,
1252 3241 1307 3288 et
1350 3234 1456 3288 hoc
1487 3232 1543 3288 in
1598 3231 1783 3287 multis
1806 3247 1927 3286 mu-

341 3330 562 3385 lieribus
614 3326 868 3392 faciente,
914 3325 1082 3384 Maria
1129 3326 1390 3380 assistens
1425 3324 1511 3378 bis
1539 3337 1660 3394 quae
1701 3322 1925 3388 ﬂebant,

341 3437 445 3475 non
471 3422 626 3490 quasi
653 3418 928 3473 videretur
952 3432 1018 3472 ex
1043 3417 1298 3488 cperibus
1317 3416 1365 3472 ei
1392 3417 1536 3470 inter
1560 3415 1696 3472 alios
1722 3424 1925 3481 astare,

341 3518 414 3570 ait
449 3534 461 3568 :
494 3515 740 3580 Frustra,
763 3529 796 3569 o
819 3514 1023 3584 regina,
1055 3512 1153 3567 has
1174 3511 1429 3567 mulieres
1451 3511 1519 3566 ad
1534 3511 1927 3565 nutrimentum

342 3606 562 3662 infantis
590 3620 769 3670 vocas,
799 3619 919 3674 quae
955 3603 1157 3658 nullam
1184 3603 1253 3658 ad
1281 3617 1406 3658 eum
1431 3601 1810 3671 cognationem
1831 3599 1927 3654 ha—

343 3699 488 3751 bent.
521 3693 579 3749 Si
615 3709 747 3749 vero
767 3695 1055 3765 quamdam
1085 3693 1475 3748 llebraicarum
1517 3691 1802 3746 mulierum
1831 3689 1927 3744 ad-

343 3784 466 3839 duci
492 3785 838 3854 przeceperis,
861 3792 994 3853 puto
1033 3791 1290 3852 tanquam
1338 3781 1793 3836 contribulissuze
1831 3795 1924 3850 po-

343 3875 474 3929 terit
499 3875 669 3929 ubera
691 3875 956 3943 accipere.
984 3872 1228 3943 Cumque
1241 3880 1524 3942 putaretur
1537 3872 1677 3928 bene
1702 3871 1927 3937 dixisse,

343 3964 660 4035 iussithanc
695 3963 793 4028 ire,
823 3971 884 4018 ut
913 3963 1150 4034 aliquam
1181 3978 1301 4034 qua:
1330 3963 1542 4019 lactare
1573 3979 1698 4030 eum
1745 3969 1931 4033 posset

342 4059 652 4116 adduceret.
703 4058 797 4114 illa
835 4071 963 4112 vero
1009 4065 1232 4128 accepta
1283 4055 1589 4126 huiusmodi
1639 4065 1926 4126 potestate,

343 4167 561 4208 reversa
593 4159 674 4206 est
702 4165 869 4220 agens
906 4156 1132 4204 matrem
1164 4147 1296 4203 nulli
1329 4148 1621 4218 cognitam,
1643 4147 1929 4218 infansque

343 4253 496 4315 grate
525 4241 922 4313 quolammodo
963 4238 1082 4308 ejus
1125 4239 1356 4296 accessit
1397 4240 1466 4294 ad
1495 4240 1690 4306 ubera,
1713 4247 1769 4294 et
1796 4255 1926 4310 sup-

343 4337 577 4404 plicante
612 4333 817 4404 regina,
854 4331 1204 4387 commissum
1235 4338 1319 4386 est
1362 4331 1416 4386 ei.
1450 4345 1574 4386 cum
1616 4331 1764 4388 omni
1805 4330 1926 4386 dili-

343 4423 519 4494 gentia
549 4423 702 4492 pueri
746 4423 1140 4478 nutrimentum
1174 4440 1186 4475 :
1215 4421 1304 4477 cui
1342 4423 1639 4477 secundum
1669 4430 1922 4477 eventum

344 4527 547 4570 rerum.
574 4525 768 4565 nomen
794 4510 1103 4581 impositum
1140 4519 1245 4574 est,
1272 4526 1337 4565 eo
1363 4511 1506 4582 quod
1533 4512 1597 4566 de
1622 4510 1842 4566 ﬂumine
1855 4513 1928 4567 sit

344 4601 605 4656 salvatus.
641 4600 849 4669 Aquam
866 4598 1010 4652 enim
1033 4614 1143 4650 mos
1162 4596 1401 4668 Egyptii
1426 4605 1703 4663 vocantes,
1727 4599 1770 4652 is
1796 4614 1924 4654 vero

343 4690 619 4755 salvatus,
666 4696 1053 4760 componentes
1113 4687 1294 4756 itaque
1352 4687 1467 4741 haec
1513 4701 1578 4742 ex
1641 4688 1922 4753 ambobus,

305 4798 318 4808 ’
345 4780 555 4850 Moyses
582 4781 631 4834 ei
654 4795 850 4834 nomen
874 4779 1267 4849 imposuerunt,
1287 4777 1342 4832 id
1363 4785 1466 4844 est,
1495 4793 1558 4832 ex
1593 4792 1731 4847 aqua
1753 4778 1927 4833 salva-

344 4881 451 4927 tus.
478 4872 738 4926 Parentes
769 4870 959 4942 Moysi,
991 4884 1220 4940 quorum
1252 4868 1413 4925 ﬁdem
1443 4876 1500 4924 et
1527 4884 1692 4939 opera
1721 4869 1807 4924 lex
1833 4885 1928 4923 na-

345 4961 536 5016 turalis
579 4961 894 5026 decorabat,
944 4961 1270 5030 patriarchae
1326 4968 1470 5026 sunt,
1516 4975 1547 5014 a
1593 4961 1789 5031 quibus
1816 4961 1929 5032 ipse

345 5052 554 5123 Moyses
579 5059 634 5104 et
656 5050 732 5104 illi
754 5051 845 5121 qui
862 5051 1032 5122 legem
1055 5051 1252 5105 littera:
1271 5059 1617 5120 acceperunt,
1641 5052 1754 5106 nati
1779 5059 1921 5107 sunt.

343 5143 542 5198 Tribus
570 5158 700 5214 ergo
724 5143 1001 5198 mensibus
1021 5141 1232 5213 Moyses
1261 5144 1314 5196 in
1345 5143 1504 5197 domo
1525 5151 1810 5211 parentum
1832 5158 1928 5197 na-

346 5245 432 5289 tus
454 5234 783 5298 occultatur,
813 5248 937 5288 cum
971 5231 1058 5287 lex
1093 5240 1248 5287 vetus
1297 5232 1474 5287 tribus
1507 5233 1842 5302 temporibus
1869 5235 1923 5288 in

347 5325 563 5381 ludaica
589 5326 744 5396 plebe
769 5333 894 5380 ante
920 5324 1211 5380 adventum
1233 5323 1436 5380 Christi
1473 5322 1686 5390 lateret,
1716 5324 1821 5379 hoc
1840 5334 1924 5379 est

344 5415 444 5468 sub
462 5415 753 5484 judieibus,
783 5417 884 5471 sub
926 5415 1165 5486 regibus,
1197 5415 1298 5471 sub
1326 5413 1720 5479 sacerdotibus,
1751 5414 1922 5471 donec

348 5507 492 5560 venit
515 5508 627 5578 ipse
656 5510 746 5580 qui
783 5509 958 5580 legem
993 5507 1164 5572 dedit,
1190 5515 1246 5561 et
1271 5520 1370 5574 per
1400 5512 1567 5559 totam
1596 5506 1780 5561 mundi
1807 5507 1921 5561 lati-

346 5598 582 5654 tudinem
606 5601 956 5671 Spiritualiter
980 5615 1101 5656 eam
1121 5596 1511 5654 observandam
1537 5598 1787 5669 gentibus
1809 5606 1918 5654 tra-

1949 4392 2004 4451 Ι)

2024 3140 2390 3210 baptismatis,
2435 3155 2470 3194 a
2513 3141 2863 3198 credentibus
2911 3141 3203 3203 invenitur.
3236 3142 3491 3199 Plorabat
3523 3146 3610 3200 in-

2026 3232 2164 3300 fans,
2195 3235 2321 3305 quia
2358 3232 2608 3299 Christus
2633 3234 2837 3290 veteris
2879 3234 3116 3291 hominis
3161 3250 3324 3305 quem
3364 3235 3614 3291 induerat

2025 3331 2250 3390 peccata
2279 3320 2529 3378 deﬂebat.
2551 3322 2706 3379 Unde
2725 3329 2780 3378 et
2801 3324 2868 3377 ad
2901 3325 3332 3380 resuscitandum
3347 3324 3612 3380 Lazarum

2025 3411 2175 3466 ﬂevit
2201 3412 2511 3471 Judaeorum
2544 3412 2831 3486 deplorans
2858 3414 3161 3485 perﬁdiam.
3201 3416 3337 3471 Filia
3375 3418 3617 3474 Pharao-

2027 3507 2114 3564 nis
2149 3507 2483 3563 descendens
2511 3509 2578 3563 ad
2618 3507 2892 3564 lavacrum
2919 3507 3156 3566 ﬂuminis
3191 3511 3407 3584 collegit
3440 3512 3613 3567 infan-

2035 3607 2145 3653 tem
2181 3616 2194 3652 :
2219 3596 2462 3654 Ecclesia
2490 3613 2558 3653 ex
2587 3598 2836 3670 gentibus
2870 3598 3070 3655 lavacri
3094 3602 3348 3658 salutaris
3375 3603 3613 3658 sanctifi-

2027 3691 2296 3746 cationem
2326 3690 2674 3758 desiderans,
2716 3690 2919 3761 excipit
2947 3690 3226 3749 Christum
3264 3710 3295 3750 a
3328 3693 3614 3766 Synagoga

2028 3790 2202 3840 matre
2231 3781 2436 3837 carnali
2477 3781 2763 3853 expulsum
2810 3782 2966 3852 quasi
3013 3782 3296 3849 infantem,
3335 3785 3460 3854 quia
3485 3793 3614 3840 tunc

2027 3871 2289 3941 parvulus
2316 3869 2614 3934 videbatur,
2650 3885 2772 3926 cum
2810 3871 2863 3925 in
2894 3871 3112 3928 homine
3153 3882 3489 3928 cerneretur.
3528 3872 3612 3928 ln-

2027 3963 2175 4019 venit
2198 3962 2289 4017 illa
2319 3961 2536 4032 Moysen
2571 3963 2839 4018 inclusum
2869 3962 2924 4017 in
2953 3963 3172 4018 vasculo
3198 3965 3340 4034 quod
3385 3979 3452 4018 ex
3474 3964 3617 4018 tnui-7

2029 4055 2099 4110 tis
2118 4053 2421 4126 agrestibus
2441 4054 2664 4125 virgulis
2687 4055 2749 4110 fit
2784 4073 2798 4109 :
2837 4054 3046 4109 invenit
3060 4053 3335 4110 Christum
3363 4055 3608 4113 Ecclesia

2029 4147 2371 4203 reconditum
2397 4147 2450 4201 in
2477 4146 2730 4212 cordibus
2751 4153 3094 4211 sanctorum,
3113 4146 3203 4216 qui
3242 4145 3297 4200 in
3342 4148 3614 4220 unitatem

2029 4237 2111 4292 sui
2141 4237 2405 4319 contexti,
2434 4244 2489 4292 et
2516 4236 2807 4292 multorum
2851 4233 3081 4290 fratrum
3112 4235 3392 4303 membris,
3417 4252 3617 4296 omnes

2029 4328 2084 4382 in
2109 4326 2324 4383 Christo
2351 4341 2516 4380 unum
2544 4340 2738 4396 corpus
2766 4324 2941 4381 effecti
2971 4335 3124 4392 sunt,
3145 4335 3202 4382 et
3237 4342 3364 4402 eum
3394 4327 3614 4402 religio-

2029 4433 2088 4475 sa
2118 4417 2498 4474 observatione
2524 4417 2884 4488 suscipientes
2905 4424 3146 4472 tuentur.

2638 4529 2866 4594 CAPUT
2903 4531 2991 4588 IV.

2029 4621 2108 4676 De
2131 4620 2333 4694 Moyse,
2359 4623 2619 4694 quomodo
2643 4622 2902 4694 interfecit
2926 4621 3238 4694 zEgyptium
3269 4621 3608 4694 altercantem

2137 4691 2254 4746 cum
2280 4691 2552 4759 Israelita,
2589 4703 2637 4746 et
2663 4691 2791 4762 fuga
2815 4693 2977 4763 ipsius
3006 4691 3230 4748 interra
3262 4692 3502 4747 Madian.

2100 4781 2168 4837 In
2193 4783 2378 4838 diebus
2403 4783 2509 4837 illis
2529 4793 2804 4854 postquam
2834 4793 3066 4838 creverat
3117 4783 3348 4856 Moyses,
3372 4801 3614 4856 egressus

2027 4874 2098 4929 ad
2132 4873 2322 4943 fratres
2363 4888 2512 4937 suos,
2561 4871 2690 4924 uidit
2735 4871 3066 4943 afflictionem
3091 4890 3273 4929 eorum
3315 4888 3333 4926 :
3367 4884 3416 4928 et
3440 4876 3608 4929 virum

2027 4964 2338 5036 zEgyptium
2369 4962 2744 5034 percutientem
2772 4962 3053 5032 quemdam
3075 4963 3139 5018 de
3163 4963 3403 5019 Hebrwis
3427 4965 3612 5034 fratri-

2029 5056 2124 5110 bus
2151 5055 2280 5109 suis.
2311 5051 2548 5124 Cumque
2587 5053 3066 5125 circumspexisset‘
3083 5055 3185 5109 huc
3211 5065 3366 5125 atque
3387 5055 3536 5120 illuc,
3557 5065 3610 5109 et

2029 5145 2231 5201 nullum
2262 5145 2444 5199 adesse
2469 5144 2705 5210 vidisset,
2726 5161 3030 5215 percussum
3053 5144 3365 5215 .Egyptium
3389 5145 3611 5200 abscon-

2026 5237 2102 5290 dit
2137 5234 2340 5290 sabulo.
2365 5233 2435 5288 Et
2457 5251 2694 5306 egressus
2721 5235 2806 5288 die
2833 5233 3022 5300 altero,
3051 5235 3319 5306 conspexit
3345 5235 3479 5290 duos
3505 5234 3610 5291 He-

2029 5325 2195 5379 breeos
2234 5325 2488 5390 rixantes,
2535 5323 2769 5394 dixitque
2817 5323 2866 5377 ei
2912 5325 3002 5394 qui
3049 5323 3273 5392 faciebat
3312 5325 3606 5394 mjurram:

2030 5418 2206 5483 Quare
2225 5417 2450 5487 percutis
2475 5417 2778 5486 proximum
2798 5417 2987 5470 tuum?
3014 5415 3117 5482 Qui
3140 5417 3401 5487 respondit
3427 5431 3445 5469 :
3475 5415 3606 5481 Quis

2027 5519 2076 5563 te
2123 5509 2390 5563 constituit
2427 5509 2712 5580 principem
2755 5517 2802 5562 et
2842 5508 3080 5579 judicent
3119 5526 3275 5581 super
3300 5511 3432 5564 nos?
3457 5509 3610 5562 Num

2026 5601 2390 5656 oecidereme
2434 5609 2493 5652 tu
2539 5599 2630 5664 vis,
2660 5599 2794 5652 sicut
2825 5599 3061 5654 occidisti
3106 5600 3218 5655 heri
3256 5598 3617 5672 A'Igyptiumt
