4052 6184
379 394 441 445 Π
1376 404 1874 468 COMMENTARIA
1910 415 1978 470 IN
2016 418 2327 481 EXODUM.
2369 457 2439 465 —
2477 427 2604 485 LIB.
2647 427 2687 484 Ι.
3596 450 3659 505 l3

379 503 574 558 Τίπικίί
602 503 812 576 Μοξθδα
836 517 886 561 ετ
929 512 1003 563 σίι
1048 525 1067 563 -'
1106 508 1382 578 θυοηιοάο
1420 519 1599 588 Palam
1635 522 1835 591 Ῑαεηίηι
1889 537 1963 582 εει
1991 541 2037 600 Α
2067 542 2162 599 εει,
2189 536 2401 607 inquit?
2431 532 2607 604 Quare
2633 513 2907 601 dimisistis
2948 550 3253 608 hominem?
3289 555 3482 614 Vocute
3510 578 3651 626 eum,

379 595 583 626 ..-ιρι-...κ
616 595 796 626 tu")!
822 597 999 626 ID..-)
1047 618 1083 626 .-
1113 602 1130 626 \
1168 601 1279 626 τυ..
1338 606 1357 626 Δ
1393 624 1434 626 η
1509 611 1544 626 ,.
1639 612 1658 626 π
1699 615 1734 626 ,ι
1857 618 1888 626 ,Α

377 595 585 648 verbum
615 595 796 653 istud?
821 597 1017 669 (Exod.
1047 602 1132 675 ιι.)
1168 601 1279 678 [E3
1320 606 1658 685 Augustino.]
1693 615 1964 682 Quaeritur

373 697 556 742 utrum
589 689 798 781 indoles
837 692 892 746 in
922 708 989 749 eo
1016 694 1305 755 laudabilis
1330 699 1514 768 fuerit,
1539 706 1665 775 quia
1708 708 1811 764 hoc
1836 727 1961 781 pec—

371 785 555 833 eatum
579 772 868 838 admiserit
904 785 1047 841 sicut
1072 787 1213 844 solet
1241 791 1409 847 ubera
1455 772 1599 850 terra
1641 798 1805 853 etiam
1833 772 1961 857 ante

374 870 527 925 utilia
558 872 790 938 semina,
817 877 1053 946 quadam
1083 879 1373 939 herbarum
1414 889 1662 956 quamvis
1686 889 1960 949 inutilium

372 957 656 1018 feracitate
691 963 931 1032 laudari;
983 983 1053 1023 an
1081 972 1302 1028 omnino
1330 975 1504 1045 ipsum
1544 978 1741 1035 factum
1758 981 1961 1054 justiﬁ-

370 1052 602 1106 candnm
622 1053 696 1108 sit
722 1072 736 1108 :
763 1056 907 1126 quod
930 1058 1052 1113 ideo
1076 1072 1181 1114 non
1208 1062 1445 1131 videtur,
1470 1067 1598 1136 quia
1624 1052 1825 1126 nullam
1857 1073 1957 1129 ad-

370 1144 479 1197 huc
524 1143 823 1215 legitimam
861 1156 1184 1218 potestatem
1235 1156 1478 1224 gerebat,
1527 1174 1627 1216 nec
1676 1175 1957 1235 acceptam

368 1231 649 1300 divinitus,
684 1251 786 1293 nec
819 1236 1056 1295 humana
1096 1244 1357 1300 societate
1385 1248 1692 1306 ordinatam
1725 1271 1739 1307 :
1775 1231 1954 1312 tamen

364 1322 504 1377 sicut
530 1323 844 1395 Stephanus
879 1330 1009 1385 dicit
1034 1331 1090 1386 in
1116 1332 1344 1392 Actibus
1377 1341 1765 1412 apostolorum,
1791 1358 1951 1418 puta-

366 1414 457 1469 bat
478 1414 784 1488 intelligere
812 1420 1011 1477 fratres
1031 1436 1183 1491 suos,
1205 1428 1348 1497 quod
1374 1444 1473 1499 per
1500 1449 1623 1488 eum
1646 1414 1956 1497 Deus—daret

366 1504 470 1561 illis
505 1506 742 1563 salutem
770 1508 909 1581 (Act.
944 1513 1041 1582 vn)
1070 1531 1085 1569 :
1116 1526 1178 1572 ut
1205 1533 1304 1588 per
1346 1519 1450 1578 hoc
1480 1525 1849 1584 testimonium
1876 1532 1954 1587 vi-

361 1602 557 1656 deatur
577 1600 810 1674 Moyses,
828 1604 943 1674 jam
964 1608 1223 1668 divinitus
1261 1615 1600 1687 admonitus;
1633 1624 1776 1693 quod
1804 1623 1952 1681 Scri-

357 1700 519 1764 ptura
551 1708 618 1766 eo
671 1695 793 1751 loco
828 1706 993 1765 tacet,
1019 1701 1122 1757 hoc
1170 1704 1375 1762 audere
1420 1711 1680 1779 potuisse.
1714 1713 1822 1787 (Ex
1841 1715 1950 1771 Isi-

355 1784 538 1857 doro.)
581 1785 752 1858 Igitur
784 1788 997 1862 Moyses
1038 1796 1388 1867 peregrinum
1416 1797 1642 1856 fratrem
1675 1784 1745 1859 ab
1776 1804 1949 1878 Egy-

2068 632 2124 677 ut
2150 629 2386 682 comedat
2412 649 2620 701 panem.
2641 633 2854 692 Iuravit
2887 657 3008 712 ergo
3034 641 3244 715 Moyses
3276 651 3417 720 quod
3444 654 3653 709 habita-

2066 725 2141 769 ret
2170 734 2287 771 cum
2316 726 2395 785 eo,
2427 731 2482 776 et
2514 724 2738 795 reliqua.
2773 722 2921 802 Fuga
2963 733 3155 805 Moysi,
3184 754 3288 808 qua
3317 741 3385 795 ab
3413 741 3652 816 Egypt)

2064 808 2323 865 recedens
2346 813 2595 884 migravit
2621 817 2675 871 in
2701 825 2898 875 terram
2943 822 3180 893 Madian,
3210 829 3482 899 signiﬁcat
3507 837 3652 905 quod

2063 896 2395 970 Redemptor
2422 916 2610 961 noster
2629 906 2887 967 deserens
2908 913 3181 973 civitatem
3207 896 3415 978 Jtidaici
3440 896 3646 996 populi,

2061 990 2314 1061 migravit
2356 994 2409 1048 in
2453 998 2709 1066 apostolis
2757 1002 2824 1057 ad
2864 1013 3052 1075 gentes
3097 990 3529 1078 convocanda-3;-
3555 990 3645 1071 ubi

2060 1083 2544 1142 contradictionem
2587 1090 2840 1161 primitus
2885 1084 3112 1164 invenit,
3159 1110 3349 1171 postea
3394 1106 3644 1163 devotam

2057 1170 2442 1241 obedientiam,
2504 1181 2649 1250 quod
2700 1183 2838 1241 bene
2893 1170 3204 1258 exprimunt
3246 1193 3361 1265 ipsa
3400 1200 3640 1255 nomina.

2056 1261 2323 1334 Egyptus
2352 1268 2497 1323 enim
2526 1287 2647 1341 qua:
2667 1273 3059 1345 interpretatur
3086 1261 3342 1353 tenebras,
3374 1289 3644 1360 significat

2057 1356 2309 1413 tenebras
2331 1361 2594 1415 mentium
2622 1363 2940 1423 inﬁdelium.
2971 1368 3181 1428 Madian
3221 1385 3401 1433 autem
3428 1356 3643 1438 contra-

2055 1447 2220 1504 dictio
2243 1450 2329 1505 vel
2366 1456 2648 1524 responsio
2685 1472 2701 1512 :
2748 1458 3129 1521 demonstrans
3162 1478 3351 1538 gentes
3396 1474 3634 1543 primum

2053 1545 2489 1604 contradicentes
2510 1553 2835 1623 evangelicae
2855 1560 3248 1626 praedicationi.
3283 1566 3434 1623 Unde
3464 1581 3519 1625 et
3550 1571 3641 1627 Si-

2053 1648 2212 1689 meon
2241 1632 2309 1692 de
2333 1637 2551 1696 Christo
2576 1641 2629 1696 in
2656 1642 2948 1717 Evangelio
2984 1650 3052 1705 ad
3081 1650 3304 1710 Mariam
3336 1658 3536 1716 dixisse
3563 1663 3638 1718 lc-

2052 1724 2217 1796 gitur.
2248 1725 2380 1796 Iste,
2409 1730 2606 1802 inquit,
2633 1737 2733 1789 erit
2788 1737 2845 1792 in
2886 1741 3094 1797 ruinam
3129 1755 3177 1799 et
3200 1747 3255 1801 in
3299 1757 3638 1811 resurrectio-

2052 1830 2168 1870 nem
2197 1816 2481 1875 multorum
2511 1822 2566 1877 in
2588 1822 2778 1892 Israel,
2815 1838 2865 1882 et
2888 1830 2945 1884 in
2967 1832 3175 1903 signum
3198 1838 3284 1889 cui
3311 1838 3637 1898 contradice-

1856 1875 1899 1878 ί*
2534 1875 2561 1877 ’ἡ
2589 1875 2660 1878 "'
2681 1875 2778 1892 ""3
2816 1875 2862 1882 ν*
2890 1875 2945 1884 η-
2967 1875 3175 1903 ν-υ---ηυ
3198 1875 3283 1889 vui
3311 1875 3634 1898 uvulluutlc‘

354 1875 470 1947 Ριίο
504 1875 762 1933 libera“
805 1880 1058 1952 iniuriam
1089 1888 1504 1957 Ρθτβθῑίετῐιιεων
1551 1892 1781 1950 illnlle
1826 1914 1947 1955 esse
1975 1910 2023 1969 B
2050 1916 2138 1961 tur
2167 1908 2317 1981 (Luc.
2347 1913 2430 1982 ιι).
2457 1913 2646 1971 Postea
2673 1920 2761 1989 pia
2799 1920 3085 1980 devotione
3110 1936 3167 1982 et
3192 1928 3350 1987 bonis
3379 1937 3634 2004 operibus

356 1981 460 2004 nnn
489 1965 678 2004 rus-nnc
719 1968 939 2004 fmipnm
980 1972 1218 2004 sora...“-
1278 1985 1327 2004 Α.
1357 1981 1602 2004 Annus-..
1649 1983 1846 2004 n___,,.-
1910 2003 1932 2004 η
2332 2000 2335 2004 ,

352 1981 460 2021 non
487 1965 679 2023 ferens
717 1968 940 2026 fratrem
978 1972 1242 2042 defendit,
1276 1985 1332 2032 et
1353 1981 1605 2037 eumdem
1629 1983 1944 2057 Egyptium

349 2057 555 2114 occidit
586 2078 599 2114 :
627 2061 784 2132 cujus
838 2063 1010 2136 ﬁgura
1042 2064 1298 2125 facillime
1335 2075 1576 2129 occurrit
1621 2074 1946 2145 injuriosum

350 2152 511 2208 nobis
567 2152 623 2207 in
664 2154 769 2210 hac
808 2158 1245 2229 peregrinatione
1291 2163 1595 2232 diabolum,
1647 2184 1679 2222 a
1713 2170 1944 2227 Domino

349 2236 572 2296 Christo
601 2244 756 2299 nobis
787 2244 1023 2304 defensis
1056 2251 1252 2307 occidi.
1285 2253 1439 2322 Quod
1478 2271 1610 2313 vero
1654 2259 1709 2313 in
1754 2262 1944 2318 sabulo

348 2347 539 2388 arente
556 2335 740 2390 obruit
765 2337 1171 2410 interemptum,
1203 2346 1549 2404 manifestum
1572 2359 1655 2406 est
1683 2353 1802 2423 ejus
1822 2352 1939 2422 jam

347 2424 698 2481 morticinam
720 2432 1065 2498 praesentiam
1088 2434 1141 2488 in
1163 2436 1245 2492 eis
1274 2435 1463 2504 latere,
1487 2442 1578 2511 qui
1601 2460 1707 2499 non
1735 2445 1941 2503 habent

344 2518 546 2573 stabile
578 2518 1014 2579 fundamentum.
1043 2524 1197 2583 Unde
1234 2536 1289 2585 et
1332 2530 1627 2589 Ecclesiam
1673 2535 1936 2596 Dominus

347 2607 401 2660 in
431 2616 591 2677 petra
633 2610 888 2678 aedificat,
928 2622 983 2669 et
1022 2630 1117 2671 eos
1156 2619 1249 2687 qui
1289 2621 1517 2678 audiunt
1555 2625 1781 2680 verbum
1818 2626 1936 2697 ejus

343 2704 401 2751 et
426 2696 660 2767 faciunt,
701 2712 981 2773 comparat
1005 2706 1254 2775 prudenti
1302 2710 1417 2766 viro
1445 2714 1537 2782 qui
1567 2714 1802 2773 aedificat
1835 2696 1934 2775 do-

346 2787 495 2843 mum
519 2805 676 2845 suam
698 2808 861 2863 super
884 2803 1093 2865 petram
1120 2815 1133 2852 :
1170 2814 1243 2855 ne
1276 2804 1667 2863 tentationibus
1692 2811 1853 2864 cadat
1878 2818 1934 2866 et

342 2889 589 2937 corruat.
613 2883 740 2940 Illos
768 2894 947 2941 autem
973 2888 1067 2959 qui
1097 2892 1323 2947 audiunt
1345 2902 1403 2949 et
1428 2911 1535 2951 non
1567 2895 1933 2961 faciuntcom-

340 2981 499 3043 parat
522 2973 697 3029 stulto
720 2976 1009 3032 aediﬁcanti
1047 2994 1213 3051 super
1243 2998 1497 3051 arenam,
1523 2987 1678 3057 cujus
1724 2999 1929 3050 tentata

340 3064 558 3131 donius,
609 3067 824 3122 ruinam
863 3068 1027 3126 edicit
1079 3088 1350 3145 magnam.
1380 3076 1436 3133 lu
1467 3094 1533 3135 eo
1567 3090 1748 3138 autem
1780 3086 1927 3155 quod

340 3153 595 3211 rixantes
608 3155 744 3212 duos
762 3156 1020 3216 Hebraeos
1037 3159 1247 3233 Moyses
1264 3166 1556 3234 paciﬁcare
1573 3170 1759 3239 voluit,
1777 3153 1929 3231 Chri-

339 3243 409 3298 sti
439 3252 661 3316 typum,
686 3255 745 3300 ut
774 3248 992 3318 quidam
1018 3251 1206 3307 volunt
1235 3262 1412 3321 tenet;
1451 3260 1543 3330 qui
1567 3262 1794 3320 duorum
1822 3283 1918 3338 ρο-
1946 3278 1992 3340 ρ

337 3336 590 3407 polorum
620 3338 944 3399 discordiam
966 3340 1255 3412 paciﬁcare
1279 3350 1502 3406 studens
1524 3352 1579 3407 in
1602 3336 1918 3429 semetipso,

336 3430 588 3500 angulari
622 3432 873 3490 videlicet
898 3428 1076 3507 lapide
1094 3442 1426 3499 consociavit
1456 3454 1621 3519 amne
1647 3428 1924 3510 eoaduna-

337 3520 436 3574 vit.
460 3520 567 3589 Qui
592 3536 722 3579 vero
756 3524 1010 3595 injuriam
1034 3528 1164 3586 fecit
1192 3534 1471 3609 proximo,
1505 3548 1561 3594 et
1604 3546 1926 3605 reconcilia-

336 3620 513 3668 sorem
551 3614 836 3673 inhoneste
877 3626 1140 3689 spernens
1182 3626 1400 3695 repulit,
1438 3628 1723 3691 Judaicum
1746 3652 1921 3707 popu-

334 3703 447 3758 lum
479 3705 811 3764 demonstrat
846 3728 860 3765 :
891 3712 1438 3783 quiprazdicationem
1464 3720 1669 3785 Christi
1696 3703 1922 3786 verb—um

335 3798 797 3857 reconciliatiOnis
846 3802 1060 3876 ingrate
1093 3810 1352 3886 suscepit.
1421 3811 1710 3886 Hostiaque
1760 3835 1923 3881 verus

331 3885 609 3943 credentis
644 3892 826 3962 populi
857 3909 1071 3970 semper
1099 3897 1201 3952 fuit
1230 3916 1244 3952 :
1273 3884 1416 3955 Sicut
1444 3902 1499 3957 in
1526 3884 1818 3978 Evangelia
1837 3911 1919 3967 le—

325 3980 500 4049 gitur,
545 3983 690 4052 quod
732 3999 879 4041 caeco
922 3995 1107 4043 natoa
1133 3989 1351 4047 Christo
1380 3993 1705 4065 illuminato,
1751 4004 1921 4059 male-

327 4069 589 4126 dixerunt
636 4073 712 4137 ita
740 4074 984 4132 dicentes
1014 4091 1029 4132 :
1066 4078 1144 4133 Tu
1192 4079 1485 4153 discipulus
1530 4086 1645 4156 ejus
1671 4090 1746 4144 sis
1773 4106 1792 4142 :
1817 4110 1912 4148 nos

326 4170 509 4216 autem
543 4160 719 4235 Hoysi
768 4165 1014 4238 discipuli
1058 4186 1239 4224 sumus
1268 4170 1451 4241 (Joan.
1489 4177 1590 4249 is).
1619 4178 1688 4233 Et
1732 4180 1861 4237 alibi
1896 4200 1911 4239 :

326 4246 616 4318 Nolumus,
648 4253 923 4324 inquiunt,
954 4256 1093 4311 hunc
1124 4275 1342 4330 regnare
1381 4246 1663 4335 supernos
1689 4268 1908 4343 (Matth.

320 4342 520 4417 xxv").

944 4440 1174 4501 CAPUT
1215 4447 1280 4502 V.

320 4547 398 4602 De
421 4547 618 4632 ξομε.
636 4559 878 4641 et‘uxore
916 4554 1053 4635 ejus,
1077 4564 1135 4638 et.
1156 4559 1416 4641 quomodo
1447 4565 1692 4641 apparuit
1718 4568 1768 4620 ei
1788 4567 1909 4625 00-.

2049 2000 2438 2071 respondentes
2457 2006 2580 2062 sibi.
2620 2008 2773 2066 Sedit
2804 2028 2934 2084 ergo
2972 2015 3182 2089 Moyses
3226 2020 3382 2091 juxta
3410 2000 3632 2096 puteum

2045 2090 2114 2146 ad
2134 2108 2296 2162 quem
2323 2110 2584 2154 venerant
2613 2111 2816 2173 septem
2845 2104 2967 2162 lilia:
2998 2111 3305 2170 sacerdotis
3328 2090 3541 2174 Madian
3564 2122 3643 2181 ad.

2045 2180 2371 2243 hauriendas
2393 2204 2580 2259 aquas,
2606 2202 2663 2248 ut
2711 2196 3051 2266 adaquarent
3086 2218 3278 2275 greges
3315 2211 3490 2278 patris
3522 2214 3628 2267 sui.

2045 2273 2252 2341 Quibus
2272 2278 2703 2342 adversabantur
2736 2299 3004 2359 pastores;
3031 2295 3122 2350 sed
3156 2273 3369 2371 Moyses
3392 2304 3630 2364 defensis

2041 2367 2252 2436 puellis,
2277 2372 2569 2443 adaquavit
2589 2392 2718 2433 oves
2746 2395 2957 2437 earum.
2984 2383 3076 2441 Sic
3097 2396 3149 2442 et
3175 2367 3505 2464 Redemptor
3535 2414 3630 2453 no-

2041 2464 2154 2512 ster
2171 2461 2473 2528 praesidens
2493 2466 2732 2523 scicntia:
2756 2468 2891 2542 legis
2915 2488 3008 2529 seu
3039 2478 3318 2547 sapientize
3342 2461 3628 2544 mundana:

2040 2549 2382 2609 venientibus
2419 2556 2488 2611 ad
2510 2573 2568 2612 se
2598 2569 2806 2631 septem
2836 2564 3085 2623 ecclesiis
3122 2569 3189 2626 de
3217 2572 3377 2629 domo
3398 2577 3624 2647 diaboli,

2037 2640 2300 2709 impendit
2321 2644 2623 2704 doctrinam
2666 2651 3023 2723 spiritualem,
3050 2676 3157 2729 qua
3187 2675 3409 2734 possent
3431 2640 3624 2727 sensus

2036 2733 2217 2788 cordis
2266 2735 2348 2790 sui
2383 2737 2716 2823 refocillare,
2746 2753 2804 2799 et
2841 2746 2945 2802 sibi
3002 2750 3383 2813 obedientibus
3431 2769 3622 2828 potum

2034 2822 2161 2877 vitae
2188 2825 2459 2894 tribuere;
2507 2819 2782 2904 falsosque
2820 2847 3088 2909 pastores,
3131 2843 3235 2899 hoc
3262 2855 3347 2901 est
3383 2819 3622 2919 pliiloso~

2035 2916 2171 2985 phos
2220 2932 2315 2972 seu
2370 2919 2640 2978 idolorum
2700 2930 3035 2996 sacerdotes.
3083 2950 3113 2989 a
3162 2916 3401 2995 lazsione
3430 2958 3619 3000 earnm

2031 3010 2386 3077 compescuit.
2409 3012 2564 3080 Quod
2599 3025 2781 3074 autem
2825 3021 3029 3093 Raguel
3051 3026 3353 3086 admiratus
3373 3042 3458 3089 est
3481 3035 3619 3094 ﬁlias

2031 3112 2158 3154 suas
2184 3100 2424 3160 velocius
2443 3104 2602 3162 solito
2630 3111 2867 3179 venisse,
2891 3115 3166 3186 significat
3198 3128 3477 3191 stuporem
3507 3128 3618 3184 dia-

2029 3187 2139 3242 boli
2167 3190 2236 3246 de
2261 3192 2432 3250 veloci
2471 3202 2828 3259 conversione
2879 3207 3121 3277 gentium
3156 3210 3224 3265 ad
3260 3187 3421 3270 tidem
3450 3217 3612 3274 Chri-

2023 3279 2091 3334 sti
2119 3299 2132 3334 :
2156 3283 2284 3352 quia
2311 3289 2677 3359 promptiores
2704 3293 2925 3353 fuerunt
2950 3298 3018 3354 ad
3046 3301 3409 3367 obedientiam
3435 3308 3614 3366 Evan-

2031 3371 2178 3442 gelii,
2204 3390 2304 3445 pro
2338 3393 2446 3448 qua
2476 3380 2638 3436 etiam
2673 3385 2813 3441 mori
2851 3390 3029 3458 parati
3072 3402 3232 3450 erant
3260 3414 3275 3449 :
3309 3413 3471 3467 quam
3513 3418 3611 3457 un-

2026 3477 2188 3531 quam
2204 3464 2271 3543 in
2292 3466 2409 3537 ejus
2427 3469 2573 3525 cultu
2597 3472 2681 3528 vel
2708 3474 3025 3555 idololatria
3039 3464 3361 3541 existerent.
3391 3489 3605 3563 Accepit

2023 3568 2146 3623 ergo
2176 3542 2383 3627 Moyses
2433 3576 2595 3616 unam
2640 3563 2706 3619 de
2740 3579 2936 3637 septem
2974 3549 3190 3640 ﬁliabus
3248 3542 3607 3653 Raguel,

2022 3644 2414 3715 interpretatur
2432 3653 2611 3720 pastio
2637 3654 2733 3711 Dei
2780 3658 2897 3714 sive
2940 3663 3153 3721 amicus
3182 3665 3299 3736 ejus
3325 3644 3489 3737 Deus,
3519 3644 3608 3728 no-

2021 3736 2159 3791 mine
2182 3736 2491 3810 Sephoram,
2518 3759 2640 3813 qum
2674 3746 3067 3819 interpretatur
3111 3756 3455 3826 pulchritudo
3478 3736 3607 3821 rsivc

2019 3827 2269 3899 placens;
2322 3850 2440 3904 qua:
2473 3839 2651 3907 genuit
2681 3840 2729 3894 ei
2754 3841 2927 3910 ﬁlium
2953 3861 3108 3917 quem
3149 3852 3345 3906 vocavit
3375 3851 3601 3923 Gersan,

2018 3920 2163 3987 quod
2202 3921 2594 3995 interpretatur
2621 3929 2846 3987 advena.
2880 3933 3092 4007 Peperit
3144 3950 3194 3995 et
3240 3941 3485 4012 altentm,
3510 3920 3603 4019 qui

2016 4022 2227 4068 uocatus
2279 4026 2355 4070 est
2398 4016 2640 4088 Elieser,
2690 4032 2748 4078 et
2809 4025 3199 4098 interpretatur
3246 4034 3388 4091 Deus
3448 4016 3601 4094 mens

2016 4103 2255 4173 adjutor,
2290 4126 2414 4165 cum
2470 4113 2802 4186 Redemptor
2849 4130 3038 4176 noster
3075 4123 3141 4178 de
3166 4127 3353 4194 gentili
3400 4129 3598 4199 populo

2013 4194 2311 4254 Ecclesium
2339 4203 2708 4273 septiformem
2738 4208 3009 4279 spirituali
3036 4213 3288 4286 conjugio
3309 4194 3417 4271 sibi
3437 4194 3597 4287 copu-

2012 4283 2174 4351 lavit;
2213 4302 2334 4357 qua:
2355 4289 2483 4346 licet
2513 4309 2738 4350 munere
2777 4296 3015 4367 Spiritus
3048 4283 3224 4356 sancti
3258 4283 3596 4374 septiforntis

2010 4375 2104 4440 sit,
2138 4386 2317 4432 tamen
2352 4396 2458 4435 una
2489 4392 2574 4438 est
2595 4384 2649 4437 in
2672 4385 2778 4441 fide
2817 4388 3106 4455 catholica,
3130 4392 3195 4447 de
3222 4409 3327 4463 qua
3364 4394 3419 4450 in
3449 4395 3593 4451 Can-

2012 4466 2117 4521 tico
2145 4470 2484 4527 canticorum
2519 4474 2653 4530 dicit
2680 4494 2694 4531 :
2728 4475 2846 4532 Una
2883 4489 2960 4533 est
2995 4481 3237 4537 columba
3263 4502 3400 4551 mea,
3427 4486 3591 4544 electa

2008 4559 2275 4628 genitricis
2303 4579 2416 4617 sua:
2441 4562 2618 4637 (Cant.
2649 4567 2749 4641 γι).
2778 4568 2906 4625 Haec
2954 4588 3121 4627 unum
3169 4577 3356 4645 genuit
3396 4578 3586 4648 lilium,

1724 4618 1759 4620 η
1788 4618 1821 4625 Ὗ
1846 4618 1864 4622 ,
2008 4618 2031 4628 ,
2443 4618 2485 4637 ν
2664 4618 2702 4621 .-
2734 4618 2748 4623 -
2778 4618 2905 4625 νη-
2958 4618 3121 4627 -...-...
3169 4618 3356 4645 ονω...
3396 4618 3586 4648 .........,

390 4618 566 4673 minus
599 4618 656 4674 in
680 4622 898 4691 ﬂamma
930 4618 1088 4695 ignis,
1116 4618 1178 4681 in
1210 4628 1379 4683 medio
1412 4618 1548 4696 rubi,
1574 4650 1692 4689 cum
1717 4654 1900 4707 pasce-
1926 4636 1979 4695 D
2003 4649 2097 4717 qui
2145 4660 2373 4715 vocatur
2391 4655 2622 4724 advena,
2654 4618 2964 4717 etlalterum
2993 4665 3086 4733 qui
3123 4678 3350 4723 vocatur
3368 4670 3463 4725 Dei
3493 4674 3587 4728 ad-

391 4696 472 4733 re!
500 4705 640 4733 nun-

384 4820 705 4893 Audioitque
744 4823 961 4882 Pharao
1000 4845 1293 4887 sermonem
1328 4833 1491 4902 hunc,
1543 4846 1593 4891 et
1636 4842 1902 4909 quwrebat

307 4909 553 4965 occidere
579 4910 821 4983 Moysen.
847 4914 951 4979 Qui
996 4916 1204 4989 fugiens
1232 4921 1297 4976 de
1323 4935 1601 4995 conspectu
1632 4926 1768 4998 ejus,
1792 4945 1905 4983 mo-

309 5011 467 5056 ratus
512 5010 589 5070 est
626 5003 682 5056 in
731 5014 874 5061 terra
901 5006 1149 5076 Madian,
1196 5021 1247 5067 et
1292 5014 1426 5068 sedit
1463 5017 1624 5086 juxta
1664 5029 1900 5090 puteum.

2000 4738 2265 4811 jntoriutn
2315 4762 2347 4807 :_
2378 4762 2501 4817 quae
2557 4750 2777 4806 nomina
2831 4752 2969 4809 bene
3011 4758 3340 4814 conveniunt
3388 4764 3588 4833 populo

2003 4830 2334 4901 Christiano,
2364 4852 2441 4892 ex
2458 4840 2870 4899 circumcisione
2900 4852 2956 4899 et
2979 4850 3242 4930 praeputio
3266 4864 3583 4913 convocato.

2002 4922 2238 4981 Advena:
2250 4928 2395 4982 enim
2416 4932 2757 5002 sunt,,qui:in
2780 4935 3016 4992 incolatu
3039 4922 3194 4995 istius
3215 4944 3396 4999 mundi
3415 4961 3445 5000 a
3473 4961 3585 5003 ca:-

2003 5011 2125 5068 lesti
2151 5016 2324 5084 patria
2360 5020 2521 5073 modo
2544 5024 2982 5094 peregrinantur,
3013 5030 3108 5086 sed
3150 5039 3331 5088 tamen
3359 5034 3456 5091 Dei
3483 5039 3581 5093 ad-

308 5089 486 5144 Erant
512 5100 688 5148 autem
716 5095 980 5152 sacerdoti
1026 5099 1249 5155 Madian
1280 5115 1475 5175 septem
1499 5106 1648 5175 ﬁlice,
1673 5126 1791 5180 quin
1817 5128 1901 5166 ve-

2028 5106 2197 5160 utorio
2250 5123 2523 5179 nunquam
2551 5089 2840 5171 carebunt.
2891 5115 3022 5174 Post
3062 5121 3286 5178 multum
3333 5126 3579 5198 temporis

302 5183 592 5236 neruntad
620 5184 969 5242 hauriendam
1021 5206 1234 5260 aquam,
1266 5202 1314 5247 et
1345 5195 1570 5265 impletis
1619 5198 1896 5256 canalibus

298 5270 583 5341 adaquare
628 5274 903 5345 cupiebant
951 5295 1131 5350 greges
1180 5284 1345 5352 patris
1396 5287 1499 5339 sui.
1534 5285 1891 5359 Supervenere

295 5371 564 5431 pastores,
589 5374 639 5416 et
666 5364 929 5434 ejecerunt
950 5384 1059 5423 eas.
1098 5368 1445 5445 Surrexitque
1476 5374 1704 5447 Moyses,
1729 5388 1776 5432 et
1799 5379 1891 5434 de-

294 5450 468 5524 fensis
484 5454 698 5524 puellis,
728 5457 1010 5528 adaquavit
1034 5477 1149 5516 oves
1174 5480 1378 5518 earum.
1405 5465 1536 5531 Quae
1570 5484 1688 5522 cum
1717 5486 1886 5525 recer-

290 5541 486 5597 tissent
525 5546 597 5599 ad
631 5545 837 5618 Raguel
877 5562 1082 5627 patrem
1124 5570 1303 5621 suum,
1327 5555 1461 5610 dixit
1492 5557 1561 5611 ad
1607 5575 1697 5616 eas
1729 5578 1748 5615 :
1779 5560 1889 5616 Cur

291 5638 526 5695 velocius
547 5643 761 5698 uenistis
793 5644 946 5701 solito
961 5646 987 5700 2
1014 5646 1452 5720 Responderunt:
1483 5652 1577 5707 Vir
1596 5654 1881 5727 .Eyyptius

287 5728 537 5784 liberavit
592 5749 688 5788 nos
712 5734 778 5790 de
813 5752 973 5792 manu
1020 5750 1292 5809 pastorum
1318 5759 1336 5797 :
1359 5744 1571 5817 insuper
1613 5756 1663 5801 et
1703 5749 1881 5806 hausit

287 5836 493 5892 aquam
518 5823 1110 5903 nobiscum,potnmque
1150 5829 1291 5888 dedit
1332 5833 1529 5890 oribus.
1569 5835 1767 5909 Atille,
1791 5840 1878 5896 ubi

1998 5206 2236 5253 mortuus
2264 5210 2340 5254 est
2364 5218 2455 5257 rea:
2473 5202 2694 5275 Afgypti
2729 5221 2747 5259 :
2777 5218 2826 5262 et
2858 5209 3247 5281 ingemiscentes
3275 5217 3377 5287 ﬁlii
3404 5219 3581 5275 Israel

1994 5275 2205 5356 propter
2254 5306 2411 5359 opera
2460 5293 2730 5362 vociferati
2785 5275 2934 5354 sunt:
2985 5275 3333 5377 Ascenditque
3376 5307 3574 5362 clamor

1994 5392 2175 5432 eorum
2196 5381 2265 5435 ad
2291 5381 2461 5437 Deum
2485 5384 2550 5439 ab
2590 5389 2851 5458 operibus,
2881 5402 2929 5446 et
2951 5395 3153 5454 audivit
3192 5400 3441 5469 gemitum
3478 5416 3571 5455 εο-

1996 5485 2132 5532 rum,
2158 5489 2220 5526 ac
2251 5475 2553 5533 recordatus
2577 5489 2652 5534 est
2699 5482 2913 5552 foederis
2949 5490 3090 5558 quod
3133 5493 3397 5561 pepigerat
3445 5509 3566 5550 cum

1993 5559 2279 5630 Abraham,
2304 5563 2462 5622 Isaac
2476 5578 2524 5622 et
2543 5569 2730 5627 Iacob.
2759 5573 3003 5648 Respexit
3019 5559 3141 5652 ergo
3154 5559 3410 5639 Dominus
3429 5586 3570 5656 ﬁlios

1990 5650 2180 5721 Israel,
2232 5667 2279 5711 et
2322 5662 2560 5731 cognovit
2601 5681 2708 5721 eos.
2761 5666 3052 5740 Postquam
3082 5650 3238 5744 ergo
3263 5674 3476 5750 Moyses
3509 5681 3567 5739 in

1992 5752 2134 5825 terra
2191 5747 2403 5807 Madian
2461 5769 2683 5812 uxorem
2729 5762 3001 5829 suscepit,
3047 5771 3293 5823 mortuus
3342 5780 3426 5825 est
3465 5789 3558 5830 rex

1988 5839 2229 5913 Egypti,
2266 5844 2386 5915 quia
2419 5854 2702 5918 postquam
2728 5848 2975 5908 Christus
3004 5854 3059 5910 in
3089 5862 3201 5914 toto
3234 5862 3364 5918 orbe
3395 5872 3566 5918 terra-
