3992 6182
395 338 459 392 19
1068 339 1126 393 Β.
1170 339 1421 396 RABANI
1463 340 1683 397 ΜΑοΝ
1720 339 1951 398 ARCHII

2085 341 2393 402 MOGUNT.
2435 344 2720 403 OPERUM
2758 345 2937 402 PARS
2976 347 3014 401 Ι.
3578 352 3647 404 Et)

385 468 506 508 rum
546 467 640 522 per
677 450 1026 522 Evangelium
1079 463 1269 524 gentes
1324 454 1391 508 ad
1423 454 1582 511 [idem
1620 457 1959 521 convocavit,
1991 459 2039 518 Α
2065 458 2208 512 tuis:
2235 458 2380 513 locus
2408 461 2544 514 enim
2573 461 2628 514 in
2655 478 2754 531 quo
2789 472 2899 516 stas
2919 503 2933 527 ,
2963 472 3103 516 terra
3131 473 3315 518 sancta
3341 475 3435 520 est.
3476 465 3644 521 liabet

384 547 692 601 destructus
718 560 783 600 ac
814 545 1114 600 minoratus
1146 556 1232 603 est
1267 548 1602 618 principatus
1639 550 1835 604 diaboli
1873 550 1967 620 qui

388 653 488 708 per
531 635 888 691 idololatriam
929 639 1199 706 captivum
1229 647 1392 694 antea
1421 640 1641 696 tenebat
1684 641 1962 696 nnmdum.

387 728 455 782 Et
479 727 872 798 ingemiscentes
925 727 1024 798 ﬁlii
1055 727 1224 783 Israel
1251 740 1462 801 propter
1491 748 1648 801 opera
1696 731 1966 800 vociferati

381 827 522 880 sunt,
549 832 672 873 cum
703 817 988 873 credentes
1015 832 1082 872 ex
1118 819 1301 873 carnis
1323 820 1666 891 corruptione
1687 819 1963 885 dolebant,

378 915 436 960 et
478 922 545 962 ex
602 909 810 980 peccati
855 909 1176 978 contagione
1206 909 1474 983 lacrymas
1533 913 1866 981 poenitentiae
1897 915 1964 969 ad

378 997 497 1066 pias
553 1003 714 1052 aures
757 995 1065 1053 Conditoris
1107 999 1379 1055 emittunt.
1410 1001 1486 1056 De
1527 1000 1724 1071 quibus
1768 1002 1963 1056 merito

379 1087 578 1142 dicitur
615 1088 760 1159 quod
799 1090 1043 1144 ascendit
1085 1089 1291 1145 clamor
1340 1107 1528 1146 eorum
1585 1091 1651 1146 ad
1683 1091 1852 1146 Deum
1897 1093 1965 1148 ab

376 1179 651 1249 operibus,
689 1188 742 1234 ct
797 1181 998 1236 audivit
1034 1182 1292 1253 gemitum
1330 1197 1517 1239 eorum
1547 1198 1611 1238 ac
1650 1184 1964 1240 recordatus

375 1281 458 1324 est
497 1270 716 1326 hederis
743 1271 887 1342 quod
925 1273 1204 1344 pepigerat
1244 1289 1366 1330 cum
1393 1274 1689 1340 Abraham,
1723 1275 1874 1330 Isaac
1904 1284 1960 1330 et

373 1359 541 1416 Iacob
576 1379 588 1415 :
617 1363 741 1432 quia
780 1361 922 1418 oculi
951 1363 1162 1418 Domini
1183 1378 1348 1435 super
1370 1361 1550 1433 justas
1579 1373 1634 1420 et
1661 1381 1818 1420 aures
1848 1367 1964 1434 ejus

373 1456 442 1510 ad
468 1471 661 1526 preces
681 1471 888 1520 eorum,
921 1465 978 1512 et
1015 1473 1084 1513 ex
1113 1450 1372 1516 omnibus.
1398 1460 1837 1517 tribulationibus
1866 1477 1960 1518 eo-

375 1565 494 1603 rum
525 1549 778 1605 liberavit
841 1566 957 1606 eos.
990 1550 1198 1622 Moyses
1253 1562 1428 1608 autem
1457 1554 1700 1623 pascebat
1729 1572 1844 1610 oves
1871 1555 1962 1610 Je-

373 1640 490 1694 tltro
512 1641 719 1710 cognati
745 1641 852 1705 sui,
879 1641 1166 1695 sacerdotis
1185 1641 1427 1696 Madian.
1453 1642 1686 1714 Cumque
1716 1643 1962 1700 minasset

371 1745 577 1801 gregem
625 1729 694 1784 ad
739 1729 990 1785 interiora
1037 1731 1250 1796 deserti,
1308 1733 1443 1787 venit
1490 1733 1561 1786 ad
1608 1741 1834 1788 montem
1863 1734 1964 1788 Dei

373 1823 508 1877 Oreb
541 1837 559 1874 :
596 1824 942 1896 apparuitque
1003 1824 1051 1878 ei
1085 1822 1346 1878 Dominus
1391 1825 1445 1878 in
1472 1827 1688 1895 [lamma
1737 1826 1874 1896 ignis
1896 1825 1960 1880 de

369 1915 538 1968 medio
587 1915 724 1980 rubi,
773 1927 822 1970 et
860 1916 1064 1970 videbat
1119 1917 1259 1986 quod
1303 1919 1464 1972 rubus
1509 1919 1718 1974 arderet
1755 1930 1804 1974 et
1855 1937 1959 1976 non

371 2006 760 2061 combureretur
779 2005 976 2077 (Exod.
1007 2005 1112 2076 ιιι).
1143 2007 1354 2082 Moyses
1391 2009 1656 2064 admistus
1689 2009 1960 2082 2Egyptiis

371 2097 522 2167 quasi
570 2097 852 2170 vigilabat,
894 2099 1097 2154 idcirco
1140 2115 1326 2155 vocem
1368 2100 1581 2156 Domini
1637 2102 1689 2156 in
1723 2101 1958 2173 {Egypto

373 2191 582 2260 positus
617 2205 722 2244 non
755 2189 1040 2254 audiebat;
1073 2191 1168 2245 sed
1208 2193 1480 2246 exstincto
1517 2191 1772 2264 AEgyptio
1804 2200 1958 2262 post-

371 2295 532 2350 quam
569 2279 622 2334 in
663 2281 940 2336 desertum
978 2279 1132 2351 fugit,
1166 2279 1276 2336 illic
1301 2281 1430 2336 dum
1468 2297 1535 2335 χι
1572 2281 1728 2336 annis
1755 2281 1955 2352 deguit,

370 2370 526 2439 quasi
561 2369 629 2424 ab
669 2369 928 2438 inquietis
971 2376 1310 2424 terrenarum
1341 2370 1730 2425 desideriorum
1757 2369 1957 2424 tumul-

370 2459 514 2514 tibus
539 2459 898 2525 obdormivit;
933 2467 1096 2528 atque
1123 2459 1328 2516 ideirco
1349 2459 1586 2515 divinam
1623 2475 1808 2515 vocem
1835 2475 1956 2531 per-

369 2553 547 2624 cipere
575 2553 792 2618 meruit,
823 2553 947 2622 quia
985 2567 1084 2623 per
1129 2567 1420 2624 supernam
1467 2553 1699 2625 gratiam
1748 2563 1955 2622 quanto

370 2643 539 2714 magis
573 2641 640 2697 ab
666 2641 982 2714 appetendis
1017 2639 1380 2698 exteriOribus
1422 2644 1644 2713 torpuit,
1681 2651 1830 2698 tanto
1857 2659 1952 2699 ve-

370 2734 481 2789 rius
519 2735 586 2789 ad
625 2732 1000 2804 cognoscenda
1036 2733 1293 2788 interiora
1333 2733 1595 2804 vigilavit.
1635 2731 1771 2788 Cum
1807 2733 1950 2788 enim

369 2825 436 2880 ab
490 2825 732 2881 externis
783 2825 1089 2880 actionibus
1126 2840 1280 2880 mens
1320 2824 1556 2898 sopitur,
1603 2834 1731 2880 tunc
1787 2825 1950 2879 verba

371 2916 462 2972 Dei
490 2917 734 2972 veracius
753 2923 1030 2987 penetrat;
1055 2930 1179 2970 cum
1206 2915 1272 2969 ad
1300 2930 1359 2970 se
1399 2915 1690 2970 admittere
1713 2915 1948 2980 curavit,

369 3005 706 3061 stneularium
729 3003 991 3058 tumultus
1017 3003 1231 3074 refugit.
1269 3002 1406 3058 Male
1449 3013 1632 3058 autem
1675 3004 1836 3059 homo
1872 3004 1949 3056 vi-

368 3092 520 3164 gilat,
543 3092 762 3162 quando
789 3107 912 3146 eum
942 3091 1280 3146 sarcularium
1309 3091 1648 3160 negotiorum
1675 3097 1841 3146 aestus
1862 3092 1946 3144 in-

367 3183 604 3238 solenter
624 3182 904 3250 inquietat.

438 3273 613 3328 Aures
665 3273 863 3355 quippe
926 3273 1106 3329 cordis
1163 3281 1502 3328 terrenarum
1557 3273 1944 3345 cogitationum

372 3367 530 3420 turba
574 3365 701 3420 dum
739 3372 1066 3436 perstrepit,
1089 3365 1321 3432 claudit;
1365 3374 1528 3435 atque
1557 3367 1612 3421 in
1649 3367 1946 3422 secretario

371 3447 570 3512 mentis
595 3466 798 3526 quanto
822 3456 1000 3511 minus
1035 3471 1287 3512 curarum
1314 3456 1751 3512 tumultuantium
1779 3472 1946 3516 sonus

369 3553 752 3624 compescitur,
803 3561 955 3607 tanto
1000 3551 1228 3622 amplius
1258 3567 1359 3606 vox
1388 3551 1729 3622 prtcsidentis
1746 3551 1944 3620 judicis

367 3659 476 3699 non
515 3643 750 3699 auditur.
811 3641 998 3714 Neque
1021 3643 1162 3697 enim
1193 3641 1430 3714 perfecte
1459 3641 1622 3698 homo
1652 3640 1846 3700 sufficit
1877 3643 1945 3697 ad

368 3744 596 3804 utraque
624 3734 866 3790 divisus:
903 3733 998 3789 sed
1026 3733 1152 3788 dum
1189 3733 1268 3788 sic
1298 3732 1527 3788 interius
1553 3733 1757 3788 erudiri
1785 3747 1946 3804 appe-

368 3825 436 3879 tit
458 3833 517 3878 ut
553 3833 732 3878 tamen
761 3823 1000 3878 exterius
1043 3822 1370 3892 implicetur,
1408 3822 1551 3876 unde
1591 3831 1767 3876 tamen
1796 3831 1949 3880 exte-

367 3915 484 3969 rius
519 3915 758 3969 auditum
785 3914 1008 3984 appetit,
1039 3901 1160 3968 inde
1188 3915 1416 3968 interius
1450 3928 1556 3968 non
1585 3914 1944 3970 obsurdescit.

366 4007 628 4078 Apparuit
655 4005 707 4060 in
753 4005 888 4059 rubo
922 4005 1178 4060 Dominus
1227 4003 1425 4076 Moysi,
1472 4005 1696 4060 mittens
1721 4011 1851 4060 eum‘
1875 4005 1944 4059 ad

367 4107 584 4171 gentem
624 4115 784 4169 quam
821 4097 1142 4171 prwsciebat
1175 4097 1414 4166 iniquam
1442 4095 1673 4152 futuram
1705 4115 1718 4151 :
1755 4105 1809 4150 et
1828 4105 1948 4151 erat

369 4192 589 4246 ﬂamma
623 4191 678 4244 in
705 4189 862 4254 rubo,
897 4189 950 4244 id
985 4197 1070 4243 est
1101 4189 1155 4242 in
1184 4189 1377 4259 spinis,
1411 4197 1466 4245 et
1493 4191 1660 4245 rubus
1691 4205 1796 4244 non
1828 4205 1949 4245 cre-

369 4283 636 4338 mabatur.
687 4283 876 4338 Rubos
917 4282 1084 4354 spinte
1130 4289 1256 4336 sunt
1298 4291 1646 4351 peccatorum
1695 4280 1948 4351 Judaico-

367 4386 511 4439 rum,
564 4373 778 4427 ﬂamma
811 4373 864 4427 in
915 4373 1050 4428 rubo
1093 4373 1316 4426 verbum
1349 4371 1462 4426 Dei.
1503 4371 1656 4440 Quod
1679 4386 1815 4440 ergo
1842 4371 1947 4426 illis

367 4465 454 4521 lex
483 4465 609 4520 data
649 4473 762 4530 est,
809 4465 1027 4518 ﬂamma
1067 4473 1184 4520 erat
1210 4466 1262 4520 in
1292 4466 1456 4529 rubo;
1499 4465 1640 4535 quod
1667 4463 1788 4536 lege
1819 4464 1944 4518 data

2068 549 2266 619 quippe
2296 558 2350 604 et
2379 549 2542 604 aliam
2574 550 2797 622 tignram
2833 537 3066 622 ixi-quod
3106 551 3206 622 Mc;
3229 569 3319 610 ses
3347 555 3646 612 cxcalceari

2061 635 2302 706 jubetur.
2369 640 2624 696 Veterum
2671 656 2904 710 namque
2949 644 3280 700 consuetudo
3328 655 3448 700 erat
3489 656 3547 700 ut
3600 647 3644 702 si

2067 741 2323 796 sponsum
2353 743 2550 798 sponsa
2575 729 2861 799 repudiare
2885 731 3063 795 vellet,
3090 733 3510 790 discalcearetur
3531 736 3642 802 ille,

2065 827 2121 872 et
2151 818 2253 874 hoc
2281 829 2428 874 esset
2456 821 2671 891 signum
2699 822 2926 896 repudii.
2969 822 3202 879 Proinde
3230 823 3440 897 Moyses
3471 827 3644 882 excal-

2065 911 2211 966 ceari
2237 910 2480 980 jubetur,
2515 929 2584 968 ne
2608 913 2676 968 ad
2703 913 3034 980 Ecclesium,
3075 932 3195 985 qua:
3227 916 3279 970 in
3317 918 3452 972 rubo
3477 919 3644 989 signi-

2065 1003 2350 1072 ﬁcabatur,
2393 1006 2549 1075 quasi
2600 1023 2830 1078 sponsus
2871 1007 3140 1064 calceatus
3188 1011 3492 1066 accederet.
3534 1013 3644 1070 Hoc

2064 1094 2210 1150 enim
2254 1094 2471 1154 Christo
2519 1098 2858 1163 servabatur,
2899 1098 2992 1168 qui
3037 1115 3198 1154 verus
3237 1117 3470 1172 sponsus
3506 1113 3644 1172 erat,

2065 1185 2130 1239 de
2172 1199 2279 1254 quo
2327 1185 2460 1243 dicit
2503 1185 2738 1242 Joannes
2785 1185 2998 1258 :Cujus
3029 1206 3133 1244 non
3167 1207 3283 1244 sum
3325 1191 3516 1263 dignus
3543 1193 3645 1247 soi—

2064 1293 2176 1330 vere
2199 1277 2480 1347 corrigiam
2505 1278 2842 1334 calceamenti
2878 1278 3090 1350 (Matt/1.
3118 1294 3237 1353 ill);
3287 1284 3474 1354 utique
3506 1287 3645 1340 sicut

2063 1367 2266 1426 dietum
2313 1376 2396 1424 est
2440 1367 2605 1424 Josue
2649 1379 2704 1424 et
2751 1370 2939 1442 Moysi.
2993 1369 3203 1426 Ποιητιξί
3239 1382 3419 1428 autem
3460 1376 3646 1430 dicunt

2060 1469 2346 1532 propterea
2383 1461 2438 1516 in
2469 1462 2604 1516 rubo
2632 1448 2947 1532 apparuisse
2975 1461 3140 1517 Deum
3168 1463 3336 1536 Moysi
3363 1475 3418 1522 et
3449 1482 3554 1520 non
3585 1467 3638 1524 in

2063 1553 2172 1606 alio
2203 1553 2370 1623 ligno,
2404 1568 2470 1608 ne
2501 1551 2640 1608 forte
2666 1555 3016 1624 exculperent
3040 1555 3092 1610 in
3113 1557 3303 1613 eodem
3329 1555 3497 1612 Judaei
3527 1558 3645 1614 ido—

2061 1642 2194 1696 lum.
2238 1641 2467 1711 Semper
2493 1643 2637 1696 enim
2669 1642 2809 1698 Deus
2842 1643 3063 1698 abstulit
3099 1645 3439 1704 occasionem
3467 1646 3640 1702 idolo-

2061 1735 2253 1790 latriaa.
2297 1733 2589 1806 Sequitur:
2643 1734 2754 1804 Ego
2778 1751 2892 1788 sum
2916 1776 2931 1799 ,
2967 1737 3160 1807 inquit,
3185 1736 3326 1792 Deus
3351 1737 3518 1808 patris
3542 1738 3642 1802 tui,

1987 1808 2035 1868 Β
2063 1823 2204 1879 Deus
2231 1825 2520 1891 Abraham,
2548 1825 2688 1880 Deus
2721 1825 2902 1891 Isaac,
2922 1826 3064 1882 Deus
3091 1827 3278 1882 Iacob.
3307 1829 3441 1884 llinc
3461 1839 3644 1884 osten-

2061 1914 2208 1970 ditur
2252 1915 2396 1986 qnod
2437 1916 2798 1986 prmcedentia
2855 1917 2998 1972 facta
3043 1917 3306 1973 bonorum
3353 1929 3640 1990 parentum

2060 2023 2202 2080 saepe
2228 2006 2487 2077 adjuvant
2517 2011 2714 2068 merita
2740 2009 2994 2076 ﬁliorum,
3021 2010 3148 2081 quia
3177 2026 3330 2065 amor
3355 2026 3514 2090 quem
3538 2012 3639 2080 ipsi

2059 2097 2164 2154 ﬁde
2185 2108 2240 2154 et
2261 2099 2420 2154 bonis
2447 2090 2704 2170 operibus
2742 2115 2772 2153 a
2814 2099 2923 2154 Deo
2949 2109 3400 2170 promeruerunt,
3438 2101 3638 2156 redun-

2057 2186 2152 2240 dat
2200 2187 2252 2240 in
2301 2187 2460 2242 ﬁlios.
2503 2187 2652 2242 Unde
2685 2187 2938 2243 Israelita:
2975 2203 3118 2262 szepe
3157 2187 3222 2243 de
3264 2189 3528 2260 angustiis
3569 2190 3638 2244 ob

2057 2277 2250 2330 merita
2293 2285 2505 2345 patrum
2550 2285 2864 2331 meruerunt
2899 2276 3160 2344 liberari;
3199 2285 3254 2333 et
3290 2277 3344 2332 in
3371 2278 3506 2334 libro
3527 2277 3639 2333 Re-

2057 2381 2183 2436 gum
2206 2379 2300 2420 seu
2330 2365 2779 2434 Paralipomenon
2804 2365 3061 2436 scriptum
3100 2376 3182 2422 est
3205 2367 3346 2436 quod
3378 2368 3635 2424 Dominus

2059 2455 2260 2510 dixerit
2290 2454 2565 2512 Salomoni
2596 2456 2880 2527 pcecanti:
2913 2455 3051 2522 Quia
3092 2457 3325 2512 habuisti
3360 2457 3457 2512 hoc
3489 2460 3634 2530 apud

2058 2556 2129 2612 te,
2161 2555 2210 2600 et
2243 2564 2347 2602 non
2372 2547 2650 2602 custodisti
2673 2556 2882 2617 pactum
2913 2531 3104 2610 meum,
3137 2559 3184 2612 et
3213 2560 3470 2620 prteccpta
3492 2568 3630 2616 mea,

2055 2651 2172 2706 qute
2198 2635 2443 2689 mandari
2471 2634 2588 2700 tibi,
2611 2635 2938 2705 disrumpens
2959 2637 3195 2690 scindam
3225 2655 3438 2712 regnum
3461 2651 3631 2706 tuum,

2054 2735 2101 2780 et
2136 2725 2272 2780 dabo
2300 2725 2434 2780 illud
2479 2743 2624 2781 servo
2665 2736 2755 2780 tuo
2793 2743 2812 2780 :
2844 2739 3198 2783 verumtamen
3236 2731 3292 2784 in
3320 2731 3500 2786 diebus
3529 2735 3634 2786 tuis

2055 2833 2158 2889 non
2193 2815 2385 2886 faciam
2411 2858 2424 2880 ,
2475 2827 2686 2888 prapter
2726 2815 2900 2874 David
2937 2827 3138 2887 patrem
3167 2829 3330 2872 tuum.
3377 2820 3452 2875 De
3472 2839 3632 2876 manu

2053 2906 2153 2976 filii
2203 2909 2280 2961 tui
2325 2908 2562 2962 scindam
2590 2908 2761 2972 illud;
2806 2925 2897 2962 nec
2923 2917 3088 2964 totum
3123 2928 3334 2981 regnum
3366 2912 3631 2983 auferant,

2052 3000 2144 3054 sed
2185 2999 2378 3053 tribum
2432 3017 2592 3053 unam
2636 3000 2772 3054 dabo
2806 3000 2919 3068 [ilio
2951 3011 3062 3066 tuo,
3090 3014 3304 3076 propter
3331 3003 3500 3058 David
3524 3024 3634 3059 ser-

2055 3105 2172 3142 uum
2201 3105 2372 3142 meum
2395 3103 2414 3140 .'
2443 3099 2494 3142 et
2520 3088 2840 3154 Jerusalem,
2863 3107 3021 3160 quam
3041 3089 3172 3161 elegi
3198 3091 3282 3164 (II
3313 3091 3496 3148 Paral.
3527 3095 3626 3166 lx).

1973 3161 2016 3222 Ο
2049 3177 2180 3232 Item
2211 3176 2454 3232 Ezechiae
2497 3177 2620 3231 duci
2659 3177 2838 3249 populi
2880 3181 3024 3234 mei:
3051 3179 3177 3235 [Lee
3209 3161 3337 3235 dicit
3374 3161 3632 3246 Dominus

2049 3266 2191 3321 Deus
2236 3269 2402 3337 patris
2442 3269 2517 3322 tui
2560 3267 2729 3322 David
2767 3285 2784 3322 :
2824 3269 3014 3325 Audivi
3051 3273 3340 3326 orationem
3377 3284 3544 3336 tuam,
3579 3285 3629 3328 et

2048 3356 2154 3410 vidi
2195 3355 2483 3428 lacrymam
2529 3367 2715 3412 tuam:
2751 3375 2866 3413 ecce
2897 3362 3082 3415 sanari
3116 3371 3188 3429 te,
3217 3371 3324 3417 etc.
3361 3362 3462 3434 (1V
3499 3363 3625 3436 Reg.

2667 3561 2894 3618 CAPUT
2937 3561 3024 3618 Vl.

2049 3671 2128 3728 De
2155 3690 2216 3727 eo
2245 3673 2385 3744 quod
2407 3672 2556 3744 jubet
2584 3672 2841 3727 Dominus
2870 3671 3053 3744 Moysi
3073 3671 3384 3744 descendere
3421 3674 3476 3744 in
3519 3673 3628 3728 ,Ε-

2119 3739 2444 3815 gyptuni‘a'd
2476 3739 2809 3815 Pharaonem
2836 3783 2851 3808 ,
2901 3739 3234 3815 uddimittat
3284 3742 3558 3797 Israelitas
3595 3761 3632 3798 α

2120 3811 2260 3866 terra
2287 3811 2541 3884 Afgypti;
2576 3823 2622 3866 et
2657 3811 2722 3878 de
2750 3813 2899 3882 signo
2931 3811 3086 3884 virga:
3120 3814 3174 3878 in
3203 3824 3489 3884 serpentem
3519 3829 3632 3868 rer-

2119 3899 2193 3937 δίε
2213 3892 2264 3937 et
2290 3881 2452 3936 manu
2481 3881 2703 3953 leprosa.

2071 4028 2076 4030 ·
2119 4011 2400 4067 Abscondit
2433 4008 2639 4082 Moyses
2663 4011 2850 4080 faciem
2882 4027 3054 4068 suam.
3089 4011 3213 4064 Non
3239 4011 3376 4064 enim
3401 4011 3630 4064 audebat

2050 4103 2302 4175 respicere
2332 4111 2514 4162 contra
2543 4101 2731 4154 Deum.
2772 4100 2868 4155 Cui
2897 4103 2969 4154 ait
3004 4101 3262 4154 Dominus
3287 4113 3305 4151 :
3334 4097 3454 4154 Vidi
3497 4103 3630 4172 «ﬂii—

2049 4194 2270 4246 ctionem
2296 4190 2475 4262 populi
2502 4190 2604 4244 mei
2632 4190 2687 4242 in
2717 4189 2948 4261 Egi/pta
2986 4202 3034 4243 et
3067 4183 3358 4242 clamorem
3385 4189 3498 4259 ejus
3527 4209 3624 4244 tm-

2047 4282 2174 4347 divi,
2195 4290 2410 4352 propter
2445 4280 2700 4334 duritiam
2731 4297 2931 4345 eorum,
2974 4281 3065 4350 qui
3089 4289 3319 4350 pra’sunt
3343 4279 3581 4349 operibus
3606 4295 3626 4332 .'

2047 4383 2096 4428 et
2145 4373 2314 4428 sciens
2363 4372 2596 4428 dolorem
2639 4372 2775 4441 ejus,
2823 4371 3065 4434 descendi
3112 4380 3167 4424 ut
3203 4369 3478 4424 liberarem
3505 4389 3628 4424 eum

2047 4469 2112 4520 de
2137 4466 2379 4520 manibus
2421 4463 2794 4536 zEgyptiorum
2831 4473 2878 4518 et
2917 4463 3187 4518 educerem
3236 4461 3302 4516 de
3360 4471 3500 4516 terra
3530 4463 3624 4516 illa

371 4572 476 4612 non
525 4564 650 4610 sunt
695 4565 1015 4624 consumpta
1061 4564 1284 4624 peccata
1310 4596 1325 4620 ,
1367 4570 1468 4610 nec
1499 4557 1665 4609 rubus
1695 4557 1793 4610 sub
1824 4555 1946 4626 igne
1971 4534 2023 4592 Ῑ)
2048 4559 2102 4611 in
2131 4568 2328 4612 terram
2369 4558 2556 4611 bonam
2605 4565 2656 4610 et
2699 4557 2984 4627 spatiosum
3005 4597 3019 4622 ,
3063 4556 3116 4610 in
3145 4566 3338 4609 terram
3364 4571 3480 4626 qua!
3507 4557 3626 4631 {luit

367 4648 728 4704 cremabatur.
773 4647 892 4720 (Ex
925 4646 1188 4716 Isidoro.)
1217 4646 1322 4700 Alii
1365 4647 1418 4700 in
1448 4647 1584 4701 rubo
1612 4646 1942 4711 ﬂammante,

367 4749 424 4796 et
446 4755 552 4794 non
582 4746 792 4804 urente,
819 4737 1117 4792 Ecclesium
1145 4736 1451 4807 intelligunt
1470 4733 1800 4790 inﬂammari
1820 4752 1945 4810 per-

369 4833 772 4897 secutionibus;
826 4841 882 4886 et
907 4845 1026 4885 eam
1063 4830 1316 4900 loquente
1360 4829 1414 4884 in
1453 4829 1543 4884 illa
1579 4828 1809 4883 Domino
1833 4843 1941 4882 non

366 4925 566 4996 perire.
626 4922 778 5000 ρειοᾱ
825 4936 954 4976 vero
985 4920 1246 4974 Dominus
1280 4918 1448 4990 Moysi
1493 4918 1548 4974 in
1589 4918 1778 4974 eodem
1806 4919 1941 4974 rubo

367 5014 683 5084 apparuisse
724 5012 942 5084 legitur,
983 5009 1221 5066 ostendit
1258 5026 1364 5064 non
1408 5009 1540 5065 alibi
1575 5025 1736 5080 quam
1761 5009 1814 5064 in
1843 5008 1944 5063 Ec-

365 5103 528 5159 clesia
561 5117 684 5158 cum
715 5101 1060 5156 credentibus
1083 5115 1365 5172 apparere,
1391 5101 1516 5178 quia
1545 5101 1722 5155 nullus
1750 5101 1945 5170 dignus

365 5193 664 5250 consistere
685 5233 702 5258 ,
730 5192 814 5247 vel
854 5193 1022 5248 Deum
1053 5193 1238 5248 videre
1266 5201 1466 5267 potest,
1489 5194 1592 5248 nisi
1624 5194 1716 5264 qui
1751 5203 1943 5248 cuncta

367 5300 586 5344 terrena
622 5295 678 5342 et
702 5287 954 5354 mortalia
983 5286 1292 5358 deposuerit
1319 5287 1472 5352 vitia,
1505 5287 1646 5357 quod
1674 5286 1946 5360 signiﬁca-

365 5381 497 5435 bant
531 5380 624 5436 illa
666 5377 834 5450 Moysi
865 5379 1232 5434 calceamenta
1263 5376 1527 5448 deposita.
1572 5363 1737 5434 Unde.
1764 5379 1944 5448 sequi-

365 5481 456 5526 tur
479 5490 492 5527 :
517 5470 746 5530 Cernens
771 5482 945 5525 autem
971 5466 1229 5525 Domintls
1249 5470 1388 5542 quod
1413 5480 1643 5542 pergeret
1671 5472 1738 5524 ad
1765 5471 1944 5526 viden-

365 5562 512 5627 dum,
549 5553 746 5617 uocauit
793 5579 912 5616 eum
953 5560 1016 5615 de
1053 5559 1223 5614 medio
1277 5560 1415 5626 rubi,
1465 5571 1513 5614 et
1564 5561 1662 5626 ait,
1713 5559 1940 5632 Moyses,

369 5650 597 5722 Moyses.
635 5651 739 5718 Qui
768 5652 1030 5724 respondit
1057 5665 1075 5704 :
1112 5651 1332 5706 Adsum.
1374 5651 1440 5706 At
1470 5651 1558 5706 ille
1581 5666 1600 5705 :
1634 5651 1718 5706 Ne
1747 5669 1942 5723 appro-

368 5743 476 5818 pies
502 5784 516 5809 ,
557 5742 725 5815 inquit
753 5785 766 5808 ,
821 5745 942 5800 huc.
1009 5740 1157 5797 Solrc
1187 5741 1594 5796 calceamentnm
1637 5742 1700 5795 de
1724 5741 1939 5811 pedibus

2047 4647 2181 4700 lacte
2210 4657 2259 4700 et
2289 4645 2459 4711 melle,
2483 4647 2550 4700 ad
2586 4645 2700 4701 loca
2737 4645 3048 4710 Chanantci,
3085 4645 3282 4710 Etltwi,
3311 4645 3622 4710 Amori/uti,

2049 4735 2319 4790 Pherezaei
2359 4745 2407 4790 et
2437 4735 2584 4790 Evtei
2619 4746 2666 4790 et
2706 4736 2954 4805 Jebusazi.
2996 4735 3212 4790 Clamor
3240 4751 3360 4806 ergo
3392 4734 3624 4802 ﬁliorum

2047 4825 2218 4880 Israel
2251 4827 2385 4880 venit
2423 4825 2492 4878 ad
2523 4841 2625 4890 me,
2677 4825 2882 4895 ridique
2921 4825 3251 4895 aﬂiictionem
3295 4841 3472 4878 eorum
3520 4841 3625 4894 qua

2046 4915 2110 4968 ab
2141 4914 2404 4985 Ai'gyptiis
2449 4916 2834 4984 opprimuntur.
2900 4913 3005 4968 Sed
3045 4916 3179 4980 veni,
3218 4915 3422 4968 mittam
3469 4923 3518 4967 te
3549 4916 3622 4968 ad

2043 5005 2400 5070 Pharaonem,
2431 5015 2487 5058 ut
2531 5004 2725 5058 educas
2775 5005 3026 5075 populum
3073 5022 3246 5060 meum
3275 5003 3414 5074 ﬁlios
3451 5005 3622 5058 Israet

2040 5098 2105 5151 de
2134 5096 2366 5166 .Egypto
2394 5095 2592 5165 (Exod.
2622 5097 2730 5166 ιιι).
2783 5095 2935 5162 Quod
2963 5095 3103 5166 plebi
3140 5095 3452 5151 Israelitica:
3482 5095 3624 5151 Cha-

2042 5202 2181 5242 naan
2241 5195 2387 5240 terra
2435 5185 2801 5255 promittitur,
2850 5185 3301 5241 considerandum
3351 5196 3434 5242 est
3479 5189 3621 5256 quod

2045 5279 2329 5350 praiscntis
2361 5279 2486 5342 vita:
2510 5278 2842 5350 prosperitas
2879 5279 3166 5348 aliquando
3206 5278 3409 5333 ideirco
3436 5281 3618 5344 datur,

2045 5381 2106 5430 ut
2148 5374 2216 5429 ad
2262 5372 2542 5428 meliorem
2591 5371 2756 5424 vitam
2801 5377 3092 5438 provocet;
3146 5368 3432 5438 aliquando
3469 5385 3618 5435 vero,

2046 5473 2106 5521 ut
2136 5465 2188 5519 in
2221 5473 2482 5518 aeternum
2511 5461 2721 5532 plenius
2745 5461 2982 5514 damnet.
3021 5458 3158 5514 Hinc
3194 5468 3278 5514 est
3305 5460 3448 5514 enim
3476 5450 3622 5530 quod

2045 5552 2186 5625 plebi
2209 5552 2517 5608 Israelitica:
2533 5549 2792 5606 Chanaan
2817 5558 2962 5604 terra
2987 5549 3340 5619 promittitur,
3372 5558 3430 5603 ut
3449 5565 3623 5618 quan-

2045 5649 2222 5717 doque
2271 5645 2340 5701 ad
2389 5653 2591 5700 interna
2635 5643 2903 5712 speranda
2956 5651 3364 5712 provocaretur.
3433 5640 3620 5710 Neque

2044 5739 2187 5794 enim
2221 5738 2368 5793 rudis
2407 5737 2496 5794 ille
2538 5735 2764 5810 populus
2811 5733 3257 5807 promiss'ionilms
3287 5735 3380 5790 Dei
3421 5735 3472 5790 in
3501 5736 3619 5800 lou-
