3992 6182
299 394 362 445 ’.ξι
1263 383 1763 441 COMMENTARIA
1804 381 1872 436 lN
1916 381 2226 438 EXODL‘M.
2271 415 2340 426 -
2376 385 2504 440 LIB.
2547 385 2591 439 1.
3497 383 3572 436 ‘23

301 515 502 585 ginqua
555 509 834 574 crederet,
875 506 920 560 si
965 522 994 558 a
1024 504 1357 574 promissore
1393 519 1492 557 suo
1521 518 1625 556 non
1655 500 1821 554 etiam
1851 516 1882 553 e
1909 503 1961 560 Α
1988 499 2092 554 boli
2117 542 2130 563 ,
2163 511 2218 554 et
2247 502 2540 554 humanum
2579 515 2747 570 genus
2783 514 2811 550 a
2853 495 3062 550 cultura
3092 495 3208 567 ejus
3237 499 3568 556 abstrahen-

298 607 479 661 vicino
527 600 732 672 aliquid
777 596 1126 669 percepisset.
1182 593 1254 650 Ut
1285 609 1415 666 ergo
1457 592 1525 648 ad
1559 599 1885 646 mternornm

301 698 460 752 [idem
491 691 697 748 certius
721 678 1022 756 roboretur,
1057 700 1398 756 nequaquam
1433 680 1770 738 solummodo
1793 695 1888 752 spe

298 789 365 843 ad
410 803 529 851 res,
563 785 660 840 sed
697 783 860 837 rebus
888 795 1104 850 quoque
1145 779 1214 834 ad
1261 793 1410 850 spem
1453 775 1704 843 trahitur,
1739 773 1887 845 quod

300 878 506 948 liquido
531 874 824 931 Psalmista
852 881 1083 928 testatur
1102 871 1290 926 dicens
1317 884 1331 924 :
1367 869 1518 924 Dedit
1543 868 1619 923 eis
1656 867 1886 938 regiones

298 968 560 1040 gentium,
592 976 640 1020 et
671 964 878 1019 labores
897 963 1207 1034 populorum
1231 961 1590 1031 possederunt,
1625 967 1681 1012 ut
1711 967 1903 1012 casto--

295 1064 446 1116 diant
491 1058 910 1131 justiﬁcationes
965 1055 1078 1124 ejus
1135 1063 1182 1110 et
1227 1051 1394 1124 legem
1443 1051 1559 1121 ejus
1607 1051 1886 1122 exquirant

295 1150 475 1223 (Psal.
520 1147 651 1220 etv).
691 1144 834 1201 Βηάί
881 1145 1028 1200 enim
1080 1141 1277 1215 pOpulo
1325 1141 1490 1196 etiam
1535 1141 1600 1195 de
1629 1138 1886 1210 prarsenti

296 1245 409 1297 vita
432 1239 638 1311 aliquid
664 1228 1088 1308 promittendum
1117 1232 1218 1288 fuit
1237 1274 1252 1299 ,
1286 1239 1346 1286 ut
1373 1229 1582 1308 possint
1610 1227 1886 1284 robustius

295 1341 352 1392 in
387 1339 570 1392 futuro
615 1331 862 1390 solidari.
919 1329 1165 1386 Carnalis
1203 1328 1432 1400 populus
1481 1327 1526 1382 si
1568 1340 1738 1396 parva
1778 1339 1882 1378 non

295 1430 615 1500 acciperet,
666 1439 862 1494 magna
909 1437 1016 1476 non
1064 1420 1332 1475 crederet.
1372 1417 1725 1486 Omnipotens
1757 1430 1886 1484 ergo

298 1522 440 1576 Deus
464 1517 748 1589 largiendo
777 1524 993 1570 terrena
1019 1512 1209 1567 suadet
1237 1510 1305 1564 ad
1332 1508 1598 1573 cmlestia,
1624 1515 1682 1562 ut
1706 1506 1883 1583 perci-

293 1612 450 1680 piens
481 1609 628 1680 quod
657 1607 902 1672 videret,
935 1618 1157 1674 sperare
1200 1602 1435 1658 disceret
1478 1601 1622 1671 quod
1662 1599 1885 1654 minime

294 1704 547 1768 videbat;
610 1708 666 1756 et
709 1707 862 1756 tanto
909 1696 1133 1759 solidior
1181 1696 1248 1754 de
1294 1693 1657 1750 invisibilibus
1707 1694 1880 1758 ﬁeret,

293 1803 503 1864 quanto
536 1807 660 1848 eum
701 1790 766 1849 ad
801 1788 916 1859 spei
947 1786 1328 1843 certitudincm
1352 1785 1582 1839 visibilis
1615 1783 1880 1857 promissa

1991 592 2150 656 dutu;
2201 599 2253 644 et
2285 587 2425 644 sicut
2467 607 2572 645 non
2621 591 2861 661 Moyses,
2895 587 2989 644 sed
3030 587 3288 646 Dominus
3314 593 3568 662 populum

1989 682 2240 737 liberavit
2270 684 2334 738 de
2359 684 2619 758 servitute
2643 681 3042 754 .I-Egyptiorum,
3065 681 3144 738 sic
3159 699 3280 764 μοι]
3311 685 3396 739 lett
3417 703 3572 741 mun-

1990 775 2138 838 dum,
2170 776 2264 830 sed
2289 775 2556 840 Christus,
2595 790 2691 830 sua
2725 775 2974 844 passione
2999 784 3054 830 et
3082 777 3502 844 resurrectione,
3540 797 3578 840 ει

1989 867 2181 936 laqueo
2210 869 2402 922 mortis
2433 868 2698 946 liberavit.
2743 867 2852 940 (Ea:
2881 865 3177 942 Gregorio.)
3237 871 3388 927 Tunc
3415 889 3571 930 nam-

1987 975 2095 1028 que
2145 959 2356 1030 Moyses
2412 961 2479 1014 ad
2535 949 2846 1014 vocandum.
2896 959 3094 1016 missus
3141 970 3246 1027 est,
3295 978 3420 1017 cum
3455 961 3572 1031 jam

1988 1049 2200 1106 Pharao
2235 1047 2386 1104 duris
2408 1051 2662 1121 Operibus
2689 1050 2756 1108 ad
2777 1050 3192 1120 opprimendum
3215 1052 3393 1108 fuerat
3416 1067 3573 1110 eser-

1988 1141 2148 1208 citus,
2178 1150 2238 1198 ut
2282 1142 2648 1199 lsraelitarum
2697 1151 2938 1208 mentes,
2986 1141 3224 1221 Egypto
3255 1125 3571 1204 deformiter

1989 1235 2336 1302 inhrercntes,
2367 1236 2503 1290 alius
2525 1229 2648 1290 dum
2667 1245 2910 1302 vocaret,
2939 1235 3094 1311 quasi
3128 1237 3399 1304 traheret;
3433 1239 3572 1296 alius

1988 1325 2290 1398 impelleret
2317 1326 2445 1386 dum
2483 1327 2730 1392 smviret;
2771 1333 2824 1382 et
2861 1327 3014 1396 plebs
3057 1327 3111 1381 in
3143 1329 3365 1384 servitio
3396 1332 3570 1400 turpi-

1989 1425 2072 1470 ter
2117 1416 2223 1471 ﬁxa
2249 1459 2264 1483 ,
2312 1417 2398 1472 vel
2445 1426 2738 1487 provocata
2775 1418 2964 1484 bonis,
3003 1418 3087 1472 vel
3121 1419 3278 1477 malis
3316 1421 3568 1492 impulsa,

1987 1515 2318 1562 moveretur.
2357 1507 2471 1562 lloc
2494 1508 2738 1578 quotidie
2765 1509 2964 1580 agitur,
3005 1511 3130 1564 dum
3164 1511 3230 1566 de
3263 1511 3571 1582 praedicatis

1986 1595 2298 1651 coalestibus
2322 1597 2562 1667 praemiis
2585 1639 2600 1663 ,
2651 1597 2845 1653 saevire
2880 1598 2931 1652 in
2975 1598 3162 1655 electis
3197 1602 3407 1672 reprobi
3449 1619 3571 1672 per-

1988 1686 2306 1753 mittuntur;
2339 1694 2398 1740 ut
2424 1687 2470 1740 si
2497 1686 2564 1760 ad
2587 1687 2960 1758 promissionis
2995 1697 3194 1744 terram
3223 1691 3396 1746 vocati
3421 1692 3572 1748 exire

1987 1775 2344 1847 negligimus,
2386 1777 2661 1846 pressuris
2707 1776 2898 1832 saltem
2948 1778 3294 1834 sazvientilms
3330 1781 3582 1852 impellat:

297 1887 571 1942 marem.
603 1882 729 1956 (Ex
757 1877 1109 1955 Augustino.)
1144 1877 1295 1945 Quod
1322 1885 1505 1932 autem
1541 1876 1671 1932 dicit
1702 1890 1762 1930 se
1787 1889 1881 1930 eos
1909 1868 1954 1925 B
1987 1882 2108 1921 mur
2136 1887 2147 1922 :
2187 1876 2350 1938 atque
2391 1869 2508 1925 haec
2555 1867 2856 1942 Egyptus,
2889 1871 3139 1926 videlicet
3164 1871 3274 1926 vita
3306 1889 3568 1944 praesens,

297 1978 736 2033 introducturum
772 1975 826 2028 in
879 1983 1080 2028 terram
1126 1971 1379 2029 liuentem
1431 1969 1569 2024 laete
1609 1978 1666 2024 et
1699 1969 1878 2033 melle,

295 2069 562 2139 quzeritur
594 2075 778 2121 utrum
804 2073 1008 2120 terram
1035 2062 1292 2122 ﬂuentem
1321 2059 1464 2115 laete
1490 2069 1546 2114 et
1582 2059 1742 2114 melle
1766 2059 1878 2130 spi-

297 2159 570 2214 ritualiter
606 2157 858 2232 accipere
897 2153 1230 2218 debeamus,
1273 2151 1400 2221 quia
1429 2151 1724 2206 secundum
1753 2163 1882 2221 pro-

296 2250 586 2322 prietatem
637 2263 748 2301 non
791 2245 908 2300 haec
946 2251 1066 2297 erat
1116 2242 1207 2297 illa
1250 2257 1370 2311 qu=e
1396 2241 1546 2310 _data
1574 2249 1658 2294 est
1685 2239 1882 2310 populo

293 2339 498 2406 Israel;
544 2355 612 2394 an
657 2336 948 2400 locutionis
989 2345 1074 2390 est
1119 2333 1330 2400 modus,
1379 2332 1507 2403 quid
1553 2331 1622 2388 ad
1669 2331 1881 2385 laudem

295 2431 566 2487 ubertatis
615 2439 672 2484 et
723 2428 1006 2484 suavitatis
1054 2423 1340 2480 referatur.
1411 2423 1499 2492 Ait
1553 2422 1762 2494 Moyses
1810 2419 1882 2474 ad

296 2522 466 2577 Deum
492 2538 512 2575 :
541 2519 682 2574 Ecce
708 2535 802 2589 ego
829 2517 1018 2571 vadum
1047 2515 1116 2569 ad
1138 2515 1278 2584 ﬁlios
1302 2512 1473 2568 Israel
1501 2523 1546 2568 et
1570 2514 1743 2566 dicam
1771 2513 1880 2566 eis:

297 2615 443 2669 Deus
468 2623 678 2684 patrum
701 2620 994 2665 vestrorum
1024 2609 1164 2662 misit
1203 2623 1284 2660 me
1303 2605 1372 2662 ad
1399 2622 1508 2660 vos.
1554 2603 1625 2660 .Si
1651 2603 1880 2658 dixerint

298 2707 445 2770 mihi,
477 2705 632 2770 Quod
679 2710 752 2756 est
798 2716 984 2754 nomen
1030 2699 1179 2770 ejus,
1221 2698 1346 2770 quid
1373 2697 1542 2750 dicam
1573 2697 1688 2750 eis?
1737 2695 1881 2750 Dixit

295 2798 443 2852 Deus
476 2796 545 2850 ad
570 2793 807 2864 Moysen,
833 2791 948 2862 Ego
971 2807 1087 2846 sum
1109 2791 1199 2863 qui
1221 2806 1359 2844 sum.
1391 2790 1464 2842 Ac
1488 2790 1563 2843 sic
1589 2789 1729 2842 dices
1754 2787 1882 2858 ﬁliis

295 2889 492 2952 Israel,
522 2887 778 2942 Dominus
805 2885 950 2940 Deus
970 2894 1179 2956 patrum
1199 2891 1510 2947 vestrorum,
1538 2880 1682 2935 Deus
1708 2869 1880 2934 Abra—

293 2980 443 3044 ham,
471 2977 612 3031 Deus
637 2975 795 3029 Isaac
815 3015 832 3039 ,
861 2973 998 3027 Deus
1019 2971 1216 3036 Jacob,
1248 2971 1388 3024 misit
1415 2987 1494 3024 me
1521 2969 1591 3023 ad
1617 2986 1725 3024 vos.
1767 2967 1883 3021 Hoc

295 3088 480 3126 notnen
511 3068 640 3123 mihi
661 3079 734 3124 est
762 3069 820 3120 in
840 3075 1116 3121 :vternum.
1143 3063 1345 3119 Beatus
1372 3053 1732 3134 Hieronymus
1747 3063 1885 3118 scri—

299 3161 432 3215 bens
477 3161 548 3214 ad
593 3157 904 3212 Marcellam
947 3156 1013 3210 de
1059 3154 1368 3209 nominibus
1420 3153 1536 3219 Dei,
1585 3162 1739 3208 sexto
1765 3152 1882 3207 loco

1981 1975 2102 2028 qua:
2136 1975 2234 2013 nos
2259 1959 2589 2028 oppresserit
2614 1959 2917 2027 blandiens,
2955 1962 3172 2032 adjuvet
3199 1979 3450 2033 premens
3475 1975 3571 2031 :et

1981 2068 2103 2120 qua:
2124 2050 2252 2106 dum
2281 2041 2471 2108 fovens
2509 2051 2790 2108 servitutis
2813 2052 3004 2124 jngum
3029 2055 3317 2118 contrivit,
3351 2056 3569 2112 liberta-

1985 2141 2052 2196 tis
2079 2141 2218 2196 viam
2243 2183 2257 2206 ,
2290 2143 2418 2196 dum
2453 2144 2692 2208 cruciat,
2725 2145 2996 2200 ostendat.
3039 2143 3166 2200 llmc
3195 2146 3378 2216 itaque
3404 2163 3568 2203 causa

1982 2242 2067 2288 est
2098 2235 2243 2304 quod
2266 2235 2334 2289 ab
2363 2236 2580 2307 injustis
2611 2236 2744 2306 justi
2762 2238 3151 2306 permittuntur
3171 2239 3353 2310 amigi,
3387 2251 3443 2294 ut
3465 2243 3571 2296 ς(τί-

1982 2321 2109 2377 lieet
2131 2323 2256 2377 dum
2286 2322 2467 2378 Futura
2499 2325 2726 2388 audiunt
2753 2325 2894 2380 bona
2933 2341 3054 2396 qua:
3083 2329 3568 2401 cupiant,,pati:m-

1983 2421 2072 2466 tur
2119 2413 2284 2468 etiam
2347 2413 2490 2468 mala
2545 2414 2876 2484 pnesentia,
2921 2431 3042 2486 qua:
3093 2402 3519 2488 perhorrescant
3549 2463 3564 2486 ,

1981 2513 2144 2574 atque
2185 2505 2252 2558 ad
2293 2503 2590 2560 faciliorem
2629 2505 2872 2570 exitum,
2929 2507 3071 2575 dum.
3099 2493 3254 2564 amor
3285 2522 3566 2580 provocat,

1981 2595 2252 2650 cruciatus
2305 2595 2562 2664 impellat.
2643 2595 2896 2669 Daboque
2934 2599 3161 2670 gratiam
3213 2601 3406 2672 populo
3445 2603 3569 2656 huic

1982 2699 2162 2736 coram
2207 2682 2505 2754 zEgyptiis;
2549 2693 2598 2738 et
2638 2701 2756 2739 cum
2797 2686 3172 2756 egredientini,
3229 2705 3337 2744 non
3361 2691 3568 2747 exibitis

1960 2777 2133 2830 ἰναεαὶ
2159 2791 2178 2828 :
2212 2777 2305 2832 sed
2343 2777 2630 2848 postulabit
2669 2779 2860 2834 mulier
2895 2799 2928 2836 a
2966 2781 3136 2836 vicina
3160 2799 3279 2851 sua,
3309 2786 3448 2840 etab
3475 2787 3569 2840 Ito-

1981 2869 2118 2939 spita
2143 2885 2262 2934 sua,
2295 2885 2419 2923 vasa
2461 2881 2704 2940 argentea
2745 2880 2795 2924 et
2825 2887 2989 2926 aurea
3017 2889 3080 2926 ac
3109 2881 3312 2929 uestes:
3341 2879 3570 2946 ponetis-

1980 2975 2080 3029 que
2114 2975 2202 3012 eos
2251 2975 2407 3028 super
2434 2959 2574 3028 ﬁlios
2613 2977 2675 3012 ac
2720 2961 2860 3028 ﬁlias
2897 2972 3092 3016 vestras
3118 3005 3134 3030 ,
3183 2975 3232 3019 et
3273 2967 3568 3036 spoliubitis

1981 3046 2056 3101 1E
2059 3057 2293 3118 gyptum.
2331 3047 2438 3120 (Ex
2464 3049 2800 3123 Augustino.)
2829 3049 2981 3118 Quod
3008 3053 3285 3110 mandavit
3310 3057 3568 3114 Dominus

1983 3141 2227 3198 Hebraeis
2273 3158 2372 3214 per
2414 3142 2632 3215 Moysen
2661 3183 2676 3210 ,
2730 3151 2790 3198 ut
2827 3141 3137 3217 acciperent
3186 3149 3252 3203 ab
3295 3147 3568 3220 Egyptiis

294 3251 446 3322 poni,
474 3265 672 3303 nomen
707 3246 909 3301 Em,”
939 3245 1102 3309 clm-6,
1134 3255 1278 3303 max
1315 3255 1471 3310 13x,
1499 3243 1642 3314 (μιοά
1664 3244 1717 3298 in
1741 3244 1881 3297 Em-
1907 3227 1952 3290 C
1983 3247 2113 3286 vasa
2161 3247 2327 3286 aurea
2373 3241 2430 3288 et
2477 3239 2734 3302 argentea
2774 3242 2830 3290 et
2854 3245 3058 3290 vestem
3082 3279 3098 3305 ,
3137 3245 3301 3308 atque
3339 3240 3566 3307 addidit,

295 3341 363 3404 do
384 3339 588 3410 legitur
621 3356 635 3390 :
681 3335 784 3402 Qui
813 3348 909 3401 est,
940 3335 1076 3388 misit
1103 3351 1202 3388 me.
1244 3333 1386 3389 Dens
1419 3336 1562 3388 enim
1592 3334 1756 3399 solus,
1786 3333 1879 3403 qui

294 3430 581 3486 exordium
621 3445 732 3484 non
774 3425 974 3492 habet,
1014 3425 1264 3480 essentia:
1301 3440 1495 3480 nomen
1525 3440 1652 3480 vere
1685 3425 1877 3491 tenuit,

293 3533 348 3578 et
367 3522 473 3577 hoc
495 3519 641 3574 enim
665 3531 860 3572 nomen
893 3515 962 3570 ad
987 3523 1234 3570 sanctum
1262 3514 1480 3584 Moysen
1507 3530 1604 3584 per
1629 3512 1879 3584 angelum

295 3621 379 3668 est
403 3611 665 3666 delatura.
706 3607 981 3675 Quaerenti
1005 3606 1151 3662 enim
1187 3606 1329 3678 quod
1369 3616 1517 3661 esset
1538 3622 1733 3661 nomen
1765 3604 1880 3674 ejus

296 3703 388 3773 qui
407 3715 533 3755 eum
551 3713 780 3771 pergere
803 3698 1154 3770 prtecipiebat
1177 3697 1245 3754 ad
1268 3697 1525 3768 populum
1549 3715 1613 3753 ex
1647 3699 1880 3778 Egypto

300 3793 635 3848 liberandum
655 3831 670 3856 ,
706 3790 1027 3860 respondit:
1057 3789 1174 3862 Ego
1202 3807 1317 3844 sum
1345 3791 1435 3861 qui
1467 3807 1581 3849 sum
1601 3831 1616 3855 ,
1655 3799 1703 3844 et
1741 3791 1881 3846 dices

297 3883 420 3950 ﬁliis
450 3880 623 3935 Israel
651 3897 670 3935 :
711 3878 818 3946 Qui
847 3889 958 3946 est,
987 3881 1128 3934 misit
1156 3897 1236 3933 me
1264 3878 1334 3932 ad
1363 3897 1468 3933 eos.
1517 3879 1796 3948 Tanquam
1825 3881 1882 3937 in

296 3977 412 4046 ejus
437 3973 850 4046 comparatione
879 3973 972 4043 qui
999 3988 1128 4028 vere
1163 3983 1272 4036 est,
1305 3988 1370 4026 eo
1403 3972 1548 4044 quod
1583 3973 1885 4028 incommu-

301 4066 478 4121 tabilis
505 4073 616 4130 est,
647 4080 709 4120 ea
752 4080 873 4137 qua:
915 4063 1319 4119 commutabilis
1369 4051 1514 4118 faeta
1559 4072 1683 4119 sunt
1727 4066 1882 4134 quasi

1983 3334 2036 3379 ct
2060 3325 2433 3394 praedabimini
2460 3341 2575 3392 eos,
2621 3328 2860 3383 mandati
2892 3329 3052 3399 hujus
3084 3347 3192 3386 non
3221 3343 3400 3404 potest
3431 3333 3570 3408 inje-

1982 3426 2126 3473 stum
2148 3435 2267 3474 esse
2286 3419 2574 3490 judicium.
2601 3417 2912 3476 Mandatum
2935 3423 3080 3477 enim
3105 3423 3201 3480 Dei
3229 3435 3336 3492 est,
3367 3426 3434 3483 de
3459 3446 3568 3498 quo

1983 3526 2090 3564 non
2136 3508 2488 3581 judicandum
2513 3553 2528 3578 ,
2567 3511 2663 3567 sed
2698 3512 2749 3568 ei
2793 3513 3273 3584 obtemperandum
3305 3518 3424 3573 fuit.
3477 3519 3570 3575 llte

1980 3600 2126 3654 enim
2148 3600 2316 3668 novit,
2345 3617 2504 3671 quam
2535 3601 2682 3671 juste
2722 3603 3092 3672 mandaverit;
3129 3611 3195 3662 ad
3225 3623 3441 3664 servum
3474 3629 3569 3664 au-

1985 3701 2092 3748 tem
2124 3694 2362 3764 pertinet
2389 3696 2708 3752 obedienter
2737 3696 2917 3754 facere
2943 3701 3087 3770 quod
3121 3703 3417 3758 mandavit.
3475 3703 3570 3762 lle-

1984 3783 2244 3854 spondens
2260 3782 2467 3856 Moyses
2491 3787 2565 3839 ait
2588 3799 2606 3838 :
2635 3784 2759 3841 Non
2781 3788 2990 3843 credent
3019 3789 3151 3856 mihi
3173 3809 3334 3862 neque
3354 3795 3568 3849 audient

1985 3892 2154 3929 vocem
2176 3893 2366 3944 meam,
2393 3877 2482 3932 sed
2503 3878 2678 3932 dicent
2703 3895 2722 3934 :
2751 3877 2875 3934 Non
2899 3883 3143 3954 apparuit
3171 3883 3264 3938 tibi
3283 3883 3565 3943 Dominus.

1982 3967 2132 4024 Dixit
2157 3985 2280 4040 ergo
2303 3970 2373 4024 ad
2397 3985 2548 4025 eum:
2577 3971 2720 4038 Quid
2739 3983 2814 4028 est
2842 3974 2982 4046 quod
3007 3983 3148 4031 lenes
3173 3977 3227 4030 in
3250 3993 3408 4039 mamt
3435 3987 3524 4032 tua
3546 3983 3570 4032 ε)

1984 4059 2294 4129 Respondit,
2330 4061 2510 4133 Virga.
2543 4062 2629 4116 Ait
2660 4079 2680 4118 :
2718 4063 2930 4136 Projice
2960 4083 3076 4120 eam
3104 4066 3158 4123 in
3177 4077 3394 4125 terram.
3427 4067 3566 4124 Pro-

300 4173 404 4213 non
431 4158 564 4212 sint.
601 4156 757 4227 Quod
793 4157 941 4212 enim
975 4145 1178 4212 dicitur
1201 4155 1325 4222 fuit,
1350 4171 1460 4217 non
1489 4163 1604 4222 est;
1647 4165 1701 4210 et
1739 4157 1882 4227 quod
1975 4153 2126 4223 jecit,
2157 4164 2204 4208 et
2238 4173 2384 4209 versa
2411 4167 2484 4210 est
2513 4157 2567 4210 in
2599 4156 2896 4224 colubrum,
2921 4161 2995 4215 ita
3024 4168 3080 4213 ut
3108 4160 3308 4236 fugeret
3338 4160 3566 4230 Moyses.

297 4251 497 4305 dicitur
523 4251 654 4316 erit,
686 4251 926 4306 nondum
956 4258 1061 4305 est.
1115 4250 1258 4312 Deus
1299 4258 1482 4310 autem
1523 4259 1730 4305 tantum
1763 4259 1880 4318 est;

298 4358 403 4395 non
432 4340 589 4396 novit
633 4338 820 4408 fuisse,
853 4347 910 4396 et
935 4339 1176 4398 futurum
1213 4355 1334 4395 esse
1361 4356 1470 4394 non
1501 4340 1670 4394 novit.
1725 4339 1884 4398 Solus

299 4439 479 4484 autem
509 4427 675 4482 Pater
713 4445 834 4484 cum
867 4427 1006 4484 Filio
1034 4436 1089 4482 et
1129 4427 1336 4504 Spiritu
1379 4439 1568 4484 sancto
1616 4431 1884 4486 veraciter

299 4531 411 4586 est;
443 4518 602 4589 cujus
635 4521 886 4575 essentia:
907 4530 1279 4593 comparatum
1315 4534 1436 4576 esse
1471 4519 1740 4587 uestrum,
1773 4539 1882 4577 non

300 4628 418 4667 esse
447 4619 553 4666 est.
593 4609 750 4666 Unde
778 4618 834 4666 et
861 4610 918 4665 in
941 4610 1208 4682 colloquio
1237 4611 1468 4668 dicimus
1504 4630 1516 4664 :
1547 4611 1693 4666 Vivit
1718 4613 1882 4679 Deus,

299 4701 391 4772 qui
419 4699 674 4756 essentia:
717 4700 830 4754 vita
875 4701 1011 4754 vivit
1045 4717 1208 4772 quam
1250 4717 1398 4756 mors
1427 4717 1534 4756 non
1565 4701 1745 4756 habet.
1792 4701 1887 4756 In-

297 4776 656 4864 jredierisque
683 4803 760 4856 tu,
795 4801 843 4850 et
873 4793 1103 4848 seniores
1133 4791 1306 4847 Israel
1334 4794 1406 4847 ad
1434 4811 1603 4866 regem
1641 4793 1716 4848 1E
1720 4795 1884 4865 θωπί,

299 4893 345 4938 et
373 4885 517 4938 dices
541 4883 610 4937 ad
635 4900 754 4940 eum
781 4897 799 4935 :
829 4883 1088 4938 Dominus
1129 4885 1268 4939 Deus
1303 4885 1650 4939 IIebra'orum
1689 4888 1886 4941 l‘UCtlt‘ll

302 4995 415 5030 nos.
453 4975 658 5030 Ibimus
686 4976 824 5030 uiam
871 4978 1029 5030 trium
1063 4977 1268 5030 dierum
1310 4995 1404 5049 per
1430 4975 1790 5042 solitudinem,
1825 4988 1879 5032 ut

301 5065 625 5120 immolemus
663 5066 890 5122 Domino
938 5067 1044 5120 Deo
1093 5078 1289 5122 nostro.
1355 5067 1458 5123 Sed
1485 5087 1576 5140 ego
1605 5071 1714 5124 scio
1739 5071 1881 5142 quod

303 5172 406 5208 non
432 5155 654 5209 dimittet
677 5173 764 5210 vos
794 5171 884 5208 rex
905 5153 1122 5226 .Egypti
1159 5166 1214 5209 ut
1247 5158 1398 5221 eatis,
1432 5158 1533 5212 nisi
1552 5177 1644 5229 per
1667 5177 1880 5224 manum

299 5247 549 5301 calidam.
597 5247 896 5302 Extendunt
933 5249 1070 5301 enim
1113 5257 1329 5302 manum
1376 5267 1560 5314 meam,
1607 5261 1654 5304 et
1696 5268 1881 5323 percu-7

300 5337 430 5390 tiam
457 5335 749 5418 (Egyptunt
776 5338 832 5390 in
878 5338 1076 5392 cunctis
1121 5339 1450 5394 mirabilibus
1485 5343 1617 5399 meis
1645 5359 1762 5412 qua:
1797 5343 1880 5412 fu—

300 5435 480 5480 cturus
505 5443 622 5481 sum
651 5428 705 5480 in
729 5427 901 5480 medio
933 5443 1132 5493 eorum,
1160 5439 1208 5482 et
1233 5439 1350 5500 post
1377 5431 1487 5497 [nec
1511 5433 1733 5488 dimittet
1771 5450 1874 5488 vos.

303 5517 453 5584 Quod
480 5527 662 5572 autem
706 5518 967 5573 Dominus
1005 5518 1224 5592 Moysen
1256 5523 1323 5577 ad
1349 5521 1687 5580 Pharaonem
1707 5524 1876 5590 misit,

303 5613 366 5664 ad
403 5612 780 5683 castigandam
808 5615 1212 5670 contumaciam
1237 5616 1378 5685 ejus,
1425 5624 1480 5670 et
1504 5629 1782 5689 postremo
1813 5619 1882 5674 ad

303 5704 739 5761 interfectionem
799 5704 978 5772 illius,
1033 5707 1302 5779 significat
1357 5708 1646 5765 Dominum
1707 5711 1882 5780 legem

303 5791 464 5852 fuisse
493 5797 796 5852 missurum
829 5795 894 5850 ad
928 5780 1182 5854 destruet:
1209 5800 1314 5854 lum
1355 5801 1717 5870 princip-mm
1764 5802 1882 5857 dia-

1908 4581 1961 4640 D

1989 4245 2234 4315 Dixitque
2262 4245 2546 4312 Dominus,
2597 4245 2836 4302 Extende
2864 4265 3077 4302 manum
3104 4259 3273 4314 tuum,
3301 4259 3350 4302 et
3377 4268 3567 4321 appre-

1983 4338 2150 4392 hende
2175 4338 2400 4392 caudam
2437 4340 2570 4408 ejus.
2611 4339 2863 4393 Extendit
2894 4349 2944 4392 et
2981 4342 3177 4406 tenuit,
3212 4358 3464 4413 versaque
3491 4355 3568 4399 est

1983 4427 2038 4481 in
2065 4427 2264 4498 virgam
2313 4427 2511 4500 (Exod.
2546 4429 2642 4496 ιν).
2681 4428 2814 4496 Quis
2837 4445 2936 4500 per
2967 4429 3185 4502 Moysen
3205 4472 3220 4498 ,
3253 4433 3358 4487 nisi
3384 4432 3570 4492 Judai—

1985 4534 2082 4575 cus
2103 4519 2362 4588 populus,
2391 4529 2444 4575 et
2477 4520 2605 4592 quid
2643 4537 2740 4592 per
2768 4520 2974 4594 virgam
3004 4523 3107 4578 nisi
3149 4533 3390 4594 potestas
3420 4527 3566 4582 Divi-

1989 4612 2210 4666 nitatis?
2261 4611 2399 4680 Quid
2433 4627 2532 4691 per
2563 4623 2872 4684 serpentem
2915 4615 3018 4670 nisi
3054 4618 3356 4674 mortalitas
3397 4623 3569 4676 nostri

1988 4701 2366 4772 Redemptoris
2391 4703 2744 4774 exprimitur?
2780 4706 2916 4776 Quia
2946 4707 3092 4785 enim
3127 4723 3225 4778 per
3255 4719 3568 4778 serpentem

1991 4794 2172 4858 mors,
2221 4802 2368 4858 recte
2411 4798 2714 4853 mortalitas
2761 4800 2815 4853 in
2867 4810 3121 4872 serpente
3151 4802 3425 4872 signatum-
3470 4805 3570 4860 Vel

1991 4893 2140 4938 certe
2161 4901 2283 4939 cum
2322 4884 2584 4962 scriptum
2609 4887 2712 4941 sit:
2742 4887 2930 4943 Estote
2957 4905 3087 4960 ergo
3116 4875 3409 4960 prudentes
3429 4893 3570 4947 sicut

1987 4967 2266 5048 serpentes
2295 4976 2510 5050 (Matth.
2543 4976 2622 5049 λ),
2651 4987 2706 5034 ct
2729 4979 2855 5050 quia
2880 4981 2995 5052 ipsa
3025 4998 3232 5038 summa
3257 4984 3566 5054 prudentia,

1988 5069 2039 5122 iJ
2067 5077 2150 5124 est
2200 5069 2292 5122 Dei
2345 5070 2646 5140 sapientia,
2687 5071 2960 5128 incarnari
2997 5073 3218 5144 dignata
3256 5085 3341 5130 est
3365 5116 3380 5140 ,
3421 5087 3567 5132 recte

1986 5159 2102 5230 ejus
2129 5159 2432 5215 mor-uilitas
2477 5161 2530 5215 in
2573 5171 2826 5232 serpente
2875 5163 3156 5236 ﬁguratur.
3225 5165 3378 5223 Unde
3417 5176 3474 5224 ct
3511 5169 3564 5221 in

1987 5253 2278 5322 Evangelio
2305 5253 2368 5306 de
2397 5253 2651 5322 passione
2711 5269 2805 5308 sua
2858 5255 3094 5324 loquitur
3141 5257 3328 5312 dicens
3362 5277 3374 5311 :
3414 5257 3564 5310 Sicut

1988 5341 2194 5411 Moyses
2231 5340 2478 5395 exultavit
2521 5351 2807 5411 serpentem
2845 5343 2899 5397 in
2931 5343 3164 5409 deserto,
3218 5345 3294 5398 ita
3337 5342 3564 5398 exaltari

1986 5440 2185 5500 oportet
2213 5429 2382 5500 ﬁlium
2413 5430 2640 5490 hominis
2679 5430 2862 5504 (Joan.
2895 5435 3001 5505 tu).
3049 5433 3261 5504 Moyses
3297 5434 3568 5504 ergovir—

1987 5537 2109 5592 gam
2135 5521 2328 5588 tenuit,
2359 5523 2485 5592 quia
2518 5513 2776 5579 Judaicus
2809 5525 3038 5595 populus
3074 5533 3197 5578 ante
3237 5524 3568 5598 Redempto-

1990 5615 2066 5669 ris
2088 5614 2375 5670 adventum
2427 5615 2481 5668 in
2529 5615 2708 5669 divina
2740 5623 3004 5685 potestate
3045 5616 3290 5669 confixus
3319 5624 3436 5683 est,
3472 5617 3568 5672 δεδι

1991 5709 2196 5781 virgam
2225 5709 2278 5763 in
2321 5717 2520 5762 terram
2568 5709 2814 5778 projecit,
2857 5708 2984 5776 quia
3030 5706 3169 5764 idem
3213 5710 3442 5780 populus
3473 5723 3570 5781 per

1990 5802 2328 5874 patriarchas
2375 5818 2437 5855 ac
2481 5801 2772 5871 prophetas
2821 5799 2985 5852 Deum
3026 5799 3413 5856 incommodum
3445 5815 3564 5856 esse
