3992 6182
300 274 394 370 .23
965 312 1025 368 Β.
1069 312 1328 368 RABANI
1368 312 1588 370 MAURI
1625 312 1948 368 ARCHIEP.
1992 312 2305 369 MOGUNT.
2345 312 2633 370 OPERUM
2669 313 2850 371 PARS
2886 315 2927 371 l.
3519 324 3586 378 et

326 429 612 486 nuntiavit.
655 427 813 500 Virga
835 441 964 482 vero
994 428 1047 482 in
1076 428 1357 483 colubrum
1378 428 1626 492 vertitur,
1649 426 1775 497 quia
1802 426 1903 482 Re—
1935 429 1982 486 A
2009 425 2189 480 omnis
2214 423 2377 480 Israel
2403 424 2585 479 salvus
2612 424 2724 480 ﬁet.
2765 425 2969 481 Deinde
2996 440 3150 497 aqua:
3182 428 3362 484 missa:
3394 431 3447 484 in
3485 441 3590 486 ter-

326 522 574 592 demptor
593 527 778 575 noster
798 519 941 576 Deus
963 519 1018 573 in
1040 534 1100 574 se
1123 533 1471 588 permanens,
1503 517 1747 573 mortalis
1770 517 1911 572 inter

328 611 576 666 homines
621 609 796 665 iactus
827 617 930 665 est.
991 607 1099 666 Sed
1141 609 1354 680 Moyses
1381 609 1662 666 colubrum
1697 610 1911 679 conspi-

325 705 494 766 ciens,
520 703 800 772 pcrtimttit
821 709 876 758 et
897 699 1051 773 fugit,
1079 703 1204 772 quia
1229 700 1485 757 Iudaicus
1505 701 1758 772 populus,
1781 702 1910 756 dum

329 793 742 863 Redemptorem
771 793 991 848 humani
1015 792 1232 861 generis
1253 791 1534 863 mortalem
1557 792 1712 858 vidit,
1741 793 1910 847 Demn

326 861 548 937 credere
574 882 809 952 expavit.
861 880 961 937 Cui
985 880 1209 950 jubetur
1237 889 1298 936 ut
1321 861 1604 938 colubrum
1632 881 1801 937 cauda
1833 891 1912 938 te-

328 982 472 1040 neat,
521 975 647 1044 quia
679 974 918 1045 perﬁdus
957 973 1046 1030 ille
1070 972 1327 1045 populus,
1369 975 1462 1046 qui
1497 975 1661 1029 modo
1688 973 1910 1030 credere

329 1075 568 1132 recusat,
609 1066 664 1121 in
727 1074 970 1122 extrema
1014 1073 1171 1136 parte
1216 1065 1484 1121 Dominici
1536 1065 1821 1136 corporis,
1855 1066 1910 1121 id

329 1163 432 1222 est,
463 1156 764 1226 posteriore
808 1164 1052 1226 tempore
1099 1164 1301 1212 sancta:
1341 1155 1622 1220 Ecclesia},
1657 1155 1908 1212 videlicet

327 1247 383 1302 in
415 1247 520 1302 ﬁne
548 1246 757 1314 mundi,
779 1263 898 1303 sese
925 1249 993 1302 ad
1025 1244 1185 1303 ﬁdem
1212 1246 1512 1317 recolliget,
1547 1255 1606 1302 ut
1625 1246 1906 1302 colubrum

329 1341 500 1397 cauda
532 1349 740 1404 teneat,
793 1341 919 1410 quia
946 1354 1102 1407 eum,
1142 1355 1304 1410 quem
1339 1339 1622 1396 mortalem
1660 1347 1788 1395 ante
1810 1341 1906 1395 de-

329 1439 598 1502 spexerat,
640 1429 1053 1501 Redemptorem
1094 1447 1251 1487 suum
1284 1431 1338 1486 in
1370 1431 1559 1486 ultima
1593 1430 1707 1499 jam
1754 1439 1909 1502 parte

330 1521 586 1578 Ecclesiae
611 1521 917 1578 conﬁtetur.
959 1520 1066 1577 Sed
1096 1537 1220 1576 mox
1249 1536 1479 1591 serpens.
1505 1521 1557 1574 in
1589 1521 1796 1593 virgam
1824 1536 1910 1576 re-

329 1614 433 1680 dit,
471 1615 595 1684 quia
627 1615 813 1670 statim
847 1623 908 1668 ut
937 1612 1194 1669 Iudaicus
1221 1613 1522 1685 populusin
1546 1613 1910 1684 Redemptore

331 1717 522 1764 nostro
544 1709 838 1764 crediderit
862 1749 878 1773 ,
927 1708 1070 1763 idem
1119 1708 1427 1777 redemptor
1455 1715 1640 1763 noster
1679 1708 1747 1763 ad
1765 1706 1911 1776 judi-

2013 533 2127 573 ram
2152 533 2183 572 a
2213 516 2394 588 Moyse
2418 525 2706 571 vertuntur
2734 517 2787 571 in
2826 519 3173 585 sanguinem,
3208 520 3260 575 id
3298 529 3382 576 est
3410 525 3590 594 populi

2012 611 2067 666 in
2090 611 2350 681 sanguine
2382 609 2587 664 Christi
2628 615 2685 663 et
2721 607 2846 664 ﬁde.
2894 610 3058 680 Aqua:
3083 611 3249 676 enim,
3279 612 3356 666 ait
3379 612 3587 682 Apoca-

2011 703 2197 776 lypsis,
2217 720 2349 774 quas
2372 703 2572 769 vidisti,
2599 701 2780 774 pepuli
2803 712 2997 757 suntet
3021 714 3196 774 gentes
3220 704 3404 776 (Apoc.
3435 708 3588 780 xvn).

2611 813 2842 870 CAPUT
2882 811 2995 868 νη.

2014 906 2089 960 De
2117 907 2408 961 reversione
2435 905 2610 976 Moysi
2645 905 2698 959 in
2723 905 3052 987 .A‘Iggptum,
3095 917 3144 962 et
3169 908 3340 980 angeli
3369 927 3588 966 occursu

2715 993 2770 1029 ιη
2795 993 2899 1030 vta.

2082 1069 2168 1123 Ait
2192 1065 2398 1140 Moyses
2421 1086 2434 1097 ·
2458 1067 2706 1133 Obsecro,
2735 1067 2974 1133 Domine,
2997 1086 3100 1123 non
3115 1087 3230 1125 sum
3253 1070 3499 1143 eloquens
3526 1075 3590 1126 ab

2010 1159 2123 1214 lteri
2143 1169 2193 1213 et
2217 1159 2410 1213 nudius
2442 1157 2626 1212 tertius
2650 1173 2668 1212 :
2693 1166 2740 1211 et
2767 1173 2832 1212 ea:
2853 1174 2955 1228 quo
2980 1157 3185 1213 locutus
3211 1176 3264 1214 es
3289 1161 3360 1213 ad
3387 1178 3592 1216 sentum

2009 1261 2181 1316 tuum,
2203 1251 2548 1322 impeditioris
2574 1260 2621 1304 et
2649 1249 2898 1304 tardioris
2920 1249 3113 1320 lingua:
3128 1267 3243 1305 sum
3268 1250 3465 1320 (Exod.
3493 1255 3587 1324 tv).

2012 1340 2121 1414 [Ex
2136 1342 2176 1394 Α
2187 1341 2476 1414 ugustino.j
2491 1340 2643 1409 Quod
2657 1340 2733 1394 ait
2746 1333 2955 1412 Moyses
2981 1342 3049 1396 ad
3073 1341 3380 1409 Dominum,
3397 1360 3590 1414 precor

2012 1433 2256 1499 Domine,
2291 1448 2397 1487 non
2421 1447 2541 1487 sum
2569 1433 2829 1503 eloquens
2869 1441 2996 1487 ante
3033 1433 3380 1501 hesternum,
3418 1452 3595 1504 neque

2011 1533 2137 1581 ante
2181 1525 2674 1580 nudiustertiannm
2720 1524 2892 1588 diem,
2926 1539 3102 1594 neque
3136 1540 3201 1579 ex
3234 1541 3341 1596 quo
3368 1527 3589 1597 cmpisti

2011 1614 2158 1686 loqui
2185 1614 2384 1670 famulo
2415 1623 2528 1679 tuo,
2569 1614 2885 1686 intelligitur
2911 1614 3136 1669 credere
3162 1629 3322 1684 posse
3351 1615 3466 1670 ﬁeri
3492 1617 3588 1670 Dei

2012 1707 2286 1762 voluntate
2313 1705 2493 1760 subito
2513 1705 2856 1776 eloquentem
2882 1745 2898 1770 ,
2922 1719 3046 1759 cum
3086 1705 3219 1761 dicit
3257 1724 3271 1760 :
3313 1722 3488 1776 neque
3526 1722 3595 1760 ex

331 1801 474 1855 cium
501 1801 554 1854 in
575 1809 844 1872 potestate
868 1815 979 1855 sua:
1006 1799 1304 1855 divinitatis
1330 1798 1631 1868 apparebit,
1660 1807 1720 1853 ut
1743 1799 1908 1855 etiam
1939 1782 1986 1842 Β
2015 1813 2122 1867 quo
2182 1796 2397 1867 coepisti
2439 1796 2586 1867 loqui
2622 1795 2825 1852 famulo
2853 1805 2972 1861 tuo;
3005 1803 3261 1865 tanquam
3294 1796 3594 1853 ostendens

331 1905 554 1959 serpens
584 1890 737 1962 virga
767 1891 839 1945 sit
871 1908 884 1944 :
921 1891 1047 1960 quia
1079 1890 1128 1945 is
1153 1890 1245 1961 qui
1275 1891 1328 1944 in
1359 1899 1506 1945 terra
1530 1891 1694 1944 homo
1723 1890 1913 1959 despe—

330 1989 449 2036 ctus
475 1988 558 2036 cst
578 2021 593 2047 ,
645 1981 710 2036 de
749 1979 890 2036 caelo
916 1981 1172 2044 veniens,
1203 1995 1366 2050 super
1389 1979 1609 2050 angelos
1645 1978 1913 2035 videbitur

333 2071 495 2128 Deus.
521 2070 632 2144 (Ex
652 2070 911 2143 Isidoro.)
945 2070 1153 2126 Aliter:
1177 2070 1338 2141 Virga
1372 2070 1425 2124 in
1455 2077 1725 2140 serpente,
1757 2068 1912 2124 Chri-

331 2172 448 2219 stus
488 2164 546 2218 in
585 2172 797 2229 morte,
849 2173 905 2220 et
943 2175 1124 2218 tamen
1153 2163 1371 2232 expavit
1414 2171 1469 2218 et
1516 2161 1652 2234 fugit
1679 2160 1908 2234 Moyses.

331 2254 470 2322 Quid
501 2261 588 2310 est
614 2254 683 2312 ab
709 2255 799 2316 illo
836 2263 1088 2324 serpente
1117 2253 1318 2327 fugisse
1346 2253 1590 2325 Moysen,
1631 2253 1737 2308 nisi
1769 2253 1912 2322 quod

330 2343 528 2416 legitur
573 2345 628 2406 in
675 2345 968 2417 Evangelio
994 2345 1221 2410 factum,
1252 2355 1498 2400 mortuus
1524 2353 1609 2401 est
1639 2344 1910 2408 Christus,

333 2445 388 2493 et
411 2437 641 2507 apostoli
668 2446 1035 2508 expaverunt,
1063 2438 1208 2492 etab
1234 2437 1324 2492 illa
1355 2452 1451 2507 spe
1481 2438 1534 2492 in
1565 2452 1672 2507 qua
1697 2435 1914 2492 fuerant

331 2531 710 2589 recesserunt?
758 2531 864 2588 Sed
905 2533 1049 2603 quod
1078 2534 1281 2590 dictum
1306 2542 1413 2599 est,
1445 2534 1771 2605 apprehende
1793 2551 1915 2590 cau-

333 2622 620 2693 dam-ejus,
648 2621 778 2696 quid
801 2633 886 2679 est
910 2623 1014 2678 nisi
1040 2623 1376 2695 posteriora?
1417 2623 1530 2680 Hoc
1561 2623 1909 2696 signiﬁcavit,

329 2713 637 2783 posteriora
667 2728 787 2768 mea
819 2713 1054 2769 videbis.
1095 2712 1278 2769 Primo
1305 2713 1450 2769 enim
1481 2713 1654 2769 factus
1687 2722 1772 2770 est
1794 2729 1913 2770 ser-

333 2819 498 2874 pens,
530 2805 624 2861 sed
663 2805 833 2862 cauda
869 2807 1206 2878 apprehensa
1231 2847 1245 2872 ,
1295 2806 1436 2862 facta
1470 2815 1554 2862 est
1583 2807 1756 2878 virga,
1783 2808 1911 2878 quia

334 2893 569 2963 primum
589 2895 806 2955 occisus
827 2903 931 2962 est,
961 2904 1148 2965 postea
1178 2896 1415 2966 peractis
1444 2896 1715 2962 omnibus,
1758 2897 1826 2951 ad
1857 2895 1912 2952 id

331 2987 476 3058 quod
501 2986 682 3046 fuerat
708 2987 1040 3057 resurgendo
1085 3002 1334 3044 reversus
1377 2997 1482 3054 est,
1529 2987 1620 3044 ubi
1659 3003 1757 3059 per
1785 2988 1912 3044 vitae

334 3079 731 3150 reparationem
754 3087 930 3136 morte
954 3089 1293 3150 consumpta,
1313 3080 1449 3134 nihil
1472 3080 1526 3134 in
1549 3095 1616 3135 eo
1642 3080 1913 3150 serpentis

2012 1886 2131 1941 ﬁeri
2158 1887 2420 1957 potuisse,
2435 1895 2494 1941 ut
2519 1896 2646 1941 ante
2675 1887 2990 1942 hesternum
3025 1893 3080 1942 et
3102 1888 3599 1942 nudiustertianum

2011 1977 2152 2033 diem
2177 2018 2194 2043 ,
2247 1978 2338 2048 qui
2367 1977 2627 2047 eloquens
2646 1993 2755 2032 non
2782 1977 3011 2043 fuisset,
3053 1989 3276 2048 repente
3313 1979 3501 2045 ﬁeret,
3529 1994 3595 2034 ex

2011 2077 2120 2140 quo"
2146 2084 2267 2124 cum
2314 2069 2405 2126 illo
2440 2071 2702 2126 Dominus
2733 2063 2878 2140 loqui
2915 2072 3101 2141 coepit.
3153 2071 3298 2126 Dicit
3339 2071 3600 2129 Dominus

2010 2159 2080 2212 ad
2101 2173 2252 2213 eum:
2279 2158 2409 2225 Quis
2435 2159 2555 2229 fecit
2583 2177 2640 2214 os
2666 2161 2914 2228 hominis,
2936 2172 3026 2215 aut
3056 2162 3172 2231 quis
3200 2162 3493 2232 fabricatus
3520 2175 3598 2218 est

2009 2258 2212 2302 mutum
2223 2258 2268 2302 et
2282 2249 2526 2313 surdum;
2543 2250 2795 2304 videntem
2810 2260 2856 2304 et
2876 2266 3093 2316 meum,
3115 2267 3287 2306 nonne
3301 2269 3392 2322 ego
3411 2253 3436 2306 .9
3457 2252 3602 2308 Sunt

2011 2337 2102 2406 qui
2135 2329 2244 2392 Deo
2273 2337 2695 2405 cal’umnientur,
2723 2339 2806 2394 vel
2836 2337 3133 2407 Scriptum
3169 2341 3349 2410 potius
3387 2343 3603 2398 Veteris

2012 2427 2364 2496 Testamenti,
2389 2429 2516 2498 quia
2544 2430 2744 2485 dixerit
2771 2432 2910 2486 Deus
2936 2432 3081 2500 quod
3114 2433 3227 2500 ipse
3256 2430 3445 2486 fecerit
3490 2447 3602 2487 cm-

2012 2535 2133 2575 cum
2164 2529 2221 2576 et
2242 2529 2471 2576 mutum.
2513 2519 2653 2588 Quid
2679 2536 2809 2592 ergo
2828 2522 3018 2576 dicunt
3039 2522 3105 2577 de
3121 2521 3349 2576 Domino
3375 2522 3603 2578 Christo

2011 2621 2198 2684 aperte
2245 2613 2299 2667 in
2344 2611 2637 2682 Evangelia
2678 2611 2930 2667 dicente:
2966 2612 3079 2682 Ego
3124 2613 3276 2674 veni.
3305 2613 3603 2684 utquinon

2011 2682 2182 2756 viden?
2207 2701 2437 2767 videant,
2458 2710 2506 2755 et
2527 2701 2618 2772 qui
2632 2702 2799 2756 vident
2823 2702 2948 2756 eieci
2962 2701 3317 2774 ﬁant.’(Joan.
3346 2682 3444 2774 Ix.)
3463 2704 3607 2772 Quis

2012 2802 2190 2850 autem
2217 2795 2321 2850 nisi
2353 2795 2690 2866 insipientes,
2722 2795 3018 2851 crediderit
3038 2795 3238 2866 aliquid
3267 2798 3470 2852 homini
3506 2813 3602 2856 δειε-

2011 2887 2245 2942 cundum
2275 2885 2406 2940 vitia
2453 2885 2756 2956 corporalia
2791 2901 2950 2957 posse
2991 2889 3238 2944 accidere
3268 2890 3410 2958 quod
3447 2889 3600 2946 Deus

2013 2977 2181 3032 nolit?
2224 2979 2318 3032 sed
2364 2993 2488 3032 eum
2523 2976 2670 3046 juste
2721 2985 2892 3032 totum
2946 2980 3081 3035 velle
3141 2996 3300 3036 nemo
3342 2981 3598 3054 ambigit.

2013 3068 2182 3140 Perge
2207 3071 2390 3140 igitur,
2421 3080 2468 3123 et
2493 3086 2586 3140 ego
2608 3086 2696 3124 ero
2726 3071 2779 3124 in
2809 3087 2899 3124 ore
2920 3080 3034 3136 tuo,
3074 3072 3368 3144 doceboque
3385 3083 3433 3127 te
3458 3075 3594 3143 quid

335 3133 606 3240 ap'paruit.
646 3171 744 3226 Est
763 3171 929 3227 etiam
958 3171 1013 3225 in
1045 3133 1216 3228 caud;
1247 3173 1516 3243 serpentis
1550 3133 1911 3240 smculi‘ﬁnis,

2016 3133 2268 3230 loquaris
2297 3158 2450 3226 Quod
2481 3133 2741 3214 Dominus
2762 3159 2894 3215 dicit
2917 3160 2984 3214 ad
3013 3133 3230 3231 Moysen
3258 3133 3413 3218 {Sed
3447 3133 3602 3219 nunc

334 3261 462 3332 quia
508 3260 588 3314 sic
626 3260 932 3317 mortalitas
957 3261 1235 3329 Ecclesize,
1274 3277 1395 3332 quae
1433 3276 1630 3333 corpus
1655 3263 1772 3334 eius
1805 3271 1912 3330 est,

335 3363 435 3420 per
458 3349 664 3405 lubrica
692 3360 937 3420 tempora
969 3351 1243 3408 volvitur:
1274 3352 1366 3406 alii
1387 3361 1540 3418 eunt,
1568 3352 1660 3409 alii
1689 3354 1914 3410 veniunt

335 3456 434 3512 per
459 3447 714 3506 mortem.
748 3442 1027 3512 Tanquam
1072 3459 1170 3514 per
1212 3452 1520 3514 serpentem
1566 3459 1714 3501 mors
1749 3446 1912 3501 semi-

339 3539 464 3584 nata
491 3538 596 3596 est,
624 3533 718 3587 sed
748 3531 855 3586 ﬁne
882 3533 1197 3600 novissimo,
1224 3534 1374 3589 velut
1394 3535 1564 3590 cauda
1591 3536 1798 3602 saeculi,
1828 3551 1914 3592 re-

338 3622 516 3686 dimus
534 3623 600 3676 ad
626 3639 841 3685 manum
856 3617 974 3690 Dei,
993 3633 1153 3694 atque
1164 3626 1489 3696 apprehensi
1507 3627 1878 3698 separabimur
1893 3669 1908 3696 ,

337 3717 392 3764 et
415 3711 707 3777 novissima
751 3712 968 3770 inimica
1005 3723 1180 3771 morte
1207 3717 1518 3783 destructa,
1545 3729 1909 3790 resurgentes,

338 3800 392 3854 in
419 3799 640 3856 dextera
670 3801 787 3868 Dei,
817 3802 972 3873 virga
1002 3805 1154 3877 regni
1175 3806 1402 3861 erimus.
1468 3805 1717 3878 Dixitque
1737 3809 1915 3863 Domi-

338 3907 440 3946 nus
483 3906 735 3952 rursum:
768 3891 920 3948 Mitte
975 3912 1191 3950 manum
1229 3906 1375 3951 tuam
1421 3897 1478 3951 in
1523 3899 1698 3952 sinum
1740 3909 1907 3954 tuum.

339 3977 510 4044 Quam
542 3997 661 4035 cum
693 3982 914 4038 misisset
945 3984 1000 4040 in
1030 3985 1202 4049 sinunt
1223 4027 1239 4052 ,
1289 3986 1507 4056 protulit
1537 3987 1797 4059 leprosum
1831 3991 1913 4045 in-

336 4080 450 4125 star
471 4072 622 4127 nivis.
664 4071 912 4142 Retrahe,
955 4077 1053 4144 ait,
1079 4090 1294 4137 manum
1319 4079 1376 4140 in
1409 4079 1583 4134 sinum
1612 4090 1780 4137 tuum.
1813 4081 1913 4138 Re-

335 4163 499 4223 traxit
521 4171 570 4216 et
590 4162 808 4233 protulit
840 4163 1048 4232 iterum,
1075 4177 1123 4222 et
1146 4178 1259 4222 erat
1284 4168 1470 4224 similis
1497 4167 1646 4225 carni
1677 4171 1908 4244 reliquae.

338 4251 400 4307 Si
422 4270 526 4307 non
549 4253 895 4322 crediderint,
942 4257 1145 4328 inquit,
1173 4259 1300 4326 tibi,
1343 4277 1505 4333 neque
1524 4262 1788 4318 audierint
1808 4281 1913 4319 ser-

332 4354 538 4397 monem
581 4346 716 4415 signi
760 4347 972 4418 prioris,
1017 4351 1224 4406 credent
1272 4351 1424 4405 verbo
1454 4352 1590 4424 signi
1627 4357 1907 4425 sequentis.

338 4434 492 4500 Quod
516 4437 564 4490 si
593 4454 683 4491 nec
703 4438 906 4497 duobus
930 4442 1139 4511 quidem
1164 4443 1245 4496 Itis
1273 4444 1439 4514 signis
1468 4445 1802 4514 crediderint,
1829 4465 1913 4503 ne-
1939 4445 1968 4514 ,'

333 4541 434 4595 que
460 4526 723 4584 audierint
765 4546 937 4585 vocem
984 4541 1152 4597 tuam,
1179 4547 1326 4587 sume
1357 4548 1548 4604 aquam
1577 4538 1833 4605 ﬂuminis,
1862 4548 1911 4594 et

336 4614 546 4684 eﬂ‘unde
565 4631 722 4686 super
742 4619 948 4673 aridam
973 4632 993 4671 :
1028 4631 1077 4674 et
1122 4621 1377 4692 quidquid
1405 4623 1643 4678 hauseris
1666 4625 1730 4679 de
1752 4625 1913 4695 ﬂuvio

337 4713 569 4765 vertetur
595 4706 652 4760 in
679 4709 1008 4777 sanguinem.
1046 4709 1213 4765 Albor
1231 4712 1378 4766 enim
1400 4712 1454 4766 in
1483 4721 1607 4768 cute
1636 4713 1784 4785 lepra
1806 4724 1910 4782 est,

338 4810 444 4850 non
470 4797 694 4853 candor.
731 4797 848 4870 ipsa
878 4800 1024 4856 enim
1071 4802 1357 4858 hatreditas
1387 4804 1512 4870 Dei,
1560 4805 1615 4862 id
1640 4815 1724 4860 est
1743 4822 1914 4878 popu-

337 4887 422 4944 lus
449 4889 586 4960 ejus,
619 4889 765 4947 foras
798 4893 866 4947 ab
893 4908 959 4948 eo
998 4893 1228 4959 missus,
1275 4896 1585 4954 immundus
1612 4898 1786 4955 factus
1805 4909 1910 4966 ost,

339 4978 482 5033 sicut
531 4979 792 5050 scriptum
831 4991 915 5037 est
961 4983 1030 5039 de
1071 4999 1175 5039 ea:
1213 4983 1280 5040 Ut
1321 4987 1449 5058 quid
1491 4988 1682 5046 avertis
1721 4987 1913 5059 faciem

339 5082 510 5138 tuam,
555 5081 606 5126 et
642 5071 911 5134 dexteram
945 5083 1090 5135 tuam
1113 5075 1178 5131 de
1219 5077 1391 5133 medio
1414 5079 1536 5134 sinu
1575 5089 1667 5134 tuo
1688 5081 1712 5134 2’
1737 5079 1910 5152 (Psal.

341 5162 557 5233 LXXIII.)
591 5162 695 5220 Sed
730 5165 863 5235 quid
910 5167 1051 5222 aliud
1095 5169 1205 5222 ait?
1253 5169 1458 5225 Revoca
1495 5189 1612 5226 eam
1643 5173 1698 5226 in
1741 5172 1913 5226 sinum

342 5263 509 5308 tuum.
554 5253 850 5317 Revocavit,
897 5267 946 5312 et
995 5274 1198 5313 reversa
1241 5270 1317 5313 est
1363 5261 1433 5315 ad
1472 5261 1698 5326 colorem
1735 5278 1912 5324 suum.

343 5342 435 5398 Sic
479 5352 533 5398 et
578 5337 729 5414 plebs
768 5334 951 5400 Iudaea
983 5362 1128 5402 nunc
1165 5347 1339 5403 aliena
1367 5358 1451 5404 est
1488 5363 1520 5406 a
1549 5349 1671 5404 sinu
1702 5349 1821 5414 Dei,
1859 5358 1916 5406 et

341 5433 474 5489 foris
499 5433 774 5490 immunda
804 5437 1063 5496 remansit
1109 5455 1123 5491 :
1156 5427 1261 5493 sed)
1284 5449 1504 5495 revocat
1542 5455 1662 5514 eam
1693 5448 1748 5495 et
1778 5441 1918 5496 redit

342 5526 408 5579 ad
439 5527 728 5595 pristinum
750 5527 1008 5595 colorem,
1031 5529 1158 5583 dum
1188 5530 1468 5600 agnoverit
1488 5529 1774 5585 Dominum
1797 5527 1916 5585 Sal-

342 5624 603 5672 Vatorem.
640 5619 793 5675 Nunc
835 5620 981 5676 enim
1028 5621 1243 5677 emacitas
1290 5637 1358 5677 ex
1406 5631 1561 5692 parte
1605 5622 1830 5691 contigit
1861 5622 1914 5676 in

345 5707 530 5774 lsrael,
566 5710 735 5766 donec
778 5713 1054 5782 plenitudo
1082 5714 1317 5784 gentium
1367 5713 1684 5780 intraverit,
1740 5721 1793 5767 et
1836 5714 1915 5770 sic

2013 3251 2151 3306 vade
2189 3259 2244 3305 tu
2267 3290 2283 3316 ,
2321 3258 2377 3304 et
2402 3263 2503 3321 ego
2546 3250 2784 3320 aperiam
2832 3265 2896 3306 os
2935 3259 3120 3317 tuum,
3153 3261 3210 3306 et
3247 3251 3514 3308 instruam
3550 3263 3607 3310 te

2015 3361 2136 3416 qua:
2184 3345 2464 3402 locuturus
2507 3360 2596 3410 es;
2651 3344 2788 3400 satis
2830 3345 2919 3400 hic
2962 3353 3220 3414 apparet,
3249 3361 3356 3400 non
3385 3355 3606 3400 tantum

2016 3434 2374 3490 instructione
2413 3433 2548 3500 oris,
2600 3433 2694 3488 sed
2732 3433 2905 3502 ipsam
2943 3434 3108 3488 etiam
3147 3435 3503 3503 apertionem,
3531 3436 3607 3490 ad

2016 3527 2114 3583 Dei
2136 3527 2468 3584 voluntatem
2488 3535 2545 3581 et
2569 3526 2798 3598 gratiam
2827 3526 3120 3598 pertinere.
3161 3526 3277 3582 Non
3307 3527 3450 3583 enim
3477 3529 3560 3583 ait
3587 3546 3606 3582 :

2016 3621 2097 3678 Tu
2125 3622 2274 3693 aperi
2294 3636 2356 3676 os
2385 3629 2560 3685 tuum,
2576 3628 2633 3676 et
2654 3635 2753 3691 ego
2780 3620 3046 3675 iustruam
3069 3628 3122 3674 te
3147 3638 3160 3674 ε
3187 3620 3281 3675 sed
3303 3628 3610 3691 utrumque

2017 3715 2132 3783 ipse
2151 3711 2424 3783 permisit,
2467 3709 2725 3780 Aperiam
2787 3718 2842 3765 et
2886 3709 3173 3765 instruam.
3237 3709 3379 3765 Alibi
3412 3720 3613 3770 autem

2015 3801 2148 3857 dicit
2174 3803 2228 3856 in
2255 3799 2704 3872 psalmo:Dilata
2733 3817 2790 3854 os
2840 3810 2988 3854 tuum
3030 3810 3078 3854 et
3122 3798 3411 3870 adimplebo
3435 3799 3610 3866 illud

2017 3889 2246 3965 (Psalm.
2270 3891 2435 3965 Lxxs)
2454 3891 2575 3949 :ubi
2591 3890 2860 3960 signiﬁcat
2880 3891 2934 3945 in
2948 3889 3166 3946 homine
3183 3889 3625 3958 voluntatemlac-

2015 3985 2248 4057 cipiendi
2279 3985 2425 4057 quod
2460 3977 2603 4040 Deus
2627 3984 2792 4038 donat
2820 3983 3054 4048 volenti;
3081 3992 3139 4036 ut
3163 3983 3231 4038 ad
3265 3983 3557 4043 voluntatis

2015 4076 2301 4133 exordium
2327 4075 2616 4146 pertineat,
2641 4073 2810 4128 dilata
2836 4090 2892 4127 os
2924 4083 3096 4138 tuum,
3123 4073 3191 4127 ad
3221 4073 3316 4128 Dei
3338 4074 3608 4144 gratiam,

2015 4175 2066 4221 et
2095 4165 2388 4236 adimplebo
2438 4163 2612 4219 illud:
2641 4164 2732 4219 hic
2770 4179 2921 4229 vero,
2961 4171 3016 4218 et
3051 4163 3289 4233 aperiam
3336 4180 3399 4219 os
3441 4177 3610 4222 tuum

2015 4268 2072 4316 et
2120 4259 2384 4314 instruant
2429 4266 2498 4313 te.
2555 4258 2619 4311 At
2653 4256 2741 4311 ille
2766 4259 2794 4308 :'
2819 4254 3063 4320 Obsecro,
3092 4254 3301 4325 inquit,
3345 4255 3608 4321 Domine,

2016 4353 2159 4407 mitte
2184 4368 2337 4423 quem
2381 4351 2638 4405 missurus
2669 4365 2743 4403 es.
2787 4345 2966 4402 Iratus
2999 4345 3254 4401 Dominus
3282 4348 3336 4401 in
3375 4346 3615 4416 Moysen

2016 4443 2139 4497 ait:
2178 4443 2358 4496 Aaron
2397 4441 2565 4512 frater
2607 4449 2728 4494 tuus
2770 4437 3003 4502 Levites,
3029 4437 3135 4491 scio
3171 4437 3311 4508 quod
3350 4436 3613 4508 eloquens

2015 4533 2104 4587 sit.
2134 4532 2267 4588 Ecce
2287 4534 2394 4605 ipse
2414 4531 2708 4604 egredietur
2732 4531 2787 4584 in
2808 4546 3082 4584 occursum
3112 4539 3259 4584 tuum
3274 4530 3616 4603 ;.vidensque

2014 4631 2082 4687 te,
2105 4621 2370 4677 laetabitur
2391 4621 2567 4677 corde.
2591 4617 2824 4691 Loquere
2843 4619 2911 4673 ad
2937 4635 3055 4673 eum
3069 4630 3115 4673 et
3135 4635 3266 4689 pone
3297 4619 3449 4673 verba
3477 4637 3614 4677 mea

2014 4712 2068 4766 in
2127 4728 2217 4766 ore
2259 4713 2395 4783 ejus.
2438 4713 2552 4783 Ego
2598 4728 2687 4766 ero
2734 4711 2791 4766 in
2817 4728 2905 4767 ore
2927 4720 3017 4765 tuo
3059 4719 3108 4765 et
3147 4712 3202 4765 in
3228 4726 3317 4764 ore
3352 4710 3522 4780 illius,
3557 4727 3616 4771 et

2015 4802 2288 4858 ostendam
2310 4803 2452 4858 vobis
2472 4804 2597 4874 quid
2627 4819 2781 4873 agere
2807 4803 3056 4856 debeatis.
3087 4801 3208 4872 Ipse
3229 4801 3471 4875 loquetur
3501 4824 3616 4875 pro

2014 4905 2063 4948 te
2091 4895 2161 4948 ad
2187 4893 2460 4965 populum,
2483 4894 2580 4948 erit
2609 4909 2666 4946 os
2694 4902 2841 4949 tuum
2866 4904 2884 4942 :
2915 4900 2971 4944 tu
2993 4901 3168 4947 autent
3196 4893 3300 4947 eris
3329 4894 3376 4947 ei
3405 4895 3459 4947 in
3488 4895 3616 4964 Itis,

2013 5001 2132 5055 qua:
2170 4985 2240 5037 ad
2283 4983 2452 5039 Deum
2489 4983 2767 5052 pertinent.
2816 4979 3033 5052 Virgam
3057 4995 3268 5053 quoque
3285 4983 3421 5037 hanc
3446 5001 3620 5044 sume

2013 5077 2068 5128 in
2095 5090 2257 5139 manu
2285 5083 2377 5134 tua
2401 5086 2418 5124 :
2447 5073 2502 5126 in
2530 5089 2634 5144 qua
2663 5071 2904 5141 facturus
2937 5089 2991 5127 es
3020 5072 3189 5143 signa.

2089 5168 2198 5238 (Ex
2210 5165 2546 5238 Augustino.)
2565 5165 3026 5233 Quemadmodum
3041 5169 3460 5241 possetintelligi
3492 5173 3619 5230 ira-

2020 5274 2180 5314 scens
2203 5257 2362 5314 Deus.
2411 5256 2546 5323 Quia
2571 5272 2675 5311 non
2700 5258 2842 5311 sicut
2860 5258 3021 5312 homo
3049 5272 3148 5326 per
3168 5258 3619 5320 irrationabilem

2017 5347 2512 5419 perturbationem,
2553 5362 2648 5417 per
2681 5348 2862 5402 omnia
2891 5349 3179 5403 tenendum
3213 5357 3327 5415 est,
3365 5352 3454 5405 uhi
3495 5355 3622 5412 tale

2019 5437 2221 5508 aliquid
2243 5436 2526 5516 Scriptura
2549 5438 2679 5492 dicit
2701 5453 2770 5493 ne
2790 5439 2856 5494 de
2876 5439 2979 5494 hoc
3000 5437 3186 5494 eadem
3201 5455 3341 5510 saepe
3365 5442 3624 5502 dicenda

2019 5529 2146 5583 sint.
2188 5526 2294 5583 Sed
2324 5528 2519 5583 merito
2561 5529 2819 5598 quaeritur
2866 5544 2965 5583 cur
3002 5529 3092 5584 hic
3132 5529 3304 5586 iratus
3332 5531 3398 5586 de
3423 5533 3624 5595 fratrs

2021 5614 2188 5691 Moysi
2216 5621 2450 5686 dixerat,
2475 5621 2618 5690 quod
2649 5620 2764 5690 ipse
2785 5620 2859 5675 illi
2883 5620 3195 5690 loqueretur
3218 5624 3284 5678 ad
3313 5625 3620 5695 populum.

2021 5713 2244 5768 Videtur
2269 5712 2412 5768 enim
2441 5722 2697 5790 tanquam
2728 5711 2984 5768 difﬁdenti
3022 5729 3128 5768 non
3157 5714 3367 5770 dedisse
3391 5713 3622 5788 plenis-
