3992 6182
309 342 387 393 '25
1297 332 1801 397 COHDENTARIA
1841 338 1907 394 lli
1948 338 2263 398 EXODUM.
2307 372 2376 383 -—
2414 341 2550 399 LIB.
2588 342 2632 396 l.
3522 341 3598 396 '26

310 463 516 515 simam
563 454 880 511 facultatem
909 468 1075 526 quam
1103 455 1329 510 daturus
1360 465 1509 520 erat,
1553 464 1611 511 et
1651 470 1749 527 per
1771 455 1909 510 duos
1935 457 1986 517 Α
2012 469 2137 510 rare
2179 470 2311 526 ergo
2344 455 2606 512 Dominus
2640 448 2980 511 Pharaonem
3032 456 3253 523 dicitur,
3303 474 3407 512 non
3451 460 3596 529 quod

317 555 409 627 agi
442 552 675 608 voluisse
699 550 846 620 quod
874 556 932 605 et
956 558 1055 620 per
1085 563 1253 602 unum
1278 556 1463 619 posset
1490 549 1534 604 si
1564 547 1905 603 credidisset.

320 647 734 706 Verumtamen,
761 642 954 696 eadem
983 640 1151 695 verba
1176 640 1361 695 ("itania
1392 640 1710 710 diligentius
1730 639 1911 695 consi-

314 737 656 799 det-stamen
684 720 995 802 signiﬁcant
1019 733 1219 785 iratum
1237 731 1524 786 Dominum
1550 743 1650 800 pro
1672 730 1912 785 vindicta

317 828 543 884 dedisse
579 824 785 879 Aaron.
837 822 930 877 Sic
981 823 1127 878 enim
1154 822 1327 878 dicit:
1357 821 1548 876 Nonne
1586 837 1702 876 ecce
1733 824 1912 876 Aaron

320 918 494 988 frater
521 925 646 970 tuus
676 913 903 978 Levites,
946 915 1056 967 scio
1094 915 1219 984 quia
1248 912 1491 983 eloquens
1528 924 1641 977 est,
1670 911 1914 983 loquetur

320 1013 437 1081 ipse
460 1008 486 1062 2
512 1005 724 1074 Quibus
760 1004 941 1060 verbis
981 1002 1286 1059 ostenditur
1315 1003 1459 1058 Deus
1487 1002 1796 1073 increpasse
1819 1017 1914 1072 po-

323 1104 437 1157 tius
463 1115 590 1155 eum
613 1098 709 1169 qui
732 1098 952 1153 timeret
978 1097 1082 1163 ire,
1109 1097 1255 1167 quod
1276 1097 1391 1167 ipse
1421 1106 1565 1152 esset
1593 1097 1771 1151 minus
1800 1097 1915 1151 ido-

323 1203 484 1255 neus,
512 1203 637 1245 cum
672 1188 903 1243 haberet
931 1185 1156 1241 fratrem
1188 1200 1287 1256 per
1312 1192 1471 1256 quem
1511 1190 1693 1257 posset
1716 1187 1783 1241 ad
1814 1201 1915 1255 po-

322 1280 516 1350 pulant
546 1278 693 1348 loqui
718 1277 863 1347 quod
891 1276 1080 1338 vellet;
1110 1277 1382 1346 quomodo
1407 1286 1524 1332 erat
1555 1277 1669 1347 ipse
1697 1277 1916 1347 gracilis

322 1370 480 1426 vocis
513 1376 569 1425 et
608 1367 807 1439 linguae
840 1366 1132 1432 tardioris,
1184 1381 1495 1437 quanquam
1523 1368 1589 1422 de
1609 1364 1720 1422 Deo
1743 1375 1917 1421 totum

324 1475 551 1531 sperare
576 1459 821 1515 deberet.
851 1456 1057 1513 Deinde
1083 1458 1272 1513 eadem
1296 1458 1411 1527 ipsa
1440 1474 1563 1529 qua:
1596 1458 1757 1529 paulo
1790 1468 1916 1515 ante

2010 548 2123 618 ipse
2143 564 2267 604 eum
2293 549 2593 604 durabilem
2618 557 2674 604 et
2698 549 3092 605 inobedientem
3122 542 3304 615 faciat,
3335 552 3431 607 sed
3454 552 3602 623 quod

2012 638 2317 694 induratum
2364 653 2434 693 ne
2475 654 2602 694 eum
2648 640 2903 710 corrigat,
2936 637 3089 707 justo
3129 638 3334 710 judicio
3361 641 3568 696 derelin

2010 736 2161 800 quat.
2187 728 2473 800 Sequitur:
2499 730 2751 801 Dicesque
2764 731 2834 785 ad
2856 747 2999 797 eunt,-
3016 731 3144 786 Haec
3157 732 3282 787 dicit
3302 733 3559 789 Dominus
3580 752 3598 789 :

2012 822 2063 876 Γ
2065 824 2187 879 ilius
2218 842 2363 879 meus
2406 827 2785 896 primogenitus
2810 825 3005 882 Israel.
3057 828 3185 883 Dixi
3222 827 3358 882 tibi:
3383 826 3601 881 Dimitte

2010 913 2179 983 [ilium
2224 932 2397 969 meum
2438 925 2497 969 ut
2541 918 2734 970 serviat
2780 918 2911 972 mihi
2941 937 2962 975 :
3001 928 3050 973 et
3090 918 3305 973 noluisti
3345 918 3604 972 dimittere

2011 1021 2150 1058 eum.
2182 1004 2321 1059 Ecce
2346 1023 2439 1077 ego
2468 1006 2783 1076 inter/icium
2805 1007 2976 1077 ﬁlium
3005 1018 3154 1063 tuum
3174 1009 3601 1080 primogenitum.

2013 1096 2210 1150 Filium
2242 1094 2660 1165 primogenitum
2686 1097 2852 1152 Israel
2880 1108 3077 1154 vocat:
3120 1099 3248 1169 quia
3286 1099 3339 1153 in
3365 1098 3605 1168 patriar-

2014 1187 2130 1242 cbis
2153 1187 2365 1256 primus
2397 1187 2600 1243 electus
2635 1197 2739 1253 est,
2765 1190 2835 1244 ad
2860 1191 3019 1245 unius
3047 1190 3142 1244 Dei
3175 1190 3333 1244 fidem
3372 1197 3429 1244 et
3457 1191 3603 1244 noti-

2015 1277 2143 1331 tiam
2176 1286 2239 1332 ac
2265 1276 2437 1348 legem
2466 1276 2660 1333 littera:
2685 1269 3135 1349 praecipiendam;
3167 1289 3357 1349 postea
3384 1278 3602 1348 quidem

2014 1382 2112 1439 per
2132 1368 2480 1440 Evangelium
2507 1378 2695 1439 gentes
2720 1371 2788 1426 ad
2818 1371 2979 1424 fidem
3008 1369 3211 1427 Christi
3241 1371 3605 1427 convocanda:

2015 1468 2190 1515 erant.
2222 1457 2455 1529 Cumque
2485 1471 2648 1516 essent
2680 1462 2733 1516 in
2762 1463 2944 1517 itinere
2966 1462 3023 1517 in
3046 1462 3353 1528 diversorio,
3378 1463 3611 1517 occurrit

324 1552 686 1622 promiserat;
728 1558 785 1604 et
831 1559 1183 1619 posteaquam
1226 1551 1396 1605 iratus
1417 1558 1534 1615 est,
1565 1551 1720 1604 dicit.
1760 1551 1920 1607 Dixe-
2015 1550 2062 1606 ei
2089 1550 2357 1617 dominus,
2393 1560 2442 1606 et
2472 1552 2671 1607 uolebat
2701 1553 2937 1607 occidere
2974 1571 3112 1608 eum.
3152 1553 3294 1608 Tulit
3332 1552 3474 1607 illico
3508 1552 3611 1608 Se-

326 1653 415 1698 rat
438 1643 586 1698 enim
604 1659 618 1695 :
635 1642 750 1712 Ego
764 1658 855 1695 ero
881 1641 934 1694 in
950 1657 1042 1695 ore
1062 1650 1153 1695 tuo
1169 1653 1188 1692 .'
1206 1640 1502 1710 doceboque
1515 1650 1565 1695 te
1584 1641 1711 1712 quid
1733 1640 1920 1712 loqua-
2015 1642 2181 1713 pltora
2215 1643 2578 1697 acutissimam
2610 1652 2832 1714 petram,
2856 1653 2905 1696 et
2928 1643 3257 1698 circumcidit
3290 1643 3608 1714 pra-putium

309 1739 439 1801 ris;
464 1737 583 1792 sive
609 1745 671 1790 ut
695 1736 751 1789 in
788 1734 912 1789 aliis
935 1733 1337 1803 exemplaribus
1372 1733 1624 1797 habetur,
1645 1732 1762 1802 Ego
1794 1748 1917 1803 ape-

2017 1730 2118 1801 Ῐῗίίί
2152 1733 2259 1798 δαὶ,
2307 1735 2574 1804 tetigitque
2610 1734 2765 1805 pedes
2809 1734 2959 1803 ejus,
2991 1742 3039 1788 et
3068 1734 3143 1788 ait
3172 1750 3190 1788 :
3220 1732 3453 1804 Sponsus
3481 1748 3608 1786 san-

329 1830 466 1882 rituu
510 1845 570 1882 os
618 1834 793 1891 tuum,
831 1836 882 1881 et
910 1801 1171 1879 instruant
1216 1834 1286 1879 te.
1348 1822 1501 1880 Nunc
1532 1801 1715 1878 autem
1760 1801 1912 1889 dicit,
1943 1801 1993 1860 Β
2020 1822 2239 1892 guinum
2263 1832 2320 1877 tu
2346 1801 2475 1878 mihi
2488 1801 2574 1890 tes,
2608 1801 2657 1879 et
2689 1801 2889 1879 dimisit
2927 1842 3044 1879 eum
3068 1801 3339 1897 postquam
3367 1824 3608 1887 dixerat,

328 1918 443 1990 Ego
468 1930 564 1974 ero
593 1918 648 1972 in
679 1928 777 1972 ore
807 1925 932 1981 tuo,
969 1925 1023 1971 et
1056 1917 1121 1970 in
1148 1931 1245 1971 ore
1269 1916 1412 1971 illius
1437 1931 1453 1969 :
1482 1916 1629 1981 sive,
1671 1915 1915 1985 aperiam

327 2024 395 2064 cs
413 2016 561 2063 tuum
586 2017 641 2062 ct
663 2022 727 2063 os
752 2007 893 2079 ejus,
914 2017 972 2063 et
992 2008 1255 2063 instruam
1278 2023 1376 2063 vos
1396 2023 1518 2077 qua:
1538 2002 1769 2062 faciatis.
1808 2005 1918 2063 Sed

328 2097 603 2169 quomodo
625 2098 836 2154 addidit
861 2107 919 2153 et
947 2098 1198 2168 loquetur
1233 2099 1349 2168 ipse
1394 2098 1489 2153 tibi
1527 2099 1595 2153 ad
1634 2098 1913 2170 populum,

330 2191 548 2246 videtur
586 2191 700 2246 oris
743 2191 954 2262 apertio
995 2191 1238 2261 praestita
1263 2233 1279 2258 ,
1333 2202 1556 2262 propter
1602 2193 1746 2263 quod
1787 2192 1919 2248 dicit

331 2281 572 2353 Moyses,
596 2281 787 2353 linguae
811 2297 872 2337 se
898 2283 1170 2337 tardioris.
1215 2282 1290 2336 De
1315 2282 1468 2337 vocis
1487 2291 1666 2337 autem
1703 2282 1915 2353 gracili-

334 2379 473 2437 tate,
505 2369 639 2424 nihil
665 2371 717 2425 ei
738 2381 1003 2441 prmstare
1034 2371 1300 2427 Dominus
1331 2371 1530 2436 voluit,
1572 2372 1666 2427 sed
1695 2380 1920 2442 propter

333 2462 439 2518 hoc
464 2461 795 2531 adiutorium
828 2461 1014 2518 fratris
1056 2460 1305 2532 adjunxit
1328 2504 1344 2529 ,
1381 2465 1474 2533 qui
1512 2469 1695 2533 posset
1732 2478 1798 2518 ea
1839 2463 1918 2518 uti

332 2563 469 2608 voce
489 2568 611 2622 uitae
630 2554 829 2624 populo
845 2554 1090 2611 docendo
1112 2553 1401 2610 sufﬁceret.
1425 2554 1581 2622 Quod
1604 2560 1785 2609 autem
1816 2554 1921 2620 ait,-

335 2653 387 2699 et
432 2644 581 2699 dabis
613 2645 769 2700 uerba
807 2660 923 2700 mea
967 2647 1021 2701 in
1046 2662 1104 2699 os
1132 2645 1269 2716 ejus,
1310 2645 1549 2719 ostendit
1574 2646 1719 2717 quod
1748 2661 1813 2728 ea
1840 2646 1921 2701 lo-

333 2735 553 2809 quendo
572 2745 718 2793 esset
740 2738 986 2793 daturus.
1025 2736 1160 2793 Nam
1182 2738 1229 2795 si
1255 2739 1628 2795 tantummodo
1652 2738 1921 2794 audiendo

334 2827 482 2882 sicut
512 2828 742 2899 populo,
772 2829 829 2884 in
872 2845 1034 2885 aures
1077 2830 1303 2886 diceret.
1345 2830 1551 2887 Deinde
1585 2831 1730 2901 quod
1757 2832 1920 2901 paulo

334 2927 459 2989 post
477 2919 576 2986 ait,
602 2923 669 2975 etv
685 2920 940 2990 loquetur
962 2922 1077 2991 ipse
1101 2921 1196 2977 tibi
1220 2922 1289 2976 ad
1308 2921 1590 2993 populum,
1604 2930 1662 2977 et
1679 2922 1799 2992 ipse
1814 2921 1924 2976 erit

338 3021 484 3069 tuum
530 3028 616 3078 os,
650 3021 706 3068 et
733 3013 825 3068 hic
870 3013 1221 3080 subauditur,
1279 3014 1357 3069 ad-
1385 3014 1663 3085 populum.
1701 3015 1923 3070 Etcum

337 3106 487 3171 dicit,
515 3104 611 3159 tibi
636 3104 890 3174 loquetur
911 3104 979 3160 ad
1001 3105 1276 3176 populum,
1301 3105 1437 3162 satis
1462 3106 1664 3161 indicat
1689 3105 1743 3160 in
1773 3104 1922 3176 Moy-

2020 1911 2259 1983 Sponsus
2300 1919 2617 1986 sanguinum
2661 1926 2717 1970 tu
2758 1917 2886 1971 mihi
2919 1934 3007 1983 es,
3045 1919 3107 1972 ob
3133 1916 3601 1972 circumcisionem.

2017 2004 2168 2059 Dixit
2200 2017 2376 2061 autem
2404 2007 2661 2063 Dominus
2706 2009 2776 2063 ad
2796 2008 2975 2065 Aaron
3002 2027 3020 2065 :
3060 2007 3202 2064 Vade
3244 2010 3297 2064 in
3332 2024 3608 2063 occursum

2019 2092 2191 2161 Moysi
2221 2097 2278 2150 in
2318 2096 2542 2152 deserto.
2577 2096 2681 2164 Qui
2702 2100 2930 2169 perrexit
2966 2100 3016 2153 ei
3042 2099 3246 2153 obviam
3288 2100 3346 2153 in
3381 2107 3608 2151 montem

2017 2182 2136 2251 Dei,
2180 2197 2229 2241 et
2249 2187 2515 2242 osculatus
2556 2198 2632 2243 est
2678 2205 2818 2244 eum.
2857 2188 2966 2260 (Ex
2991 2188 3330 2260 Augustino.)
3361 2188 3606 2242 Primum

2018 2277 2299 2346 quaeritur,
2345 2292 2508 2347 quem
2558 2279 2774 2333 volebat
2825 2279 3050 2350 angelus
3099 2279 3387 2335 occidere:
3425 2287 3609 2332 utrum

2019 2370 2263 2443 Moysen,
2311 2371 2438 2441 quia
2482 2372 2685 2426 dictum
2733 2379 2819 2427 est
2849 2390 2864 2426 :
2893 2370 3147 2427 Occurrit
3190 2372 3242 2427 ei
3282 2370 3508 2442 angelus
3553 2378 3609 2425 et

2016 2464 2295 2533 quzerebat
2332 2478 2454 2518 eum
2494 2463 2766 2519 occidere.
2816 2462 2953 2518 Nam
2993 2463 3080 2517 cui
3109 2462 3388 2533 potabitur
3419 2476 3612 2517 occur-

2019 2556 2174 2620 risse,
2209 2555 2317 2610 nisi
2355 2555 2433 2610 illi
2468 2555 2561 2625 qui
2601 2555 2857 2610 universo
2892 2568 3115 2610 suorum
3150 2554 3433 2610 comitatui
3468 2566 3607 2624 pra:-

1993 2645 2159 2709 -buit,
2185 2654 2241 2700 et
2270 2661 2303 2699 a
2327 2661 2436 2716 quo
2470 2645 2653 2701 cteteri
2686 2646 3060 2701 ducebantur?
3096 2661 3165 2700 an
3196 2660 3424 2716 puerum
3461 2658 3611 2715 quae-

2019 2738 2176 2793 rebat
2206 2736 2475 2801 occidere,
2503 2737 2589 2792 cui
2631 2744 2808 2792 mater
2845 2736 3286 2793 circumcidendo
3327 2734 3606 2790 subvenit:

2019 2837 2081 2883 ut
2117 2829 2189 2885 ob
2225 2828 2332 2884 hoc
2368 2828 2702 2899 intelligatur
2743 2828 2994 2884 occidere
3038 2827 3277 2884 voluisse
3324 2825 3608 2888 infantem,

2020 2921 2147 2991 quia
2188 2936 2295 2976 non
2323 2929 2445 2975 erat
2479 2921 2865 2986 circumcisus,
2897 2931 3063 2990 atque
3106 2921 3182 2975 ita
3227 2919 3441 2974 sancire
3467 2934 3610 2987 pra:-

2020 3022 2239 3083 ccptum
2291 3012 2724 3068 circumcisionis
2778 3012 3069 3068 severitate
3116 3011 3406 3066 vindictae?
3457 3010 3609 3076 Quul

2020 3100 2068 3157 si
2098 3102 2174 3156 ita
2205 3110 2310 3166 est,
2338 3101 2603 3159 incertum
2633 3108 2718 3156 est
2739 3100 2911 3170 prius,
2944 3101 3011 3156 de
3039 3115 3146 3170 quo
3173 3099 3421 3154 dixerat:
3450 3095 3614 3163 Qua:-

335 3211 398 3251 se
444 3197 815 3267 principatum
838 3238 854 3263 ,
913 3198 968 3253 in
1024 3197 1204 3253 Aaron
1277 3198 1660 3254 ministerium.
1713 3199 1919 3254 DeinJe
1945 3191 1990 3254 (ζ
2023 3189 2166 3244 rebat
2198 3205 2317 3244 eum
2351 3190 2609 3256 occidere,
2650 3190 2778 3258 quia
2808 3182 3161 3260 ignarabatur
3186 3202 3368 3259 quem,
3399 3186 3505 3243 nisi
3541 3202 3609 3245 ex

337 3287 479 3357 quod
502 3285 616 3340 ait:
655 3285 735 3340 Tu
763 3297 939 3341 autem
966 3287 1045 3341 illi
1065 3289 1169 3343 eris
1181 3305 1300 3359 quis
1329 3289 1400 3343 ad
1426 3289 1594 3344 Deum
1616 3331 1632 3355 ,
1663 3302 1922 3360 magnum

337 3376 427 3433 hic
455 3376 709 3433 fortassis
751 3380 1201 3448 perscrutandum
1225 3389 1310 3436 est
1342 3390 1767 3447 sacramentum,
1795 3396 1921 3436 cum

339 3469 393 3525 in
422 3470 510 3525 his
542 3470 773 3541 ﬁguram
810 3479 1022 3543 gereret
1060 3472 1211 3529 velut
1255 3474 1467 3529 medius
1497 3473 1731 3546 Moyses,
1780 3474 1925 3528 inter

339 3559 506 3616 Deum
556 3571 613 3617 et
657 3561 864 3627 A‘aron,
911 3571 970 3618 et
1007 3563 1218 3618 medius
1238 3564 1419 3620 Aaron
1443 3566 1588 3621 inter
1617 3564 1837 3637 Moysen
1866 3571 1925 3621 et

339 3651 613 3725 populum.
654 3651 829 3723 Igitur
848 3655 991 3723 quod
1021 3654 1153 3709 dicit
1187 3654 1399 3726 Moyses
1426 3672 1486 3712 se
1518 3672 1623 3712 non
1659 3671 1781 3712 esse
1811 3656 1924 3712 elo-

342 3751 593 3811 quentem
644 3744 716 3798 ab
756 3744 876 3799 beri
922 3752 981 3800 et
1022 3746 1448 3812 nudiustertius,
1476 3762 1545 3802 ex
1574 3762 1684 3818 quo
1710 3747 1925 3801 locutus

341 3840 425 3887 est
449 3835 517 3888 ad
540 3833 692 3888 illum
717 3834 1005 3901 Dominus,
1024 3836 1119 3892 sed
1143 3838 1404 3893 tardioris
1426 3846 1590 3908 atque
1616 3839 1925 3909 impeditio-

345 3921 418 3977 ris
441 3922 639 4003 lingua:
671 3939 794 3980 esse
816 3965 833 3991 ,
885 3927 1124 3982 Ostendit
1160 3927 1307 3999 quod
1343 3943 1535 3984 omnes
1582 3929 1830 3985 homines
1868 3930 1924 3984 in

343 4017 747 4086 comparatione
789 4018 958 4074 divini
978 4019 1127 4074 verbi
1147 4060 1163 4087 ,
1201 4034 1309 4075 non
1333 4020 1508 4076 solum
1531 4021 1923 4092 ineloquentes,

344 4109 439 4164 sed
473 4116 542 4163 et.
568 4109 703 4164 muti
734 4110 958 4179 putandi
1003 4112 1147 4166 sunt.
1188 4110 1371 4168 Donec
1401 4113 1546 4168 enim
1586 4112 1795 4185 Moyses
1826 4112 1928 4168 fuit

343 4198 695 4271 indigypto:
726 4216 834 4257 non
878 4203 1094 4258 tardum
1133 4205 1197 4259 se
1228 4203 1408 4275 lingua
1449 4206 1756 4276 proﬁtetur.
1794 4205 1927 4261 Erat

342 4291 484 4344 etiim
514 4289 790 4363 Egyptiis
812 4292 1122 4362 eloquentia
1152 4295 1611 4365 ineomparabilis.
1632 4294 1731 4351 Ubi
1762 4296 1928 4364 coepit

344 4384 532 4439 audire
551 4399 743 4440 vocem
767 4385 884 4449 Dei,
912 4393 1041 4442 tunc
1064 4387 1235 4442 sensit
1253 4403 1312 4443 se
1339 4389 1552 4443 tardum
1569 4403 1693 4443 esse
1718 4386 1923 4458 lingua.

344 4473 451 4529 Sed
478 4475 608 4544 quia
653 4476 708 4530 in
757 4476 811 4530 id
850 4477 1197 4548 proﬁciebat,
1246 4487 1304 4533 ut
1333 4488 1653 4551 agnosceret
1679 4481 1928 4551 semetip-

344 4579 485 4630 sum,
509 4565 709 4623 tnerito
728 4582 760 4621 a
785 4566 1041 4634 Domino,
1062 4568 1301 4625 audivit:
1325 4569 1443 4642 Ego
1489 4586 1580 4625 ero
1608 4572 1666 4625 in
1699 4586 1791 4627 ore
1810 4581 1920 4626 tuo.

939 4678 1168 4737 CAPUT
1204 4680 1337 4737 VIII.

344 4766 424 4822 De
460 4769 753 4825 reversione
774 4768 947 4841 Hoysi
983 4771 1372 4854 in/Eggptum,
1410 4784 1459 4830 et
1492 4772 1667 4846 angeli
1704 4791 1929 4830 occursu

1038 4859 1096 4897 υῑ
1124 4860 1228 4898 vta.

416 4930 559 4987 Tulit
583 4932 791 5004 Moyses
817 4944 1036 4989 uxorem
1064 4945 1115 4990 et
1137 4935 1278 5006 filios
1302 4954 1449 5003 suos,
1483 4946 1534 4993 et
1557 4938 1806 5009 imposuit
1840 4953 1929 4993 eos

343 5037 504 5094 super
528 5025 737 5079 asinum
760 5039 781 5077 ε
815 5041 1151 5098 reuersusque
1181 5037 1260 5082 est
1293 5029 1348 5083 in
1367 5026 1678 5100 diggptum,
1715 5030 1929 5083 portans

347 5114 548 5185 uirgam
575 5113 671 5170 Dei
699 5116 757 5170 in
784 5129 948 5170 manu
974 5134 1093 5172 sua.
1119 5117 1368 5190 Dixitque
1392 5120 1443 5174 ei
1468 5119 1726 5174 Dominus
1763 5135 1932 5173 rever-

346 5205 475 5260 tenti
496 5205 553 5261 in
564 5203 859 5277 tEgyptum
884 5225 904 5264 :
935 5204 1085 5273 Vide,
1113 5218 1173 5263 ut
1200 5211 1378 5264 omnia
1404 5219 1611 5265 ostenta
1634 5226 1752 5282 qua!
1778 5210 1933 5282 posui

347 5297 405 5351 in
429 5312 590 5352 manu
617 5307 732 5363 tua,
767 5298 938 5369 facias
975 5316 1155 5355 coram
1184 5300 1482 5357 Pharaone.
1517 5300 1635 5373 Ego
1670 5301 1932 5356 indurobo

347 5402 441 5442 cor
469 5389 606 5459 ejus,
638 5399 695 5445 et
723 5406 829 5445 non
861 5390 1084 5445 dimittet
1116 5390 1369 5463 populum
1411 5391 1608 5464 (Exod.
1645 5393 1743 5464 tv).
1790 5392 1934 5459 Quo-

348 5481 510 5537 modo
531 5497 664 5553 ergo
691 5482 785 5539 hic
808 5480 1070 5538 Dominus
1093 5482 1247 5548 dicit,
1274 5481 1548 5538 Indurabo
1583 5500 1677 5537 cor
1711 5483 1850 5554 ejus,
1877 5490 1934 5538 et

348 5584 456 5628 non
492 5572 730 5629 dimittet
764 5572 1044 5645 populum,
1080 5588 1205 5629 cum
1237 5574 1529 5645 Apostolus
1564 5574 1746 5630 taliter
1774 5574 1840 5629 de
1864 5589 1931 5629 eo

348 5663 553 5723 reterat
577 5666 767 5722 dicens
798 5682 812 5718 :
853 5663 959 5731 Qui
992 5663 1101 5719 uult
1130 5680 1307 5719 omnes
1332 5664 1567 5719 homines
1599 5662 1769 5720 salvos
1789 5663 1926 5733 ﬁeri,

345 5764 401 5825 ᾳ
421 5755 493 5825 ad
509 5758 832 5832 agnitionem
856 5757 1083 5812 raritatis
1104 5757 1368 5827 pervenire
1399 5754 1450 5830 (Ι
1476 5754 1611 5811 Tim.
1630 5755 1729 5828 tl)?
1763 5755 1929 5821 Indu-

2022 3281 2485 3351 consequentibus
2525 3280 2848 3350 reperiatur.
2892 3280 3027 3335 Mira
3057 3293 3191 3335 sane
3216 3279 3419 3335 locutio
3446 3288 3502 3334 et
3530 3278 3613 3333 iu-

2020 3374 2248 3440 usitata,
2277 3381 2336 3428 ut
2364 3374 2515 3444 prius
2539 3373 2767 3441 diceret,
2796 3374 3025 3427 occurrit
3048 3374 3097 3427 ei
3131 3380 3182 3426 et
3199 3371 3464 3442 quwrebat
3490 3387 3612 3426 eum

2022 3467 2282 3533 occidere,
2310 3466 2378 3522 de
2402 3481 2509 3536 quo
2537 3466 2673 3522 nihil
2702 3475 2827 3522 ante
2863 3454 3097 3522 dix'erat.
3158 3464 3265 3522 Sed
3294 3465 3421 3521 talis
3444 3472 3530 3520 est
3557 3464 3616 3521 in

2020 3555 2266 3630 psalmo:
2293 3554 2668 3611 Fundamenta
2697 3556 2814 3626 ejus
2838 3556 2895 3611 in
2921 3556 3182 3611 montibus
3218 3557 3419 3611 sanctis
3442 3572 3462 3611 :
3488 3556 3616 3610 dili-

2022 3650 2097 3721 git
2123 3646 2380 3705 Dominus
2414 3655 2600 3717 portas
2617 3644 2745 3701 Sion
2763 3643 2990 3717 (Psalm.
3024 3645 3270 3718 Lxxxw).
3310 3646 3439 3702 lude
3466 3646 3616 3702 enim

2023 3740 2269 3812 psalmus
2304 3738 2495 3807 incipit
2520 3752 2677 3800 :,nec
2720 3737 2921 3806 aliquid
2955 3738 3023 3792 de
3057 3737 3150 3793 illo
3184 3738 3271 3793 vel
3301 3738 3368 3793 de
3405 3737 3494 3792 illa
3531 3737 3617 3791 di-

2025 3839 2185 3887 xerat
2210 3872 2226 3897 ,
2275 3826 2432 3898 cujus
2478 3827 2831 3884 fundamenta
2885 3828 3112 3899 intelligi
3161 3827 3333 3884 voluit
3384 3828 3605 3885 dicens:

2023 3921 2399 3978 Fundamenta
2447 3919 2568 3990 ejus
2615 3920 2669 3975 in
2713 3920 2989 3976 montibus
3041 3921 3265 3976 sanctis.
3331 3919 3438 3977 Sed
3489 3921 3617 3991 quia

2024 4014 2272 4084 sequitur
2315 4011 2490 4083 diligit
2515 4011 2775 4067 Dominus
2824 4020 3011 4083 portas
3055 4009 3211 4076 Sion,
3237 4025 3369 4083 ergo
3418 4010 3613 4066 funda-

2024 4111 2209 4158 menta
2233 4102 2319 4157 vel
2344 4101 2559 4158 Domini
2585 4100 2669 4158 vel
2695 4100 2849 4168 Sion,
2879 4111 2935 4158 et
2962 4102 3029 4156 ad
3055 4101 3353 4158 faciliorem
3392 4114 3615 4157 sensum

2025 4197 2201 4271 magis
2227 4196 2382 4262 Sion,
2442 4205 2502 4250 ut
2552 4194 2904 4251 fundamenta
2952 4195 3191 4251 civitatis
3237 4194 3614 4263 accipiantur:

2026 4293 2106 4348 sic
2152 4298 2209 4346 et
2255 4290 2346 4345 hic
2393 4287 2634 4344 nondum
2682 4287 2959 4341 nominato
3005 4283 3213 4338 infante
3252 4284 3456 4338 dictum
3496 4289 3614 4338 est:

2029 4382 2273 4438 Occurrit
2321 4381 2389 4445 ei,
2432 4388 2480 4433 et
2523 4377 2790 4448 quwrebat
2831 4392 2950 4431 eum
2989 4375 3258 4441 occidere;
3307 4381 3369 4429 ut
3416 4374 3483 4430 de
3507 4390 3621 4445 quo

2028 4475 2262 4539 dixerat,
2292 4472 2347 4527 in
2376 4468 2833 4539 consequentibus
2855 4482 3248 4538 agnoscamus;
3301 4482 3616 4537 quanquam

2029 4575 2086 4624 et
2109 4566 2155 4622 si
2186 4566 2253 4621 de
2274 4564 2455 4635 Moyse
2494 4561 2743 4633 accipere
2778 4561 3067 4632 quisquam
3097 4559 3346 4624 voluerit,
3378 4574 3487 4615 non
3534 4564 3621 4616 est

2028 4668 2357 4729 magnopere
2385 4652 2767 4711 resistendum.
2803 4651 2939 4706 Illud
2964 4649 3146 4722 potius
3173 4648 3316 4721 quod
3344 4648 3617 4721 sequitur,

2028 4750 2076 4806 si
2115 4748 2235 4804 ﬁeri
2274 4754 2474 4819 potest,
2514 4744 2848 4815 intelligatur
2880 4741 3010 4812 quid
3047 4740 3150 4797 sibi
3184 4740 3333 4805 velit,
3369 4740 3493 4795 ideo
3528 4753 3620 4794 re-

2032 4839 2264 4897 cessisse
2295 4836 2546 4909 angelum
2574 4836 2643 4890 ab
2673 4832 3054 4890 interfectione
3090 4830 3379 4902 cujuslibet
3406 4844 3616 4896 eorum,

2027 4931 2156 5001 quia
2183 4928 2322 4984 dixit
2357 4925 2590 4982 mulier:
2617 4922 2853 4994 Sponsus
2874 4922 3192 4992 sanguinum
3227 4928 3284 4973 tu
3314 4918 3442 4972 mihi
3468 4934 3521 4972 es
3547 4916 3621 4972 ob

2027 5019 2522 5083 circumcisionem,
2565 5015 2684 5070 sive
2722 5013 2879 5085 juxta
2920 5012 3027 5068 alia
3063 5009 3420 5080 exemplaria,
3465 5005 3619 5061 Stetit

2028 5111 2244 5183 sanguis
2278 5106 2694 5164 circumcisionis
2736 5104 2979 5174 infantis.
3046 5101 3167 5158 Non
3212 5101 3357 5156 enim
3407 5098 3482 5152 ait
3533 5110 3620 5150 re-

2036 5204 2203 5262 cessit
2230 5203 2300 5258 ab
2325 5216 2392 5258 eo
2408 5208 2631 5271 propter
2658 5196 2802 5267 quod
2826 5194 3167 5252 circumcidit
3199 5190 3488 5253 infantem;
3520 5185 3621 5249 sed

2037 5296 2165 5368 quia
2194 5294 2347 5351 stetit
2381 5291 2604 5363 sanguis
2633 5287 3094 5352 circumcisionis;
3132 5301 3240 5340 non
3269 5282 3395 5352 quia
3426 5292 3618 5332 cucur-

2038 5389 2130 5454 rit,
2171 5386 2267 5443 sed
2305 5384 2432 5455 quia
2472 5383 2626 5439 stetit
2659 5396 2877 5452 magno,
2922 5380 2979 5436 ni
3023 5377 3203 5443 fallor,
3257 5376 3617 5437 sacramento,

2039 5477 2347 5534 Secundum
2386 5473 2669 5531 historiam
2705 5486 2838 5527 vero
2866 5478 3043 5527 mater
3071 5466 3309 5541 gentilis,
3325 5460 3623 5528 novitatem

2037 5569 2117 5625 rei
2146 5567 2443 5632 admirans,
2474 5565 2658 5639 ignara
2680 5564 2938 5635 pramepti
2964 5560 3107 5632 quod
3131 5554 3410 5612 Abraham
3431 5553 3623 5621 datum

2038 5669 2125 5718 est
2154 5656 2592 5721 circumcisione,
2641 5655 2711 5710 ad
2747 5653 2965 5725 Moysen
3006 5648 3183 5720 potuit
3220 5644 3345 5707 dici,
3381 5642 3622 5713 Sponsus

2032 5753 2348 5826 sanguinum
2371 5757 2428 5805 tu
2452 5748 2580 5804 mihi
2604 5763 2659 5802 es
2682 5759 2701 5799 :
2730 5759 2794 5799 ac
2819 5743 2863 5799 si
2893 5742 3118 5809 diceret,
3151 5738 3288 5794 ritus
3311 5734 3488 5809 gentis
3514 5742 3624 5801 tura
