  <div class='ocr_page' id='page_1' title='image "/cluster/home/n/w/nwhite01/storage/ocr_20150623/108/hvd.32044054759733/019.png"; bbox 0 0 4052 6184; ppageno 0'>
   <div class='ocr_carea' id='block_1_1' title="bbox 341 311 3612 372">
    <p class='ocr_par' dir='ltr' id='par_1_1' title="bbox 341 311 3612 372">
     <span class='ocr_line' id='line_1_1' title="bbox 341 311 3612 372; baseline 0 -3"><span class='ocrx_word' id='word_1_1' title='bbox 341 317 404 369; x_wconf 65' lang='grc'><strong>27</strong></span> <span class='ocrx_word' id='word_1_2' title='bbox 988 311 1045 364; x_wconf 84' lang='grc' dir='ltr'><strong>Β.</strong></span> <span class='ocrx_word' id='word_1_3' title='bbox 1092 311 1340 365; x_wconf 69' lang='lat' dir='ltr'><strong>BADANI</strong></span> <span class='ocrx_word' id='word_1_4' title='bbox 1381 313 1596 368; x_wconf 70' lang='lat' dir='ltr'><strong>MAUIH</strong></span> <span class='ocrx_word' id='word_1_5' title='bbox 1638 313 1954 369; x_wconf 63' lang='lat' dir='ltr'><strong>AlttlllleP.</strong></span> <span class='ocrx_word' id='word_1_6' title='bbox 2001 315 2308 371; x_wconf 74' lang='lat' dir='ltr'><strong>MOGUNT.</strong></span> <span class='ocrx_word' id='word_1_7' title='bbox 2351 316 2636 372; x_wconf 74' lang='lat' dir='ltr'><strong>OPERUM</strong></span> <span class='ocrx_word' id='word_1_8' title='bbox 2679 317 2856 372; x_wconf 78' lang='lat' dir='ltr'><strong>PARS</strong></span> <span class='ocrx_word' id='word_1_9' title='bbox 2897 317 2934 371; x_wconf 87' lang='grc' dir='ltr'><strong>Ι.</strong></span> <span class='ocrx_word' id='word_1_10' title='bbox 3545 319 3612 370; x_wconf 58' lang='lat'><strong>&quot;2‘5</strong></span> 
     </span>
    </p>
   </div>
   <div class='ocr_carea' id='block_1_2' title="bbox 340 426 3616 501">
    <p class='ocr_par' dir='ltr' id='par_1_2' title="bbox 340 426 3616 501">
     <span class='ocr_line' id='line_1_2' title="bbox 340 426 3616 501; baseline 0.002 -21"><span class='ocrx_word' id='word_1_11' title='bbox 340 429 479 496; x_wconf 63' lang='lat' dir='ltr'><strong>vagit</strong></span> <span class='ocrx_word' id='word_1_12' title='bbox 525 441 609 480; x_wconf 85' lang='lat' dir='ltr'><strong>me</strong></span> <span class='ocrx_word' id='word_1_13' title='bbox 641 427 954 496; x_wconf 84' lang='lat' dir='ltr'><strong>sanguinem</strong></span> <span class='ocrx_word' id='word_1_14' title='bbox 993 426 1218 480; x_wconf 79' lang='lat' dir='ltr'><strong>fundere</strong></span> <span class='ocrx_word' id='word_1_15' title='bbox 1266 427 1355 480; x_wconf 82' lang='lat' dir='ltr'><strong>lilii</strong></span> <span class='ocrx_word' id='word_1_16' title='bbox 1395 429 1501 481; x_wconf 90' lang='lat' dir='ltr'><strong>mei</strong></span> <span class='ocrx_word' id='word_1_17' title='bbox 1539 428 1609 482; x_wconf 88' lang='lat' dir='ltr'><strong>ob</strong></span> <span class='ocrx_word' id='word_1_18' title='bbox 1640 428 1926 482; x_wconf 85' lang='lat' dir='ltr'><strong>circumci—</strong></span> <span class='ocrx_word' id='word_1_19' title='bbox 1953 434 2000 486; x_wconf 81' lang='grc' dir='ltr'>Α</span> <span class='ocrx_word' id='word_1_20' title='bbox 2031 445 2166 483; x_wconf 75' lang='lat' dir='ltr'><strong>rum&#39;</strong></span> <span class='ocrx_word' id='word_1_21' title='bbox 2203 430 2534 485; x_wconf 79' lang='lat' dir='ltr'><strong>l‘haraonem</strong></span> <span class='ocrx_word' id='word_1_22' title='bbox 2595 432 2661 486; x_wconf 87' lang='lat' dir='ltr'><strong>ad</strong></span> <span class='ocrx_word' id='word_1_23' title='bbox 2713 432 2965 501; x_wconf 85' lang='lat' dir='ltr'><strong>populum</strong></span> <span class='ocrx_word' id='word_1_24' title='bbox 3019 431 3432 498; x_wconf 85' lang='lat' dir='ltr'><strong>dimittendum,</strong></span> <span class='ocrx_word' id='word_1_25' title='bbox 3488 434 3616 488; x_wconf 85' lang='lat' dir='ltr'><strong>illud</strong></span> 
     </span>
    </p>
   </div>
   <div class='ocr_carea' id='block_1_3' title="bbox 339 516 1928 585">
    <p class='ocr_par' dir='ltr' id='par_1_3' title="bbox 339 516 1928 585">
     <span class='ocr_line' id='line_1_3' title="bbox 339 516 1928 585; baseline 0 -15"><span class='ocrx_word' id='word_1_26' title='bbox 339 519 567 580; x_wconf 73' lang='lat' dir='ltr'><strong>sionem,</strong></span> <span class='ocrx_word' id='word_1_27' title='bbox 607 516 750 584; x_wconf 88' lang='lat' dir='ltr'><strong>quod</strong></span> <span class='ocrx_word' id='word_1_28' title='bbox 787 516 908 569; x_wconf 87' lang='lat' dir='ltr'><strong>aliis</strong></span> <span class='ocrx_word' id='word_1_29' title='bbox 951 517 1200 585; x_wconf 77' lang='lat' dir='ltr'><strong>gentibus</strong></span> <span class='ocrx_word' id='word_1_30' title='bbox 1243 519 1410 571; x_wconf 89' lang='lat' dir='ltr'><strong>moris</strong></span> <span class='ocrx_word' id='word_1_31' title='bbox 1454 534 1559 571; x_wconf 90' lang='lat' dir='ltr'><strong>non</strong></span> <span class='ocrx_word' id='word_1_32' title='bbox 1607 527 1688 572; x_wconf 87' lang='lat' dir='ltr'><strong>est</strong></span> <span class='ocrx_word' id='word_1_33' title='bbox 1730 518 1928 573; x_wconf 79' lang='lat' dir='ltr'><strong>facere.</strong></span> 
     </span>
    </p>
   </div>
   <div class='ocr_carea' id='block_1_4' title="bbox 341 607 1932 677">
    <p class='ocr_par' dir='ltr' id='par_1_4' title="bbox 341 607 1932 677">
     <span class='ocr_line' id='line_1_4' title="bbox 341 607 1932 677; baseline 0 -17"><span class='ocrx_word' id='word_1_34' title='bbox 341 608 651 661; x_wconf 75' lang='lat' dir='ltr'><strong>Secundum</strong></span> <span class='ocrx_word' id='word_1_35' title='bbox 695 607 1012 676; x_wconf 73' lang='lat' dir='ltr'><strong>mysterium</strong></span> <span class='ocrx_word' id='word_1_36' title='bbox 1059 616 1239 660; x_wconf 89' lang='lat' dir='ltr'><strong>autem</strong></span> <span class='ocrx_word' id='word_1_37' title='bbox 1277 607 1519 676; x_wconf 90' lang='lat' dir='ltr'><strong>Sephora</strong></span> <span class='ocrx_word' id='word_1_38' title='bbox 1557 617 1738 677; x_wconf 90' lang='lat' dir='ltr'><strong>typum</strong></span> <span class='ocrx_word' id='word_1_39' title='bbox 1787 616 1932 660; x_wconf 76' lang='lat' dir='ltr'><strong>tenet</strong></span> 
     </span>
    </p>
   </div>
   <div class='ocr_carea' id='block_1_5' title="bbox 343 698 1932 768">
    <p class='ocr_par' dir='ltr' id='par_1_5' title="bbox 343 698 1932 768">
     <span class='ocr_line' id='line_1_5' title="bbox 343 698 1932 768; baseline 0 -16"><span class='ocrx_word' id='word_1_40' title='bbox 343 699 597 753; x_wconf 72' lang='lat' dir='ltr'><strong>Ecclesia:</strong></span> <span class='ocrx_word' id='word_1_41' title='bbox 645 700 711 754; x_wconf 87' lang='lat' dir='ltr'><strong>de</strong></span> <span class='ocrx_word' id='word_1_42' title='bbox 757 698 1008 768; x_wconf 74' lang='lat' dir='ltr'><strong>gentibus</strong></span> <span class='ocrx_word' id='word_1_43' title='bbox 1055 714 1173 766; x_wconf 66' lang='lat' dir='ltr'><strong>quat</strong></span> <span class='ocrx_word' id='word_1_44' title='bbox 1216 701 1538 768; x_wconf 72' lang='lat' dir='ltr'><strong>pl‘tltptttitlm</strong></span> <span class='ocrx_word' id='word_1_45' title='bbox 1591 700 1684 752; x_wconf 80' lang='lat' dir='ltr'><strong>lilii</strong></span> <span class='ocrx_word' id='word_1_46' title='bbox 1732 700 1835 762; x_wconf 85' lang='lat' dir='ltr'><strong>sui,</strong></span> <span class='ocrx_word' id='word_1_47' title='bbox 1877 699 1932 752; x_wconf 89' lang='lat' dir='ltr'><strong>id</strong></span> 
     </span>
    </p>
   </div>
   <div class='ocr_carea' id='block_1_6' title="bbox 339 789 1938 860">
    <p class='ocr_par' dir='ltr' id='par_1_6' title="bbox 339 789 1938 860">
     <span class='ocr_line' id='line_1_6' title="bbox 339 789 1938 860; baseline 0.001 -17"><span class='ocrx_word' id='word_1_48' title='bbox 339 800 443 852; x_wconf 85' lang='lat' dir='ltr'><strong>cst,</strong></span> <span class='ocrx_word' id='word_1_49' title='bbox 479 789 657 857; x_wconf 78' lang='lat' dir='ltr'>populi</span> <span class='ocrx_word' id='word_1_50' title='bbox 695 789 942 860; x_wconf 77' lang='lat' dir='ltr'><strong>gentilis,</strong></span> <span class='ocrx_word' id='word_1_51' title='bbox 979 790 1291 843; x_wconf 85' lang='lat' dir='ltr'><strong>acutissima</strong></span> <span class='ocrx_word' id='word_1_52' title='bbox 1325 799 1474 857; x_wconf 82' lang='lat' dir='ltr'><strong>petra</strong></span> <span class='ocrx_word' id='word_1_53' title='bbox 1503 831 1516 854; x_wconf 91' lang='lat'><strong>,</strong></span> <span class='ocrx_word' id='word_1_54' title='bbox 1559 792 1662 843; x_wconf 90' lang='lat' dir='ltr'><strong>hoc</strong></span> <span class='ocrx_word' id='word_1_55' title='bbox 1691 800 1801 854; x_wconf 84' lang='lat' dir='ltr'><strong>est,</strong></span> <span class='ocrx_word' id='word_1_56' title='bbox 1839 791 1938 844; x_wconf 85' lang='lat' dir='ltr'><strong>do-</strong></span> 
     </span>
    </p>
   </div>
   <div class='ocr_carea' id='block_1_7' title="bbox 339 879 1932 949">
    <p class='ocr_par' dir='ltr' id='par_1_7' title="bbox 339 879 1932 949">
     <span class='ocr_line' id='line_1_7' title="bbox 339 879 1932 949; baseline 0.004 -21"><span class='ocrx_word' id='word_1_57' title='bbox 339 879 514 932; x_wconf 78' lang='lat' dir='ltr'><strong>ctrina</strong></span> <span class='ocrx_word' id='word_1_58' title='bbox 561 879 795 948; x_wconf 89' lang='lat' dir='ltr'><strong>Spiritus</strong></span> <span class='ocrx_word' id='word_1_59' title='bbox 844 879 1014 933; x_wconf 83' lang='lat' dir='ltr'><strong>sancti</strong></span> <span class='ocrx_word' id='word_1_60' title='bbox 1052 881 1164 933; x_wconf 88' lang='lat' dir='ltr'><strong>sive</strong></span> <span class='ocrx_word' id='word_1_61' title='bbox 1205 879 1292 932; x_wconf 88' lang='lat' dir='ltr'><strong>illa</strong></span> <span class='ocrx_word' id='word_1_62' title='bbox 1339 889 1492 948; x_wconf 88' lang='lat' dir='ltr'><strong>petra</strong></span> <span class='ocrx_word' id='word_1_63' title='bbox 1539 881 1605 934; x_wconf 89' lang='lat' dir='ltr'><strong>de</strong></span> <span class='ocrx_word' id='word_1_64' title='bbox 1648 896 1752 949; x_wconf 87' lang='lat' dir='ltr'><strong>qua</strong></span> <span class='ocrx_word' id='word_1_65' title='bbox 1803 881 1932 935; x_wconf 90' lang='lat' dir='ltr'><strong>dicit</strong></span> 
     </span>
    </p>
   </div>
   <div class='ocr_carea' id='block_1_8' title="bbox 341 969 1929 1043">
    <p class='ocr_par' dir='ltr' id='par_1_8' title="bbox 341 969 1929 1043">
     <span class='ocr_line' id='line_1_8' title="bbox 341 969 1929 1043; baseline 0.001 -21"><span class='ocrx_word' id='word_1_66' title='bbox 341 970 629 1038; x_wconf 72' lang='lat' dir='ltr'><strong>Apostolus</strong></span> <span class='ocrx_word' id='word_1_67' title='bbox 675 989 688 1023; x_wconf 86' lang='lat'><strong>:</strong></span> <span class='ocrx_word' id='word_1_68' title='bbox 742 969 898 1024; x_wconf 81' lang='lat' dir='ltr'><strong>Petra</strong></span> <span class='ocrx_word' id='word_1_69' title='bbox 945 981 1118 1023; x_wconf 82' lang='lat' dir='ltr'><strong>autent</strong></span> <span class='ocrx_word' id='word_1_70' title='bbox 1165 983 1276 1023; x_wconf 86' lang='lat' dir='ltr'><strong>erat</strong></span> <span class='ocrx_word' id='word_1_71' title='bbox 1318 970 1558 1024; x_wconf 77' lang='lat' dir='ltr'><strong>Christus</strong></span> <span class='ocrx_word' id='word_1_72' title='bbox 1611 972 1658 1039; x_wconf 92' lang='lat' dir='ltr'><strong>(I</strong></span> <span class='ocrx_word' id='word_1_73' title='bbox 1692 971 1811 1024; x_wconf 88' lang='lat' dir='ltr'><strong>Cor.</strong></span> <span class='ocrx_word' id='word_1_74' title='bbox 1851 973 1929 1043; x_wconf 68' lang='grc' dir='ltr'><strong>Χ),</strong></span> 
     </span>
    </p>
   </div>
   <div class='ocr_carea' id='block_1_9' title="bbox 341 1062 1932 1132">
    <p class='ocr_par' dir='ltr' id='par_1_9' title="bbox 341 1062 1932 1132">
     <span class='ocr_line' id='line_1_9' title="bbox 341 1062 1932 1132; baseline 0.003 -18"><span class='ocrx_word' id='word_1_75' title='bbox 341 1062 498 1114; x_wconf 85' lang='lat' dir='ltr'><strong>docet</strong></span> <span class='ocrx_word' id='word_1_76' title='bbox 544 1063 991 1132; x_wconf 80' lang='lat' dir='ltr'><strong>exspoliationem</strong></span> <span class='ocrx_word' id='word_1_77' title='bbox 1032 1064 1226 1116; x_wconf 88' lang='lat' dir='ltr'><strong>veteris</strong></span> <span class='ocrx_word' id='word_1_78' title='bbox 1273 1064 1506 1118; x_wconf 86' lang='lat' dir='ltr'><strong>hominis</strong></span> <span class='ocrx_word' id='word_1_79' title='bbox 1553 1081 1676 1118; x_wconf 88' lang='lat' dir='ltr'><strong>cum</strong></span> <span class='ocrx_word' id='word_1_80' title='bbox 1720 1065 1932 1118; x_wconf 81' lang='lat' dir='ltr'><strong>actibus</strong></span> 
     </span>
    </p>
   </div>
   <div class='ocr_carea' id='block_1_10' title="bbox 339 1152 1932 1224">
    <p class='ocr_par' dir='ltr' id='par_1_10' title="bbox 339 1152 1932 1224">
     <span class='ocr_line' id='line_1_10' title="bbox 339 1152 1932 1224; baseline 0.003 -21"><span class='ocrx_word' id='word_1_81' title='bbox 339 1152 494 1218; x_wconf 90' lang='lat' dir='ltr'><strong>ejus:</strong></span> <span class='ocrx_word' id='word_1_82' title='bbox 529 1162 586 1205; x_wconf 94' lang='lat' dir='ltr'><strong>ut</strong></span> <span class='ocrx_word' id='word_1_83' title='bbox 615 1153 873 1206; x_wconf 87' lang='lat' dir='ltr'><strong>muadent</strong></span> <span class='ocrx_word' id='word_1_84' title='bbox 901 1169 957 1206; x_wconf 87' lang='lat' dir='ltr'><strong>se</strong></span> <span class='ocrx_word' id='word_1_85' title='bbox 996 1155 1063 1208; x_wconf 91' lang='lat' dir='ltr'><strong>ab</strong></span> <span class='ocrx_word' id='word_1_86' title='bbox 1106 1155 1252 1208; x_wconf 87' lang='lat' dir='ltr'><strong>omni</strong></span> <span class='ocrx_word' id='word_1_87' title='bbox 1304 1155 1710 1224; x_wconf 80' lang='lat' dir='ltr'><strong>inquinamento</strong></span> <span class='ocrx_word' id='word_1_88' title='bbox 1753 1155 1932 1208; x_wconf 80' lang='lat' dir='ltr'><strong>carnis</strong></span> 
     </span>
    </p>
   </div>
   <div class='ocr_carea' id='block_1_11' title="bbox 341 1245 1932 1314">
    <p class='ocr_par' dir='ltr' id='par_1_11' title="bbox 341 1245 1932 1314">
     <span class='ocr_line' id='line_1_11' title="bbox 341 1245 1932 1314; baseline 0.003 -19"><span class='ocrx_word' id='word_1_89' title='bbox 341 1252 394 1296; x_wconf 90' lang='lat' dir='ltr'><strong>et</strong></span> <span class='ocrx_word' id='word_1_90' title='bbox 439 1245 682 1312; x_wconf 81' lang='lat' dir='ltr'><strong>spiritus,</strong></span> <span class='ocrx_word' id='word_1_91' title='bbox 726 1245 1070 1314; x_wconf 84' lang='lat' dir='ltr'><strong>perlicientes</strong></span> <span class='ocrx_word' id='word_1_92' title='bbox 1115 1246 1596 1312; x_wconf 76' lang='lat' dir='ltr'><strong>sanctiﬁcationeai</strong></span> <span class='ocrx_word' id='word_1_93' title='bbox 1645 1247 1696 1300; x_wconf 89' lang='lat' dir='ltr'><strong>in</strong></span> <span class='ocrx_word' id='word_1_94' title='bbox 1741 1248 1932 1301; x_wconf 88' lang='lat' dir='ltr'><strong>timore</strong></span> 
     </span>
    </p>
   </div>
   <div class='ocr_carea' id='block_1_12' title="bbox 341 1333 1929 1407">
    <p class='ocr_par' dir='ltr' id='par_1_12' title="bbox 341 1333 1929 1407">
     <span class='ocr_line' id='line_1_12' title="bbox 341 1333 1929 1407; baseline 0.004 -22"><span class='ocrx_word' id='word_1_95' title='bbox 341 1333 456 1386; x_wconf 71' lang='lat' dir='ltr'><strong>Dei.</strong></span> <span class='ocrx_word' id='word_1_96' title='bbox 490 1335 639 1388; x_wconf 89' lang='lat' dir='ltr'><strong>Tunc</strong></span> <span class='ocrx_word' id='word_1_97' title='bbox 671 1336 811 1389; x_wconf 85' lang='lat' dir='ltr'><strong>enim</strong></span> <span class='ocrx_word' id='word_1_98' title='bbox 842 1344 949 1388; x_wconf 83' lang='lat' dir='ltr'><strong>stat</strong></span> <span class='ocrx_word' id='word_1_99' title='bbox 976 1337 1196 1405; x_wconf 79' lang='lat' dir='ltr'><strong>sanguis</strong></span> <span class='ocrx_word' id='word_1_100' title='bbox 1220 1339 1673 1403; x_wconf 80' lang='lat' dir='ltr'><strong>circmucisiouis,</strong></span> <span class='ocrx_word' id='word_1_101' title='bbox 1711 1339 1929 1407; x_wconf 74' lang='lat' dir='ltr'><strong>quando</strong></span> 
     </span>
    </p>
   </div>
   <div class='ocr_carea' id='block_1_13' title="bbox 341 1424 1931 1497">
    <p class='ocr_par' dir='ltr' id='par_1_13' title="bbox 341 1424 1931 1497">
     <span class='ocr_line' id='line_1_13' title="bbox 341 1424 1931 1497; baseline 0.001 -19"><span class='ocrx_word' id='word_1_102' title='bbox 341 1424 660 1480; x_wconf 72' lang='lat' dir='ltr'><strong>absorbetur</strong></span> <span class='ocrx_word' id='word_1_103' title='bbox 685 1427 732 1478; x_wconf 81' lang='lat' dir='ltr'><strong>id</strong></span> <span class='ocrx_word' id='word_1_104' title='bbox 755 1428 896 1495; x_wconf 75' lang='lat' dir='ltr'><strong>quod</strong></span> <span class='ocrx_word' id='word_1_105' title='bbox 923 1428 1148 1480; x_wconf 87' lang='lat' dir='ltr'><strong>mortale</strong></span> <span class='ocrx_word' id='word_1_106' title='bbox 1173 1439 1254 1481; x_wconf 74' lang='lat' dir='ltr'><strong>es:</strong></span> <span class='ocrx_word' id='word_1_107' title='bbox 1282 1446 1310 1481; x_wconf 91' lang='lat' dir='ltr'><strong>a</strong></span> <span class='ocrx_word' id='word_1_108' title='bbox 1335 1430 1442 1482; x_wconf 89' lang='lat' dir='ltr'><strong>vita</strong></span> <span class='ocrx_word' id='word_1_109' title='bbox 1468 1447 1479 1481; x_wconf 87' lang='lat'><strong>:</strong></span> <span class='ocrx_word' id='word_1_110' title='bbox 1507 1439 1562 1483; x_wconf 88' lang='lat' dir='ltr'><strong>et</strong></span> <span class='ocrx_word' id='word_1_111' title='bbox 1583 1430 1931 1497; x_wconf 89' lang='lat' dir='ltr'><strong>corruptibile</strong></span> 
     </span>
    </p>
   </div>
   <div class='ocr_carea' id='block_1_14' title="bbox 343 1518 1929 1588">
    <p class='ocr_par' dir='ltr' id='par_1_14' title="bbox 343 1518 1929 1588">
     <span class='ocr_line' id='line_1_14' title="bbox 343 1518 1929 1588; baseline 0.001 -16"><span class='ocrx_word' id='word_1_112' title='bbox 343 1519 444 1572; x_wconf 88' lang='lat' dir='ltr'><strong>hoc</strong></span> <span class='ocrx_word' id='word_1_113' title='bbox 481 1518 713 1571; x_wconf 74' lang='lat' dir='ltr'><strong>induerit</strong></span> <span class='ocrx_word' id='word_1_114' title='bbox 754 1520 1236 1588; x_wconf 83' lang='lat' dir='ltr'><strong>incorruptionem.</strong></span> <span class='ocrx_word' id='word_1_115' title='bbox 1289 1520 1442 1574; x_wconf 89' lang='lat' dir='ltr'><strong>Tunc</strong></span> <span class='ocrx_word' id='word_1_116' title='bbox 1478 1521 1623 1574; x_wconf 82' lang='lat' dir='ltr'><strong>cuitu</strong></span> <span class='ocrx_word' id='word_1_117' title='bbox 1661 1521 1929 1574; x_wconf 85' lang='lat' dir='ltr'><strong>veraciter</strong></span> 
     </span>
    </p>
   </div>
   <div class='ocr_carea' id='block_1_15' title="bbox 343 1608 1930 1678">
    <p class='ocr_par' dir='ltr' id='par_1_15' title="bbox 343 1608 1930 1678">
     <span class='ocr_line' id='line_1_15' title="bbox 343 1608 1930 1678; baseline 0.002 -17"><span class='ocrx_word' id='word_1_118' title='bbox 343 1609 775 1662; x_wconf 87' lang='lat' dir='ltr'><strong>eircnmcisionis</strong></span> <span class='ocrx_word' id='word_1_119' title='bbox 847 1619 1243 1665; x_wconf 78' lang='lat' dir='ltr'><strong>sacramentum</strong></span> <span class='ocrx_word' id='word_1_120' title='bbox 1299 1610 1483 1664; x_wconf 84' lang='lat' dir='ltr'><strong>linitur</strong></span> <span class='ocrx_word' id='word_1_121' title='bbox 1511 1650 1526 1675; x_wconf 93' lang='lat'><strong>,</strong></span> <span class='ocrx_word' id='word_1_122' title='bbox 1568 1611 1783 1678; x_wconf 85' lang='lat' dir='ltr'><strong>quando</strong></span> <span class='ocrx_word' id='word_1_123' title='bbox 1816 1608 1930 1676; x_wconf 80' lang='lat' dir='ltr'><strong>jam</strong></span> 
     </span>
    </p>
   </div>
   <div class='ocr_carea' id='block_1_16' title="bbox 343 1699 1930 1771">
    <p class='ocr_par' dir='ltr' id='par_1_16' title="bbox 343 1699 1930 1771">
     <span class='ocr_line' id='line_1_16' title="bbox 343 1699 1930 1771; baseline 0.003 -21"><span class='ocrx_word' id='word_1_124' title='bbox 343 1699 480 1750; x_wconf 76' lang='lat' dir='ltr'><strong>ultra</strong></span> <span class='ocrx_word' id='word_1_125' title='bbox 521 1715 625 1752; x_wconf 90' lang='lat' dir='ltr'><strong>non</strong></span> <span class='ocrx_word' id='word_1_126' title='bbox 673 1699 801 1752; x_wconf 87' lang='lat' dir='ltr'><strong>licet</strong></span> <span class='ocrx_word' id='word_1_127' title='bbox 845 1715 1093 1767; x_wconf 80' lang='lat' dir='ltr'><strong>peccare,</strong></span> <span class='ocrx_word' id='word_1_128' title='bbox 1129 1717 1227 1754; x_wconf 87' lang='lat' dir='ltr'><strong>nec</strong></span> <span class='ocrx_word' id='word_1_129' title='bbox 1257 1718 1486 1771; x_wconf 78' lang='lat' dir='ltr'><strong>pugnant</strong></span> <span class='ocrx_word' id='word_1_130' title='bbox 1529 1703 1710 1756; x_wconf 90' lang='lat' dir='ltr'><strong>carnis</strong></span> <span class='ocrx_word' id='word_1_131' title='bbox 1757 1701 1930 1755; x_wconf 57' lang='lat' dir='ltr'><strong>refra-</strong></span> 
     </span>
    </p>
   </div>
   <div class='ocr_carea' id='block_1_17' title="bbox 2034 522 3617 594">
    <p class='ocr_par' dir='ltr' id='par_1_17' title="bbox 2034 522 3617 594">
     <span class='ocr_line' id='line_1_17' title="bbox 2034 522 3617 594; baseline 0.004 -21"><span class='ocrx_word' id='word_1_132' title='bbox 2034 522 2208 588; x_wconf 90' lang='lat' dir='ltr'><strong>primo</strong></span> <span class='ocrx_word' id='word_1_133' title='bbox 2234 524 2433 576; x_wconf 77' lang='lat' dir='ltr'><strong>dictum</strong></span> <span class='ocrx_word' id='word_1_134' title='bbox 2466 535 2548 578; x_wconf 88' lang='lat' dir='ltr'><strong>est</strong></span> <span class='ocrx_word' id='word_1_135' title='bbox 2581 525 2722 593; x_wconf 83' lang='lat' dir='ltr'><strong>quod</strong></span> <span class='ocrx_word' id='word_1_136' title='bbox 2757 525 2920 578; x_wconf 86' lang='lat' dir='ltr'><strong>etiam</strong></span> <span class='ocrx_word' id='word_1_137' title='bbox 2953 526 3204 594; x_wconf 87' lang='lat' dir='ltr'><strong>primitus</strong></span> <span class='ocrx_word' id='word_1_138' title='bbox 3233 525 3406 584; x_wconf 81' lang='lat' dir='ltr'><strong>ﬁeret.</strong></span> <span class='ocrx_word' id='word_1_139' title='bbox 3442 526 3486 579; x_wconf 85' lang='lat' dir='ltr'><strong>si</strong></span> <span class='ocrx_word' id='word_1_140' title='bbox 3527 527 3617 580; x_wconf 73' lang='lat' dir='ltr'><strong>ille</strong></span> 
     </span>
    </p>
   </div>
   <div class='ocr_carea' id='block_1_18' title="bbox 2031 613 3614 686">
    <p class='ocr_par' dir='ltr' id='par_1_18' title="bbox 2031 613 3614 686">
     <span class='ocr_line' id='line_1_18' title="bbox 2031 613 3614 686; baseline 0.003 -22"><span class='ocrx_word' id='word_1_141' title='bbox 2031 613 2346 667; x_wconf 85' lang='lat' dir='ltr'><strong>dimitteret.</strong></span> <span class='ocrx_word' id='word_1_142' title='bbox 2379 615 2448 669; x_wconf 89' lang='lat' dir='ltr'><strong>Ut</strong></span> <span class='ocrx_word' id='word_1_143' title='bbox 2472 616 2617 668; x_wconf 89' lang='lat' dir='ltr'><strong>enim</strong></span> <span class='ocrx_word' id='word_1_144' title='bbox 2643 616 2722 671; x_wconf 90' lang='lat' dir='ltr'><strong>sic</strong></span> <span class='ocrx_word' id='word_1_145' title='bbox 2745 616 2933 670; x_wconf 84' lang='lat' dir='ltr'><strong>tierent</strong></span> <span class='ocrx_word' id='word_1_146' title='bbox 2963 617 3142 670; x_wconf 83' lang='lat' dir='ltr'><strong>omnia</strong></span> <span class='ocrx_word' id='word_1_147' title='bbox 3164 618 3614 686; x_wconf 84' lang='lat' dir='ltr'><strong>quemadmodum</strong></span> 
     </span>
    </p>
   </div>
   <div class='ocr_carea' id='block_1_19' title="bbox 2031 707 3616 775">
    <p class='ocr_par' dir='ltr' id='par_1_19' title="bbox 2031 707 3616 775">
     <span class='ocr_line' id='line_1_19' title="bbox 2031 707 3616 775; baseline 0.004 -20"><span class='ocrx_word' id='word_1_148' title='bbox 2031 717 2370 771; x_wconf 81' lang='lat' dir='ltr'><strong>consequens</strong></span> <span class='ocrx_word' id='word_1_149' title='bbox 2408 707 2676 775; x_wconf 87' lang='lat' dir='ltr'><strong>scriptura</strong></span> <span class='ocrx_word' id='word_1_150' title='bbox 2723 716 2972 770; x_wconf 83' lang='lat' dir='ltr'><strong>testatur,</strong></span> <span class='ocrx_word' id='word_1_151' title='bbox 3006 707 3306 762; x_wconf 84' lang='lat' dir='ltr'><strong>Pharaonis</strong></span> <span class='ocrx_word' id='word_1_152' title='bbox 3335 719 3616 762; x_wconf 76' lang='lat' dir='ltr'><strong>contuma-</strong></span> 
     </span>
    </p>
   </div>
   <div class='ocr_carea' id='block_1_20' title="bbox 2032 792 3614 870">
    <p class='ocr_par' dir='ltr' id='par_1_20' title="bbox 2032 792 3614 870">
     <span class='ocr_line' id='line_1_20' title="bbox 2032 792 3614 870; baseline 0.005 -25"><span class='ocrx_word' id='word_1_153' title='bbox 2032 792 2114 845; x_wconf 90' lang='lat' dir='ltr'><strong>cia</strong></span> <span class='ocrx_word' id='word_1_154' title='bbox 2162 795 2358 847; x_wconf 85' lang='lat' dir='ltr'><strong>meruit</strong></span> <span class='ocrx_word' id='word_1_155' title='bbox 2401 806 2456 848; x_wconf 89' lang='lat' dir='ltr'><strong>et</strong></span> <span class='ocrx_word' id='word_1_156' title='bbox 2503 811 2744 850; x_wconf 87' lang='lat' dir='ltr'><strong>suormn.</strong></span> <span class='ocrx_word' id='word_1_157' title='bbox 2799 798 2905 867; x_wconf 73' lang='lat' dir='ltr'><strong>(Ex</strong></span> <span class='ocrx_word' id='word_1_158' title='bbox 2928 798 3183 870; x_wconf 86' lang='lat' dir='ltr'><strong>Isidoro.)</strong></span> <span class='ocrx_word' id='word_1_159' title='bbox 3235 799 3419 868; x_wconf 81' lang='lat' dir='ltr'><strong>Neque</strong></span> <span class='ocrx_word' id='word_1_160' title='bbox 3470 802 3614 854; x_wconf 88' lang='lat' dir='ltr'><strong>enim</strong></span> 
     </span>
    </p>
   </div>
   <div class='ocr_carea' id='block_1_21' title="bbox 2033 883 3614 956">
    <p class='ocr_par' dir='ltr' id='par_1_21' title="bbox 2033 883 3614 956">
     <span class='ocr_line' id='line_1_21' title="bbox 2033 883 3614 956; baseline 0.006 -21"><span class='ocrx_word' id='word_1_161' title='bbox 2033 883 2365 938; x_wconf 81' lang='lat' dir='ltr'><strong>mendaciter</strong></span> <span class='ocrx_word' id='word_1_162' title='bbox 2398 886 2537 940; x_wconf 75' lang='lat' dir='ltr'><strong>Deus</strong></span> <span class='ocrx_word' id='word_1_163' title='bbox 2568 886 2725 954; x_wconf 84' lang='lat' dir='ltr'><strong>jubet</strong></span> <span class='ocrx_word' id='word_1_164' title='bbox 2754 889 2894 956; x_wconf 88' lang='lat' dir='ltr'><strong>quod</strong></span> <span class='ocrx_word' id='word_1_165' title='bbox 2936 890 3035 944; x_wconf 87' lang='lat' dir='ltr'><strong>scit</strong></span> <span class='ocrx_word' id='word_1_166' title='bbox 3072 905 3176 942; x_wconf 89' lang='lat' dir='ltr'><strong>non</strong></span> <span class='ocrx_word' id='word_1_167' title='bbox 3215 889 3484 943; x_wconf 80' lang='lat' dir='ltr'><strong>facturum</strong></span> <span class='ocrx_word' id='word_1_168' title='bbox 3527 892 3614 944; x_wconf 86' lang='lat' dir='ltr'><strong>cui</strong></span> 
     </span>
    </p>
   </div>
   <div class='ocr_carea' id='block_1_22' title="bbox 2026 968 3613 1050">
    <p class='ocr_par' dir='ltr' id='par_1_22' title="bbox 2026 968 3613 1050">
     <span class='ocr_line' id='line_1_22' title="bbox 2026 968 3613 1050; baseline 0.006 -26"><span class='ocrx_word' id='word_1_169' title='bbox 2026 968 2264 1050; x_wconf 74' lang='lat' dir='ltr'><strong>jubctur,</strong></span> <span class='ocrx_word' id='word_1_170' title='bbox 2304 983 2362 1028; x_wconf 90' lang='lat' dir='ltr'><strong>ut</strong></span> <span class='ocrx_word' id='word_1_171' title='bbox 2401 975 2604 1045; x_wconf 88' lang='lat' dir='ltr'><strong>justum</strong></span> <span class='ocrx_word' id='word_1_172' title='bbox 2637 977 2900 1044; x_wconf 80' lang='lat' dir='ltr'><strong>judicium</strong></span> <span class='ocrx_word' id='word_1_173' title='bbox 2951 987 3333 1048; x_wconf 85' lang='lat' dir='ltr'><strong>consequatur.</strong></span> <span class='ocrx_word' id='word_1_174' title='bbox 3389 980 3613 1050; x_wconf 76' lang='lat' dir='ltr'><strong>Mystiee</strong></span> 
     </span>
    </p>
   </div>
   <div class='ocr_carea' id='block_1_23' title="bbox 2032 1045 3616 1140">
    <p class='ocr_par' dir='ltr' id='par_1_23' title="bbox 2032 1045 3616 1140">
     <span class='ocr_line' id='line_1_23' title="bbox 2032 1045 3616 1140; baseline 0.006 -25"><span class='ocrx_word' id='word_1_175' title='bbox 2032 1045 2236 1127; x_wconf 61' lang='lat' dir='ltr'><strong>autem,</strong></span> <span class='ocrx_word' id='word_1_176' title='bbox 2267 1082 2385 1135; x_wconf 69' lang='lat'><strong>(10:11</strong></span> <span class='ocrx_word' id='word_1_177' title='bbox 2413 1078 2494 1122; x_wconf 89' lang='lat' dir='ltr'><strong>est</strong></span> <span class='ocrx_word' id='word_1_178' title='bbox 2535 1069 2695 1122; x_wconf 89' lang='lat' dir='ltr'><strong>invia</strong></span> <span class='ocrx_word' id='word_1_179' title='bbox 2729 1071 2891 1123; x_wconf 88' lang='lat' dir='ltr'><strong>trimn</strong></span> <span class='ocrx_word' id='word_1_180' title='bbox 2931 1071 3162 1135; x_wconf 89' lang='lat' dir='ltr'><strong>dierum,</strong></span> <span class='ocrx_word' id='word_1_181' title='bbox 3194 1087 3314 1140; x_wconf 67' lang='lat' dir='ltr'><strong>qua:</strong></span> <span class='ocrx_word' id='word_1_182' title='bbox 3345 1073 3499 1126; x_wconf 87' lang='lat' dir='ltr'><strong>nobis</strong></span> <span class='ocrx_word' id='word_1_183' title='bbox 3537 1072 3616 1124; x_wconf 92' lang='lat' dir='ltr'><strong>in—</strong></span> 
     </span>
    </p>
   </div>
   <div class='ocr_carea' id='block_1_24' title="bbox 2032 1156 3616 1232">
    <p class='ocr_par' dir='ltr' id='par_1_24' title="bbox 2032 1156 3616 1232">
     <span class='ocr_line' id='line_1_24' title="bbox 2032 1156 3616 1232; baseline 0.004 -22"><span class='ocrx_word' id='word_1_184' title='bbox 2032 1156 2269 1210; x_wconf 72' lang='lat' dir='ltr'><strong>cedenda</strong></span> <span class='ocrx_word' id='word_1_185' title='bbox 2316 1167 2434 1222; x_wconf 90' lang='lat' dir='ltr'><strong>est,</strong></span> <span class='ocrx_word' id='word_1_186' title='bbox 2484 1169 2540 1213; x_wconf 90' lang='lat' dir='ltr'><strong>ut</strong></span> <span class='ocrx_word' id='word_1_187' title='bbox 2586 1170 2845 1215; x_wconf 74' lang='lat' dir='ltr'><strong>exeuntes</strong></span> <span class='ocrx_word' id='word_1_188' title='bbox 2894 1161 2958 1215; x_wconf 89' lang='lat' dir='ltr'><strong>de</strong></span> <span class='ocrx_word' id='word_1_189' title='bbox 2991 1161 3224 1232; x_wconf 56' lang='lat' dir='ltr'><strong>.tEgypto</strong></span> <span class='ocrx_word' id='word_1_190' title='bbox 3255 1203 3270 1227; x_wconf 95' lang='lat'><strong>,</strong></span> <span class='ocrx_word' id='word_1_191' title='bbox 3331 1165 3616 1232; x_wconf 75' lang='lat' dir='ltr'><strong>pervenire</strong></span> 
     </span>
    </p>
   </div>
   <div class='ocr_carea' id='block_1_25' title="bbox 2031 1251 3616 1322">
    <p class='ocr_par' dir='ltr' id='par_1_25' title="bbox 2031 1251 3616 1322">
     <span class='ocr_line' id='line_1_25' title="bbox 2031 1251 3616 1322; baseline 0.002 -19"><span class='ocrx_word' id='word_1_192' title='bbox 2031 1251 2299 1320; x_wconf 87' lang='lat' dir='ltr'><strong>possimus</strong></span> <span class='ocrx_word' id='word_1_193' title='bbox 2348 1253 2416 1305; x_wconf 90' lang='lat' dir='ltr'><strong>ad</strong></span> <span class='ocrx_word' id='word_1_194' title='bbox 2462 1251 2662 1317; x_wconf 67' lang='lat' dir='ltr'><strong>lozum,</strong></span> <span class='ocrx_word' id='word_1_195' title='bbox 2716 1253 2767 1306; x_wconf 90' lang='lat' dir='ltr'><strong>in</strong></span> <span class='ocrx_word' id='word_1_196' title='bbox 2808 1269 2916 1322; x_wconf 85' lang='lat' dir='ltr'><strong>quo</strong></span> <span class='ocrx_word' id='word_1_197' title='bbox 2964 1253 3244 1306; x_wconf 83' lang='lat' dir='ltr'><strong>immolare</strong></span> <span class='ocrx_word' id='word_1_198' title='bbox 3290 1254 3616 1307; x_wconf 85' lang='lat' dir='ltr'><strong>debeamus?</strong></span> 
     </span>
    </p>
   </div>
   <div class='ocr_carea' id='block_1_26' title="bbox 2033 1341 3614 1414">
    <p class='ocr_par' dir='ltr' id='par_1_26' title="bbox 2033 1341 3614 1414">
     <span class='ocr_line' id='line_1_26' title="bbox 2033 1341 3614 1414; baseline 0 -18"><span class='ocrx_word' id='word_1_199' title='bbox 2033 1342 2129 1396; x_wconf 77' lang='lat' dir='ltr'><strong>Via</strong></span> <span class='ocrx_word' id='word_1_200' title='bbox 2171 1342 2273 1396; x_wconf 86' lang='lat' dir='ltr'><strong>ista</strong></span> <span class='ocrx_word' id='word_1_201' title='bbox 2304 1341 2554 1396; x_wconf 84' lang='lat' dir='ltr'><strong>Christus</strong></span> <span class='ocrx_word' id='word_1_202' title='bbox 2597 1354 2700 1408; x_wconf 86' lang='lat' dir='ltr'><strong>est,</strong></span> <span class='ocrx_word' id='word_1_203' title='bbox 2733 1345 2824 1414; x_wconf 90' lang='lat' dir='ltr'><strong>qui</strong></span> <span class='ocrx_word' id='word_1_204' title='bbox 2859 1344 3033 1398; x_wconf 82' lang='lat' dir='ltr'><strong>dixit:</strong></span> <span class='ocrx_word' id='word_1_205' title='bbox 3063 1343 3175 1412; x_wconf 78' lang='lat' dir='ltr'><strong>Ego</strong></span> <span class='ocrx_word' id='word_1_206' title='bbox 3219 1361 3335 1396; x_wconf 86' lang='lat' dir='ltr'><strong>sum</strong></span> <span class='ocrx_word' id='word_1_207' title='bbox 3377 1347 3482 1407; x_wconf 78' lang='lat' dir='ltr'><strong>ria,</strong></span> <span class='ocrx_word' id='word_1_208' title='bbox 3527 1361 3614 1396; x_wconf 82' lang='lat' dir='ltr'><strong>rc—</strong></span> 
     </span>
    </p>
   </div>
   <div class='ocr_carea' id='block_1_27' title="bbox 2033 1433 3614 1503">
    <p class='ocr_par' dir='ltr' id='par_1_27' title="bbox 2033 1433 3614 1503">
     <span class='ocr_line' id='line_1_27' title="bbox 2033 1433 3614 1503; baseline 0.003 -19"><span class='ocrx_word' id='word_1_209' title='bbox 2033 1433 2180 1496; x_wconf 86' lang='lat' dir='ltr'><strong>ritas,</strong></span> <span class='ocrx_word' id='word_1_210' title='bbox 2216 1442 2264 1485; x_wconf 87' lang='lat' dir='ltr'><strong>et</strong></span> <span class='ocrx_word' id='word_1_211' title='bbox 2296 1435 2398 1486; x_wconf 78' lang='lat' dir='ltr'><strong>vita</strong></span> <span class='ocrx_word' id='word_1_212' title='bbox 2431 1435 2614 1503; x_wconf 86' lang='lat' dir='ltr'><strong>(Joan.</strong></span> <span class='ocrx_word' id='word_1_213' title='bbox 2643 1434 2778 1503; x_wconf 79' lang='lat' dir='ltr'><strong>xxv).</strong></span> <span class='ocrx_word' id='word_1_214' title='bbox 2830 1435 2959 1500; x_wconf 71' lang='lat' dir='ltr'><strong>Qua:</strong></span> <span class='ocrx_word' id='word_1_215' title='bbox 2986 1436 3072 1488; x_wconf 89' lang='lat' dir='ltr'><strong>via</strong></span> <span class='ocrx_word' id='word_1_216' title='bbox 3111 1435 3286 1489; x_wconf 80' lang='lat' dir='ltr'><strong>triduo</strong></span> <span class='ocrx_word' id='word_1_217' title='bbox 3334 1437 3486 1489; x_wconf 89' lang='lat' dir='ltr'><strong>nobis</strong></span> <span class='ocrx_word' id='word_1_218' title='bbox 3531 1437 3614 1488; x_wconf 87' lang='lat' dir='ltr'><strong>in-</strong></span> 
     </span>
    </p>
   </div>
   <div class='ocr_carea' id='block_1_28' title="bbox 2031 1522 3617 1591">
    <p class='ocr_par' dir='ltr' id='par_1_28' title="bbox 2031 1522 3617 1591">
     <span class='ocr_line' id='line_1_28' title="bbox 2031 1522 3617 1591; baseline 0.003 -16"><span class='ocrx_word' id='word_1_219' title='bbox 2031 1522 2270 1576; x_wconf 88' lang='lat' dir='ltr'><strong>cedcnda</strong></span> <span class='ocrx_word' id='word_1_220' title='bbox 2307 1532 2408 1578; x_wconf 89' lang='lat' dir='ltr'><strong>est.</strong></span> <span class='ocrx_word' id='word_1_221' title='bbox 2444 1525 2544 1591; x_wconf 78' lang='lat' dir='ltr'><strong>Qui</strong></span> <span class='ocrx_word' id='word_1_222' title='bbox 2587 1525 2728 1578; x_wconf 87' lang='lat' dir='ltr'><strong>enim</strong></span> <span class='ocrx_word' id='word_1_223' title='bbox 2770 1525 3053 1579; x_wconf 80' lang='lat' dir='ltr'><strong>confessus</strong></span> <span class='ocrx_word' id='word_1_224' title='bbox 3095 1526 3258 1580; x_wconf 80' lang='lat' dir='ltr'><strong>fuerit</strong></span> <span class='ocrx_word' id='word_1_225' title='bbox 3299 1528 3350 1580; x_wconf 91' lang='lat' dir='ltr'><strong>in</strong></span> <span class='ocrx_word' id='word_1_226' title='bbox 3393 1543 3488 1580; x_wconf 89' lang='lat' dir='ltr'><strong>ore</strong></span> <span class='ocrx_word' id='word_1_227' title='bbox 3520 1543 3617 1580; x_wconf 72' lang='lat' dir='ltr'><strong>suo</strong></span> 
     </span>
    </p>
   </div>
   <div class='ocr_carea' id='block_1_29' title="bbox 2035 1612 3618 1684">
    <p class='ocr_par' dir='ltr' id='par_1_29' title="bbox 2035 1612 3618 1684">
     <span class='ocr_line' id='line_1_29' title="bbox 2035 1612 3618 1684; baseline 0.003 -19"><span class='ocrx_word' id='word_1_228' title='bbox 2035 1612 2320 1666; x_wconf 79' lang='lat' dir='ltr'><strong>Dominum</strong></span> <span class='ocrx_word' id='word_1_229' title='bbox 2362 1613 2584 1679; x_wconf 78' lang='lat' dir='ltr'><strong>Jesutn,</strong></span> <span class='ocrx_word' id='word_1_230' title='bbox 2624 1626 2678 1669; x_wconf 92' lang='lat' dir='ltr'><strong>ct</strong></span> <span class='ocrx_word' id='word_1_231' title='bbox 2711 1617 3006 1670; x_wconf 80' lang='lat' dir='ltr'><strong>crediderit</strong></span> <span class='ocrx_word' id='word_1_232' title='bbox 3046 1618 3096 1670; x_wconf 92' lang='lat' dir='ltr'><strong>in</strong></span> <span class='ocrx_word' id='word_1_233' title='bbox 3129 1618 3298 1671; x_wconf 82' lang='lat' dir='ltr'><strong>corde</strong></span> <span class='ocrx_word' id='word_1_234' title='bbox 3342 1634 3441 1671; x_wconf 83' lang='lat' dir='ltr'><strong>suo</strong></span> <span class='ocrx_word' id='word_1_235' title='bbox 3475 1619 3618 1684; x_wconf 82' lang='lat' dir='ltr'><strong>quod</strong></span> 
     </span>
    </p>
   </div>
   <div class='ocr_carea' id='block_1_30' title="bbox 2033 1703 3618 1773">
    <p class='ocr_par' dir='ltr' id='par_1_30' title="bbox 2033 1703 3618 1773">
     <span class='ocr_line' id='line_1_30' title="bbox 2033 1703 3618 1773; baseline 0.003 -18"><span class='ocrx_word' id='word_1_236' title='bbox 2033 1703 2172 1757; x_wconf 87' lang='lat' dir='ltr'><strong>Deus</strong></span> <span class='ocrx_word' id='word_1_237' title='bbox 2223 1704 2369 1757; x_wconf 84' lang='lat' dir='ltr'><strong>illum</strong></span> <span class='ocrx_word' id='word_1_238' title='bbox 2420 1707 2705 1760; x_wconf 84' lang='lat' dir='ltr'><strong>suscitavit</strong></span> <span class='ocrx_word' id='word_1_239' title='bbox 2751 1725 2778 1760; x_wconf 89' lang='lat' dir='ltr'><strong>a</strong></span> <span class='ocrx_word' id='word_1_240' title='bbox 2821 1708 3048 1761; x_wconf 82' lang='lat' dir='ltr'><strong>mortuis</strong></span> <span class='ocrx_word' id='word_1_241' title='bbox 3094 1709 3252 1762; x_wconf 86' lang='lat' dir='ltr'><strong>tertia</strong></span> <span class='ocrx_word' id='word_1_242' title='bbox 3299 1709 3404 1773; x_wconf 87' lang='lat' dir='ltr'><strong>die,</strong></span> <span class='ocrx_word' id='word_1_243' title='bbox 3433 1710 3618 1762; x_wconf 88' lang='lat' dir='ltr'><strong>salvus</strong></span> 
     </span>
    </p>
   </div>
   <div class='ocr_carea' id='block_1_31' title="bbox 341 1789 3618 1866">
    <p class='ocr_par' dir='ltr' id='par_1_31' title="bbox 341 1789 3618 1866">
     <span class='ocr_line' id='line_1_31' title="bbox 341 1789 3618 1866; baseline 0.002 -24"><span class='ocrx_word' id='word_1_244' title='bbox 341 1792 518 1857; x_wconf 85' lang='lat' dir='ltr'><strong>gantis</strong></span> <span class='ocrx_word' id='word_1_245' title='bbox 559 1791 843 1845; x_wconf 88' lang='lat' dir='ltr'><strong>sustinere.</strong></span> <span class='ocrx_word' id='word_1_246' title='bbox 883 1791 990 1862; x_wconf 77' lang='lat' dir='ltr'><strong>(Ea:</strong></span> <span class='ocrx_word' id='word_1_247' title='bbox 1018 1792 1356 1864; x_wconf 64' lang='lat' dir='ltr'><strong>Augustino.)</strong></span> <span class='ocrx_word' id='word_1_248' title='bbox 1393 1794 1543 1860; x_wconf 84' lang='lat' dir='ltr'><strong>Quod</strong></span> <span class='ocrx_word' id='word_1_249' title='bbox 1574 1795 1820 1863; x_wconf 84' lang='lat' dir='ltr'><strong>superius</strong></span> <span class='ocrx_word' id='word_1_250' title='bbox 1850 1796 1932 1849; x_wconf 90' lang='lat' dir='ltr'><strong>di-</strong></span> <span class='ocrx_word' id='word_1_251' title='bbox 1963 1789 2006 1846; x_wconf 83' lang='grc' dir='ltr'>Β</span> <span class='ocrx_word' id='word_1_252' title='bbox 2035 1793 2156 1844; x_wconf 86' lang='lat' dir='ltr'><strong>erit.</strong></span> <span class='ocrx_word' id='word_1_253' title='bbox 2207 1791 2331 1846; x_wconf 68' lang='lat' dir='ltr'><strong>ilice</strong></span> <span class='ocrx_word' id='word_1_254' title='bbox 2365 1803 2445 1847; x_wconf 84' lang='lat' dir='ltr'><strong>est</strong></span> <span class='ocrx_word' id='word_1_255' title='bbox 2483 1810 2610 1864; x_wconf 88' lang='lat' dir='ltr'><strong>ergo</strong></span> <span class='ocrx_word' id='word_1_256' title='bbox 2653 1795 2815 1848; x_wconf 82' lang='lat' dir='ltr'><strong>tridui</strong></span> <span class='ocrx_word' id='word_1_257' title='bbox 2855 1797 2939 1849; x_wconf 89' lang='lat' dir='ltr'><strong>via</strong></span> <span class='ocrx_word' id='word_1_258' title='bbox 2974 1811 3069 1864; x_wconf 91' lang='lat' dir='ltr'><strong>per</strong></span> <span class='ocrx_word' id='word_1_259' title='bbox 3106 1813 3266 1864; x_wconf 86' lang='lat' dir='ltr'><strong>quam</strong></span> <span class='ocrx_word' id='word_1_260' title='bbox 3307 1798 3618 1866; x_wconf 85' lang='lat' dir='ltr'><strong>pervenitur</strong></span> 
     </span>
    </p>
   </div>
   <div class='ocr_carea' id='block_1_32' title="bbox 342 1883 1930 1952">
    <p class='ocr_par' dir='ltr' id='par_1_32' title="bbox 342 1883 1930 1952">
     <span class='ocr_line' id='line_1_32' title="bbox 342 1883 1930 1952; baseline 0.005 -20"><span class='ocrx_word' id='word_1_261' title='bbox 342 1891 485 1933; x_wconf 76' lang='lat' dir='ltr'><strong>ctum</strong></span> <span class='ocrx_word' id='word_1_262' title='bbox 517 1890 620 1944; x_wconf 87' lang='lat' dir='ltr'><strong>est,</strong></span> <span class='ocrx_word' id='word_1_263' title='bbox 653 1883 796 1949; x_wconf 90' lang='lat' dir='ltr'><strong>quod</strong></span> <span class='ocrx_word' id='word_1_264' title='bbox 824 1883 1033 1952; x_wconf 79' lang='lat' dir='ltr'><strong>Moyses</strong></span> <span class='ocrx_word' id='word_1_265' title='bbox 1065 1900 1292 1938; x_wconf 86' lang='lat' dir='ltr'><strong>uxorem</strong></span> <span class='ocrx_word' id='word_1_266' title='bbox 1321 1895 1376 1938; x_wconf 84' lang='lat' dir='ltr'><strong>et</strong></span> <span class='ocrx_word' id='word_1_267' title='bbox 1405 1887 1642 1940; x_wconf 79' lang='lat' dir='ltr'><strong>infantes</strong></span> <span class='ocrx_word' id='word_1_268' title='bbox 1668 1902 1793 1940; x_wconf 75' lang='lat' dir='ltr'><strong>suos</strong></span> <span class='ocrx_word' id='word_1_269' title='bbox 1825 1886 1930 1940; x_wconf 84' lang='lat' dir='ltr'><strong>im-</strong></span> 
     </span>
    </p>
   </div>
   <div class='ocr_carea' id='block_1_33' title="bbox 341 1971 1927 2047">
    <p class='ocr_par' dir='ltr' id='par_1_33' title="bbox 341 1971 1927 2047">
     <span class='ocr_line' id='line_1_33' title="bbox 341 1971 1927 2047; baseline 0.004 -23"><span class='ocrx_word' id='word_1_270' title='bbox 341 1971 521 2040; x_wconf 84' lang='lat' dir='ltr'><strong>posuit</strong></span> <span class='ocrx_word' id='word_1_271' title='bbox 557 1973 839 2037; x_wconf 84' lang='lat' dir='ltr'><strong>vehiculis,</strong></span> <span class='ocrx_word' id='word_1_272' title='bbox 873 1982 931 2027; x_wconf 92' lang='lat' dir='ltr'><strong>ut</strong></span> <span class='ocrx_word' id='word_1_273' title='bbox 966 1990 1088 2027; x_wconf 88' lang='lat' dir='ltr'><strong>cum</strong></span> <span class='ocrx_word' id='word_1_274' title='bbox 1122 1976 1201 2029; x_wconf 84' lang='lat' dir='ltr'><strong>eis</strong></span> <span class='ocrx_word' id='word_1_275' title='bbox 1246 1977 1297 2029; x_wconf 92' lang='lat' dir='ltr'><strong>in</strong></span> <span class='ocrx_word' id='word_1_276' title='bbox 1325 1976 1619 2046; x_wconf 64' lang='lat' dir='ltr'><strong>:Egyptum</strong></span> <span class='ocrx_word' id='word_1_277' title='bbox 1656 1985 1927 2047; x_wconf 82' lang='lat' dir='ltr'><strong>pergeret,</strong></span> 
     </span>
    </p>
   </div>
   <div class='ocr_carea' id='block_1_34' title="bbox 346 2064 1926 2138">
    <p class='ocr_par' dir='ltr' id='par_1_34' title="bbox 346 2064 1926 2138">
     <span class='ocr_line' id='line_1_34' title="bbox 346 2064 1926 2138; baseline 0.004 -20"><span class='ocrx_word' id='word_1_278' title='bbox 346 2074 530 2132; x_wconf 88' lang='lat' dir='ltr'><strong>postea</strong></span> <span class='ocrx_word' id='word_1_279' title='bbox 570 2081 698 2119; x_wconf 90' lang='lat' dir='ltr'><strong>vero</strong></span> <span class='ocrx_word' id='word_1_280' title='bbox 730 2064 920 2120; x_wconf 85' lang='lat' dir='ltr'><strong>Jclhro</strong></span> <span class='ocrx_word' id='word_1_281' title='bbox 958 2083 1114 2121; x_wconf 86' lang='lat' dir='ltr'><strong>socer</strong></span> <span class='ocrx_word' id='word_1_282' title='bbox 1139 2069 1274 2138; x_wconf 90' lang='lat' dir='ltr'><strong>ejus.</strong></span> <span class='ocrx_word' id='word_1_283' title='bbox 1309 2069 1382 2122; x_wconf 89' lang='lat' dir='ltr'><strong>illi</strong></span> <span class='ocrx_word' id='word_1_284' title='bbox 1414 2086 1536 2124; x_wconf 90' lang='lat' dir='ltr'><strong>cum</strong></span> <span class='ocrx_word' id='word_1_285' title='bbox 1564 2071 1642 2125; x_wconf 89' lang='lat' dir='ltr'><strong>eis</strong></span> <span class='ocrx_word' id='word_1_286' title='bbox 1670 2071 1926 2135; x_wconf 85' lang='lat' dir='ltr'><strong>occurrit,</strong></span> 
     </span>
    </p>
   </div>
   <div class='ocr_carea' id='block_1_35' title="bbox 343 2158 1928 2234">
    <p class='ocr_par' dir='ltr' id='par_1_35' title="bbox 343 2158 1928 2234">
     <span class='ocr_line' id='line_1_35' title="bbox 343 2158 1928 2234; baseline 0.005 -25"><span class='ocrx_word' id='word_1_287' title='bbox 343 2158 549 2212; x_wconf 75' lang='lat' dir='ltr'><strong>scilicet</strong></span> <span class='ocrx_word' id='word_1_288' title='bbox 593 2168 712 2226; x_wconf 86' lang='lat' dir='ltr'><strong>post</strong></span> <span class='ocrx_word' id='word_1_289' title='bbox 757 2160 1098 2215; x_wconf 73' lang='lat' dir='ltr'><strong>eluctiouem</strong></span> <span class='ocrx_word' id='word_1_290' title='bbox 1143 2163 1322 2231; x_wconf 84' lang='lat' dir='ltr'><strong>pepuli</strong></span> <span class='ocrx_word' id='word_1_291' title='bbox 1367 2179 1432 2216; x_wconf 87' lang='lat' dir='ltr'><strong>ex</strong></span> <span class='ocrx_word' id='word_1_292' title='bbox 1469 2163 1726 2234; x_wconf 75' lang='lat' dir='ltr'><strong>ASgypto,</strong></span> <span class='ocrx_word' id='word_1_293' title='bbox 1760 2164 1928 2231; x_wconf 68' lang='grc' dir='ltr'><strong>(μιιιενὶ</strong></span> 
     </span>
    </p>
   </div>
   <div class='ocr_carea' id='block_1_36' title="bbox 342 2250 1926 2319">
    <p class='ocr_par' dir='ltr' id='par_1_36' title="bbox 342 2250 1926 2319">
     <span class='ocr_line' id='line_1_36' title="bbox 342 2250 1926 2319; baseline 0.005 -20"><span class='ocrx_word' id='word_1_294' title='bbox 342 2256 519 2316; x_wconf 81' lang='lat' dir='ltr'><strong>potest</strong></span> <span class='ocrx_word' id='word_1_295' title='bbox 572 2250 841 2316; x_wconf 80' lang='lat' dir='ltr'><strong>quomodo</strong></span> <span class='ocrx_word' id='word_1_296' title='bbox 891 2259 1180 2319; x_wconf 88' lang='lat' dir='ltr'><strong>utrumque</strong></span> <span class='ocrx_word' id='word_1_297' title='bbox 1225 2252 1280 2305; x_wconf 83' lang='lat' dir='ltr'><strong>lit</strong></span> <span class='ocrx_word' id='word_1_298' title='bbox 1327 2269 1535 2307; x_wconf 89' lang='lat' dir='ltr'><strong>verum.</strong></span> <span class='ocrx_word' id='word_1_299' title='bbox 1586 2255 1691 2308; x_wconf 86' lang='lat' dir='ltr'><strong>Sed</strong></span> <span class='ocrx_word' id='word_1_300' title='bbox 1727 2254 1926 2307; x_wconf 76' lang='lat' dir='ltr'><strong>intelli-</strong></span> 
     </span>
    </p>
   </div>
   <div class='ocr_carea' id='block_1_37' title="bbox 343 2339 1926 2413">
    <p class='ocr_par' dir='ltr' id='par_1_37' title="bbox 343 2339 1926 2413">
     <span class='ocr_line' id='line_1_37' title="bbox 343 2339 1926 2413; baseline 0.004 -23"><span class='ocrx_word' id='word_1_301' title='bbox 343 2339 570 2408; x_wconf 84' lang='lat' dir='ltr'><strong>gendum</strong></span> <span class='ocrx_word' id='word_1_302' title='bbox 614 2346 716 2402; x_wconf 88' lang='lat' dir='ltr'><strong>est,</strong></span> <span class='ocrx_word' id='word_1_303' title='bbox 757 2349 877 2408; x_wconf 86' lang='lat' dir='ltr'><strong>post</strong></span> <span class='ocrx_word' id='word_1_304' title='bbox 928 2341 1074 2394; x_wconf 86' lang='lat' dir='ltr'><strong>illam</strong></span> <span class='ocrx_word' id='word_1_305' title='bbox 1105 2358 1225 2409; x_wconf 84' lang='lat' dir='ltr'><strong>quae</strong></span> <span class='ocrx_word' id='word_1_306' title='bbox 1264 2343 1331 2396; x_wconf 89' lang='lat' dir='ltr'><strong>ab</strong></span> <span class='ocrx_word' id='word_1_307' title='bbox 1357 2343 1549 2413; x_wconf 83' lang='lat' dir='ltr'><strong>angelo</strong></span> <span class='ocrx_word' id='word_1_308' title='bbox 1579 2344 1756 2397; x_wconf 80' lang='lat' dir='ltr'><strong>futura</strong></span> <span class='ocrx_word' id='word_1_309' title='bbox 1786 2353 1926 2409; x_wconf 87' lang='lat' dir='ltr'><strong>erat,</strong></span> 
     </span>
    </p>
   </div>
   <div class='ocr_carea' id='block_1_38' title="bbox 344 2425 1929 2498">
    <p class='ocr_par' dir='ltr' id='par_1_38' title="bbox 344 2425 1929 2498">
     <span class='ocr_line' id='line_1_38' title="bbox 344 2425 1929 2498; baseline 0.005 -20"><span class='ocrx_word' id='word_1_310' title='bbox 344 2425 719 2480; x_wconf 70' lang='lat' dir='ltr'><strong>interiectione</strong></span> <span class='ocrx_word' id='word_1_311' title='bbox 760 2426 926 2498; x_wconf 82' lang='lat' dir='ltr'><strong>Moysi</strong></span> <span class='ocrx_word' id='word_1_312' title='bbox 986 2429 1066 2481; x_wconf 90' lang='lat' dir='ltr'><strong>vel</strong></span> <span class='ocrx_word' id='word_1_313' title='bbox 1119 2429 1378 2495; x_wconf 75' lang='lat' dir='ltr'><strong>infantis,</strong></span> <span class='ocrx_word' id='word_1_314' title='bbox 1435 2447 1711 2485; x_wconf 77' lang='lat' dir='ltr'><strong>reversuro</strong></span> <span class='ocrx_word' id='word_1_315' title='bbox 1764 2432 1929 2486; x_wconf 80' lang='lat' dir='ltr'><strong>fuisse</strong></span> 
     </span>
    </p>
   </div>
   <div class='ocr_carea' id='block_1_39' title="bbox 343 2516 1928 2590">
    <p class='ocr_par' dir='ltr' id='par_1_39' title="bbox 343 2516 1928 2590">
     <span class='ocr_line' id='line_1_39' title="bbox 343 2516 1928 2590; baseline 0.003 -21"><span class='ocrx_word' id='word_1_316' title='bbox 343 2532 464 2569; x_wconf 89' lang='lat' dir='ltr'><strong>cum</strong></span> <span class='ocrx_word' id='word_1_317' title='bbox 494 2517 750 2585; x_wconf 85' lang='lat' dir='ltr'><strong>parvulis.</strong></span> <span class='ocrx_word' id='word_1_318' title='bbox 798 2516 930 2570; x_wconf 83' lang='lat' dir='ltr'><strong>Nam</strong></span> <span class='ocrx_word' id='word_1_319' title='bbox 969 2518 1186 2586; x_wconf 90' lang='lat' dir='ltr'><strong>quidam</strong></span> <span class='ocrx_word' id='word_1_320' title='bbox 1223 2528 1550 2587; x_wconf 82' lang='lat' dir='ltr'><strong>putaverunt</strong></span> <span class='ocrx_word' id='word_1_321' title='bbox 1579 2529 1797 2590; x_wconf 86' lang='lat' dir='ltr'><strong>propter</strong></span> <span class='ocrx_word' id='word_1_322' title='bbox 1826 2523 1928 2575; x_wconf 91' lang='lat' dir='ltr'><strong>hoc</strong></span> 
     </span>
    </p>
   </div>
   <div class='ocr_carea' id='block_1_40' title="bbox 342 2608 1926 2682">
    <p class='ocr_par' dir='ltr' id='par_1_40' title="bbox 342 2608 1926 2682">
     <span class='ocr_line' id='line_1_40' title="bbox 342 2608 1926 2682; baseline 0.001 -20"><span class='ocrx_word' id='word_1_323' title='bbox 342 2608 588 2677; x_wconf 88' lang='lat' dir='ltr'><strong>angelum</strong></span> <span class='ocrx_word' id='word_1_324' title='bbox 641 2608 918 2671; x_wconf 86' lang='lat' dir='ltr'><strong>terruisse,</strong></span> <span class='ocrx_word' id='word_1_325' title='bbox 967 2624 1034 2663; x_wconf 90' lang='lat' dir='ltr'><strong>ne</strong></span> <span class='ocrx_word' id='word_1_326' title='bbox 1073 2611 1141 2663; x_wconf 91' lang='lat' dir='ltr'><strong>ad</strong></span> <span class='ocrx_word' id='word_1_327' title='bbox 1191 2609 1634 2678; x_wconf 88' lang='lat' dir='ltr'><strong>impedimentum</strong></span> <span class='ocrx_word' id='word_1_328' title='bbox 1683 2612 1926 2682; x_wconf 84' lang='lat' dir='ltr'><strong>mysterii</strong></span> 
     </span>
    </p>
   </div>
   <div class='ocr_carea' id='block_1_41' title="bbox 343 2700 1929 2772">
    <p class='ocr_par' dir='ltr' id='par_1_41' title="bbox 343 2700 1929 2772">
     <span class='ocr_line' id='line_1_41' title="bbox 343 2700 1929 2772; baseline 0.004 -21"><span class='ocrx_word' id='word_1_329' title='bbox 343 2700 483 2767; x_wconf 90' lang='lat' dir='ltr'><strong>quod</strong></span> <span class='ocrx_word' id='word_1_330' title='bbox 516 2700 773 2755; x_wconf 89' lang='lat' dir='ltr'><strong>divinitus</strong></span> <span class='ocrx_word' id='word_1_331' title='bbox 810 2701 1120 2769; x_wconf 90' lang='lat' dir='ltr'><strong>impositum</strong></span> <span class='ocrx_word' id='word_1_332' title='bbox 1151 2701 1360 2771; x_wconf 84' lang='lat' dir='ltr'><strong>Moyses</strong></span> <span class='ocrx_word' id='word_1_333' title='bbox 1389 2703 1631 2772; x_wconf 86' lang='lat' dir='ltr'><strong>gerebat,</strong></span> <span class='ocrx_word' id='word_1_334' title='bbox 1663 2702 1929 2758; x_wconf 80' lang='lat' dir='ltr'><strong>femineus</strong></span> 
     </span>
    </p>
   </div>
   <div class='ocr_carea' id='block_1_42' title="bbox 343 2791 916 2845">
    <p class='ocr_par' dir='ltr' id='par_1_42' title="bbox 343 2791 916 2845">
     <span class='ocr_line' id='line_1_42' title="bbox 343 2791 916 2845; baseline -0.002 0"><span class='ocrx_word' id='word_1_335' title='bbox 343 2806 506 2845; x_wconf 84' lang='lat' dir='ltr'><strong>sexus</strong></span> <span class='ocrx_word' id='word_1_336' title='bbox 543 2791 916 2845; x_wconf 85' lang='lat' dir='ltr'><strong>comitaretur.</strong></span> 
     </span>
    </p>
   </div>
   <div class='ocr_carea' id='block_1_43' title="bbox 949 2883 1741 2944">
    <p class='ocr_par' dir='ltr' id='par_1_43' title="bbox 949 2883 1741 2944">
     <span class='ocr_line' id='line_1_43' title="bbox 949 2883 1741 2944; baseline 0.01 -8"><span class='ocrx_word' id='word_1_337' title='bbox 949 2883 1175 2939; x_wconf 82' lang='lat' dir='ltr'><strong>CAPUT</strong></span> <span class='ocrx_word' id='word_1_338' title='bbox 1216 2885 1305 2939; x_wconf 78' lang='lat' dir='ltr'><strong>IX.</strong></span> <span class='ocrx_word' id='word_1_339' title='bbox 1738 2942 1741 2944; x_wconf 93' lang='lat'><em>_</em></span> 
     </span>
    </p>
   </div>
   <div class='ocr_carea' id='block_1_44' title="bbox 506 2973 1760 3044">
    <p class='ocr_par' dir='ltr' id='par_1_44' title="bbox 506 2973 1760 3044">
     <span class='ocr_line' id='line_1_44' title="bbox 506 2973 1760 3044; baseline 0.005 -19"><span class='ocrx_word' id='word_1_340' title='bbox 506 2973 583 3026; x_wconf 88' lang='lat' dir='ltr'><strong>De</strong></span> <span class='ocrx_word' id='word_1_341' title='bbox 607 2990 816 3044; x_wconf 82' lang='lat' dir='ltr'><strong>egressu</strong></span> <span class='ocrx_word' id='word_1_342' title='bbox 841 2973 1012 3043; x_wconf 74' lang='lat' dir='ltr'><strong>Moysi</strong></span> <span class='ocrx_word' id='word_1_343' title='bbox 1035 2984 1082 3028; x_wconf 82' lang='lat' dir='ltr'><strong>et</strong></span> <span class='ocrx_word' id='word_1_344' title='bbox 1107 2975 1283 3041; x_wconf 76' lang='lat' dir='ltr'><strong>Aaron</strong></span> <span class='ocrx_word' id='word_1_345' title='bbox 1311 2976 1381 3028; x_wconf 88' lang='lat' dir='ltr'><strong>ad</strong></span> <span class='ocrx_word' id='word_1_346' title='bbox 1405 2975 1760 3033; x_wconf 80' lang='lat' dir='ltr'><strong>Pharaonem.</strong></span> 
     </span>
    </p>
   </div>
   <div class='ocr_carea' id='block_1_45' title="bbox 421 3078 1928 3154">
    <p class='ocr_par' dir='ltr' id='par_1_45' title="bbox 421 3078 1928 3154">
     <span class='ocr_line' id='line_1_45' title="bbox 421 3078 1928 3154; baseline 0.002 -17"><span class='ocrx_word' id='word_1_347' title='bbox 421 3084 539 3137; x_wconf 81' lang='lat' dir='ltr'><strong>Post</strong></span> <span class='ocrx_word' id='word_1_348' title='bbox 563 3085 673 3136; x_wconf 79' lang='lat' dir='ltr'><strong>ha&#39;c</strong></span> <span class='ocrx_word' id='word_1_349' title='bbox 700 3085 920 3154; x_wconf 85' lang='lat' dir='ltr'><strong>ingressi</strong></span> <span class='ocrx_word' id='word_1_350' title='bbox 941 3095 1060 3137; x_wconf 89' lang='lat' dir='ltr'><strong>sunt</strong></span> <span class='ocrx_word' id='word_1_351' title='bbox 1087 3084 1289 3153; x_wconf 76' lang='lat' dir='ltr'><strong>Moyses</strong></span> <span class='ocrx_word' id='word_1_352' title='bbox 1312 3095 1358 3138; x_wconf 87' lang='lat' dir='ltr'><strong>et</strong></span> <span class='ocrx_word' id='word_1_353' title='bbox 1380 3085 1578 3149; x_wconf 84' lang='lat' dir='ltr'><strong>Aaron,</strong></span> <span class='ocrx_word' id='word_1_354' title='bbox 1609 3097 1657 3140; x_wconf 90' lang='lat' dir='ltr'><strong>ct</strong></span> <span class='ocrx_word' id='word_1_355' title='bbox 1680 3078 1928 3141; x_wconf 73' lang='lat' dir='ltr'><strong>dixerunt</strong></span> 
     </span>
    </p>
   </div>
   <div class='ocr_carea' id='block_1_46' title="bbox 348 3173 1932 3230">
    <p class='ocr_par' dir='ltr' id='par_1_46' title="bbox 348 3173 1932 3230">
     <span class='ocr_line' id='line_1_46' title="bbox 348 3173 1932 3230; baseline 0.003 -4"><span class='ocrx_word' id='word_1_356' title='bbox 348 3173 614 3228; x_wconf 61' lang='lat' dir='ltr'><strong>Pharaoni</strong></span> <span class='ocrx_word' id='word_1_357' title='bbox 645 3191 661 3226; x_wconf 92' lang='lat'><em>:</em></span> <span class='ocrx_word' id='word_1_358' title='bbox 689 3173 818 3228; x_wconf 69' lang='lat' dir='ltr'><strong>lla’c</strong></span> <span class='ocrx_word' id='word_1_359' title='bbox 855 3175 980 3226; x_wconf 82' lang='lat' dir='ltr'><strong>dicit</strong></span> <span class='ocrx_word' id='word_1_360' title='bbox 1021 3175 1278 3228; x_wconf 82' lang='lat' dir='ltr'><strong>Dominus</strong></span> <span class='ocrx_word' id='word_1_361' title='bbox 1321 3177 1455 3228; x_wconf 87' lang='lat' dir='ltr'><strong>Deus</strong></span> <span class='ocrx_word' id='word_1_362' title='bbox 1481 3176 1688 3229; x_wconf 90' lang='lat' dir='ltr'><strong>Israel:</strong></span> <span class='ocrx_word' id='word_1_363' title='bbox 1716 3177 1932 3230; x_wconf 84' lang='lat' dir='ltr'><strong>Dimitte</strong></span> 
     </span>
    </p>
   </div>
   <div class='ocr_carea' id='block_1_47' title="bbox 343 3264 1932 3333">
    <p class='ocr_par' dir='ltr' id='par_1_47' title="bbox 343 3264 1932 3333">
     <span class='ocr_line' id='line_1_47' title="bbox 343 3264 1932 3333; baseline 0.002 -18"><span class='ocrx_word' id='word_1_364' title='bbox 343 3264 592 3333; x_wconf 73' lang='lat' dir='ltr'><strong>populant</strong></span> <span class='ocrx_word' id='word_1_365' title='bbox 635 3281 826 3328; x_wconf 78' lang='lat' dir='ltr'><strong>nteant,</strong></span> <span class='ocrx_word' id='word_1_366' title='bbox 871 3275 923 3315; x_wconf 85' lang='lat' dir='ltr'><strong>at</strong></span> <span class='ocrx_word' id='word_1_367' title='bbox 968 3265 1226 3331; x_wconf 83' lang='lat' dir='ltr'><strong>sacrificet</strong></span> <span class='ocrx_word' id='word_1_368' title='bbox 1272 3266 1396 3317; x_wconf 85' lang='lat' dir='ltr'><strong>mihi</strong></span> <span class='ocrx_word' id='word_1_369' title='bbox 1429 3267 1481 3318; x_wconf 87' lang='lat' dir='ltr'><strong>in</strong></span> <span class='ocrx_word' id='word_1_370' title='bbox 1505 3266 1727 3318; x_wconf 72' lang='lat' dir='ltr'><strong>deserto.</strong></span> <span class='ocrx_word' id='word_1_371' title='bbox 1757 3268 1819 3318; x_wconf 83' lang='lat' dir='ltr'><strong>At</strong></span> <span class='ocrx_word' id='word_1_372' title='bbox 1845 3267 1932 3319; x_wconf 85' lang='lat' dir='ltr'><strong>ille</strong></span> 
     </span>
    </p>
   </div>
   <div class='ocr_carea' id='block_1_48' title="bbox 347 3354 1927 3427">
    <p class='ocr_par' dir='ltr' id='par_1_48' title="bbox 347 3354 1927 3427">
     <span class='ocr_line' id='line_1_48' title="bbox 347 3354 1927 3427; baseline 0.003 -22"><span class='ocrx_word' id='word_1_373' title='bbox 347 3355 610 3423; x_wconf 62' lang='lat' dir='ltr'><strong>respondit</strong></span> <span class='ocrx_word' id='word_1_374' title='bbox 637 3371 654 3407; x_wconf 90' lang='lat'><strong><em>:</em></strong></span> <span class='ocrx_word' id='word_1_375' title='bbox 683 3355 811 3418; x_wconf 76' lang='lat' dir='ltr'><strong>Quis</strong></span> <span class='ocrx_word' id='word_1_376' title='bbox 838 3365 911 3408; x_wconf 82' lang='lat' dir='ltr'><strong>est</strong></span> <span class='ocrx_word' id='word_1_377' title='bbox 939 3354 1217 3419; x_wconf 83' lang='lat' dir='ltr'><strong>Dominus,</strong></span> <span class='ocrx_word' id='word_1_378' title='bbox 1256 3365 1310 3408; x_wconf 88' lang='lat' dir='ltr'><strong>ut</strong></span> <span class='ocrx_word' id='word_1_379' title='bbox 1345 3355 1558 3408; x_wconf 83' lang='lat' dir='ltr'><strong>audiam</strong></span> <span class='ocrx_word' id='word_1_380' title='bbox 1600 3374 1772 3410; x_wconf 82' lang='lat' dir='ltr'><strong>roccm</strong></span> <span class='ocrx_word' id='word_1_381' title='bbox 1791 3358 1927 3427; x_wconf 82' lang='lat' dir='ltr'><strong>ejus,</strong></span> 
     </span>
    </p>
   </div>
   <div class='ocr_carea' id='block_1_49' title="bbox 343 3443 1929 3511">
    <p class='ocr_par' dir='ltr' id='par_1_49' title="bbox 343 3443 1929 3511">
     <span class='ocr_line' id='line_1_49' title="bbox 343 3443 1929 3511; baseline 0.004 -14"><span class='ocrx_word' id='word_1_382' title='bbox 343 3453 390 3497; x_wconf 80' lang='lat' dir='ltr'><strong>et</strong></span> <span class='ocrx_word' id='word_1_383' title='bbox 425 3444 688 3497; x_wconf 83' lang='lat' dir='ltr'><strong>dimittam</strong></span> <span class='ocrx_word' id='word_1_384' title='bbox 724 3443 895 3497; x_wconf 82' lang='lat' dir='ltr'><strong>Israel</strong></span> <span class='ocrx_word' id='word_1_385' title='bbox 915 3446 938 3497; x_wconf 88' lang='lat'><strong><em>?</em></strong></span> <span class='ocrx_word' id='word_1_386' title='bbox 986 3445 1176 3498; x_wconf 75' lang='lat' dir='ltr'><strong>Nescio</strong></span> <span class='ocrx_word' id='word_1_387' title='bbox 1201 3446 1507 3511; x_wconf 86' lang='lat' dir='ltr'><strong>Dominum,</strong></span> <span class='ocrx_word' id='word_1_388' title='bbox 1537 3459 1583 3500; x_wconf 88' lang='lat' dir='ltr'><strong>et</strong></span> <span class='ocrx_word' id='word_1_389' title='bbox 1620 3447 1789 3502; x_wconf 92' lang='lat' dir='ltr'><strong>Israel</strong></span> <span class='ocrx_word' id='word_1_390' title='bbox 1829 3467 1929 3504; x_wconf 90' lang='lat' dir='ltr'><strong>non</strong></span> 
     </span>
    </p>
   </div>
   <div class='ocr_carea' id='block_1_50' title="bbox 343 3535 1929 3608">
    <p class='ocr_par' dir='ltr' id='par_1_50' title="bbox 343 3535 1929 3608">
     <span class='ocr_line' id='line_1_50' title="bbox 343 3535 1929 3608; baseline 0.006 -22"><span class='ocrx_word' id='word_1_391' title='bbox 343 3535 604 3588; x_wconf 78' lang='lat' dir='ltr'><strong>dimittam</strong></span> <span class='ocrx_word' id='word_1_392' title='bbox 632 3535 828 3607; x_wconf 71' lang='lat' dir='ltr'><strong>(Exod.</strong></span> <span class='ocrx_word' id='word_1_393' title='bbox 857 3536 929 3608; x_wconf 85' lang='lat' dir='ltr'><strong>v).</strong></span> <span class='ocrx_word' id='word_1_394' title='bbox 958 3537 1254 3607; x_wconf 78' lang='lat' dir='ltr'><strong>Superbam</strong></span> <span class='ocrx_word' id='word_1_395' title='bbox 1282 3539 1480 3594; x_wconf 89' lang='lat' dir='ltr'><strong>diaboli</strong></span> <span class='ocrx_word' id='word_1_396' title='bbox 1509 3543 1929 3607; x_wconf 89' lang='lat' dir='ltr'><strong>contumaciam,</strong></span> 
     </span>
    </p>
   </div>
   <div class='ocr_carea' id='block_1_51' title="bbox 345 3635 1928 3706">
    <p class='ocr_par' dir='ltr' id='par_1_51' title="bbox 345 3635 1928 3706">
     <span class='ocr_line' id='line_1_51' title="bbox 345 3635 1928 3706; baseline 0.002 -18"><span class='ocrx_word' id='word_1_397' title='bbox 345 3635 560 3689; x_wconf 88' lang='lat' dir='ltr'><strong>Pharao</strong></span> <span class='ocrx_word' id='word_1_398' title='bbox 591 3652 688 3689; x_wconf 87' lang='lat' dir='ltr'><strong>suo</strong></span> <span class='ocrx_word' id='word_1_399' title='bbox 720 3651 970 3690; x_wconf 87' lang='lat' dir='ltr'><strong>sermone</strong></span> <span class='ocrx_word' id='word_1_400' title='bbox 1002 3637 1252 3705; x_wconf 77' lang='lat' dir='ltr'><strong>exprimit</strong></span> <span class='ocrx_word' id='word_1_401' title='bbox 1284 3638 1373 3706; x_wconf 90' lang='lat' dir='ltr'><strong>qui</strong></span> <span class='ocrx_word' id='word_1_402' title='bbox 1406 3637 1562 3691; x_wconf 90' lang='lat' dir='ltr'><strong>subdi</strong></span> <span class='ocrx_word' id='word_1_403' title='bbox 1595 3639 1706 3693; x_wconf 90' lang='lat' dir='ltr'><strong>Deo</strong></span> <span class='ocrx_word' id='word_1_404' title='bbox 1735 3639 1928 3704; x_wconf 90' lang='lat' dir='ltr'><strong>noluit,</strong></span> 
     </span>
    </p>
   </div>
   <div class='ocr_carea' id='block_1_52' title="bbox 343 3727 1933 3801">
    <p class='ocr_par' dir='ltr' id='par_1_52' title="bbox 343 3727 1933 3801">
     <span class='ocr_line' id='line_1_52' title="bbox 343 3727 1933 3801; baseline 0.003 -20"><span class='ocrx_word' id='word_1_405' title='bbox 343 3728 436 3781; x_wconf 88' lang='lat' dir='ltr'><strong>sed</strong></span> <span class='ocrx_word' id='word_1_406' title='bbox 470 3728 732 3796; x_wconf 68' lang='lat' dir='ltr'><strong>aequalem</strong></span> <span class='ocrx_word' id='word_1_407' title='bbox 773 3727 910 3781; x_wconf 87' lang='lat' dir='ltr'><strong>dixit</strong></span> <span class='ocrx_word' id='word_1_408' title='bbox 947 3745 1007 3783; x_wconf 88' lang='lat' dir='ltr'><strong>se</strong></span> <span class='ocrx_word' id='word_1_409' title='bbox 1047 3744 1166 3782; x_wconf 87' lang='lat' dir='ltr'><strong>esse</strong></span> <span class='ocrx_word' id='word_1_410' title='bbox 1196 3728 1495 3794; x_wconf 73' lang='lat' dir='ltr'><strong>Altissimo,</strong></span> <span class='ocrx_word' id='word_1_411' title='bbox 1527 3732 1653 3798; x_wconf 90' lang='lat' dir='ltr'><strong>quia</strong></span> <span class='ocrx_word' id='word_1_412' title='bbox 1685 3731 1787 3784; x_wconf 88' lang='lat' dir='ltr'><strong>nisi</strong></span> <span class='ocrx_word' id='word_1_413' title='bbox 1836 3747 1933 3801; x_wconf 87' lang='lat' dir='ltr'><strong>per</strong></span> 
     </span>
    </p>
   </div>
   <div class='ocr_carea' id='block_1_53' title="bbox 345 3822 1931 3891">
    <p class='ocr_par' dir='ltr' id='par_1_53' title="bbox 345 3822 1931 3891">
     <span class='ocr_line' id='line_1_53' title="bbox 345 3822 1931 3891; baseline 0.003 -17"><span class='ocrx_word' id='word_1_414' title='bbox 345 3828 610 3875; x_wconf 86' lang='lat' dir='ltr'><strong>tormenta</strong></span> <span class='ocrx_word' id='word_1_415' title='bbox 637 3830 879 3885; x_wconf 88' lang='lat' dir='ltr'><strong>coactus,</strong></span> <span class='ocrx_word' id='word_1_416' title='bbox 915 3822 1023 3875; x_wconf 86' lang='lat' dir='ltr'><strong>Deo</strong></span> <span class='ocrx_word' id='word_1_417' title='bbox 1060 3838 1163 3875; x_wconf 88' lang='lat' dir='ltr'><strong>non</strong></span> <span class='ocrx_word' id='word_1_418' title='bbox 1196 3823 1305 3874; x_wconf 90' lang='lat' dir='ltr'><strong>vult</strong></span> <span class='ocrx_word' id='word_1_419' title='bbox 1332 3823 1670 3891; x_wconf 83' lang='lat' dir='ltr'><strong>impendere:</strong></span> <span class='ocrx_word' id='word_1_420' title='bbox 1706 3824 1846 3878; x_wconf 91' lang='lat' dir='ltr'><strong>unde</strong></span> <span class='ocrx_word' id='word_1_421' title='bbox 1877 3824 1931 3878; x_wconf 88' lang='lat' dir='ltr'><strong>in</strong></span> 
     </span>
    </p>
   </div>
   <div class='ocr_carea' id='block_1_54' title="bbox 345 3911 1930 3982">
    <p class='ocr_par' dir='ltr' id='par_1_54' title="bbox 345 3911 1930 3982">
     <span class='ocr_line' id='line_1_54' title="bbox 345 3911 1930 3982; baseline 0.003 -17"><span class='ocrx_word' id='word_1_422' title='bbox 345 3911 634 3981; x_wconf 85' lang='lat' dir='ltr'><strong>Evangelio</strong></span> <span class='ocrx_word' id='word_1_423' title='bbox 675 3927 796 3966; x_wconf 92' lang='lat' dir='ltr'><strong>cum</strong></span> <span class='ocrx_word' id='word_1_424' title='bbox 825 3913 990 3966; x_wconf 91' lang='lat' dir='ltr'><strong>Deum</strong></span> <span class='ocrx_word' id='word_1_425' title='bbox 1043 3921 1310 3977; x_wconf 88' lang='lat' dir='ltr'><strong>tentaret,</strong></span> <span class='ocrx_word' id='word_1_426' title='bbox 1367 3915 1519 3982; x_wconf 88' lang='lat' dir='ltr'><strong>quasi</strong></span> <span class='ocrx_word' id='word_1_427' title='bbox 1565 3915 1818 3969; x_wconf 85' lang='lat' dir='ltr'><strong>dubitans</strong></span> <span class='ocrx_word' id='word_1_428' title='bbox 1865 3916 1930 3970; x_wconf 90' lang='lat' dir='ltr'><strong>de</strong></span> 
     </span>
    </p>
   </div>
   <div class='ocr_carea' id='block_1_55' title="bbox 342 4001 1930 4074">
    <p class='ocr_par' dir='ltr' id='par_1_55' title="bbox 342 4001 1930 4074">
     <span class='ocr_line' id='line_1_55' title="bbox 342 4001 1930 4074; baseline 0.002 -18"><span class='ocrx_word' id='word_1_429' title='bbox 342 4002 458 4070; x_wconf 81' lang='lat' dir='ltr'><strong>ejus</strong></span> <span class='ocrx_word' id='word_1_430' title='bbox 485 4002 770 4056; x_wconf 87' lang='lat' dir='ltr'><strong>divinitate</strong></span> <span class='ocrx_word' id='word_1_431' title='bbox 791 4003 868 4056; x_wconf 86' lang='lat' dir='ltr'><strong>ait</strong></span> <span class='ocrx_word' id='word_1_432' title='bbox 896 4021 906 4056; x_wconf 93' lang='lat'>:</span> <span class='ocrx_word' id='word_1_433' title='bbox 944 4001 1001 4056; x_wconf 87' lang='lat' dir='ltr'><strong>Si</strong></span> <span class='ocrx_word' id='word_1_434' title='bbox 1020 4001 1190 4056; x_wconf 82' lang='lat' dir='ltr'><strong>Filius</strong></span> <span class='ocrx_word' id='word_1_435' title='bbox 1216 4004 1313 4056; x_wconf 89' lang='lat' dir='ltr'><strong>.Dei</strong></span> <span class='ocrx_word' id='word_1_436' title='bbox 1338 4021 1410 4068; x_wconf 86' lang='lat' dir='ltr'><strong>es,</strong></span> <span class='ocrx_word' id='word_1_437' title='bbox 1438 4005 1521 4057; x_wconf 85' lang='lat' dir='ltr'><strong>dic</strong></span> <span class='ocrx_word' id='word_1_438' title='bbox 1545 4015 1598 4057; x_wconf 88' lang='lat' dir='ltr'><strong>ut</strong></span> <span class='ocrx_word' id='word_1_439' title='bbox 1622 4004 1820 4074; x_wconf 76' lang='lat' dir='ltr'><strong>lapides</strong></span> <span class='ocrx_word' id='word_1_440' title='bbox 1845 4006 1930 4060; x_wconf 85' lang='lat' dir='ltr'><strong>isti</strong></span> 
     </span>
    </p>
   </div>
   <div class='ocr_carea' id='block_1_56' title="bbox 340 4091 1930 4164">
    <p class='ocr_par' dir='ltr' id='par_1_56' title="bbox 340 4091 1930 4164">
     <span class='ocr_line' id='line_1_56' title="bbox 340 4091 1930 4164; baseline 0.004 -19"><span class='ocrx_word' id='word_1_441' title='bbox 340 4110 501 4162; x_wconf 87' lang='lat' dir='ltr'><strong>panes</strong></span> <span class='ocrx_word' id='word_1_442' title='bbox 530 4091 660 4160; x_wconf 82' lang='lat' dir='ltr'><strong>ﬁant</strong></span> <span class='ocrx_word' id='word_1_443' title='bbox 697 4091 912 4162; x_wconf 82' lang='lat' dir='ltr'><strong>(Matth.</strong></span> <span class='ocrx_word' id='word_1_444' title='bbox 946 4092 1040 4163; x_wconf 71' lang='grc' dir='ltr'><strong>ιγ).</strong></span> <span class='ocrx_word' id='word_1_445' title='bbox 1087 4092 1190 4146; x_wconf 89' lang='lat' dir='ltr'><strong>Sed</strong></span> <span class='ocrx_word' id='word_1_446' title='bbox 1228 4102 1350 4162; x_wconf 84' lang='lat' dir='ltr'><strong>post</strong></span> <span class='ocrx_word' id='word_1_447' title='bbox 1403 4109 1466 4148; x_wconf 88' lang='lat' dir='ltr'><strong>ea</strong></span> <span class='ocrx_word' id='word_1_448' title='bbox 1511 4095 1662 4164; x_wconf 87' lang='lat' dir='ltr'><strong>quasi</strong></span> <span class='ocrx_word' id='word_1_449' title='bbox 1711 4095 1779 4149; x_wconf 88' lang='lat' dir='ltr'><strong>ah</strong></span> <span class='ocrx_word' id='word_1_450' title='bbox 1816 4096 1930 4164; x_wconf 92' lang='lat' dir='ltr'><strong>ipso</strong></span> 
     </span>
    </p>
   </div>
   <div class='ocr_carea' id='block_1_57' title="bbox 341 4183 1933 4253">
    <p class='ocr_par' dir='ltr' id='par_1_57' title="bbox 341 4183 1933 4253">
     <span class='ocr_line' id='line_1_57' title="bbox 341 4183 1933 4253; baseline 0.004 -19"><span class='ocrx_word' id='word_1_451' title='bbox 341 4183 676 4247; x_wconf 81' lang='lat' dir='ltr'><strong>verberatus,</strong></span> <span class='ocrx_word' id='word_1_452' title='bbox 707 4183 1102 4252; x_wconf 78' lang='lat' dir='ltr'><strong>quodammodo</strong></span> <span class='ocrx_word' id='word_1_453' title='bbox 1129 4184 1536 4253; x_wconf 87' lang='lat' dir='ltr'><strong>supplicationis</strong></span> <span class='ocrx_word' id='word_1_454' title='bbox 1564 4200 1750 4239; x_wconf 85' lang='lat' dir='ltr'><strong>vocem</strong></span> <span class='ocrx_word' id='word_1_455' title='bbox 1779 4188 1933 4241; x_wconf 84' lang='lat' dir='ltr'><strong>emit-</strong></span> 
     </span>
    </p>
   </div>
   <div class='ocr_carea' id='block_1_58' title="bbox 344 4275 1931 4346">
    <p class='ocr_par' dir='ltr' id='par_1_58' title="bbox 344 4275 1931 4346">
     <span class='ocr_line' id='line_1_58' title="bbox 344 4275 1931 4346; baseline 0.003 -18"><span class='ocrx_word' id='word_1_456' title='bbox 344 4275 427 4339; x_wconf 90' lang='lat' dir='ltr'><strong>tit,</strong></span> <span class='ocrx_word' id='word_1_457' title='bbox 461 4291 624 4345; x_wconf 87' lang='lat' dir='ltr'><strong>quam</strong></span> <span class='ocrx_word' id='word_1_458' title='bbox 649 4276 752 4329; x_wconf 88' lang='lat' dir='ltr'><strong>nisi</strong></span> <span class='ocrx_word' id='word_1_459' title='bbox 786 4285 1010 4330; x_wconf 89' lang='lat' dir='ltr'><strong>coactus</strong></span> <span class='ocrx_word' id='word_1_460' title='bbox 1039 4292 1379 4345; x_wconf 84' lang='lat' dir='ltr'><strong>nequaquam</strong></span> <span class='ocrx_word' id='word_1_461' title='bbox 1403 4277 1752 4346; x_wconf 85' lang='lat' dir='ltr'><strong>expenderet.</strong></span> <span class='ocrx_word' id='word_1_462' title='bbox 1785 4277 1931 4332; x_wconf 90' lang='lat' dir='ltr'><strong>Scri-</strong></span> 
     </span>
    </p>
   </div>
   <div class='ocr_carea' id='block_1_59' title="bbox 342 4365 1931 4432">
    <p class='ocr_par' dir='ltr' id='par_1_59' title="bbox 342 4365 1931 4432">
     <span class='ocr_line' id='line_1_59' title="bbox 342 4365 1931 4432; baseline 0.004 -17"><span class='ocrx_word' id='word_1_463' title='bbox 342 4372 491 4432; x_wconf 90' lang='lat' dir='ltr'><strong>ptutn</strong></span> <span class='ocrx_word' id='word_1_464' title='bbox 533 4372 616 4418; x_wconf 90' lang='lat' dir='ltr'><strong>est</strong></span> <span class='ocrx_word' id='word_1_465' title='bbox 645 4365 830 4418; x_wconf 90' lang='lat' dir='ltr'><strong>enim:</strong></span> <span class='ocrx_word' id='word_1_466' title='bbox 859 4365 1242 4420; x_wconf 61' lang='lat' dir='ltr'><strong>Clan&#39;taverunt</strong></span> <span class='ocrx_word' id='word_1_467' title='bbox 1281 4367 1552 4421; x_wconf 59' lang='lat' dir='ltr'><strong>darmones</strong></span> <span class='ocrx_word' id='word_1_468' title='bbox 1587 4373 1642 4420; x_wconf 90' lang='lat' dir='ltr'><strong>et</strong></span> <span class='ocrx_word' id='word_1_469' title='bbox 1678 4366 1931 4422; x_wconf 86' lang='lat' dir='ltr'><strong>dixerunt</strong></span> 
     </span>
    </p>
   </div>
   <div class='ocr_carea' id='block_1_60' title="bbox 343 4453 1932 4528">
    <p class='ocr_par' dir='ltr' id='par_1_60' title="bbox 343 4453 1932 4528">
     <span class='ocr_line' id='line_1_60' title="bbox 343 4453 1932 4528; baseline 0.004 -22"><span class='ocrx_word' id='word_1_470' title='bbox 343 4453 408 4506; x_wconf 89' lang='lat' dir='ltr'><strong>ad</strong></span> <span class='ocrx_word' id='word_1_471' title='bbox 441 4453 624 4508; x_wconf 88' lang='lat' dir='ltr'><strong>Jesum</strong></span> <span class='ocrx_word' id='word_1_472' title='bbox 659 4473 670 4506; x_wconf 94' lang='lat'>:</span> <span class='ocrx_word' id='word_1_473' title='bbox 718 4454 858 4519; x_wconf 84' lang='lat' dir='ltr'><strong>Quid</strong></span> <span class='ocrx_word' id='word_1_474' title='bbox 905 4457 1083 4508; x_wconf 82' lang='lat' dir='ltr'><strong>venisti</strong></span> <span class='ocrx_word' id='word_1_475' title='bbox 1126 4467 1247 4510; x_wconf 83' lang='lat' dir='ltr'><strong>ante</strong></span> <span class='ocrx_word' id='word_1_476' title='bbox 1279 4468 1480 4528; x_wconf 81' lang='lat' dir='ltr'><strong>tempus</strong></span> <span class='ocrx_word' id='word_1_477' title='bbox 1518 4468 1760 4528; x_wconf 84' lang='lat' dir='ltr'><strong>torquere</strong></span> <span class='ocrx_word' id='word_1_478' title='bbox 1799 4462 1932 4514; x_wconf 86' lang='lat' dir='ltr'><strong>nos?</strong></span> 
     </span>
    </p>
   </div>
   <div class='ocr_carea' id='block_1_61' title="bbox 342 4543 1929 4618">
    <p class='ocr_par' dir='ltr' id='par_1_61' title="bbox 342 4543 1929 4618">
     <span class='ocr_line' id='line_1_61' title="bbox 342 4543 1929 4618; baseline 0.004 -20"><span class='ocrx_word' id='word_1_479' title='bbox 342 4543 546 4598; x_wconf 83' lang='lat' dir='ltr'><strong>Scimus</strong></span> <span class='ocrx_word' id='word_1_480' title='bbox 577 4556 625 4598; x_wconf 84' lang='lat' dir='ltr'><strong>te</strong></span> <span class='ocrx_word' id='word_1_481' title='bbox 656 4547 781 4615; x_wconf 88' lang='lat' dir='ltr'><strong>quia</strong></span> <span class='ocrx_word' id='word_1_482' title='bbox 817 4563 868 4599; x_wconf 88' lang='lat' dir='ltr'><strong>es</strong></span> <span class='ocrx_word' id='word_1_483' title='bbox 898 4545 1068 4600; x_wconf 81' lang='lat' dir='ltr'><strong>Filius</strong></span> <span class='ocrx_word' id='word_1_484' title='bbox 1100 4547 1192 4600; x_wconf 82' lang='lat' dir='ltr'><strong>Dei</strong></span> <span class='ocrx_word' id='word_1_485' title='bbox 1237 4549 1450 4618; x_wconf 77' lang='lat' dir='ltr'><strong>(Matth.</strong></span> <span class='ocrx_word' id='word_1_486' title='bbox 1481 4549 1619 4617; x_wconf 82' lang='lat' dir='ltr'><strong>vui).</strong></span> <span class='ocrx_word' id='word_1_487' title='bbox 1653 4550 1750 4604; x_wconf 90' lang='lat' dir='ltr'><strong>Ubi</strong></span> <span class='ocrx_word' id='word_1_488' title='bbox 1784 4553 1929 4604; x_wconf 81' lang='lat' dir='ltr'><strong>enim</strong></span> 
     </span>
    </p>
   </div>
   <div class='ocr_carea' id='block_1_62' title="bbox 345 4641 1930 4708">
    <p class='ocr_par' dir='ltr' id='par_1_62' title="bbox 345 4641 1930 4708">
     <span class='ocr_line' id='line_1_62' title="bbox 345 4641 1930 4708; baseline 0.003 -17"><span class='ocrx_word' id='word_1_489' title='bbox 345 4646 617 4692; x_wconf 82' lang='lat' dir='ltr'><strong>tormenta</strong></span> <span class='ocrx_word' id='word_1_490' title='bbox 673 4648 981 4702; x_wconf 88' lang='lat' dir='ltr'><strong>senserunt,</strong></span> <span class='ocrx_word' id='word_1_491' title='bbox 1037 4641 1216 4692; x_wconf 90' lang='lat' dir='ltr'><strong>sciunt</strong></span> <span class='ocrx_word' id='word_1_492' title='bbox 1271 4641 1551 4692; x_wconf 85' lang='lat' dir='ltr'><strong>Dominum</strong></span> <span class='ocrx_word' id='word_1_493' title='bbox 1584 4657 1742 4708; x_wconf 82' lang='lat' dir='ltr'><strong>quem</strong></span> <span class='ocrx_word' id='word_1_494' title='bbox 1804 4651 1930 4696; x_wconf 88' lang='lat' dir='ltr'><strong>ante</strong></span> 
     </span>
    </p>
   </div>
   <div class='ocr_carea' id='block_1_63' title="bbox 342 4726 1929 4798">
    <p class='ocr_par' dir='ltr' id='par_1_63' title="bbox 342 4726 1929 4798">
     <span class='ocr_line' id='line_1_63' title="bbox 342 4726 1929 4798; baseline 0.001 -17"><span class='ocrx_word' id='word_1_495' title='bbox 342 4726 550 4798; x_wconf 81' lang='lat' dir='ltr'><strong>ﬂagella</strong></span> <span class='ocrx_word' id='word_1_496' title='bbox 577 4729 716 4782; x_wconf 87' lang='lat' dir='ltr'><strong>scire</strong></span> <span class='ocrx_word' id='word_1_497' title='bbox 743 4729 1049 4783; x_wconf 90' lang='lat' dir='ltr'><strong>noluerunt.</strong></span> <span class='ocrx_word' id='word_1_498' title='bbox 1094 4727 1200 4781; x_wconf 88' lang='lat' dir='ltr'><strong>Sed</strong></span> <span class='ocrx_word' id='word_1_499' title='bbox 1231 4737 1282 4779; x_wconf 91' lang='lat' dir='ltr'><strong>et</strong></span> <span class='ocrx_word' id='word_1_500' title='bbox 1309 4728 1518 4782; x_wconf 85' lang='lat' dir='ltr'><strong>Pharao</strong></span> <span class='ocrx_word' id='word_1_501' title='bbox 1547 4737 1671 4781; x_wconf 90' lang='lat' dir='ltr'><strong>ante</strong></span> <span class='ocrx_word' id='word_1_502' title='bbox 1703 4731 1929 4783; x_wconf 77' lang='lat' dir='ltr'><strong>verbera</strong></span> 
     </span>
    </p>
   </div>
   <div class='ocr_carea' id='block_1_64' title="bbox 341 4820 1929 4889">
    <p class='ocr_par' dir='ltr' id='par_1_64' title="bbox 341 4820 1929 4889">
     <span class='ocr_line' id='line_1_64' title="bbox 341 4820 1929 4889; baseline -0.001 -14"><span class='ocrx_word' id='word_1_503' title='bbox 341 4821 551 4875; x_wconf 84' lang='lat' dir='ltr'><strong>nescire</strong></span> <span class='ocrx_word' id='word_1_504' title='bbox 581 4836 637 4873; x_wconf 90' lang='lat' dir='ltr'><strong>se</strong></span> <span class='ocrx_word' id='word_1_505' title='bbox 668 4821 954 4874; x_wconf 90' lang='lat' dir='ltr'><strong>Dominum</strong></span> <span class='ocrx_word' id='word_1_506' title='bbox 992 4821 1128 4873; x_wconf 81' lang='lat' dir='ltr'><strong>dixit</strong></span> <span class='ocrx_word' id='word_1_507' title='bbox 1159 4839 1170 4872; x_wconf 93' lang='lat'>:</span> <span class='ocrx_word' id='word_1_508' title='bbox 1206 4829 1324 4889; x_wconf 89' lang='lat' dir='ltr'><strong>post</strong></span> <span class='ocrx_word' id='word_1_509' title='bbox 1345 4820 1568 4873; x_wconf 88' lang='lat' dir='ltr'><strong>verbera</strong></span> <span class='ocrx_word' id='word_1_510' title='bbox 1610 4829 1791 4872; x_wconf 89' lang='lat' dir='ltr'><strong>autem</strong></span> <span class='ocrx_word' id='word_1_511' title='bbox 1831 4836 1929 4888; x_wconf 85' lang='lat' dir='ltr'><strong>pro</strong></span> 
     </span>
    </p>
   </div>
   <div class='ocr_carea' id='block_1_65' title="bbox 341 4911 1923 4982">
    <p class='ocr_par' dir='ltr' id='par_1_65' title="bbox 341 4911 1923 4982">
     <span class='ocr_line' id='line_1_65' title="bbox 341 4911 1923 4982; baseline 0.001 -16"><span class='ocrx_word' id='word_1_512' title='bbox 341 4927 399 4966; x_wconf 85' lang='lat' dir='ltr'><strong>se</strong></span> <span class='ocrx_word' id='word_1_513' title='bbox 447 4912 749 4980; x_wconf 89' lang='lat' dir='ltr'><strong>supplicare</strong></span> <span class='ocrx_word' id='word_1_514' title='bbox 798 4913 862 4966; x_wconf 89' lang='lat' dir='ltr'><strong>ad</strong></span> <span class='ocrx_word' id='word_1_515' title='bbox 899 4912 1183 4966; x_wconf 89' lang='lat' dir='ltr'><strong>Dominum</strong></span> <span class='ocrx_word' id='word_1_516' title='bbox 1231 4921 1400 4982; x_wconf 85' lang='lat' dir='ltr'><strong>rogat.</strong></span> <span class='ocrx_word' id='word_1_517' title='bbox 1451 4911 1745 4981; x_wconf 90' lang='lat' dir='ltr'><strong>Sequitur:</strong></span> <span class='ocrx_word' id='word_1_518' title='bbox 1781 4914 1923 4968; x_wconf 87' lang='lat' dir='ltr'><strong>Deus</strong></span> 
     </span>
    </p>
   </div>
   <div class='ocr_carea' id='block_1_66' title="bbox 344 5001 1922 5069">
    <p class='ocr_par' dir='ltr' id='par_1_66' title="bbox 344 5001 1922 5069">
     <span class='ocr_line' id='line_1_66' title="bbox 344 5001 1922 5069; baseline 0.002 -13"><span class='ocrx_word' id='word_1_519' title='bbox 344 5001 685 5056; x_wconf 81' lang='lat' dir='ltr'><strong>IIebrtrorum</strong></span> <span class='ocrx_word' id='word_1_520' title='bbox 708 5005 904 5058; x_wconf 81' lang='lat' dir='ltr'><strong>vocavit</strong></span> <span class='ocrx_word' id='word_1_521' title='bbox 930 5022 1042 5069; x_wconf 88' lang='lat' dir='ltr'><strong>nos,</strong></span> <span class='ocrx_word' id='word_1_522' title='bbox 1071 5015 1124 5056; x_wconf 89' lang='lat' dir='ltr'><strong>at</strong></span> <span class='ocrx_word' id='word_1_523' title='bbox 1146 5022 1324 5058; x_wconf 86' lang='lat' dir='ltr'><strong>eamus</strong></span> <span class='ocrx_word' id='word_1_524' title='bbox 1355 5007 1490 5058; x_wconf 79' lang='lat' dir='ltr'><strong>riam</strong></span> <span class='ocrx_word' id='word_1_525' title='bbox 1526 5007 1684 5058; x_wconf 83' lang='lat' dir='ltr'><strong>trium</strong></span> <span class='ocrx_word' id='word_1_526' title='bbox 1718 5007 1922 5060; x_wconf 80' lang='lat' dir='ltr'><strong>dierum</strong></span> 
     </span>
    </p>
   </div>
   <div class='ocr_carea' id='block_1_67' title="bbox 341 5095 1922 5164">
    <p class='ocr_par' dir='ltr' id='par_1_67' title="bbox 341 5095 1922 5164">
     <span class='ocr_line' id='line_1_67' title="bbox 341 5095 1922 5164; baseline 0.001 -16"><span class='ocrx_word' id='word_1_527' title='bbox 341 5097 395 5148; x_wconf 86' lang='lat' dir='ltr'><strong>in</strong></span> <span class='ocrx_word' id='word_1_528' title='bbox 418 5095 774 5159; x_wconf 82' lang='lat' dir='ltr'><strong>solitudinem,</strong></span> <span class='ocrx_word' id='word_1_529' title='bbox 798 5106 843 5150; x_wconf 85' lang='lat' dir='ltr'><strong>et</strong></span> <span class='ocrx_word' id='word_1_530' title='bbox 871 5097 1224 5164; x_wconf 82' lang='lat' dir='ltr'><strong>sacriﬁcemus</strong></span> <span class='ocrx_word' id='word_1_531' title='bbox 1252 5097 1472 5150; x_wconf 90' lang='lat' dir='ltr'><strong>Domino</strong></span> <span class='ocrx_word' id='word_1_532' title='bbox 1499 5097 1608 5150; x_wconf 87' lang='lat' dir='ltr'><strong>Deo</strong></span> <span class='ocrx_word' id='word_1_533' title='bbox 1637 5107 1834 5161; x_wconf 84' lang='lat' dir='ltr'><strong>nostro,</strong></span> <span class='ocrx_word' id='word_1_534' title='bbox 1861 5115 1922 5150; x_wconf 85' lang='lat' dir='ltr'><strong>ne</strong></span> 
     </span>
    </p>
   </div>
   <div class='ocr_carea' id='block_1_68' title="bbox 342 5187 1919 5259">
    <p class='ocr_par' dir='ltr' id='par_1_68' title="bbox 342 5187 1919 5259">
     <span class='ocr_line' id='line_1_68' title="bbox 342 5187 1919 5259; baseline 0.003 -19"><span class='ocrx_word' id='word_1_535' title='bbox 342 5187 476 5257; x_wconf 89' lang='lat' dir='ltr'><strong>forte</strong></span> <span class='ocrx_word' id='word_1_536' title='bbox 507 5187 711 5241; x_wconf 86' lang='lat' dir='ltr'><strong>accidat</strong></span> <span class='ocrx_word' id='word_1_537' title='bbox 743 5189 888 5240; x_wconf 89' lang='lat' dir='ltr'><strong>nobis</strong></span> <span class='ocrx_word' id='word_1_538' title='bbox 910 5190 1066 5258; x_wconf 78' lang='lat' dir='ltr'><strong>pestis</strong></span> <span class='ocrx_word' id='word_1_539' title='bbox 1102 5199 1193 5242; x_wconf 87' lang='lat' dir='ltr'><strong>aut</strong></span> <span class='ocrx_word' id='word_1_540' title='bbox 1226 5188 1452 5257; x_wconf 80' lang='lat' dir='ltr'><strong>gladius.</strong></span> <span class='ocrx_word' id='word_1_541' title='bbox 1483 5189 1753 5254; x_wconf 51' lang='lat' dir='ltr'><strong>Qua‘ritur</strong></span> <span class='ocrx_word' id='word_1_542' title='bbox 1783 5205 1919 5259; x_wconf 90' lang='lat' dir='ltr'><strong>quo-</strong></span> 
     </span>
    </p>
   </div>
   <div class='ocr_carea' id='block_1_69' title="bbox 341 5278 1921 5350">
    <p class='ocr_par' dir='ltr' id='par_1_69' title="bbox 341 5278 1921 5350">
     <span class='ocr_line' id='line_1_69' title="bbox 341 5278 1921 5350; baseline 0.001 -18"><span class='ocrx_word' id='word_1_543' title='bbox 341 5278 502 5334; x_wconf 87' lang='lat' dir='ltr'><strong>modo</strong></span> <span class='ocrx_word' id='word_1_544' title='bbox 544 5278 738 5350; x_wconf 91' lang='lat' dir='ltr'><strong>populo</strong></span> <span class='ocrx_word' id='word_1_545' title='bbox 782 5281 1014 5344; x_wconf 88' lang='lat' dir='ltr'><strong>dicatur,</strong></span> <span class='ocrx_word' id='word_1_546' title='bbox 1061 5280 1204 5348; x_wconf 87' lang='lat' dir='ltr'><strong>quod</strong></span> <span class='ocrx_word' id='word_1_547' title='bbox 1247 5281 1524 5334; x_wconf 85' lang='lat' dir='ltr'><strong>mandavit</strong></span> <span class='ocrx_word' id='word_1_548' title='bbox 1553 5282 1694 5334; x_wconf 82' lang='lat' dir='ltr'><strong>Deus</strong></span> <span class='ocrx_word' id='word_1_549' title='bbox 1723 5280 1921 5348; x_wconf 87' lang='lat' dir='ltr'><strong>ejectu-</strong></span> 
     </span>
    </p>
   </div>
   <div class='ocr_carea' id='block_1_70' title="bbox 341 5369 1919 5441">
    <p class='ocr_par' dir='ltr' id='par_1_70' title="bbox 341 5369 1919 5441">
     <span class='ocr_line' id='line_1_70' title="bbox 341 5369 1919 5441; baseline 0.002 -18"><span class='ocrx_word' id='word_1_550' title='bbox 341 5385 462 5423; x_wconf 81' lang='lat' dir='ltr'><strong>rum</strong></span> <span class='ocrx_word' id='word_1_551' title='bbox 485 5385 542 5424; x_wconf 90' lang='lat' dir='ltr'><strong>se</strong></span> <span class='ocrx_word' id='word_1_552' title='bbox 571 5384 663 5424; x_wconf 87' lang='lat' dir='ltr'><strong>eos</strong></span> <span class='ocrx_word' id='word_1_553' title='bbox 684 5370 749 5425; x_wconf 89' lang='lat' dir='ltr'><strong>de</strong></span> <span class='ocrx_word' id='word_1_554' title='bbox 764 5369 998 5441; x_wconf 61' lang='lat' dir='ltr'><strong>[Egypto</strong></span> <span class='ocrx_word' id='word_1_555' title='bbox 1023 5372 1077 5424; x_wconf 89' lang='lat' dir='ltr'><strong>in</strong></span> <span class='ocrx_word' id='word_1_556' title='bbox 1109 5381 1308 5424; x_wconf 87' lang='lat' dir='ltr'><strong>terram</strong></span> <span class='ocrx_word' id='word_1_557' title='bbox 1339 5371 1623 5432; x_wconf 84' lang='lat' dir='ltr'><strong>Chanaan,</strong></span> <span class='ocrx_word' id='word_1_558' title='bbox 1651 5372 1919 5426; x_wconf 82' lang='lat' dir='ltr'><strong>Pharaoni</strong></span> 
     </span>
    </p>
   </div>
   <div class='ocr_carea' id='block_1_71' title="bbox 341 5462 1920 5533">
    <p class='ocr_par' dir='ltr' id='par_1_71' title="bbox 341 5462 1920 5533">
     <span class='ocr_line' id='line_1_71' title="bbox 341 5462 1920 5533; baseline 0.003 -21"><span class='ocrx_word' id='word_1_559' title='bbox 341 5469 519 5514; x_wconf 81' lang='lat' dir='ltr'><strong>autent</strong></span> <span class='ocrx_word' id='word_1_560' title='bbox 548 5463 777 5528; x_wconf 85' lang='lat' dir='ltr'><strong>dicatur,</strong></span> <span class='ocrx_word' id='word_1_561' title='bbox 810 5464 951 5533; x_wconf 88' lang='lat' dir='ltr'><strong>quod</strong></span> <span class='ocrx_word' id='word_1_562' title='bbox 984 5463 1142 5516; x_wconf 85' lang='lat' dir='ltr'><strong>trium</strong></span> <span class='ocrx_word' id='word_1_563' title='bbox 1172 5462 1380 5516; x_wconf 88' lang='lat' dir='ltr'><strong>dierum</strong></span> <span class='ocrx_word' id='word_1_564' title='bbox 1414 5463 1517 5516; x_wconf 88' lang='lat' dir='ltr'><strong>iter</strong></span> <span class='ocrx_word' id='word_1_565' title='bbox 1545 5465 1695 5517; x_wconf 85' lang='lat' dir='ltr'><strong>exire</strong></span> <span class='ocrx_word' id='word_1_566' title='bbox 1722 5464 1920 5518; x_wconf 83' lang='lat' dir='ltr'><strong>vellent</strong></span> 
     </span>
    </p>
   </div>
   <div class='ocr_carea' id='block_1_72' title="bbox 343 5552 1919 5621">
    <p class='ocr_par' dir='ltr' id='par_1_72' title="bbox 343 5552 1919 5621">
     <span class='ocr_line' id='line_1_72' title="bbox 343 5552 1919 5621; baseline 0.003 -17"><span class='ocrx_word' id='word_1_567' title='bbox 343 5552 394 5604; x_wconf 90' lang='lat' dir='ltr'><strong>in</strong></span> <span class='ocrx_word' id='word_1_568' title='bbox 444 5553 716 5609; x_wconf 86' lang='lat' dir='ltr'><strong>desertqu</strong></span> <span class='ocrx_word' id='word_1_569' title='bbox 765 5556 1044 5610; x_wconf 88' lang='lat' dir='ltr'><strong>inunolare</strong></span> <span class='ocrx_word' id='word_1_570' title='bbox 1080 5556 1187 5610; x_wconf 88' lang='lat' dir='ltr'><strong>Deo</strong></span> <span class='ocrx_word' id='word_1_571' title='bbox 1237 5571 1334 5608; x_wconf 92' lang='lat' dir='ltr'><strong>suo</strong></span> <span class='ocrx_word' id='word_1_572' title='bbox 1382 5571 1450 5608; x_wconf 79' lang='lat' dir='ltr'><strong>ex</strong></span> <span class='ocrx_word' id='word_1_573' title='bbox 1492 5556 1746 5609; x_wconf 88' lang='lat' dir='ltr'><strong>mandato</strong></span> <span class='ocrx_word' id='word_1_574' title='bbox 1784 5554 1919 5621; x_wconf 86' lang='lat' dir='ltr'><strong>ejus.</strong></span> 
     </span>
    </p>
   </div>
   <div class='ocr_carea' id='block_1_73' title="bbox 343 5641 1922 5723">
    <p class='ocr_par' dir='ltr' id='par_1_73' title="bbox 343 5641 1922 5723">
     <span class='ocr_line' id='line_1_73' title="bbox 343 5641 1922 5723; baseline 0.003 -26"><span class='ocrx_word' id='word_1_575' title='bbox 343 5641 449 5697; x_wconf 86' lang='lat' dir='ltr'><strong>Sed</strong></span> <span class='ocrx_word' id='word_1_576' title='bbox 493 5645 894 5714; x_wconf 85' lang='lat' dir='ltr'><strong>intelligendum</strong></span> <span class='ocrx_word' id='word_1_577' title='bbox 939 5655 1053 5711; x_wconf 89' lang='lat' dir='ltr'><strong>est,</strong></span> <span class='ocrx_word' id='word_1_578' title='bbox 1101 5647 1371 5723; x_wconf 86' lang='lat' dir='ltr'><strong>quamvis</strong></span> <span class='ocrx_word' id='word_1_579' title='bbox 1398 5645 1541 5699; x_wconf 89' lang='lat' dir='ltr'><strong>Deus</strong></span> <span class='ocrx_word' id='word_1_580' title='bbox 1586 5646 1751 5700; x_wconf 79' lang='lat' dir='ltr'><strong>sciret</strong></span> <span class='ocrx_word' id='word_1_581' title='bbox 1794 5647 1922 5716; x_wconf 89' lang='lat' dir='ltr'><strong>quid</strong></span> 
     </span>
    </p>
   </div>
   <div class='ocr_carea' id='block_1_74' title="bbox 343 5734 1918 5810">
    <p class='ocr_par' dir='ltr' id='par_1_74' title="bbox 343 5734 1918 5810">
     <span class='ocr_line' id='line_1_74' title="bbox 343 5734 1918 5810; baseline 0.001 -20"><span class='ocrx_word' id='word_1_582' title='bbox 343 5740 483 5790; x_wconf 78' lang='lat' dir='ltr'><strong>esset</strong></span> <span class='ocrx_word' id='word_1_583' title='bbox 529 5734 800 5806; x_wconf 79' lang='lat' dir='ltr'><strong>facturus,</strong></span> <span class='ocrx_word' id='word_1_584' title='bbox 833 5742 1098 5810; x_wconf 74' lang='lat' dir='ltr'><strong>quomodo</strong></span> <span class='ocrx_word' id='word_1_585' title='bbox 1127 5739 1444 5809; x_wconf 70' lang='lat' dir='ltr'><strong>pl&#39;tl‘St‘icbttl</strong></span> <span class='ocrx_word' id='word_1_586' title='bbox 1477 5752 1583 5791; x_wconf 92' lang='lat' dir='ltr'><strong>non</strong></span> <span class='ocrx_word' id='word_1_587' title='bbox 1621 5753 1918 5792; x_wconf 87' lang='lat' dir='ltr'><strong>consensu-</strong></span> 
     </span>
    </p>
   </div>
   <div class='ocr_carea' id='block_1_75' title="bbox 1955 4505 2006 4562">
    <p class='ocr_par' dir='ltr' id='par_1_75' title="bbox 1955 4505 2006 4562">
     <span class='ocr_line' id='line_1_75' title="bbox 1955 4505 2006 4562; baseline 0 0"><span class='ocrx_word' id='word_1_588' title='bbox 1955 4505 2006 4562; x_wconf 93' lang='lat' dir='ltr'><strong>D</strong></span> 
     </span>
    </p>
   </div>
   <div class='ocr_carea' id='block_1_76' title="bbox 2032 1883 3618 1954">
    <p class='ocr_par' dir='ltr' id='par_1_76' title="bbox 2032 1883 3618 1954">
     <span class='ocr_line' id='line_1_76' title="bbox 2032 1883 3618 1954; baseline 0.004 -20"><span class='ocrx_word' id='word_1_589' title='bbox 2032 1883 2086 1936; x_wconf 90' lang='lat' dir='ltr'><strong>in</strong></span> <span class='ocrx_word' id='word_1_590' title='bbox 2132 1883 2327 1947; x_wconf 83' lang='lat' dir='ltr'><strong>locum,</strong></span> <span class='ocrx_word' id='word_1_591' title='bbox 2367 1886 2418 1938; x_wconf 89' lang='lat' dir='ltr'><strong>in</strong></span> <span class='ocrx_word' id='word_1_592' title='bbox 2465 1903 2572 1954; x_wconf 87' lang='lat' dir='ltr'><strong>quo</strong></span> <span class='ocrx_word' id='word_1_593' title='bbox 2611 1887 2836 1939; x_wconf 75' lang='lat' dir='ltr'><strong>Domino</strong></span> <span class='ocrx_word' id='word_1_594' title='bbox 2885 1888 3212 1951; x_wconf 84' lang='lat' dir='ltr'><strong>imtnolctur,</strong></span> <span class='ocrx_word' id='word_1_595' title='bbox 3261 1901 3316 1941; x_wconf 88' lang='lat' dir='ltr'><strong>et</strong></span> <span class='ocrx_word' id='word_1_596' title='bbox 3363 1889 3618 1942; x_wconf 82' lang='lat' dir='ltr'><strong>reddatur</strong></span> 
     </span>
    </p>
   </div>
   <div class='ocr_carea' id='block_1_77' title="bbox 2032 1973 3615 2047">
    <p class='ocr_par' dir='ltr' id='par_1_77' title="bbox 2032 1973 3615 2047">
     <span class='ocr_line' id='line_1_77' title="bbox 2032 1973 3615 2047; baseline 0.004 -21"><span class='ocrx_word' id='word_1_597' title='bbox 2032 1974 2359 2047; x_wconf 67' lang='lat' dir='ltr'><strong>sacrificium</strong></span> <span class='ocrx_word' id='word_1_598' title='bbox 2403 1973 2595 2036; x_wconf 73' lang='lat' dir='ltr'><strong>laudis,</strong></span> <span class='ocrx_word' id='word_1_599' title='bbox 2635 1976 2774 2029; x_wconf 81' lang='lat' dir='ltr'><strong>sicut</strong></span> <span class='ocrx_word' id='word_1_600' title='bbox 2815 1977 2866 2029; x_wconf 89' lang='lat' dir='ltr'><strong>in</strong></span> <span class='ocrx_word' id='word_1_601' title='bbox 2909 1979 3362 2046; x_wconf 79' lang='lat' dir='ltr'><strong>cmisequentibus</strong></span> <span class='ocrx_word' id='word_1_602' title='bbox 3398 1979 3615 2032; x_wconf 86' lang='lat' dir='ltr'><strong>dicitur.</strong></span> 
     </span>
    </p>
   </div>
   <div class='ocr_carea' id='block_1_78' title="bbox 2031 2064 3618 2136">
    <p class='ocr_par' dir='ltr' id='par_1_78' title="bbox 2031 2064 3618 2136">
     <span class='ocr_line' id='line_1_78' title="bbox 2031 2064 3618 2136; baseline 0.004 -20"><span class='ocrx_word' id='word_1_603' title='bbox 2031 2064 2456 2121; x_wconf 69' lang='lat' dir='ltr'><strong>Abominationes</strong></span> <span class='ocrx_word' id='word_1_604' title='bbox 2478 2106 2490 2130; x_wconf 92' lang='lat'><strong>,</strong></span> <span class='ocrx_word' id='word_1_605' title='bbox 2537 2067 2804 2135; x_wconf 75' lang='lat' dir='ltr'><strong>inquiunt,</strong></span> <span class='ocrx_word' id='word_1_606' title='bbox 2839 2068 3208 2136; x_wconf 67' lang='lat' dir='ltr'><strong>.Ifgyptiorum</strong></span> <span class='ocrx_word' id='word_1_607' title='bbox 3233 2070 3618 2122; x_wconf 83' lang='lat' dir='ltr'><strong>immolabimus</strong></span> 
     </span>
    </p>
   </div>
   <div class='ocr_carea' id='block_1_79' title="bbox 2030 2153 3618 2228">
    <p class='ocr_par' dir='ltr' id='par_1_79' title="bbox 2030 2153 3618 2228">
     <span class='ocr_line' id='line_1_79' title="bbox 2030 2153 3618 2228; baseline 0.006 -23"><span class='ocrx_word' id='word_1_608' title='bbox 2030 2154 2254 2208; x_wconf 85' lang='lat' dir='ltr'><strong>Domino</strong></span> <span class='ocrx_word' id='word_1_609' title='bbox 2306 2155 2410 2208; x_wconf 80' lang='lat' dir='ltr'><strong>Deo</strong></span> <span class='ocrx_word' id='word_1_610' title='bbox 2464 2168 2661 2210; x_wconf 79' lang='lat' dir='ltr'><strong>nostra.</strong></span> <span class='ocrx_word' id='word_1_611' title='bbox 2746 2154 2886 2211; x_wconf 72' lang='lat' dir='ltr'><strong>Oves</strong></span> <span class='ocrx_word' id='word_1_612' title='bbox 2943 2159 3138 2228; x_wconf 71' lang='lat' dir='ltr'><strong>quippe</strong></span> <span class='ocrx_word' id='word_1_613' title='bbox 3165 2159 3404 2228; x_wconf 60' lang='lat' dir='ltr'><strong>:l&#39;lgyptii</strong></span> <span class='ocrx_word' id='word_1_614' title='bbox 3456 2153 3618 2214; x_wconf 74' lang='lat' dir='ltr'><strong>cdere</strong></span> 
     </span>
    </p>
   </div>
   <div class='ocr_carea' id='block_1_80' title="bbox 2031 2245 3618 2321">
    <p class='ocr_par' dir='ltr' id='par_1_80' title="bbox 2031 2245 3618 2321">
     <span class='ocr_line' id='line_1_80' title="bbox 2031 2245 3618 2321; baseline 0.004 -23"><span class='ocrx_word' id='word_1_615' title='bbox 2031 2245 2410 2315; x_wconf 88' lang='lat' dir='ltr'><strong>dedignantur.</strong></span> <span class='ocrx_word' id='word_1_616' title='bbox 2468 2249 2573 2300; x_wconf 81' lang='lat' dir='ltr'><strong>Sd</strong></span> <span class='ocrx_word' id='word_1_617' title='bbox 2625 2251 2766 2318; x_wconf 87' lang='lat' dir='ltr'><strong>quod</strong></span> <span class='ocrx_word' id='word_1_618' title='bbox 2813 2251 3195 2303; x_wconf 76' lang='lat' dir='ltr'><strong>abominantur</strong></span> <span class='ocrx_word' id='word_1_619' title='bbox 3224 2249 3482 2321; x_wconf 60' lang='lat' dir='ltr'><strong>:Egyptii,</strong></span> <span class='ocrx_word' id='word_1_620' title='bbox 3519 2251 3618 2304; x_wconf 89' lang='lat' dir='ltr'><strong>hoc</strong></span> 
     </span>
    </p>
   </div>
   <div class='ocr_carea' id='block_1_81' title="bbox 2029 2336 3618 2414">
    <p class='ocr_par' dir='ltr' id='par_1_81' title="bbox 2029 2336 3618 2414">
     <span class='ocr_line' id='line_1_81' title="bbox 2029 2336 3618 2414; baseline 0.003 -26"><span class='ocrx_word' id='word_1_621' title='bbox 2029 2336 2282 2390; x_wconf 64' lang='lat' dir='ltr'><strong>Israelita:</strong></span> <span class='ocrx_word' id='word_1_622' title='bbox 2309 2338 2418 2392; x_wconf 89' lang='lat' dir='ltr'><strong>Deo</strong></span> <span class='ocrx_word' id='word_1_623' title='bbox 2449 2337 2695 2414; x_wconf 50' lang='lat' dir='ltr'><strong>efferum;</strong></span> <span class='ocrx_word' id='word_1_624' title='bbox 2711 2357 2724 2392; x_wconf 90' lang='lat'><strong>:</strong></span> <span class='ocrx_word' id='word_1_625' title='bbox 2753 2341 2878 2407; x_wconf 85' lang='lat' dir='ltr'><strong>quia</strong></span> <span class='ocrx_word' id='word_1_626' title='bbox 2905 2340 3302 2407; x_wconf 88' lang='lat' dir='ltr'><strong>simplicitatem</strong></span> <span class='ocrx_word' id='word_1_627' title='bbox 3333 2341 3618 2393; x_wconf 81' lang='lat' dir='ltr'><strong>conscien—</strong></span> 
     </span>
    </p>
   </div>
   <div class='ocr_carea' id='block_1_82' title="bbox 2032 2429 3620 2498">
    <p class='ocr_par' dir='ltr' id='par_1_82' title="bbox 2032 2429 3620 2498">
     <span class='ocr_line' id='line_1_82' title="bbox 2032 2429 3620 2498; baseline 0.001 -17"><span class='ocrx_word' id='word_1_628' title='bbox 2032 2429 2118 2482; x_wconf 80' lang='lat' dir='ltr'><strong>tia:</strong></span> <span class='ocrx_word' id='word_1_629' title='bbox 2165 2445 2325 2496; x_wconf 92' lang='lat' dir='ltr'><strong>quam</strong></span> <span class='ocrx_word' id='word_1_630' title='bbox 2380 2431 2653 2497; x_wconf 86' lang='lat' dir='ltr'><strong>sapientes</strong></span> <span class='ocrx_word' id='word_1_631' title='bbox 2707 2430 2864 2498; x_wconf 90' lang='lat' dir='ltr'><strong>hujus</strong></span> <span class='ocrx_word' id='word_1_632' title='bbox 2919 2431 3122 2495; x_wconf 68' lang='lat' dir='ltr'><strong>saeculi,</strong></span> <span class='ocrx_word' id='word_1_633' title='bbox 3176 2432 3278 2483; x_wconf 90' lang='lat' dir='ltr'><strong>hoc</strong></span> <span class='ocrx_word' id='word_1_634' title='bbox 3323 2438 3426 2494; x_wconf 87' lang='lat' dir='ltr'><strong>est,</strong></span> <span class='ocrx_word' id='word_1_635' title='bbox 3477 2431 3620 2483; x_wconf 83' lang='lat' dir='ltr'><strong>cives</strong></span> 
     </span>
    </p>
   </div>
   <div class='ocr_carea' id='block_1_83' title="bbox 2030 2518 3618 2590">
    <p class='ocr_par' dir='ltr' id='par_1_83' title="bbox 2030 2518 3618 2590">
     <span class='ocr_line' id='line_1_83' title="bbox 2030 2518 3618 2590; baseline -0.002 -16"><span class='ocrx_word' id='word_1_636' title='bbox 2030 2520 2245 2589; x_wconf 53' lang='grc' dir='ltr'><strong>Λεωτριί</strong></span> <span class='ocrx_word' id='word_1_637' title='bbox 2287 2523 2442 2590; x_wconf 87' lang='lat' dir='ltr'><strong>quasi</strong></span> <span class='ocrx_word' id='word_1_638' title='bbox 2474 2521 2778 2575; x_wconf 71' lang='lat' dir='ltr'><strong>fatuitatem</strong></span> <span class='ocrx_word' id='word_1_639' title='bbox 2803 2523 3081 2590; x_wconf 83' lang='lat' dir='ltr'><strong>deputant,</strong></span> <span class='ocrx_word' id='word_1_640' title='bbox 3111 2522 3253 2574; x_wconf 88' lang='lat' dir='ltr'><strong>hanc</strong></span> <span class='ocrx_word' id='word_1_641' title='bbox 3272 2518 3405 2588; x_wconf 86' lang='lat' dir='ltr'><strong>justi</strong></span> <span class='ocrx_word' id='word_1_642' title='bbox 3430 2520 3538 2573; x_wconf 77' lang='lat' dir='ltr'><strong>Deo</strong></span> <span class='ocrx_word' id='word_1_643' title='bbox 3567 2521 3618 2571; x_wconf 92' lang='lat' dir='ltr'><strong>in</strong></span> 
     </span>
    </p>
   </div>
   <div class='ocr_carea' id='block_1_84' title="bbox 2031 2611 3620 2681">
    <p class='ocr_par' dir='ltr' id='par_1_84' title="bbox 2031 2611 3620 2681">
     <span class='ocr_line' id='line_1_84' title="bbox 2031 2611 3620 2681; baseline -0.003 -17"><span class='ocrx_word' id='word_1_644' title='bbox 2031 2611 2359 2664; x_wconf 73' lang='lat' dir='ltr'><strong>sacrificium</strong></span> <span class='ocrx_word' id='word_1_645' title='bbox 2395 2612 2676 2665; x_wconf 87' lang='lat' dir='ltr'><strong>iuunolant</strong></span> <span class='ocrx_word' id='word_1_646' title='bbox 2701 2630 2713 2664; x_wconf 86' lang='lat'><strong>:</strong></span> <span class='ocrx_word' id='word_1_647' title='bbox 2739 2621 2794 2665; x_wconf 90' lang='lat' dir='ltr'><strong>et</strong></span> <span class='ocrx_word' id='word_1_648' title='bbox 2822 2627 2918 2681; x_wconf 89' lang='lat' dir='ltr'><strong>per</strong></span> <span class='ocrx_word' id='word_1_649' title='bbox 2951 2611 3001 2664; x_wconf 88' lang='lat' dir='ltr'><strong>id</strong></span> <span class='ocrx_word' id='word_1_650' title='bbox 3033 2611 3144 2664; x_wconf 90' lang='lat' dir='ltr'><strong>Deo</strong></span> <span class='ocrx_word' id='word_1_651' title='bbox 3183 2611 3396 2679; x_wconf 88' lang='lat' dir='ltr'><strong>placere</strong></span> <span class='ocrx_word' id='word_1_652' title='bbox 3427 2626 3620 2678; x_wconf 83' lang='lat' dir='ltr'><strong>procu-</strong></span> 
     </span>
    </p>
   </div>
   <div class='ocr_carea' id='block_1_85' title="bbox 2031 2704 3621 2773">
    <p class='ocr_par' dir='ltr' id='par_1_85' title="bbox 2031 2704 3621 2773">
     <span class='ocr_line' id='line_1_85' title="bbox 2031 2704 3621 2773; baseline -0.001 -15"><span class='ocrx_word' id='word_1_653' title='bbox 2031 2713 2175 2768; x_wconf 84' lang='lat' dir='ltr'><strong>rant,</strong></span> <span class='ocrx_word' id='word_1_654' title='bbox 2208 2707 2348 2773; x_wconf 90' lang='lat' dir='ltr'><strong>quod</strong></span> <span class='ocrx_word' id='word_1_655' title='bbox 2377 2706 2574 2760; x_wconf 65' lang='lat' dir='ltr'><strong>saeculo</strong></span> <span class='ocrx_word' id='word_1_656' title='bbox 2603 2715 2658 2760; x_wconf 87' lang='lat' dir='ltr'><strong>et</strong></span> <span class='ocrx_word' id='word_1_657' title='bbox 2688 2707 2887 2760; x_wconf 90' lang='lat' dir='ltr'><strong>mundo</strong></span> <span class='ocrx_word' id='word_1_658' title='bbox 2919 2704 3188 2773; x_wconf 86' lang='lat' dir='ltr'><strong>abjcctum</strong></span> <span class='ocrx_word' id='word_1_659' title='bbox 3219 2714 3275 2758; x_wconf 87' lang='lat' dir='ltr'><strong>et</strong></span> <span class='ocrx_word' id='word_1_660' title='bbox 3299 2706 3621 2773; x_wconf 84' lang='lat' dir='ltr'><strong>contempti-</strong></span> 
     </span>
    </p>
   </div>
   <div class='ocr_carea' id='block_1_86' title="bbox 2031 2797 3617 2866">
    <p class='ocr_par' dir='ltr' id='par_1_86' title="bbox 2031 2797 3617 2866">
     <span class='ocr_line' id='line_1_86' title="bbox 2031 2797 3617 2866; baseline -0.001 -15"><span class='ocrx_word' id='word_1_661' title='bbox 2031 2797 2138 2851; x_wconf 86' lang='lat' dir='ltr'><strong>bile</strong></span> <span class='ocrx_word' id='word_1_662' title='bbox 2164 2812 2285 2851; x_wconf 88' lang='lat' dir='ltr'><strong>esse</strong></span> <span class='ocrx_word' id='word_1_663' title='bbox 2313 2798 2684 2862; x_wconf 57' lang='lat' dir='ltr'><strong>considerant,</strong></span> <span class='ocrx_word' id='word_1_664' title='bbox 2715 2797 3010 2852; x_wconf 89' lang='lat' dir='ltr'><strong>secundum</strong></span> <span class='ocrx_word' id='word_1_665' title='bbox 3034 2797 3355 2865; x_wconf 76' lang='lat' dir='ltr'><strong>Apostolum</strong></span> <span class='ocrx_word' id='word_1_666' title='bbox 3385 2797 3476 2866; x_wconf 88' lang='lat' dir='ltr'><strong>qui</strong></span> <span class='ocrx_word' id='word_1_667' title='bbox 3505 2799 3581 2850; x_wconf 88' lang='lat' dir='ltr'><strong>ait</strong></span> <span class='ocrx_word' id='word_1_668' title='bbox 3605 2816 3617 2850; x_wconf 91' lang='lat'>:</span> 
     </span>
    </p>
   </div>
   <div class='ocr_carea' id='block_1_87' title="bbox 2035 2886 3621 2958">
    <p class='ocr_par' dir='ltr' id='par_1_87' title="bbox 2035 2886 3621 2958">
     <span class='ocr_line' id='line_1_87' title="bbox 2035 2886 3621 2958; baseline 0.001 -18"><span class='ocrx_word' id='word_1_669' title='bbox 2035 2886 2175 2941; x_wconf 87' lang='lat' dir='ltr'><strong>Nam</strong></span> <span class='ocrx_word' id='word_1_670' title='bbox 2197 2905 2313 2958; x_wconf 74' lang='lat' dir='ltr'><strong>qua:</strong></span> <span class='ocrx_word' id='word_1_671' title='bbox 2343 2888 2505 2942; x_wconf 81' lang='lat' dir='ltr'><strong>stulta</strong></span> <span class='ocrx_word' id='word_1_672' title='bbox 2527 2897 2647 2942; x_wconf 85' lang='lat' dir='ltr'><strong>sunt</strong></span> <span class='ocrx_word' id='word_1_673' title='bbox 2672 2889 2877 2952; x_wconf 82' lang='lat' dir='ltr'><strong>mundi,</strong></span> <span class='ocrx_word' id='word_1_674' title='bbox 2902 2887 3053 2958; x_wconf 82' lang='lat' dir='ltr'><strong>elegit</strong></span> <span class='ocrx_word' id='word_1_675' title='bbox 3071 2887 3234 2954; x_wconf 86' lang='lat' dir='ltr'><strong>Deus,</strong></span> <span class='ocrx_word' id='word_1_676' title='bbox 3253 2899 3308 2940; x_wconf 86' lang='lat' dir='ltr'><strong>ut</strong></span> <span class='ocrx_word' id='word_1_677' title='bbox 3334 2888 3621 2956; x_wconf 84' lang='lat' dir='ltr'><strong>confundat</strong></span> 
     </span>
    </p>
   </div>
   <div class='ocr_carea' id='block_1_88' title="bbox 2032 2979 2614 3052">
    <p class='ocr_par' dir='ltr' id='par_1_88' title="bbox 2032 2979 2614 3052">
     <span class='ocr_line' id='line_1_88' title="bbox 2032 2979 2614 3052; baseline 0 -18"><span class='ocrx_word' id='word_1_678' title='bbox 2032 2982 2288 3051; x_wconf 82' lang='lat' dir='ltr'><strong>sapientes</strong></span> <span class='ocrx_word' id='word_1_679' title='bbox 2314 2979 2368 3052; x_wconf 92' lang='grc' dir='ltr'><strong>(Ι</strong></span> <span class='ocrx_word' id='word_1_680' title='bbox 2401 2980 2524 3046; x_wconf 75' lang='lat' dir='ltr'><strong>Cor.</strong></span> <span class='ocrx_word' id='word_1_681' title='bbox 2555 2979 2614 3052; x_wconf 86' lang='grc' dir='ltr'><strong>ι).</strong></span> 
     </span>
    </p>
   </div>
   <div class='ocr_carea' id='block_1_89' title="bbox 2657 3133 2992 3189">
    <p class='ocr_par' dir='ltr' id='par_1_89' title="bbox 2657 3133 2992 3189">
     <span class='ocr_line' id='line_1_89' title="bbox 2657 3133 2992 3189; baseline -0.009 0"><span class='ocrx_word' id='word_1_682' title='bbox 2657 3133 2884 3189; x_wconf 74' lang='lat' dir='ltr'><strong>CAPUT</strong></span> <span class='ocrx_word' id='word_1_683' title='bbox 2925 3133 2992 3187; x_wconf 74' lang='grc' dir='ltr'><strong>Χ.</strong></span> 
     </span>
    </p>
   </div>
   <div class='ocr_carea' id='block_1_90' title="bbox 2035 3268 3612 3340">
    <p class='ocr_par' dir='ltr' id='par_1_90' title="bbox 2035 3268 3612 3340">
     <span class='ocr_line' id='line_1_90' title="bbox 2035 3268 3612 3340; baseline -0.002 -18"><span class='ocrx_word' id='word_1_684' title='bbox 2035 3268 2133 3322; x_wconf 85' lang='lat' dir='ltr'><strong>Ubi</strong></span> <span class='ocrx_word' id='word_1_685' title='bbox 2157 3269 2367 3322; x_wconf 80' lang='lat' dir='ltr'><strong>Pharao</strong></span> <span class='ocrx_word' id='word_1_686' title='bbox 2391 3270 2568 3340; x_wconf 87' lang='lat' dir='ltr'><strong>paleas</strong></span> <span class='ocrx_word' id='word_1_687' title='bbox 2583 3270 2815 3340; x_wconf 80' lang='lat' dir='ltr'><strong>prohibet</strong></span> <span class='ocrx_word' id='word_1_688' title='bbox 2839 3271 2957 3323; x_wconf 87' lang='lat' dir='ltr'><strong>dari</strong></span> <span class='ocrx_word' id='word_1_689' title='bbox 2981 3269 3270 3331; x_wconf 84' lang='lat' dir='ltr'><strong>Israclitis;</strong></span> <span class='ocrx_word' id='word_1_690' title='bbox 3293 3279 3337 3320; x_wconf 91' lang='lat' dir='ltr'><strong>et</strong></span> <span class='ocrx_word' id='word_1_691' title='bbox 3361 3269 3425 3320; x_wconf 88' lang='lat' dir='ltr'><strong>de</strong></span> <span class='ocrx_word' id='word_1_692' title='bbox 3448 3269 3612 3337; x_wconf 86' lang='lat' dir='ltr'><strong>queri-</strong></span> 
     </span>
    </p>
   </div>
   <div class='ocr_carea' id='block_1_91' title="bbox 2101 3339 3546 3410">
    <p class='ocr_par' dir='ltr' id='par_1_91' title="bbox 2101 3339 3546 3410">
     <span class='ocr_line' id='line_1_91' title="bbox 2101 3339 3546 3410; baseline -0.001 -18"><span class='ocrx_word' id='word_1_693' title='bbox 2101 3342 2277 3393; x_wconf 85' lang='lat' dir='ltr'><strong>monia</strong></span> <span class='ocrx_word' id='word_1_694' title='bbox 2301 3339 2531 3410; x_wconf 74' lang='lat' dir='ltr'><strong>ipsbram</strong></span> <span class='ocrx_word' id='word_1_695' title='bbox 2554 3340 2922 3394; x_wconf 80' lang='lat' dir='ltr'><strong>Israelitarum</strong></span> <span class='ocrx_word' id='word_1_696' title='bbox 2945 3358 3038 3410; x_wconf 87' lang='lat' dir='ltr'><strong>pro</strong></span> <span class='ocrx_word' id='word_1_697' title='bbox 3060 3341 3336 3410; x_wconf 78' lang='lat' dir='ltr'><strong>afflictione</strong></span> <span class='ocrx_word' id='word_1_698' title='bbox 3357 3339 3546 3408; x_wconf 84' lang='lat' dir='ltr'><strong>operis.</strong></span> 
     </span>
    </p>
   </div>
   <div class='ocr_carea' id='block_1_92' title="bbox 2101 3455 3616 3526">
    <p class='ocr_par' dir='ltr' id='par_1_92' title="bbox 2101 3455 3616 3526">
     <span class='ocr_line' id='line_1_92' title="bbox 2101 3455 3616 3526; baseline 0.001 -19"><span class='ocrx_word' id='word_1_699' title='bbox 2101 3455 2188 3508; x_wconf 82' lang='lat' dir='ltr'><strong>Ait</strong></span> <span class='ocrx_word' id='word_1_700' title='bbox 2232 3457 2298 3508; x_wconf 87' lang='lat' dir='ltr'><strong>ad</strong></span> <span class='ocrx_word' id='word_1_701' title='bbox 2336 3473 2422 3510; x_wconf 88' lang='lat' dir='ltr'><strong>eos</strong></span> <span class='ocrx_word' id='word_1_702' title='bbox 2470 3473 2561 3509; x_wconf 71' lang='lat' dir='ltr'><strong>rea:</strong></span> <span class='ocrx_word' id='word_1_703' title='bbox 2584 3456 2802 3526; x_wconf 42' lang='lat' dir='ltr'><strong>.‘Egypti</strong></span> <span class='ocrx_word' id='word_1_704' title='bbox 2827 3476 2844 3509; x_wconf 90' lang='lat'><em>:</em></span> <span class='ocrx_word' id='word_1_705' title='bbox 2884 3456 3294 3526; x_wconf 56' lang='lat' dir='ltr'><strong>Quaredlloyses</strong></span> <span class='ocrx_word' id='word_1_706' title='bbox 3329 3467 3376 3510; x_wconf 88' lang='lat' dir='ltr'><strong>et</strong></span> <span class='ocrx_word' id='word_1_707' title='bbox 3416 3458 3616 3519; x_wconf 76' lang='lat' dir='ltr'><strong>Aaron,</strong></span> 
     </span>
    </p>
   </div>
   <div class='ocr_carea' id='block_1_93' title="bbox 2030 3544 3618 3615">
    <p class='ocr_par' dir='ltr' id='par_1_93' title="bbox 2030 3544 3618 3615">
     <span class='ocr_line' id='line_1_93' title="bbox 2030 3544 3618 3615; baseline -0.001 -16"><span class='ocrx_word' id='word_1_708' title='bbox 2030 3544 2326 3599; x_wconf 77' lang='lat' dir='ltr'><strong>sollicitatis</strong></span> <span class='ocrx_word' id='word_1_709' title='bbox 2369 3545 2615 3615; x_wconf 84' lang='lat' dir='ltr'><strong>populum</strong></span> <span class='ocrx_word' id='word_1_710' title='bbox 2662 3546 2726 3598; x_wconf 88' lang='lat' dir='ltr'><strong>ab</strong></span> <span class='ocrx_word' id='word_1_711' title='bbox 2766 3547 3004 3615; x_wconf 83' lang='lat' dir='ltr'><strong>operibus</strong></span> <span class='ocrx_word' id='word_1_712' title='bbox 3047 3547 3203 3599; x_wconf 84' lang='lat' dir='ltr'><strong>suis?</strong></span> <span class='ocrx_word' id='word_1_713' title='bbox 3239 3546 3320 3599; x_wconf 90' lang='lat' dir='ltr'><strong>Ite</strong></span> <span class='ocrx_word' id='word_1_714' title='bbox 3359 3547 3428 3598; x_wconf 87' lang='lat' dir='ltr'><strong>ad</strong></span> <span class='ocrx_word' id='word_1_715' title='bbox 3459 3563 3618 3598; x_wconf 77' lang='lat' dir='ltr'><strong>onera</strong></span> 
     </span>
    </p>
   </div>
   <div class='ocr_carea' id='block_1_94' title="bbox 2032 3637 3616 3708">
    <p class='ocr_par' dir='ltr' id='par_1_94' title="bbox 2032 3637 3616 3708">
     <span class='ocr_line' id='line_1_94' title="bbox 2032 3637 3616 3708; baseline 0 -18"><span class='ocrx_word' id='word_1_716' title='bbox 2032 3645 2218 3690; x_wconf 75' lang='lat' dir='ltr'><strong>vestra.</strong></span> <span class='ocrx_word' id='word_1_717' title='bbox 2265 3637 2514 3706; x_wconf 66' lang='lat' dir='ltr'><strong>Dixitque</strong></span> <span class='ocrx_word' id='word_1_718' title='bbox 2539 3637 2752 3690; x_wconf 86' lang='lat' dir='ltr'><strong>Pharao</strong></span> <span class='ocrx_word' id='word_1_719' title='bbox 2780 3657 2796 3693; x_wconf 85' lang='lat'><strong>.&#39;</strong></span> <span class='ocrx_word' id='word_1_720' title='bbox 2843 3637 3044 3691; x_wconf 83' lang='lat' dir='ltr'><strong>Multus</strong></span> <span class='ocrx_word' id='word_1_721' title='bbox 3079 3648 3155 3691; x_wconf 83' lang='lat' dir='ltr'><strong>est</strong></span> <span class='ocrx_word' id='word_1_722' title='bbox 3189 3637 3412 3708; x_wconf 85' lang='lat' dir='ltr'><strong>populus</strong></span> <span class='ocrx_word' id='word_1_723' title='bbox 3444 3647 3616 3690; x_wconf 72' lang='lat' dir='ltr'><strong>terrm.</strong></span> 
     </span>
    </p>
   </div>
   <div class='ocr_carea' id='block_1_95' title="bbox 2045 3728 3612 3799">
    <p class='ocr_par' dir='ltr' id='par_1_95' title="bbox 2045 3728 3612 3799">
     <span class='ocr_line' id='line_1_95' title="bbox 2045 3728 3612 3799; baseline 0 -18"><span class='ocrx_word' id='word_1_724' title='bbox 2045 3728 2238 3782; x_wconf 84' lang='lat' dir='ltr'><strong>Videtis</strong></span> <span class='ocrx_word' id='word_1_725' title='bbox 2259 3730 2396 3799; x_wconf 89' lang='lat' dir='ltr'><strong>quod</strong></span> <span class='ocrx_word' id='word_1_726' title='bbox 2423 3730 2575 3782; x_wconf 86' lang='lat' dir='ltr'><strong>turbo</strong></span> <span class='ocrx_word' id='word_1_727' title='bbox 2599 3731 2929 3792; x_wconf 73' lang='lat' dir='ltr'><strong>succreverit,</strong></span> <span class='ocrx_word' id='word_1_728' title='bbox 2957 3741 3151 3799; x_wconf 88' lang='lat' dir='ltr'><strong>quanto</strong></span> <span class='ocrx_word' id='word_1_729' title='bbox 3176 3730 3364 3799; x_wconf 84' lang='lat' dir='ltr'><strong>magis,</strong></span> <span class='ocrx_word' id='word_1_730' title='bbox 3389 3731 3434 3783; x_wconf 87' lang='lat' dir='ltr'><strong>si</strong></span> <span class='ocrx_word' id='word_1_731' title='bbox 3463 3730 3612 3782; x_wconf 86' lang='lat' dir='ltr'><strong>dede-</strong></span> 
     </span>
    </p>
   </div>
   <div class='ocr_carea' id='block_1_96' title="bbox 2033 3817 3619 3889">
    <p class='ocr_par' dir='ltr' id='par_1_96' title="bbox 2033 3817 3619 3889">
     <span class='ocr_line' id='line_1_96' title="bbox 2033 3817 3619 3889; baseline 0 -19"><span class='ocrx_word' id='word_1_732' title='bbox 2033 3821 2196 3872; x_wconf 89' lang='lat' dir='ltr'><strong>rimus</strong></span> <span class='ocrx_word' id='word_1_733' title='bbox 2235 3821 2308 3872; x_wconf 89' lang='lat' dir='ltr'><strong>eis</strong></span> <span class='ocrx_word' id='word_1_734' title='bbox 2341 3819 2568 3889; x_wconf 85' lang='lat' dir='ltr'><strong>requiem</strong></span> <span class='ocrx_word' id='word_1_735' title='bbox 2601 3818 2664 3871; x_wconf 89' lang='lat' dir='ltr'><strong>ab</strong></span> <span class='ocrx_word' id='word_1_736' title='bbox 2691 3818 2971 3886; x_wconf 83' lang='lat' dir='ltr'><strong>operibus?</strong></span> <span class='ocrx_word' id='word_1_737' title='bbox 3010 3818 3262 3887; x_wconf 70' lang='lat' dir='ltr'><strong>Pra&#39;cepit</strong></span> <span class='ocrx_word' id='word_1_738' title='bbox 3299 3835 3420 3887; x_wconf 81' lang='lat' dir='ltr'><strong>ergo</strong></span> <span class='ocrx_word' id='word_1_739' title='bbox 3456 3819 3510 3870; x_wconf 88' lang='lat' dir='ltr'><strong>in</strong></span> <span class='ocrx_word' id='word_1_740' title='bbox 3536 3817 3619 3870; x_wconf 84' lang='lat' dir='ltr'><strong>die</strong></span> 
     </span>
    </p>
   </div>
   <div class='ocr_carea' id='block_1_97' title="bbox 2031 3908 3618 3981">
    <p class='ocr_par' dir='ltr' id='par_1_97' title="bbox 2031 3908 3618 3981">
     <span class='ocr_line' id='line_1_97' title="bbox 2031 3908 3618 3981; baseline 0 -19"><span class='ocrx_word' id='word_1_741' title='bbox 2031 3910 2121 3963; x_wconf 87' lang='lat' dir='ltr'><strong>illo</strong></span> <span class='ocrx_word' id='word_1_742' title='bbox 2161 3911 2422 3981; x_wconf 67' lang='lat' dir='ltr'><strong>pra&#39;fectis</strong></span> <span class='ocrx_word' id='word_1_743' title='bbox 2463 3927 2677 3979; x_wconf 86' lang='lat' dir='ltr'><strong>operum</strong></span> <span class='ocrx_word' id='word_1_744' title='bbox 2717 3919 2765 3963; x_wconf 83' lang='lat' dir='ltr'><strong>et</strong></span> <span class='ocrx_word' id='word_1_745' title='bbox 2805 3910 3134 3963; x_wconf 75' lang='lat' dir='ltr'><strong>exactoribus</strong></span> <span class='ocrx_word' id='word_1_746' title='bbox 3170 3908 3368 3978; x_wconf 88' lang='lat' dir='ltr'><strong>populi,</strong></span> <span class='ocrx_word' id='word_1_747' title='bbox 3409 3909 3618 3962; x_wconf 81' lang='lat' dir='ltr'><strong>dicens:</strong></span> 
     </span>
    </p>
   </div>
   <div class='ocr_carea' id='block_1_98' title="bbox 2035 3998 3619 4070">
    <p class='ocr_par' dir='ltr' id='par_1_98' title="bbox 2035 3998 3619 4070">
     <span class='ocr_line' id='line_1_98' title="bbox 2035 3998 3619 4070; baseline -0.003 -16"><span class='ocrx_word' id='word_1_748' title='bbox 2035 4001 2382 4070; x_wconf 83' lang='lat' dir='ltr'><strong>Nequaquam</strong></span> <span class='ocrx_word' id='word_1_749' title='bbox 2420 3999 2610 4052; x_wconf 81' lang='lat' dir='ltr'><strong>dabitis</strong></span> <span class='ocrx_word' id='word_1_750' title='bbox 2633 3998 2772 4050; x_wconf 87' lang='lat' dir='ltr'><strong>ultra</strong></span> <span class='ocrx_word' id='word_1_751' title='bbox 2800 3999 2978 4066; x_wconf 86' lang='lat' dir='ltr'><strong>paleas</strong></span> <span class='ocrx_word' id='word_1_752' title='bbox 3006 3998 3218 4067; x_wconf 82' lang='lat' dir='ltr'><strong>papula,</strong></span> <span class='ocrx_word' id='word_1_753' title='bbox 3251 3999 3318 4050; x_wconf 90' lang='lat' dir='ltr'><strong>ad</strong></span> <span class='ocrx_word' id='word_1_754' title='bbox 3342 4000 3619 4065; x_wconf 77' lang='lat' dir='ltr'><strong>conﬁcien-</strong></span> 
     </span>
    </p>
   </div>
   <div class='ocr_carea' id='block_1_99' title="bbox 2031 4083 3616 4159">
    <p class='ocr_par' dir='ltr' id='par_1_99' title="bbox 2031 4083 3616 4159">
     <span class='ocr_line' id='line_1_99' title="bbox 2031 4083 3616 4159; baseline -0.002 -14"><span class='ocrx_word' id='word_1_755' title='bbox 2031 4093 2124 4145; x_wconf 88' lang='lat' dir='ltr'><strong>dos</strong></span> <span class='ocrx_word' id='word_1_756' title='bbox 2165 4091 2370 4155; x_wconf 85' lang='lat' dir='ltr'><strong>lateres,</strong></span> <span class='ocrx_word' id='word_1_757' title='bbox 2417 4091 2550 4143; x_wconf 82' lang='lat' dir='ltr'><strong>sicut</strong></span> <span class='ocrx_word' id='word_1_758' title='bbox 2592 4091 2758 4159; x_wconf 81' lang='lat' dir='ltr'><strong>prius.</strong></span> <span class='ocrx_word' id='word_1_759' title='bbox 2796 4083 2903 4143; x_wconf 86' lang='lat' dir='ltr'><strong>Sed</strong></span> <span class='ocrx_word' id='word_1_760' title='bbox 2930 4088 3026 4157; x_wconf 86' lang='lat' dir='ltr'><strong>ipsi</strong></span> <span class='ocrx_word' id='word_1_761' title='bbox 3057 4089 3247 4142; x_wconf 85' lang='lat' dir='ltr'><strong>vadunt</strong></span> <span class='ocrx_word' id='word_1_762' title='bbox 3288 4099 3334 4141; x_wconf 86' lang='lat' dir='ltr'><strong>et</strong></span> <span class='ocrx_word' id='word_1_763' title='bbox 3365 4089 3616 4157; x_wconf 82' lang='lat' dir='ltr'><strong>colligmt</strong></span> 
     </span>
    </p>
   </div>
   <div class='ocr_carea' id='block_1_100' title="bbox 2030 4180 3615 4256">
    <p class='ocr_par' dir='ltr' id='par_1_100' title="bbox 2030 4180 3615 4256">
     <span class='ocr_line' id='line_1_100' title="bbox 2030 4180 3615 4256; baseline -0.004 -18"><span class='ocrx_word' id='word_1_764' title='bbox 2030 4185 2297 4256; x_wconf 85' lang='lat' dir='ltr'><strong>stipulam,</strong></span> <span class='ocrx_word' id='word_1_765' title='bbox 2341 4194 2388 4238; x_wconf 81' lang='lat' dir='ltr'><strong>et</strong></span> <span class='ocrx_word' id='word_1_766' title='bbox 2420 4198 2720 4236; x_wconf 86' lang='lat' dir='ltr'><strong>mensuram</strong></span> <span class='ocrx_word' id='word_1_767' title='bbox 2752 4183 2972 4234; x_wconf 84' lang='lat' dir='ltr'><strong>laterum</strong></span> <span class='ocrx_word' id='word_1_768' title='bbox 2999 4198 3128 4251; x_wconf 85' lang='lat' dir='ltr'><strong>quos</strong></span> <span class='ocrx_word' id='word_1_769' title='bbox 3152 4182 3299 4250; x_wconf 84' lang='lat' dir='ltr'><strong>prius</strong></span> <span class='ocrx_word' id='word_1_770' title='bbox 3332 4180 3615 4248; x_wconf 79' lang='lat' dir='ltr'><strong>faciebant,</strong></span> 
     </span>
    </p>
   </div>
   <div class='ocr_carea' id='block_1_101' title="bbox 2032 4268 3616 4344">
    <p class='ocr_par' dir='ltr' id='par_1_101' title="bbox 2032 4268 3616 4344">
     <span class='ocr_line' id='line_1_101' title="bbox 2032 4268 3616 4344; baseline -0.003 -17"><span class='ocrx_word' id='word_1_771' title='bbox 2032 4275 2304 4344; x_wconf 84' lang='lat' dir='ltr'><strong>imponetis</strong></span> <span class='ocrx_word' id='word_1_772' title='bbox 2343 4291 2500 4342; x_wconf 87' lang='lat' dir='ltr'><strong>super</strong></span> <span class='ocrx_word' id='word_1_773' title='bbox 2526 4290 2632 4335; x_wconf 87' lang='lat' dir='ltr'><strong>eos,</strong></span> <span class='ocrx_word' id='word_1_774' title='bbox 2664 4289 2755 4324; x_wconf 84' lang='lat' dir='ltr'><strong>nec</strong></span> <span class='ocrx_word' id='word_1_775' title='bbox 2796 4272 3037 4324; x_wconf 79' lang='lat' dir='ltr'><strong>minuetis</strong></span> <span class='ocrx_word' id='word_1_776' title='bbox 3072 4271 3377 4340; x_wconf 88' lang='lat' dir='ltr'><strong>quidquam.</strong></span> <span class='ocrx_word' id='word_1_777' title='bbox 3419 4268 3454 4321; x_wconf 86' lang='lat' dir='ltr'><em>V</em></span> <span class='ocrx_word' id='word_1_778' title='bbox 3461 4282 3616 4323; x_wconf 83' lang='lat' dir='ltr'><strong>arant</strong></span> 
     </span>
    </p>
   </div>
   <div class='ocr_carea' id='block_1_102' title="bbox 2031 4363 3615 4434">
    <p class='ocr_par' dir='ltr' id='par_1_102' title="bbox 2031 4363 3615 4434">
     <span class='ocr_line' id='line_1_102' title="bbox 2031 4363 3615 4434; baseline -0.005 -13"><span class='ocrx_word' id='word_1_779' title='bbox 2031 4369 2188 4432; x_wconf 86' lang='lat' dir='ltr'><strong>enim,</strong></span> <span class='ocrx_word' id='word_1_780' title='bbox 2213 4379 2259 4420; x_wconf 87' lang='lat' dir='ltr'><strong>et</strong></span> <span class='ocrx_word' id='word_1_781' title='bbox 2289 4367 2483 4420; x_wconf 83' lang='lat' dir='ltr'><strong>idcirco</strong></span> <span class='ocrx_word' id='word_1_782' title='bbox 2506 4365 2861 4434; x_wconf 77' lang='lat' dir='ltr'><strong>vociferantur</strong></span> <span class='ocrx_word' id='word_1_783' title='bbox 2879 4363 3110 4417; x_wconf 84' lang='lat' dir='ltr'><strong>dicentes</strong></span> <span class='ocrx_word' id='word_1_784' title='bbox 3127 4383 3144 4416; x_wconf 91' lang='lat'><em>:</em></span> <span class='ocrx_word' id='word_1_785' title='bbox 3164 4363 3360 4416; x_wconf 85' lang='lat' dir='ltr'><strong>Eamus</strong></span> <span class='ocrx_word' id='word_1_786' title='bbox 3379 4372 3427 4416; x_wconf 87' lang='lat' dir='ltr'><strong>et</strong></span> <span class='ocrx_word' id='word_1_787' title='bbox 3449 4365 3615 4415; x_wconf 88' lang='lat' dir='ltr'><strong>sacri-</strong></span> 
     </span>
    </p>
   </div>
   <div class='ocr_carea' id='block_1_103' title="bbox 2032 4451 3618 4528">
    <p class='ocr_par' dir='ltr' id='par_1_103' title="bbox 2032 4451 3618 4528">
     <span class='ocr_line' id='line_1_103' title="bbox 2032 4451 3618 4528; baseline -0.005 -14"><span class='ocrx_word' id='word_1_788' title='bbox 2032 4461 2246 4528; x_wconf 78' lang='lat' dir='ltr'><strong>ﬁcemus</strong></span> <span class='ocrx_word' id='word_1_789' title='bbox 2271 4459 2378 4512; x_wconf 86' lang='lat' dir='ltr'><strong>Deo</strong></span> <span class='ocrx_word' id='word_1_790' title='bbox 2403 4469 2598 4511; x_wconf 86' lang='lat' dir='ltr'><strong>nostro.</strong></span> <span class='ocrx_word' id='word_1_791' title='bbox 2617 4455 2997 4525; x_wconf 84' lang='lat' dir='ltr'><strong>Opprimantur</strong></span> <span class='ocrx_word' id='word_1_792' title='bbox 3022 4454 3260 4524; x_wconf 85' lang='lat' dir='ltr'><strong>operibus</strong></span> <span class='ocrx_word' id='word_1_793' title='bbox 3290 4464 3337 4507; x_wconf 89' lang='lat' dir='ltr'><strong>et</strong></span> <span class='ocrx_word' id='word_1_794' title='bbox 3376 4451 3618 4522; x_wconf 74' lang='lat' dir='ltr'><strong>expleant</strong></span> 
     </span>
    </p>
   </div>
   <div class='ocr_carea' id='block_1_104' title="bbox 2032 4533 3614 4618">
    <p class='ocr_par' dir='ltr' id='par_1_104' title="bbox 2032 4533 3614 4618">
     <span class='ocr_line' id='line_1_104' title="bbox 2032 4533 3614 4618; baseline -0.004 -17"><span class='ocrx_word' id='word_1_795' title='bbox 2032 4567 2113 4611; x_wconf 87' lang='lat' dir='ltr'><strong>ea,</strong></span> <span class='ocrx_word' id='word_1_796' title='bbox 2142 4559 2196 4601; x_wconf 89' lang='lat' dir='ltr'><strong>ut</strong></span> <span class='ocrx_word' id='word_1_797' title='bbox 2225 4566 2327 4602; x_wconf 88' lang='lat' dir='ltr'><strong>non</strong></span> <span class='ocrx_word' id='word_1_798' title='bbox 2351 4549 2683 4618; x_wconf 74' lang='lat' dir='ltr'><strong>acquiescant</strong></span> <span class='ocrx_word' id='word_1_799' title='bbox 2726 4545 2887 4599; x_wconf 71' lang='lat' dir='ltr'><strong>verbis</strong></span> <span class='ocrx_word' id='word_1_800' title='bbox 2917 4543 3273 4606; x_wconf 86' lang='lat' dir='ltr'><strong>mendacibus,</strong></span> <span class='ocrx_word' id='word_1_801' title='bbox 3306 4552 3362 4597; x_wconf 88' lang='lat' dir='ltr'><strong>et</strong></span> <span class='ocrx_word' id='word_1_802' title='bbox 3390 4533 3614 4611; x_wconf 85' lang='lat' dir='ltr'><strong>reliqua.</strong></span> 
     </span>
    </p>
   </div>
   <div class='ocr_carea' id='block_1_105' title="bbox 2033 4635 3614 4712">
    <p class='ocr_par' dir='ltr' id='par_1_105' title="bbox 2033 4635 3614 4712">
     <span class='ocr_line' id='line_1_105' title="bbox 2033 4635 3614 4712; baseline -0.006 -19"><span class='ocrx_word' id='word_1_803' title='bbox 2033 4641 2140 4710; x_wconf 77' lang='lat' dir='ltr'><strong>(Ea:</strong></span> <span class='ocrx_word' id='word_1_804' title='bbox 2168 4641 2422 4712; x_wconf 80' lang='lat' dir='ltr'><strong>Isidoro.)</strong></span> <span class='ocrx_word' id='word_1_805' title='bbox 2459 4642 2535 4694; x_wconf 82' lang='lat' dir='ltr'><strong>Ex</strong></span> <span class='ocrx_word' id='word_1_806' title='bbox 2577 4656 2683 4708; x_wconf 91' lang='lat' dir='ltr'><strong>quo</strong></span> <span class='ocrx_word' id='word_1_807' title='bbox 2723 4646 2903 4696; x_wconf 83' lang='lat' dir='ltr'><strong>autem</strong></span> <span class='ocrx_word' id='word_1_808' title='bbox 2933 4637 3079 4707; x_wconf 87' lang='lat' dir='ltr'><strong>loqui</strong></span> <span class='ocrx_word' id='word_1_809' title='bbox 3106 4637 3269 4706; x_wconf 77' lang='lat' dir='ltr'><strong>coepit</strong></span> <span class='ocrx_word' id='word_1_810' title='bbox 3307 4636 3512 4705; x_wconf 82' lang='lat' dir='ltr'><strong>Moyses</strong></span> <span class='ocrx_word' id='word_1_811' title='bbox 3548 4635 3614 4685; x_wconf 86' lang='lat' dir='ltr'><strong>ad</strong></span> 
     </span>
    </p>
   </div>
   <div class='ocr_carea' id='block_1_106' title="bbox 2030 4727 3615 4802">
    <p class='ocr_par' dir='ltr' id='par_1_106' title="bbox 2030 4727 3615 4802">
     <span class='ocr_line' id='line_1_106' title="bbox 2030 4727 3615 4802; baseline -0.006 -17"><span class='ocrx_word' id='word_1_812' title='bbox 2030 4732 2384 4793; x_wconf 87' lang='lat' dir='ltr'><strong>Pharaonem,</strong></span> <span class='ocrx_word' id='word_1_813' title='bbox 2411 4732 2579 4802; x_wconf 85' lang='lat' dir='ltr'><strong>magis</strong></span> <span class='ocrx_word' id='word_1_814' title='bbox 2603 4731 2855 4800; x_wconf 82' lang='lat' dir='ltr'><strong>aliligitnr</strong></span> <span class='ocrx_word' id='word_1_815' title='bbox 2875 4729 3102 4800; x_wconf 78' lang='lat' dir='ltr'><strong>pupulas</strong></span> <span class='ocrx_word' id='word_1_816' title='bbox 3121 4729 3234 4781; x_wconf 89' lang='lat' dir='ltr'><strong>Dei.</strong></span> <span class='ocrx_word' id='word_1_817' title='bbox 3260 4727 3332 4780; x_wconf 87' lang='lat' dir='ltr'><strong>lla</strong></span> <span class='ocrx_word' id='word_1_818' title='bbox 3357 4734 3488 4780; x_wconf 80' lang='lat' dir='ltr'><strong>etex</strong></span> <span class='ocrx_word' id='word_1_819' title='bbox 3510 4742 3615 4794; x_wconf 91' lang='lat' dir='ltr'><strong>quo</strong></span> 
     </span>
    </p>
   </div>
   <div class='ocr_carea' id='block_1_107' title="bbox 2032 4818 3616 4890">
    <p class='ocr_par' dir='ltr' id='par_1_107' title="bbox 2032 4818 3616 4890">
     <span class='ocr_line' id='line_1_107' title="bbox 2032 4818 3616 4890; baseline -0.006 -12"><span class='ocrx_word' id='word_1_820' title='bbox 2032 4825 2083 4878; x_wconf 93' lang='lat' dir='ltr'><strong>in</strong></span> <span class='ocrx_word' id='word_1_821' title='bbox 2114 4826 2350 4878; x_wconf 88' lang='lat' dir='ltr'><strong>animam</strong></span> <span class='ocrx_word' id='word_1_822' title='bbox 2373 4825 2605 4877; x_wconf 91' lang='lat' dir='ltr'><strong>hominis</strong></span> <span class='ocrx_word' id='word_1_823' title='bbox 2633 4838 2813 4876; x_wconf 90' lang='lat' dir='ltr'><strong>sermo</strong></span> <span class='ocrx_word' id='word_1_824' title='bbox 2835 4822 2928 4874; x_wconf 89' lang='lat' dir='ltr'><strong>Dei</strong></span> <span class='ocrx_word' id='word_1_825' title='bbox 2960 4821 3202 4890; x_wconf 84' lang='lat' dir='ltr'><strong>perlatus</strong></span> <span class='ocrx_word' id='word_1_826' title='bbox 3230 4819 3416 4884; x_wconf 35' lang='lat' dir='ltr'><strong>fuerit”</strong></span> <span class='ocrx_word' id='word_1_827' title='bbox 3436 4818 3616 4872; x_wconf 86' lang='lat' dir='ltr'><strong>acrius</strong></span> 
     </span>
    </p>
   </div>
   <div class='ocr_carea' id='block_1_108' title="bbox 2030 4909 3616 4981">
    <p class='ocr_par' dir='ltr' id='par_1_108' title="bbox 2030 4909 3616 4981">
     <span class='ocr_line' id='line_1_108' title="bbox 2030 4909 3616 4981; baseline -0.005 -13"><span class='ocrx_word' id='word_1_828' title='bbox 2030 4915 2255 4968; x_wconf 87' lang='lat' dir='ltr'><strong>callidus</strong></span> <span class='ocrx_word' id='word_1_829' title='bbox 2303 4915 2473 4968; x_wconf 90' lang='lat' dir='ltr'><strong>hostis</strong></span> <span class='ocrx_word' id='word_1_830' title='bbox 2519 4913 2838 4981; x_wconf 83' lang='lat' dir='ltr'><strong>consurgit,</strong></span> <span class='ocrx_word' id='word_1_831' title='bbox 2889 4919 2944 4964; x_wconf 90' lang='lat' dir='ltr'><strong>ct</strong></span> <span class='ocrx_word' id='word_1_832' title='bbox 2992 4909 3199 4978; x_wconf 85' lang='lat' dir='ltr'><strong>majora</strong></span> <span class='ocrx_word' id='word_1_833' title='bbox 3248 4910 3376 4963; x_wconf 87' lang='lat' dir='ltr'><strong>vitia</strong></span> <span class='ocrx_word' id='word_1_834' title='bbox 3422 4909 3616 4977; x_wconf 86' lang='lat' dir='ltr'><strong>quibus</strong></span> 
     </span>
    </p>
   </div>
   <div class='ocr_carea' id='block_1_109' title="bbox 2030 5001 3615 5069">
    <p class='ocr_par' dir='ltr' id='par_1_109' title="bbox 2030 5001 3615 5069">
     <span class='ocr_line' id='line_1_109' title="bbox 2030 5001 3615 5069; baseline -0.004 -12"><span class='ocrx_word' id='word_1_835' title='bbox 2030 5004 2297 5067; x_wconf 81' lang='lat' dir='ltr'><strong>vincatur,</strong></span> <span class='ocrx_word' id='word_1_836' title='bbox 2334 5003 2597 5056; x_wconf 87' lang='lat' dir='ltr'><strong>immittit.</strong></span> <span class='ocrx_word' id='word_1_837' title='bbox 2628 5001 2783 5055; x_wconf 87' lang='lat' dir='ltr'><strong>Prius</strong></span> <span class='ocrx_word' id='word_1_838' title='bbox 2815 5017 2940 5054; x_wconf 90' lang='lat' dir='ltr'><strong>vero</strong></span> <span class='ocrx_word' id='word_1_839' title='bbox 2976 5016 3138 5069; x_wconf 88' lang='lat' dir='ltr'><strong>quam</strong></span> <span class='ocrx_word' id='word_1_840' title='bbox 3168 5001 3406 5053; x_wconf 84' lang='lat' dir='ltr'><strong>venisset</strong></span> <span class='ocrx_word' id='word_1_841' title='bbox 3435 5015 3615 5052; x_wconf 87' lang='lat' dir='ltr'><strong>sermo</strong></span> 
     </span>
    </p>
   </div>
   <div class='ocr_carea' id='block_1_110' title="bbox 2029 5090 3613 5165">
    <p class='ocr_par' dir='ltr' id='par_1_110' title="bbox 2029 5090 3613 5165">
     <span class='ocr_line' id='line_1_110' title="bbox 2029 5090 3613 5165; baseline -0.004 -17"><span class='ocrx_word' id='word_1_842' title='bbox 2029 5097 2119 5164; x_wconf 91' lang='lat' dir='ltr'><strong>qui</strong></span> <span class='ocrx_word' id='word_1_843' title='bbox 2152 5104 2405 5165; x_wconf 89' lang='lat' dir='ltr'><strong>argueret</strong></span> <span class='ocrx_word' id='word_1_844' title='bbox 2434 5095 2583 5158; x_wconf 89' lang='lat' dir='ltr'><strong>vitia,</strong></span> <span class='ocrx_word' id='word_1_845' title='bbox 2621 5094 2671 5146; x_wconf 93' lang='lat' dir='ltr'><strong>in</strong></span> <span class='ocrx_word' id='word_1_846' title='bbox 2697 5108 2830 5162; x_wconf 84' lang='lat' dir='ltr'><strong>pace</strong></span> <span class='ocrx_word' id='word_1_847' title='bbox 2859 5092 3154 5157; x_wconf 88' lang='lat' dir='ltr'><strong>durabant;</strong></span> <span class='ocrx_word' id='word_1_848' title='bbox 3190 5091 3282 5145; x_wconf 89' lang='lat' dir='ltr'><strong>sed</strong></span> <span class='ocrx_word' id='word_1_849' title='bbox 3313 5090 3404 5144; x_wconf 90' lang='lat' dir='ltr'><strong>ubi</strong></span> <span class='ocrx_word' id='word_1_850' title='bbox 3432 5105 3613 5142; x_wconf 87' lang='lat' dir='ltr'><strong>sermo</strong></span> 
     </span>
    </p>
   </div>
   <div class='ocr_carea' id='block_1_111' title="bbox 2028 5181 3612 5254">
    <p class='ocr_par' dir='ltr' id='par_1_111' title="bbox 2028 5181 3612 5254">
     <span class='ocr_line' id='line_1_111' title="bbox 2028 5181 3612 5254; baseline -0.004 -15"><span class='ocrx_word' id='word_1_851' title='bbox 2028 5187 2122 5239; x_wconf 87' lang='lat' dir='ltr'><strong>Dei</strong></span> <span class='ocrx_word' id='word_1_852' title='bbox 2179 5185 2358 5239; x_wconf 83' lang='lat' dir='ltr'><strong>facere</strong></span> <span class='ocrx_word' id='word_1_853' title='bbox 2401 5185 2566 5254; x_wconf 73' lang='lat' dir='ltr'><strong>cwpit</strong></span> <span class='ocrx_word' id='word_1_854' title='bbox 2619 5183 3041 5252; x_wconf 89' lang='lat' dir='ltr'><strong>uniuscujusque</strong></span> <span class='ocrx_word' id='word_1_855' title='bbox 3097 5181 3421 5243; x_wconf 88' lang='lat' dir='ltr'><strong>discrimen,</strong></span> <span class='ocrx_word' id='word_1_856' title='bbox 3484 5188 3612 5233; x_wconf 89' lang='lat' dir='ltr'><strong>tunc</strong></span> 
     </span>
    </p>
   </div>
   <div class='ocr_carea' id='block_1_112' title="bbox 2027 5272 3613 5344">
    <p class='ocr_par' dir='ltr' id='par_1_112' title="bbox 2027 5272 3613 5344">
     <span class='ocr_line' id='line_1_112' title="bbox 2027 5272 3613 5344; baseline -0.006 -12"><span class='ocrx_word' id='word_1_857' title='bbox 2027 5277 2368 5333; x_wconf 89' lang='lat' dir='ltr'><strong>conturbatio</strong></span> <span class='ocrx_word' id='word_1_858' title='bbox 2407 5291 2602 5343; x_wconf 86' lang='lat' dir='ltr'><strong>magna</strong></span> <span class='ocrx_word' id='word_1_859' title='bbox 2647 5276 2945 5344; x_wconf 78' lang='lat' dir='ltr'><strong>consurgit.</strong></span> <span class='ocrx_word' id='word_1_860' title='bbox 2991 5272 3345 5342; x_wconf 76' lang='lat' dir='ltr'><strong>Videbantque</strong></span> <span class='ocrx_word' id='word_1_861' title='bbox 3385 5288 3440 5326; x_wconf 86' lang='lat' dir='ltr'><strong>se</strong></span> <span class='ocrx_word' id='word_1_862' title='bbox 3479 5287 3613 5340; x_wconf 76' lang='lat' dir='ltr'><strong>pra--</strong></span> 
     </span>
    </p>
   </div>
   <div class='ocr_carea' id='block_1_113' title="bbox 2026 5359 3611 5438">
    <p class='ocr_par' dir='ltr' id='par_1_113' title="bbox 2026 5359 3611 5438">
     <span class='ocr_line' id='line_1_113' title="bbox 2026 5359 3611 5438; baseline -0.008 -18"><span class='ocrx_word' id='word_1_863' title='bbox 2026 5369 2180 5438; x_wconf 85' lang='lat' dir='ltr'><strong>positi</strong></span> <span class='ocrx_word' id='word_1_864' title='bbox 2201 5366 2435 5435; x_wconf 80' lang='lat' dir='ltr'><strong>ﬁliorum</strong></span> <span class='ocrx_word' id='word_1_865' title='bbox 2457 5363 2628 5418; x_wconf 89' lang='lat' dir='ltr'><strong>Israel</strong></span> <span class='ocrx_word' id='word_1_866' title='bbox 2667 5365 2722 5417; x_wconf 91' lang='lat' dir='ltr'><strong>in</strong></span> <span class='ocrx_word' id='word_1_867' title='bbox 2747 5363 2909 5427; x_wconf 90' lang='lat' dir='ltr'><strong>malo,</strong></span> <span class='ocrx_word' id='word_1_868' title='bbox 2940 5379 3000 5416; x_wconf 86' lang='lat' dir='ltr'><strong>eo</strong></span> <span class='ocrx_word' id='word_1_869' title='bbox 3033 5360 3172 5431; x_wconf 86' lang='lat' dir='ltr'><strong>quod</strong></span> <span class='ocrx_word' id='word_1_870' title='bbox 3210 5360 3472 5414; x_wconf 82' lang='lat' dir='ltr'><strong>diceretur</strong></span> <span class='ocrx_word' id='word_1_871' title='bbox 3507 5359 3611 5412; x_wconf 86' lang='lat' dir='ltr'><strong>cis:</strong></span> 
     </span>
    </p>
   </div>
   <div class='ocr_carea' id='block_1_114' title="bbox 2032 5451 3610 5527">
    <p class='ocr_par' dir='ltr' id='par_1_114' title="bbox 2032 5451 3610 5527">
     <span class='ocr_line' id='line_1_114' title="bbox 2032 5451 3610 5527; baseline -0.004 -15"><span class='ocrx_word' id='word_1_872' title='bbox 2032 5459 2154 5514; x_wconf 79' lang='lat' dir='ltr'><strong>Non</strong></span> <span class='ocrx_word' id='word_1_873' title='bbox 2200 5460 2464 5513; x_wconf 87' lang='lat' dir='ltr'><strong>minuetur</strong></span> <span class='ocrx_word' id='word_1_874' title='bbox 2503 5457 2786 5527; x_wconf 83' lang='lat' dir='ltr'><strong>quidquam</strong></span> <span class='ocrx_word' id='word_1_875' title='bbox 2845 5457 2909 5509; x_wconf 83' lang='lat' dir='ltr'><strong>de</strong></span> <span class='ocrx_word' id='word_1_876' title='bbox 2947 5454 3198 5507; x_wconf 87' lang='lat' dir='ltr'><strong>lateribus</strong></span> <span class='ocrx_word' id='word_1_877' title='bbox 3247 5471 3338 5522; x_wconf 88' lang='lat' dir='ltr'><strong>per</strong></span> <span class='ocrx_word' id='word_1_878' title='bbox 3377 5451 3610 5522; x_wconf 83' lang='lat' dir='ltr'><strong>singulos</strong></span> 
     </span>
    </p>
   </div>
   <div class='ocr_carea' id='block_1_115' title="bbox 2029 5546 3610 5618">
    <p class='ocr_par' dir='ltr' id='par_1_115' title="bbox 2029 5546 3610 5618">
     <span class='ocr_line' id='line_1_115' title="bbox 2029 5546 3610 5618; baseline -0.006 -13"><span class='ocrx_word' id='word_1_879' title='bbox 2029 5554 2159 5612; x_wconf 77' lang='lat' dir='ltr'><strong>dies,</strong></span> <span class='ocrx_word' id='word_1_880' title='bbox 2193 5560 2634 5618; x_wconf 63' lang='lat' dir='ltr'><strong>occurret-ruitque</strong></span> <span class='ocrx_word' id='word_1_881' title='bbox 2687 5548 2859 5617; x_wconf 67' lang='lat' dir='ltr'><strong>Moysi</strong></span> <span class='ocrx_word' id='word_1_882' title='bbox 2885 5556 2932 5599; x_wconf 87' lang='lat' dir='ltr'><strong>et</strong></span> <span class='ocrx_word' id='word_1_883' title='bbox 2966 5549 3164 5609; x_wconf 80' lang='lat' dir='ltr'><strong>Aaron,</strong></span> <span class='ocrx_word' id='word_1_884' title='bbox 3192 5547 3282 5615; x_wconf 86' lang='lat' dir='ltr'><strong>qui</strong></span> <span class='ocrx_word' id='word_1_885' title='bbox 3312 5546 3518 5600; x_wconf 87' lang='lat' dir='ltr'><strong>stabant</strong></span> <span class='ocrx_word' id='word_1_886' title='bbox 3547 5558 3610 5596; x_wconf 75' lang='lat' dir='ltr'><strong>ea:</strong></span> 
     </span>
    </p>
   </div>
   <div class='ocr_carea' id='block_1_116' title="bbox 2029 5635 3605 5712">
    <p class='ocr_par' dir='ltr' id='par_1_116' title="bbox 2029 5635 3605 5712">
     <span class='ocr_line' id='line_1_116' title="bbox 2029 5635 3605 5712; baseline -0.007 -17"><span class='ocrx_word' id='word_1_887' title='bbox 2029 5645 2268 5704; x_wconf 77' lang='lat' dir='ltr'><strong>adverso.</strong></span> <span class='ocrx_word' id='word_1_888' title='bbox 2296 5643 2614 5712; x_wconf 81' lang='lat' dir='ltr'><strong>egredientes</strong></span> <span class='ocrx_word' id='word_1_889' title='bbox 2647 5658 2676 5692; x_wconf 92' lang='lat' dir='ltr'><strong>a</strong></span> <span class='ocrx_word' id='word_1_890' title='bbox 2713 5639 3014 5701; x_wconf 83' lang='lat' dir='ltr'><strong>Pharaone,</strong></span> <span class='ocrx_word' id='word_1_891' title='bbox 3045 5648 3091 5690; x_wconf 86' lang='lat' dir='ltr'><strong>et</strong></span> <span class='ocrx_word' id='word_1_892' title='bbox 3114 5638 3360 5690; x_wconf 64' lang='lat' dir='ltr'><strong>dixerunt</strong></span> <span class='ocrx_word' id='word_1_893' title='bbox 3381 5635 3450 5688; x_wconf 90' lang='lat' dir='ltr'><strong>ad</strong></span> <span class='ocrx_word' id='word_1_894' title='bbox 3477 5651 3562 5686; x_wconf 73' lang='lat' dir='ltr'><strong>eos</strong></span> <span class='ocrx_word' id='word_1_895' title='bbox 3587 5649 3605 5685; x_wconf 91' lang='lat'><em>:</em></span> 
     </span>
    </p>
   </div>
   <div class='ocr_carea' id='block_1_117' title="bbox 2039 5728 3603 5801">
    <p class='ocr_par' dir='ltr' id='par_1_117' title="bbox 2039 5728 3603 5801">
     <span class='ocr_line' id='line_1_117' title="bbox 2039 5728 3603 5801; baseline -0.004 -13"><span class='ocrx_word' id='word_1_896' title='bbox 2039 5735 2222 5788; x_wconf 78' lang='lat' dir='ltr'><strong>Videat</strong></span> <span class='ocrx_word' id='word_1_897' title='bbox 2257 5733 2512 5788; x_wconf 86' lang='lat' dir='ltr'><strong>Dominus</strong></span> <span class='ocrx_word' id='word_1_898' title='bbox 2551 5743 2595 5785; x_wconf 82' lang='lat' dir='ltr'><strong>et</strong></span> <span class='ocrx_word' id='word_1_899' title='bbox 2624 5733 2852 5799; x_wconf 83' lang='lat' dir='ltr'><strong>judicet,</strong></span> <span class='ocrx_word' id='word_1_900' title='bbox 2898 5733 3159 5801; x_wconf 84' lang='lat' dir='ltr'><strong>quomodo</strong></span> <span class='ocrx_word' id='word_1_901' title='bbox 3203 5731 3361 5798; x_wconf 78' lang='lat' dir='ltr'><strong>fetere</strong></span> <span class='ocrx_word' id='word_1_902' title='bbox 3410 5728 3603 5795; x_wconf 63' lang='lat' dir='ltr'><strong>[crisas</strong></span> 
     </span>
    </p>
   </div>
  </div>
