3992 6182
358 332 435 386 ΞΘ
1366 331 1862 387 COMMENTARIA
1905 333 1957 386 [1‘

2060 334 2316 392 XODUM.
2357 368 2427 378 --
2464 336 2592 391 ΗΒ.
2638 338 2678 391 Ι.
3560 337 3629 393 ’50

361 452 581 505 σίου-ειη
627 458 858 502 nostrmn
908 464 1085 501 coram
1108 444 1388 502 Pharaone
1427 460 1474 503 et
1503 448 1663 503 servis
1709 449 1824 519 ejus
1852 466 1870 502 :
1898 458 1947 503 et
1977 452 2023 511 A
2055 454 2181 508 Sive
2208 454 2477 522 quomodo
2508 454 2661 507 latuit
2692 468 2885 508 noutcn
2911 454 3125 508 Domini
3152 452 3320 508 Jacob
3340 454 3430 522 qui
3460 453 3626 507 dixit;

361 540 661 613 pra'buistis
683 540 729 592 ei
752 538 1009 608 gladium,
1037 548 1094 591 ut
1120 541 1373 594 occideret
1403 557 1514 594 nos.

440 630 900 703 (Ex.1ugustino.)
918 631 1051 686 Cum
1076 629 1164 685 lus
1178 632 1433 688 divinitus
1457 635 1639 697 missa,
1655 633 1949 687 humanum

362 745 463 784 cor
490 729 654 784 fuerit
688 728 962 783 illustrare
1001 728 1240 797 dignata,
1269 745 1391 783 mox
1422 731 1489 784 ab
1523 728 1734 783 occulto
1762 729 1953 781 adver-

364 819 516 873 sario
543 816 729 872 eontra
758 818 1053 888 fulgentem
1086 827 1345 883 mentem,
1380 827 1709 873 tentamenta
1733 833 1951 872 succre-

353 917 548 962 scunt.
580 906 714 960 Nam
755 906 982 961 callidus
1018 907 1385 972 adversarius,
1413 925 1549 977 quos
1577 908 1696 963 luce
1723 906 1951 979 justiti-.0

364 1001 670 1054 enitescere
691 999 978 1069 conspicit,
996 1015 1180 1054 eorum
1207 1009 1415 1055 mentes
1442 1001 1644 1056 illicitis
1667 1001 1953 1056 desideriis

366 1090 705 1146 inﬂammare
742 1092 1060 1144 contendit:
1090 1098 1148 1144 ut
1175 1091 1491 1161 plerumque
1517 1092 1639 1160 plus
1672 1106 1732 1146 se
1770 1091 1951 1161 urgeri

368 1182 758 1235 mutationibus
785 1182 1042 1247 sentiant,
1070 1198 1230 1249 quam
1259 1190 1387 1235 tunc
1413 1197 1535 1235 cum
1564 1182 1700 1236 lucis
1730 1182 1954 1235 interna:

368 1274 550 1327 radios
600 1289 708 1326 non
733 1272 1009 1326 videbant.
1063 1272 1216 1328 Unde
1257 1282 1312 1327 ct
1353 1271 1630 1337 lsraclike,
1665 1281 1952 1342 postquam

365 1364 546 1418 vocati
589 1372 750 1427 sunt,
790 1373 979 1418 contra
1022 1363 1237 1435 Moysen
1274 1365 1340 1419 de
1376 1373 1728 1419 excrescente
1769 1364 1954 1418 labore

367 1462 783 1526 conquerantur
811 1455 1055 1509 diccntcs
1094 1473 1106 1507 :
1143 1454 1326 1508 Videat
1352 1455 1611 1509 Dominus
1655 1464 1701 1508 et
1723 1455 1949 1524 judicet,

366 1550 628 1618 quomodo
681 1545 843 1617 [clere
879 1547 1049 1616 fecisti
1080 1548 1289 1600 odorem
1330 1556 1564 1600 nostrum
1596 1563 1771 1600 coram
1812 1543 1955 1598 Pita-

367 1656 530 1694 reone
560 1649 607 1694 et
644 1639 804 1694 servis
842 1639 980 1709 ejus.
1027 1639 1347 1694 Veientibus
1389 1639 1587 1709 quippe
1619 1653 1685 1692 ex
1722 1636 1955 1707 [Egypto

367 1729 688 1794 discedere,
735 1728 950 1782 Pharao
1006 1728 1191 1797 paleas
1249 1729 1715 1782 subtraxeratzet
1771 1736 1949 1780 tamen

2066 543 2180 597 Vidi
2227 544 2505 597 Dominum
2550 545 2685 614 facie
2725 546 2793 597 ad
2835 546 3043 614 faciem,
3086 555 3134 598 et
3173 545 3317 599 salva
3368 546 3509 613 facta
3553 554 3629 599 est

2053 639 2230 691 anima
2256 655 2370 691 mea
2401 635 2554 709 (Cen.
2583 638 2779 708 XXXII).
2811 637 2917 691 Sed
2944 639 2986 693 si
3021 639 3316 693 secundum
3346 639 3630 693 veritatem

2055 728 2389 800 Scripturam
2414 730 2749 799 inspicimus,
2765 744 3120 800 agnoscamus
3136 730 3339 800 aliquid
3357 730 3521 801 Moysi
3545 747 3633 784 rc-

2053 822 2287 876 velatum
2308 838 2450 885 esse,
2467 823 2610 890 quod
2637 822 3005 875 auterioribu‘s
3022 821 3274 876 Patribus
3302 836 3407 875 non
3433 831 3518 875 est
3547 822 3633 875 in-

2055 915 2319 968 timatum.
2336 914 2550 979 Quanto
2569 913 2713 966 enim
2728 913 2901 982 ipsius
2921 914 3167 968 veritatis
3180 912 3633 983 appropinquavit

2055 1004 2317 1059 adventus
2358 1006 2409 1058 in
2450 1020 2635 1068 carne,
2681 1013 2832 1059 tanto
2864 1004 3208 1058 manifestius
3236 1004 3470 1058 revelata
3507 1014 3636 1058 sunt

2055 1104 2393 1149 sacramenta
2420 1094 2691 1159 Patrihus,
2732 1095 2854 1163 quia
2895 1095 3010 1164 ipsa
3047 1094 3338 1149 Dominicce
3383 1094 3635 1148 incaruao

2055 1185 2213 1239 tionis
2245 1194 2483 1254 tempora
2515 1186 2785 1239 nascendo
2820 1195 2875 1239 et
2899 1186 3177 1239 moriendo
3206 1184 3630 1254 praeveniebant.

2054 1278 2181 1332 Inde
2215 1293 2359 1332 nunc
2389 1279 2455 1331 ad
2482 1277 2698 1347 Moysen
2727 1278 2925 1331 dicitur
2949 1292 2963 1329 :
2994 1276 3102 1346 Ego
3128 1276 3384 1329 Dominus
3413 1277 3503 1346 qui
3533 1293 3631 1344 ap-

2053 1368 2208 1437 parui
2228 1367 2494 1421 Abraham
2517 1379 2566 1422 et
2592 1368 2750 1421 Isaac
2777 1378 2825 1421 et
2847 1367 3016 1421 Iacob
3046 1368 3098 1422 in
3120 1367 3230 1420 Deo
3263 1368 3630 1437 omnipotente,

2053 1468 2100 1511 et
2128 1473 2315 1511 nomen
2342 1474 2510 1511 meum
2533 1457 2742 1511 Adonai
2774 1475 2875 1511 non
2898 1458 3125 1511 iudicavi
3145 1458 3240 1511 eis.
3269 1456 3423 1512 Unde
3448 1465 3505 1511 et
3532 1457 3637 1509 Da-

2053 1550 2142 1603 vid
2169 1550 2334 1604 dicit:
2364 1550 2536 1620 Super
2562 1566 2739 1603 omnes
2762 1550 3003 1602 docentes
3030 1566 3129 1611 me,
3153 1557 3202 1601 et
3227 1564 3385 1617 super
3407 1548 3637 1601 seniores

2053 1641 2286 1696 intellexi
2319 1636 2491 1711 (Psal.
2516 1640 2727 1694 cxvnt‘.
2762 1640 2828 1693 Et
2860 1640 3118 1695 Dominus
3159 1640 3212 1693 in
3243 1639 3534 1708 Evangelio
3568 1640 3635 1693 al

2056 1732 2329 1801 apostolos
2364 1746 2379 1785 :
2409 1730 2560 1784 Beati
2599 1730 2736 1784 oculi
2782 1731 2872 1800 qui
2913 1730 3084 1784 vident
3134 1745 3253 1801 qua:
3300 1744 3391 1783 vos
3429 1729 3631 1786 videtis.

368 1822 611 1891 ejusdem
663 1836 934 1876 mensurae
985 1838 1148 1892 opera
1201 1823 1528 1892 requirebat.
1597 1820 1763 1890 Quasi
1823 1797 2028 1894 ergoB
2055 1822 2187 1876 Dico
2209 1823 2349 1875 enim
2372 1823 2512 1875 vobis
2533 1823 2657 1891 quia
2686 1821 2833 1874 multi
2853 1821 3116 1889 propheta:
3136 1830 3182 1874 et
3202 1820 3339 1889 justi
3358 1818 3638 1873 uoluerunt

367 1919 560 1965 contra
606 1911 779 1979 legem
821 1920 977 1965 meus
1032 1912 1467 1977 submurmurat;
1508 1919 1632 1981 post
1669 1910 1823 1980 cujus
1864 1926 1955 1965 co-

370 2000 664 2071 gnitionem
728 2001 1086 2055 tentationum
1140 2002 1385 2057 stimulos
1437 2004 1677 2059 acriores
1732 2009 1950 2073 portat,

370 2099 422 2143 et
462 2106 586 2145 cum
622 2090 725 2145 sibi
762 2090 977 2146 labores
1012 2106 1260 2147 crescere
1297 2094 1581 2164 conspicit,
1623 2095 1676 2148 in
1719 2109 1784 2148 eo
1811 2094 1956 2163 quod

371 2179 680 2235 adversario
705 2181 987 2252 diSplicet,
1029 2183 1183 2251 quasi
1222 2181 1392 2239 fetere
1437 2197 1497 2238 se
1533 2184 1587 2237 in
1618 2184 1788 2239 oculis
1814 2185 1956 2238 Pha-

373 2272 559 2326 raonis
580 2272 738 2326 dolet.
1452 2322 1459 2329 .

446 2363 801 2435 Rcversusque
827 2364 1033 2436 Moyses
1058 2366 1127 2420 ad
1146 2366 1429 2421 Dominum
1457 2367 1530 2420 ait
1552 2382 1571 2420 :
1596 2366 1836 2431 Domine,
1862 2382 1961 2420 cur

370 2453 596 2524 α,Ἦὶλοὶπὶ
630 2454 880 2525 populum
928 2457 1126 2510 istum?
1162 2456 1339 2522 Quare
1383 2458 1571 2511 misisti
1610 2459 1730 2511 me?
1772 2457 1857 2512 Ea:
1896 2474 1955 2511 eo

370 2546 505 2599 enim
529 2562 592 2600 ea:
612 2564 716 2617 quo
746 2547 1011 2618 ingressus
1036 2566 1152 2602 sum
1176 2550 1246 2603 ad
1274 2547 1605 2605 Pharaonem
1638 2562 1693 2605 ut
1718 2551 1959 2623 loquerer

374 2637 429 2689 in
457 2639 662 2690 nomine
700 2648 814 2704 tuo,
847 2639 1075 2709 aﬂlixisti
1104 2638 1356 2711 populum
1392 2651 1565 2707 tuum,
1601 2651 1649 2695 et
1690 2660 1793 2696 non
1829 2642 1957 2697 libe-

375 2730 499 2781 rasti
532 2746 637 2782 eos.
680 2729 829 2783 Dixit
866 2730 1120 2785 Dominus
1156 2733 1227 2785 ad
1264 2732 1481 2803 Moysen
1516 2750 1533 2788 :
1568 2732 1723 2789 Nunc
1761 2738 1957 2792 videbis

371 2834 488 2889 qua?
510 2822 749 2891 [acturus
781 2841 897 2878 sum
923 2823 1213 2879 Pharaoni.
1245 2822 1352 2879 Per
1380 2843 1592 2879 manum
1615 2828 1751 2880 enim
1768 2829 1957 2898 fortem

372 2917 592 2971 dimittet
619 2934 706 2971 eos
730 2931 748 2969 .'
775 2927 824 2971 et
862 2919 916 2973 in
947 2935 1107 2972 manu
1136 2920 1349 2972 robusta
1378 2919 1553 2989 ejiciet
1587 2919 1705 2973 illos
1728 2920 1790 2973 tle
1816 2931 1957 2975 terra

371 3023 465 3059 sua
487 3005 683 3077 (Exod.
702 3005 805 3077 vi).
834 3006 942 3080 [Ex
964 3007 1302 3079 Augustino.]
1323 3006 1499 3063 Verba
1521 3023 1639 3078 qua)
1662 3010 1789 3063 dicit
1814 3010 1958 3081 Moy-

373 3112 458 3151 ses
483 3096 548 3149 ad
571 3097 880 3161 Dominum,
917 3096 1095 3162 Quare
1115 3099 1345 3169 aﬂlia‘isti
1368 3098 1613 3169 populum
1645 3100 1802 3159 hunc.
1829 3109 1874 3154 et
1900 3111 1956 3154 ut

370 3189 494 3257 quid
518 3190 712 3243 misisti
735 3190 851 3243 me?
883 3189 962 3243 Ex
992 3206 1099 3260 quo
1127 3190 1272 3245 enim
1302 3190 1498 3243 intravi
1530 3190 1593 3243 ad
1620 3190 1956 3245 Pharaonem

372 3281 516 3351 loqui
546 3283 602 3335 in
647 3290 740 3335 tuo
776 3281 993 3337 nomine
1038 3282 1105 3336 de
1149 3282 1346 3353 populo
1375 3283 1498 3345 hoc,
1550 3282 1722 3351 magis
1771 3281 1961 3336 adlisit

371 3387 517 3437 eum,
563 3378 621 3427 et
656 3388 763 3427 non
813 3371 1055 3427 liberasti
1102 3374 1357 3441 populum
1407 3381 1578 3435 tuum,
1619 3388 1726 3425 non
1770 3380 1959 3427 contu-

372 3465 559 3519 macia:
584 3465 752 3518 verba
786 3471 911 3517 sunt
938 3464 1018 3517 Vel
1039 3464 1441 3534 indignationis,
1467 3464 1562 3517 sed
1593 3464 1960 3532 inquisitionis

372 3563 426 3608 et
456 3556 751 3619 orationis;
799 3554 943 3624 quod
982 3569 1049 3608 ex
1073 3555 1158 3609 his
1189 3562 1415 3624 apparet
1444 3571 1564 3625 quae
1601 3554 1673 3608 illi
1702 3555 1960 3610 Dominus

373 3646 671 3715 respondit.
714 3645 828 3699 Non
862 3647 1007 3701 enim
1051 3647 1227 3717 arguit
1271 3646 1824 3729 ἰηῐὶάθιὶιιιεζειὰιίεῇιιε)
1863 3646 1958 3703 sed

375 3736 514 3805 quod
543 3736 617 3790 sit
638 3734 883 3790 facturus
912 3716 1144 3807 aperuit.
1520 3716 1553 3783 Ξ
1562 3719 1580 3737 ⁸
1592 3716 1725 3807 ’ξ
1738 3716 1816 3807 ξ’,ἷ

988 3850 1216 3906 CAPUT
1260 3851 1499 3929 x1;».,,

374 3939 451 3994 De
480 3957 538 3995 eo
566 3942 710 4027 quod
743 3940 914 4027 illoysi
948 3959 1139 4027 [tamen
1177 3918 1852 4027 διιιιιιίτΑξοῇειξθρρηξιιιςξ
1880 3918 1961 3996 in:

608 4003 903 4074 dicavitfet
926 4013 990 4065 de
1010 4023 1268 4083 prtrcepto
1296 4013 1365 4065 ad
1388 4003 1557 4067 l'srtieil
1574 4003 1784 4096 ᾆεάρέξ
1804 4008 1913 4094 ’ξος
1976 4068 1983 4077 ,

448 4100 676 4155 Locutus
705 4111 781 4168 est
804 4077 1063 4157 Dominus
1101 4077 1411 4174 ad'llloysen
1458 4077 1637 4157 dicens
1659 4077 1833 4173 ῖτέθί
1848 4086 1961 4158 Diri

378 4193 547 4245 minus
579 4193 705 4263 quia
737 4194 964 4264 apparui
997 4194 1285 4261 Abraham,
1333 4204 1379 4249 et
1420 4195 1598 4259 Isaac,
1626 4203 1673 4249 et
1700 4195 1864 4249 Jacob
1896 4178 1962 4248 in

378 4284 485 4337 Deo
515 4285 905 4355 omnipotente:
935 4297 981 4340 ct
1022 4305 1207 4341 nomen
1241 4304 1410 4341 meum
1439 4288 1646 4341 Adonei
1681 4304 1783 4340 non
1823 4287 1962 4339 indi-

377 4375 486 4428 cari
521 4376 617 4439 cis,
654 4384 708 4428 et
738 4375 947 4444 reliqua
979 4376 1175 4446 (Exod.
1222 4377 1318 4447 vt).
1360 4376 1659 4447 Septimum
1690 4377 1743 4429 in
1774 4375 1962 4430 ordine

2054 1913 2227 1967 videre
2246 1929 2364 1982 qua:
2386 1930 2473 1966 vos
2496 1913 2703 1977 videtis,
2733 1927 2780 1965 et
2812 1929 2915 1965 non
2938 1913 3214 1976 viderunt;
3238 1920 3287 1964 et
3309 1909 3496 1964 audire
3520 1926 3638 1981 qua:

2055 2003 2277 2068 auditis,
2298 2013 2346 2057 et
2376 1995 2484 2055 non
2504 2004 2783 2056 audierant
2813 2002 3028 2073 (Matth.
3056 2001 3202 2073 xm).

2129 2094 2259 2148 Ideo
2301 2095 2387 2147 die
2411 2093 2539 2163 ﬁliis
2580 2093 2786 2147 Israel:
2820 2093 2932 2163 Ego
2981 2093 3235 2147 Dominus
3286 2092 3375 2163 qui
3419 2092 3641 2146 educam

2056 2202 2146 2239 vos
2172 2186 2237 2238 de
2264 2183 2532 2254 ergastulo
2562 2183 2957 2253 Egyptiorum,
2989 2192 3036 2236 et
3064 2199 3246 2237 eruam
3275 2183 3340 2235 de
3365 2183 3635 2247 seruitute,

2057 2289 2120 2326 ac
2151 2272 2404 2326 redimam
2432 2274 2488 2325 in
2516 2272 2730 2325 brachio
2756 2271 2981 2335 excelso,
3026 2282 3075 2325 et
3119 2272 3341 2341 judiciis
3390 2272 3594 2341 magnis
3617 2285 3638 2323 :

2056 2376 2104 2420 et
2128 2381 2395 2419 assumam
2418 2382 2507 2418 vos
2540 2364 2669 2418 mihi
2702 2365 2758 2418 in
2779 2363 3048 2435 populum,
3073 2374 3121 2419 et
3154 2381 3242 2418 ero
3265 2373 3431 2417 uester
3454 2363 3592 2418 Deus
3619 2378 3639 2416 :

2056 2458 2330 2527 scietisque
2376 2455 2515 2526 quod
2540 2471 2631 2523 ego
2677 2462 2809 2509 sum‘
2843 2454 3097 2508 Dominus
3148 2454 3286 2509 Deus
3315 2465 3497 2519 vester,
3543 2455 3637 2525 qui

2057 2547 2324 2602 eduxerim
2352 2563 2438 2601 vos
2458 2547 2523 2601 de
2542 2544 2807 2616 ergastulo
2835 2544 3228 2615 .lEggptiorum,
3259 2555 3308 2598 et
3334 2544 3635 2599 induxerim

2056 2640 2112 2694 in
2138 2648 2329 2693 terram
2358 2655 2515 2708 super
2533 2655 2691 2708 quam
2722 2638 2886 2692 levavi
2910 2655 3127 2691 manum
3162 2655 3349 2702 meam,
3377 2649 3433 2692 ut
3456 2638 3639 2691 darem

2057 2748 2173 2787 eam
2199 2731 2487 2795 Abraham,
2520 2729 2675 2784 Isaac
2711 2739 2759 2782 et
2793 2728 2958 2783 Iacob
2984 2741 3004 2781 :
3031 2729 3268 2799 duboque
3310 2728 3459 2783 illam
3499 2727 3638 2782 vobis

2056 2821 2465 2892 possidendam:
2510 2836 2603 2889 ego
2641 2819 2917 2873 Dominus.
2962 2819 3218 2874 Narravit
3262 2835 3383 2889 ergo
3433 2817 3640 2889 Moyses

2060 2912 2241 2965 omnia
2265 2909 2389 2979 ﬁliis
2415 2908 2587 2962 Israel
2611 2909 2704 2979 qui
2725 2926 2828 2961 non
2854 2910 3216 2977 acquieverunt
3244 2910 3290 2961 ei
3314 2918 3524 2978 propter
3542 2924 3644 2962 an-

2059 3004 2287 3073 gustiam
2314 3002 2531 3071 spiritus
2558 3010 2605 3053 et
2648 3015 2776 3070 opus
2807 2999 3168 3053 durissimum.
3210 2998 3641 3071 Mystiee,'erga-

2062 3096 2260 3151 stulum
2285 3095 2669 3166 Egyptiorunt
2697 3093 3020 3147 tentationes
3049 3092 3208 3161 hujus
3238 3093 3419 3146 mundi
3446 3091 3643 3160 quibus

2062 3188 2388 3244 tribulantur
2413 3186 2605 3250 sancti,
2645 3182 2934 3253 signiﬁcat.
2960 3183 3182 3237 Liberat
3209 3183 3354 3237 enim
3385 3184 3645 3238 Dominus

2060 3279 2200 3334 ﬁlios
2234 3277 2397 3333 Israel
2425 3278 2481 3330 in
2509 3275 2735 3331 brachio
2769 3274 3003 3338 excelso,
3030 3274 3133 3328 hoc
3154 3282 3255 3330 est.
3287 3274 3341 3326 in
3379 3282 3645 3342 potestate

2058 3385 2250 3438 magna
2275 3376 2330 3424 et
2361 3369 2581 3431 virtute,
2605 3366 2719 3421 sive
2753 3366 2805 3419 in
2843 3365 2952 3419 tilio
2972 3380 3069 3434 per
3090 3379 3251 3435 quem
3287 3363 3415 3418 fecit
3436 3363 3643 3419 omnia.

2059 3462 2162 3530 Qui
2191 3469 2413 3531 propter
2435 3460 2685 3514 etfectum
2710 3457 2973 3511 virtutum
2998 3456 3282 3511 brachium
3305 3455 3401 3510 Dei
3423 3455 3641 3520 dicitur,

2059 3569 2179 3607 cum
2210 3560 2426 3607 sanctos
2471 3565 2600 3606 suos
2627 3550 2690 3604 de
2732 3556 3000 3618 potestate
3043 3547 3239 3603 dialoli
3284 3554 3340 3601 et
3383 3547 3644 3601 servitute

2058 3652 2404 3714 peccatorum
2446 3652 2621 3705 eruat,
2652 3649 2708 3695 et
2742 3640 3049 3694 introducat
3072 3638 3125 3692 in
3157 3647 3359 3694 terram
3386 3637 3644 3707 spiritua-

2061 3736 2163 3790 lem
2202 3734 2439 3788 caelestis
2460 3733 2650 3802 patria:
2680 3746 2780 3801 pro
2821 3745 2927 3799 qua
2951 3729 3175 3797 juravit,
3204 3729 3256 3781 id
3284 3737 3388 3793 est,
3418 3727 3646 3780 ﬁrmiter

1683 3791 1701 3803 ο
1778 3791 1796 3803 θ
1926 3806 1933 3811 1

1683 3806 1788 3847 9.".
1897 3810 1957 3839 ,⁴

1762 3848 1957 3881 ⁴⁴σ⁴4“

1856 3882 1957 3893 ..μ

2060 3818 2308 3908 ἱειρηιιςίι
2329 3791 2576 3908 patribus
2617 3791 2855 3885 nostris,-
2887 3791 3239 3890 pavtriarchis,
3285 3791 3564 3887 prophetis
3590 3823 3647 3871 et

1992 3895 2036 3945 ’3
2058 3895 2442 4009 Signanti}:
2464 3916 2631 4009 flaret
2657 3928 2776 3969 eam
2809 3913 2919 3967 illis
2954 3912 3008 3966 in
3041 3910 3443 3981 possessionem
3474 3917 3531 3962 et
3560 3923 3646 3964 se-

2060 3988 2723 4083 mini.°éo'ru‘51}:_liod.test,
2765 4002 3018 4059 omnibus
3047 4002 3136 4072 qui
3173 4002 3337 4057 ﬁdem
3384 4007 3440 4055 et
3479 4014 3645 4069 opera

2060 4107 2248 4167 earnm
2295 4078 2743 4154 ﬁdeli‘tér'vsécuti
2788 4103 2934 4159 sunt,
2968 4102 3026 4149 ut
3073 4095 3385 4165 possideant
3415 4091 3558 4145 illam
3589 4090 3644 4143 in

2048 4168 2479 4265 sii‘m‘pilghﬁtm,
2531 4186 2865 4265 Locutusque
2905 4194 2983 4239 est
3025 4184 3284 4238 Dominus
3325 4180 3395 4232 ad
3429 4179 3645 4247 Moysen

2061 4259 2282 4336 diceits'.z
2309 4259 2597 4352 Ingredere
2632 4284 2685 4352 et
2728 4275 2942 4345 loquere
2984 4274 3054 4327 ad
3092 4272 3423 4324 Pharaonem
3474 4283 3641 4337 regem

2062 4370 2302 4441 Egypti,
2326 4378 2383 4421 ut
2405 4351 2796 4438 dinim'aiﬁlios
2820 4362 2989 4417 Israel
3009 4362 3072 4415 de
3097 4369 3236 4413 terra
3263 4376 3381 4413 sua.
3411 4357 3645 4428 Respon-

379 4467 652 4520 t.omiuum
685 4467 807 4532 Dei,
848 4478 930 4521 est
963 4466 1206 4533 Adonai;
1247 4468 1390 4539 quod
1430 4466 1751 4536 generaliter
1793 4466 1961 4519 intcr—
1986 4491 2039 4550 D
2064 4464 2240 4532 ditque
2283 4459 2488 4529 Moyses
2519 4473 2696 4510 coram
2726 4456 2945 4510 Domino
2972 4470 2990 4507 :
3026 4452 3159 4550 {sicce
3197 4450 3296 4520 ﬁlii
3342 4448 3512 4550 Israel
3539 4464 3644 4504 non

379 4565 620 4625 pretatur
658 4556 920 4613 Dominus
962 4577 975 4611 τ
1027 4560 1169 4628 quod
1219 4560 1527 4615 dominetur
1559 4568 1770 4614 cuncta:
1808 4575 1959 4613 crea-

382 4656 547 4715 tum;
587 4648 669 4703 vel
705 4651 849 4720 quod
890 4663 1139 4706 creatura
1176 4654 1353 4707 omnis
1379 4652 1677 4707 dominatui
1719 4650 1834 4719 ejus
1870 4651 1978 4726 de:

379 4740 600 4793 serviat.
658 4740 921 4796 Dominus
971 4758 1100 4814 ergo
1143 4751 1198 4797 et
1246 4744 1387 4798 Deus
1435 4743 1654 4807 dicitur,
1702 4758 1767 4796 eo
1817 4742 1960 4810 quod

380 4829 688 4884 dominetur
736 4833 989 4888 omnibus
1034 4834 1117 4888 vel
1165 4834 1309 4905 quod
1357 4834 1615 4888 timeatur
1659 4849 1689 4887 a
1722 4833 1953 4887 cunctis.

380 4918 663 4982 Quomodo
696 4935 827 4991 ergo
860 4936 1003 4991 nunc
1031 4923 1247 4988 dicitur,
1290 4923 1432 4992 quod
1463 4922 1720 4976 Dominus
1764 4936 1961 4976 nomen

381 5023 537 5062 suum
562 5009 798 5065 Abrahte
827 5028 932 5067 non
964 5015 1302 5079 indicaverit,
1335 5015 1400 5069 de
1427 5030 1535 5085 quo
1561 5016 1817 5084 scriptum
1845 5023 1956 5068 est:

382 5100 636 5170 Apparuit
660 5101 920 5157 Dominus
960 5105 1206 5170 Abrahae,
1250 5105 1485 5177 dixitque
1526 5104 1596 5158 ad
1637 5122 1753 5159 eum
1786 5120 1804 5157 :
1849 5103 1961 5174 Ego

381 5188 640 5246 Dominus
671 5193 1018 5262 omnipotens,
1045 5194 1257 5249 ambula
1291 5212 1466 5248 coram
1498 5211 1600 5261 me,
1631 5204 1678 5248 et
1705 5203 1814 5247 esto
1838 5210 1960 5263 per-

382 5279 549 5349 fectus
589 5300 609 5338 :
650 5302 944 5356 ponuntque
986 5287 1153 5357 [cadus
1200 5294 1372 5341 meum
1413 5288 1549 5340 inter
1592 5304 1671 5340 me
1712 5295 1759 5340 et
1794 5294 1842 5339 te
1869 5298 1887 5335 :
1914 5294 1964 5339 et

382 5369 744 5440 multiplicabo
786 5384 835 5428 te
875 5376 1198 5430 vehementer
1226 5377 1419 5431 nimis?
1461 5374 1611 5447 (Gen.
1646 5374 1802 5444 xvii.)
1854 5375 1963 5430 Aut

379 5465 654 5530 quomodo
691 5464 843 5521 Isaac
879 5482 1073 5521 nomen
1120 5469 1236 5539 ejus
1270 5484 1375 5523 non
1417 5476 1500 5522 est
1541 5466 1858 5530 indicatum,
1897 5464 1964 5519 ad

379 5569 543 5623 quem
578 5556 696 5626 ipse
722 5556 982 5613 Dominus
1007 5560 1082 5612 ait
1108 5577 1120 5612 :
1147 5558 1261 5628 Ego
1290 5576 1377 5612 ero
1404 5569 1571 5611 tecum
1593 5566 1640 5610 et
1665 5556 1962 5610 benedicam

381 5644 520 5699 tibi:
545 5646 643 5699 tibi
668 5648 806 5700 enim
838 5657 883 5700 et
914 5647 1099 5702 semini
1127 5658 1216 5702 tuo
1246 5648 1381 5701 dabo
1421 5648 1689 5700 universas
1730 5634 1961 5715 regiones

382 5736 943 5802 has,etbcnedicentur
969 5739 1022 5792 in
1046 5741 1238 5794 semine
1270 5750 1358 5793 tuo
1383 5754 1557 5793 omnes
1578 5747 1751 5808 gentes
1777 5738 1963 5792 ίϐΠίΡῩ

2062 4570 2145 4607 me
2174 4551 2416 4612 audiunt,
2444 4558 2492 4603 et
2520 4546 2779 4618 quomodo
2806 4544 2985 4598 audiet
3016 4540 3251 4605 Pharao,
3295 4557 3414 4593 cum
3435 4540 3535 4593 sim
3560 4541 3642 4594 in-

2061 4642 2399 4698 circumcisus
2448 4638 2642 4692 labiis?
2674 4634 2783 4708 (Eat
2840 4633 3177 4705 Augustino.)
3228 4626 3382 4699 Quod
3432 4631 3645 4701 Moyses

2063 4734 2224 4790 dicit:
2256 4733 2396 4786 Ecce
2415 4744 2515 4798 ego
2544 4727 2733 4799 gracili
2764 4742 2897 4781 voce
2922 4740 3062 4790 sum,
3094 4735 3150 4779 et
3177 4724 3449 4793 quomodo
3476 4738 3646 4778 exau-

2063 4824 2205 4880 diret
2232 4838 2318 4878 me
2344 4821 2576 4885 Pharao,
2606 4834 2712 4874 non
2734 4817 2949 4871 videtur
2975 4823 3155 4869 tamen
3190 4822 3410 4884 prepter
3436 4812 3644 4882 magni-

2065 4916 2306 4971 tudinem
2340 4911 2519 4984 populi
2543 4926 2803 4966 excusare
2824 4910 2890 4963 de
2916 4908 3063 4963 vocis
3088 4906 3414 4977 gracilitate,
3454 4919 3643 4959 verum

2066 5008 2228 5061 etiam
2252 5012 2473 5075 prepter
2499 5017 2665 5057 unum
2692 4999 2986 5054 hominem.
3032 4996 3223 5051 Mirum
3268 4997 3315 5051 si
3361 5005 3472 5049 tam
3517 5009 3644 5063 gra-

2067 5098 2187 5153 cilis
2210 5095 2358 5150 vocis
2391 5094 2510 5158 fuit,
2542 5100 2601 5145 ut
2634 5105 2734 5145 nec
2756 5090 2824 5143 ab
2852 5102 2958 5142 uno
2985 5087 3205 5141 homine
3229 5093 3411 5155 posset
3441 5083 3641 5138 audiri.

2068 5186 2149 5240 An
2180 5185 2315 5238 forte
2348 5182 2529 5253 regius
2550 5180 2724 5235 factus
2757 5194 2865 5233 non
2890 5193 2984 5233 eos
3003 5177 3353 5246 permittebat
3377 5176 3442 5228 de
3464 5172 3647 5241 proxi-

2071 5294 2159 5331 mo
2187 5275 2368 5345 loqui?

2664 5362 2893 5419 CAPUT
2932 5361 3044 5416 XII.

2070 5457 2148 5512 De
2170 5474 2229 5510 eo
2257 5454 2395 5524 quod
2418 5452 2540 5507 Levi
2565 5453 2863 5525 progeniem
2886 5459 3146 5525 numerat,
3194 5456 3242 5499 et
3289 5445 3354 5525 de
3390 5443 3645 5525 mandato

2137 5527 2206 5582 ad
2226 5519 2726 5588 Pharaonem'dat'o,
2748 5532 2795 5576 et
2820 5522 3086 5592 signorum
3110 5519 3569 5570 demonstratione.

2139 5640 2237 5693 Isti
2260 5647 2379 5693 sunt
2405 5637 2658 5708 principes
2680 5635 2951 5690 domorum
2973 5647 3065 5701 per
3092 5628 3325 5699 familias
3350 5645 3477 5684 suas
3498 5643 3518 5683 :
3550 5625 3649 5681 Fi-

2075 5729 2138 5784 lii
2154 5732 2331 5786 [iuben
2356 5724 2688 5801 primogeniti
2711 5724 2942 5788 Israelis,
2976 5722 3154 5777 Enoch
3197 5732 3241 5777 et
3295 5719 3510 5786 Phallu,
3546 5720 3638 5774 lis-
