3992 6182
297 298 360 353 s!
936 293 997 347 Β.
1042 288 1291 347 RABANI
1333 287 1550 346 MAURI
1586 283 1903 343 ARClltEP.
1942 280 2254 339 uocum.
2293 265 2594 338 opsnuu'
2614 279 2793 336 PARS
2827 282 2867 337 1.
3469 275 3542 331 53

296 431 410 470 rom
434 424 482 468 et
506 410 741 468 Charini.
769 408 867 464 Ha:
890 408 1221 479 cognationes
1249 405 1449 460 Ruben.
1470 402 1608 458 Filii
1632 401 1861 471 Simeou,
1891 400 1942 457 Α
1969 403 2159 451 rentur
2183 395 2389 450 audire.
2421 393 2681 463 Sequitur
2708 409 2722 445 :
2761 389 2865 446 Sed
2888 406 2980 461 ego
3004 388 3263 443 indurabo
3284 403 3375 479 cor
3400 387 3540 457 ejus,

295 503 505 561 Jamuel
533 512 583 557 et
608 502 805 566 lamin,
832 510 878 555 et
906 499 1076 564 A‘bad,
1105 497 1297 554 la‘chin
1333 506 1381 550 et
1429 494 1618 561 Soher,
1645 504 1695 549 et
1735 493 1898 548 Soul.

296 596 439 666 ﬁlius
461 592 847 649 Chananitidis.
876 590 976 646 Ha:
999 590 1267 661 progenies
1294 586 1523 643 Simeon'.
1548 584 1617 639 Et
1644 586 1756 639 hcce
1780 599 1869 637 no-

297 687 439 740 mina
462 684 692 754 ﬁliorum
720 683 840 738 Levi
884 698 978 753 per
1013 681 1346 752 cognationes
1390 695 1535 742 suas,
1580 674 1779 732 Gerson
1818 685 1867 731 et
1910 724 1932 745 ,

297 777 486 840 Luath,
513 786 558 830 et
589 774 788 829 Merari
818 773 1023 846 (Exod.
1043 772 1143 838 vi).
1173 770 1508 827 Sacramenti
1551 768 1727 824 locum
1748 782 1869 823 esse

297 869 514 924 dubium
560 883 667 923 non
703 876 808 931 est,
843 864 986 937 quad
1040 863 1319 934 Scriptura
1365 861 1552 917 volens
1602 859 1871 930 originem

300 958 470 1029 Moysi
494 960 883 1020 demonstrare,
915 955 1177 1026 quoniam
1207 953 1325 1021 ejus
1350 952 1493 1007 actio
1512 951 1624 1022 jam
1649 958 1869 1020 expete-
1898 1006 1901 1007 ν

298 1055 408 1114 bat,
439 1065 470 1103 a
499 1048 853 1119 primogenito
885 1046 1072 1111 Jacob‘,
1119 1046 1173 1100 id
1206 1053 1292 1100 est
1330 1042 1541 1108 Ruben,
1582 1042 1870 1113 progenies

297 1140 479 1210 (Strepit.
508 1141 633 1194 inde
655 1140 722 1194 ad
749 1139 990 1203 Simeo‘n,
1025 1137 1150 1192 inde
1174 1137 1243 1191 ad
1270 1135 1421 1199 Levi,
1455 1134 1597 1188 ultra
1618 1146 1870 1204 progres-

297 1245 357 1285 sa
394 1234 500 1284 no’n
535 1237 641 1294 est,
687 1228 941 1299 quoniam
991 1242 1058 1283 ex
1105 1226 1235 1281 Levi
1290 1225 1520 1296 Moyses.
1571 1223 1635 1278 Hi
1688 1232 1869 1277 autem

297 1330 809 1386 commemorantur,
845 1320 935 1388 qui
974 1318 1087 1385 jam
1116 1316 1518 1374 commemorati
1569 1316 1784 1371 fuerant
1813 1316 1867 1369 in

298 1415 401 1469 illis
440 1415 778 1484 septuaginta
819 1412 1057 1481 quinque
1099 1411 1152 1465 in
1192 1411 1388 1481 quibus
1433 1407 1595 1464 Israel
1643 1407 1871 1463 intravit

297 1505 351 1558 in
380 1503 692 1575 Egyptum.
720 1503 837 1558 Non
879 1503 1021 1557 enim
1048 1502 1302 1571 primam,
1348 1514 1524 1570 neque
1554 1498 1868 1564 secundam,

296 1595 392 1650 sed
431 1596 644 1650 tertiam
674 1595 892 1656 tribum,
922 1593 974 1647 id
1001 1601 1085 1648 est
1108 1592 1429 1658 Leviticam,
1468 1589 1612 1646 Deus
1638 1605 1761 1646 esse
1774 1606 1871 1644 vo-

300 1684 396 1738 Ι.ιίι
421 1684 831 1740 sacerdotalem.
867 1684 1076 1754 Accepit
1106 1692 1281 1736 autem
1307 1681 1487 1736 Aaron
1508 1694 1725 1735 uxorem
1760 1680 1872 1734 Eli-

1970 497 2018 541 et
2048 483 2398 555 multiplicabo
2428 484 2575 553 signa
2609 492 2657 537 et
2683 490 2883 537 ostenta
2905 496 3020 534 mea
3048 480 3104 534 in
3133 489 3274 533 terra
3298 477 3542 550 nggpti,

1967 587 2014 632 et
2054 594 2155 631 non
2180 576 2356 631 audiet
2381 591 2501 630 vos:
2528 573 2906 645 immittamque
2932 587 3145 626 manum
3188 587 3359 625 meam
3386 587 3544 642 super

1967 669 2280 741 Egyptum,
2317 677 2366 723 et
2395 668 2615 722 educam
2656 666 2939 721 exercitum
2982 674 3031 719 et
3075 661 3325 735 populum.
3368 679 3540 718 meum

1967 759 2105 828 ﬁlios
2131 757 2301 812 Israel
2327 758 2391 812 de
2413 768 2554 811 terra
2597 755 2836 826 Egypti,
2878 770 2975 824 per
3003 753 3214 823 judicia
3261 752 3495 807 maxima
3520 768 3539 806 :

1967 860 2016 904 et
2063 850 2224 903 scient
2272 848 2489 921 Ερυρεί
2531 846 2670 914 quod
2715 862 2807 916 ego
2845 861 2963 899 sum
2993 843 3268 899 Dominus.
3311 842 3542 899 Assidue

1968 938 2111 994 Deus
2136 937 2286 1000 dicit,
2313 937 2584 994 Indurabo
2602 953 2692 991 cor
2712 934 3032 999 Pharaonis,
3061 940 3119 988 et
3141 932 3289 989 velut
3319 948 3540 989 causam

1970 1010 2135 1085 infert
2159 1044 2259 1084 cur
2280 1030 2384 1084 hoc
2408 1025 2591 1082 faciat.
2622 1025 2731 1096 (Ea:
2768 1022 3107 1096 Augustino.)
3138 1023 3431 1089 Indurabo,
3461 1025 3544 1077 in-

1977 1120 2115 1190 quit,
2151 1136 2243 1174 cor
2265 1118 2584 1184 Pharaonis,
2607 1127 2655 1171 et
2680 1115 2899 1188 implebo
2925 1116 3076 1186 signa
3098 1132 3212 1170 mea
3237 1125 3284 1169 et
3305 1124 3544 1186 portenta

1969 1229 2085 1266 mea
2108 1213 2163 1266 in
2202 1211 2457 1281 zEgypto,
2486 1218 2741 1278 tanquam
2772 1207 3078 1264 necessaria
3110 1206 3273 1262 fuerit
3297 1206 3532 1261 obdura-

1972 1304 2047 1359 tio
2075 1303 2256 1359 cordis
2293 1301 2596 1357 Pharaonis
2643 1312 2703 1356 ut
2731 1301 2883 1373 signa
2923 1299 3018 1355 Dei
3054 1299 3547 1369 multiplicarentur

1971 1395 2057 1451 vel
2104 1395 2458 1465 implerentur
2486 1395 2538 1449 in
2580 1393 2834 1465 Egypto.
2868 1392 3050 1449 Utitur
3085 1408 3213 1464 ergo
3241 1393 3382 1448 Deus
3409 1393 3546 1448 bene

1970 1484 2228 1541 cordibus
2262 1484 2421 1540 malis
2451 1484 2519 1539 ad
2554 1484 2607 1539 id
2631 1484 2776 1554 quod
2801 1483 2913 1538 vult
2941 1484 3225 1538 ostendere
3249 1483 3429 1547 bonis,
3461 1484 3544 1536 vel

1971 1591 2079 1646 quo
2123 1575 2365 1632 facturus
2393 1583 2478 1632 est
2504 1576 2694 1632 bonos.
2724 1575 2792 1629 Et
2836 1575 3083 1644 quamvis
3124 1573 3549 1645 uniuscujusque

1975 1668 2157 1723 cordis
2190 1668 2243 1722 in
2269 1666 2473 1737 malitia
2503 1667 2757 1738 qualitas,
2790 1665 2843 1721 id
2873 1674 2975 1731 est,
3015 1664 3174 1736 quale
3217 1680 3313 1722 eor
3351 1666 3548 1720 habeat

297 1776 472 1829 sabeth
495 1775 664 1844 ﬁliam
688 1773 1007 1840 Aminadab,
1022 1791 1252 1829 sororem
1282 1772 1333 1827 Ν
1337 1790 1519 1836 aason,
1534 1788 1653 1843 quae
1676 1770 1871 1841 peperit

1980 1756 2041 1811 ad
2070 1756 2294 1821 malum,
2320 1757 2417 1811 ﬁat
2437 1756 2567 1811 vitio
2595 1755 2739 1825 quod
2762 1754 2984 1811 inolevit
3006 1771 3075 1809 ex
3106 1755 3334 1813 arbitrio
3358 1754 3550 1809 volun-

297 1869 347 1921 ei
392 1866 585 1921 Nadab
620 1880 668 1922 et
698 1867 853 1928 Abiu,
893 1866 1121 1921 Eleazar
1162 1876 1212 1920 et
1256 1864 1519 1919 Ithamar.
1570 1862 1874 1919 Aminadah

299 1956 440 2012 tilius
468 1957 657 2013 Esrom
695 1957 814 2023 fuit,
845 1958 936 2013 lilii
964 1958 1190 2021 Phares,
1220 1956 1315 2011 ﬁlii
1337 1954 1494 2010 Juda.
1528 1954 1683 2011 Un‘le
1704 1965 1875 2025 appa-

300 2056 382 2101 ret
416 2047 555 2115 quod
586 2047 781 2117 regalis
806 2054 863 2101 et
886 2045 1237 2102 sacerdotalis
1276 2043 1554 2115 prosapies
1593 2043 1778 2098 statim
1818 2043 1873 2097 in

298 2138 563 2207 principio
606 2138 738 2209 legis
779 2139 1061 2195 commista
1101 2145 1218 2193 est:
1257 2145 1314 2192 et
1359 2137 1480 2191 ideo
1530 2149 1874 2205 nequaquam

298 2238 383 2283 est
412 2228 765 2285 dubitandum
801 2229 932 2298 quin
959 2228 1288 2298 Redemptor
1327 2236 1532 2293 noster,
1578 2225 1873 2283 secundum

299 2321 573 2391 Evangelii
612 2320 794 2386 tidem,
829 2331 886 2376 et
907 2322 974 2377 de
999 2321 1165 2393 regali
1191 2328 1245 2377 et
1276 2322 1342 2377 de
1367 2319 1691 2376 sacerdotali
1707 2320 1876 2388 stirpe

300 2414 610 2484 progenitus
635 2414 724 2468 sit.
755 2412 1006 2484 Dixitque
1052 2414 1309 2468 Dominus
1338 2413 1409 2469 ad
1452 2412 1689 2483 Moysen,
1742 2411 1879 2466 Ecce

299 2503 546 2557 constitui
571 2512 622 2557 te
647 2502 814 2557 Deum
844 2500 1165 2566 Pharaonis,
1191 2503 1372 2558 Aaron
1423 2502 1591 2572 frater
1629 2511 1750 2556 tuus
1774 2502 1877 2556 erit

299 2589 550 2660 propheta
577 2597 719 2644 tuus.
745 2586 824 2642 Tu
849 2588 1077 2660 loqueris
1110 2590 1287 2643 omnia
1332 2605 1450 2660 qua:
1494 2587 1690 2644 mando
1737 2587 1830 2641 tibi
1855 2605 1875 2653 ;

300 2677 391 2733 ille
430 2677 673 2750 loquetur
698 2677 767 2733 ad
792 2676 1147 2744 Pharaonem,
1185 2687 1244 2732 ut
1281 2676 1513 2732 dimittat
1538 2677 1678 2747 filios
1707 2676 1879 2732 Israel

299 2774 366 2825 de
404 2774 545 2824 terra
583 2786 681 2824 sua
728 2768 926 2842 (Exod.
958 2770 1079 2843 νη).
1115 2769 1225 2843 [Ex
1263 2769 1604 2842 Augustino.]
1635 2770 1692 2825 In
1725 2769 1877 2827 Scri-

300 2868 459 2931 ptura
499 2875 653 2916 sacra
678 2860 969 2931 aliquando
997 2862 1138 2918 Deus
1181 2863 1563 2931 nu‘neupative,
1592 2861 1881 2932 aliquando

301 2966 433 3007 vero
474 2951 839 3008 essentialiter
879 2952 1097 3008 dicitur.
1138 2951 1511 3024 Nuneupative
1546 2954 1691 3009 enim
1737 2954 1881 3010 Deus

256 3063 267 3071 θ
302 3042 518 3108 dicitur,
565 3043 706 3099 sicut
755 3059 900 3099 nunc
944 3045 1013 3098 ad
1068 3043 1288 3115 Moysen
1337 3044 1540 3099 dictum
1585 3052 1709 3099 est:
1744 3043 1879 3098 Ecce

1975 1848 2123 1913 tatis,
2161 1861 2226 1902 ea
2258 1855 2439 1901 tamen
2481 1845 2741 1915 qualitate
2765 1844 2907 1900 mala
2948 1853 3008 1899 ut
3034 1845 3140 1901 huc
3173 1843 3257 1900 vel
3286 1843 3411 1899 illuc
3434 1860 3550 1899 mo-

1974 1948 2188 2004 veatur,
2229 1954 2352 1993 cum
2404 1937 2519 1993 sive
2566 1938 2694 2004 huc,
2717 1938 2833 1992 sive
2873 1936 3000 1993 illuc
3054 1935 3194 1992 male
3245 1945 3547 1999 moveatur,

1974 2032 2154 2088 causis
2185 2028 2245 2085 ﬁt
2288 2031 2482 2100 quibus
2507 2032 2719 2086 animus
2752 2028 3101 2100 propellitur:
3137 2043 3257 2098 quae
3285 2044 3463 2084 caus-.e
3494 2037 3551 2081 ut

1974 2123 2212 2179 existant
2251 2122 2337 2179 vel
2366 2138 2474 2178 non
2506 2123 2765 2188 existant,
2798 2137 2903 2176 non
2934 2129 3019 2176 est
3055 2120 3109 2175 in
3139 2119 3373 2175 hominis
3400 2128 3553 2191 pote-

1974 2220 2134 2277 state,
2167 2212 2263 2267 sed
2287 2213 2515 2267 veniunt
2541 2226 2607 2266 ex
2636 2211 2845 2267 occulta
2868 2210 3226 2282 providentia,
3248 2210 3552 2283 justissima

1973 2304 2133 2373 plane
2144 2311 2199 2359 et
2209 2303 2629 2374 sapientissima,
2652 2303 2964 2357 universum
2981 2301 3122 2371 quod
3135 2302 3361 2366 creavit,
3375 2301 3554 2369 dispo-

1974 2397 2152 2451 uentis
2171 2403 2227 2451 et
2250 2394 2682 2450 administrantis
2702 2393 2816 2448 Dei.
2849 2392 2920 2449 Ut
2939 2409 3068 2464 ergo
3092 2392 3197 2448 tale
3217 2408 3312 2448 cor
3327 2393 3553 2448 haberet

1974 2484 2212 2552 Pharao,
2236 2501 2343 2556 quo
2364 2485 2623 2555 patientia
2661 2484 2757 2539 Dei
2802 2499 2910 2538 non
2940 2491 3252 2537 moveretur
3274 2482 3343 2536 ad
3380 2483 3554 2553 pieta-

1975 2583 2110 2640 tem,
2139 2577 2233 2632 sed
2255 2576 2434 2647 potius
2477 2575 2545 2631 ad
2592 2575 2950 2645 impietatem,
3002 2573 3117 2627 vitii
3170 2573 3375 2642 proprii
3430 2572 3552 2628 fuit.

1976 2664 2130 2732 Quod
2158 2679 2285 2721 vero
2313 2681 2376 2721 ea
2421 2663 2562 2720 facta
2595 2672 2717 2720 sunt
2765 2662 2961 2733 quibus
3003 2678 3098 2717 cor
3124 2679 3224 2718 suo
3269 2664 3403 2718 vitio
3444 2672 3552 2718 tam

1975 2756 2267 2828 malignum
2298 2756 2577 2811 resisteret
2610 2753 2947 2823 jussionibus
2972 2753 3088 2818 Dei,
3118 2756 3242 2831 hoc
3279 2762 3364 2810 est
3407 2755 3553 2810 enim

1977 2849 2122 2919 quod
2156 2848 2356 2905 dicitur
2400 2848 2731 2913 induratum,
2764 2846 2897 2916 quia
2944 2860 3051 2900 non
3088 2843 3395 2901 ﬂexibiliter
3427 2862 3556 2901 con-

1978 2944 2268 3007 sentiebat,
2324 2942 2418 2997 sed
2460 2938 2825 2996 inﬂexibiliter
2862 2938 3170 3003 resistebat,
3200 2937 3555 3007 dispensatio-

1978 3031 2067 3087 nis
2091 3029 2192 3084 fuit
2219 3029 2435 3095 divinae,
2466 3028 2593 3099 quia
2624 3027 2715 3081 tali
2751 3026 2902 3083 cordi
2951 3042 3059 3083 non
3094 3016 3266 3082 solum
3303 3026 3447 3097 justa
3476 3028 3561 3082 in-

300 3133 622 3188 constituite
648 3132 815 3188 Deum
841 3132 1157 3197 Pharaonis,
1193 3141 1251 3188 et
1284 3134 1426 3189 sicut
1448 3133 1645 3188 iterum
1670 3132 1878 3203 Moy-es
1905 3116 1950 3180 Ο
1980 3120 2213 3186 (iuratio.
2255 3121 2351 3177 sed
2395 3120 2676 3176 eVidenlet'
2715 3118 2859 3189 iusta
2902 3134 3067 3191 paena
3106 3120 3422 3191 parabatur,
3453 3137 3560 3193 qua

304 3223 383 3277 ait
414 3239 429 3276 :
461 3221 523 3278 Si
542 3222 661 3293 quis
682 3223 836 3277 homo
865 3223 962 3276 hoc
986 3222 1063 3277 vel
1107 3222 1241 3277 illud
1267 3222 1467 3293 fecerit,
1501 3223 1711 3295 applica
1732 3221 1881 3276 illum

304 3313 375 3367 ad
402 3313 526 3368 deos
553 3313 752 3385 (Exod.
779 3313 940 3383 uti),
970 3313 1223 3369 videlicet
1271 3312 1337 3367 ad
1366 3314 1694 3379 sacerdotes,
1742 3312 1884 3368 sicut

306 3414 365 3463 et
402 3405 688 3461 Psalmista
716 3407 832 3461 ait:
861 3405 1001 3460 Deus
1041 3405 1179 3460 stetit
1221 3405 1279 3460 in
1313 3422 1580 3477 synagoga
1623 3406 1841 3462 deorum
1861 3418 1881 3457 :

305 3497 363 3551 in
387 3496 559 3551 medio
582 3506 759 3551 autem
784 3497 907 3551 deos
937 3495 1186 3551 discernit
1212 3491 1387 3568 (Psal.
1428 3492 1638 3568 cxxxr).
1683 3494 1885 3550 Essen-

310 3587 514 3643 tialiter
535 3594 717 3642 autem
744 3586 888 3643 Deus
923 3587 1138 3652 dicitur,
1190 3586 1330 3642 sicut
1385 3585 1501 3655 ipse
1543 3585 1612 3641 ad
1663 3584 1883 3656 Moysen

310 3678 477 3734 dicit:
512 3676 627 3748 Ego
668 3694 785 3732 sum
829 3676 973 3732 Deus
999 3677 1287 3743 Abraham,
1325 3688 1377 3733 et
1416 3677 1558 3733 Deus
1605 3676 1782 3741 Isaac,
1834 3687 1885 3734 et

310 3766 451 3821 Deus
492 3767 675 3821 Iacob.
709 3766 862 3824 Unde
886 3766 1085 3823 Paulus
1109 3767 1387 3838 apostolus
1407 3767 1593 3824 volens
1613 3783 1887 3845 nuncupa-

309 3858 479 3913 tivum
508 3858 604 3913 Dei
640 3874 838 3914 nomen
871 3859 941 3913 ab
963 3860 1199 3915 essentia
1228 3859 1580 3936 discerqerc,1
1586 3861 1706 3936 ait:
1736 3860 1885 3938 Qua“

313 3967 432 4005 rum
455 3960 628 4020 patres
654 3960 703 4005 et
735 3966 800 4006 ea:
834 3952 1022 4022 quibus
1047 3948 1286 4007 Christus
1323 3958 1609 4025 scamnum
1648 3968 1882 4019 carnem,

312 4040 404 4112 qui
422 4049 497 4095 est
525 4058 683 4112 super
702 4042 879 4096 omnia
904 4041 1051 4096 Deus
1074 4041 1371 4098 benedictus
1399 4043 1455 4096 in
1480 4041 1677 4097 stecula

1981 3214 2232 3269 timentes
2261 3214 2426 3269 Deum
2457 3212 2815 3282 corrigentur.
2850 3211 3135 3283 Proposito
3162 3214 3359 3284 quippe
3387 3214 3556 3280 lucro,

1980 3308 2132 3363 verbi
2168 3307 2348 3378 gratia
2362 3314 2586 3377 propter
2622 3307 2767 3377 quod
2790 3306 3139 3361 homicidium
3167 3311 3556 3374 committatur,

1981 3402 2141 3457 aliter
2171 3418 2387 3468 avarus,
2436 3401 2594 3457 aliter
2630 3403 2872 3472 pecuniae
2900 3410 3243 3473 contemptor
3270 3411 3519 3457 movetur
3543 3421 3557 3456 :

1982 3493 2076 3549 ille
2102 3492 2311 3550 scilicet
2336 3494 2404 3550 ad
2431 3493 2642 3550 facinus
2684 3495 3124 3566 perpetrandum,
3167 3494 3256 3550 ille
3280 3493 3348 3549 ad
3373 3508 3563 3550 caven-

1984 3586 2143 3653 dum;
2176 3587 2547 3673 ipsips-tamen
2592 3587 2727 3642 lucri
2753 3587 3051 3658 propositio
3082 3587 3138 3642 in
3177 3585 3405 3655 alicujus
3443 3586 3562 3641 illo-

1985 3691 2107 3731 rum
2133 3670 2672 3763 néjufqit'botestate
2697 3693 2710 3730 :
2739 3676 2814 3730 ita
2835 3691 3014 3731 causa:
3043 3676 3300 3731 eveniunt
3324 3674 3561 3728 homini-

1983 3767 2089 3839 bus
2115 3758 2289 3840 malis.
2317 3758 2437 3837 qua:
2455 3775 2711 3845 non.sunt
2733 3766 2951 3837 quidem
2978 3768 3031 3822 in
3057 3767 3247 3822 eadem
3272 3773 3561 3837 potestate,

1985 3860 2081 3915 sed
2112 3861 2216 3916 hoc
2243 3845 2669 3947 dpillisd‘qdiu’qt
2711 3860 2903 3931 quales
2945 3875 3041 3916 eos
3081 3861 3403 3915 invenerunt
3443 3856 3562 3925 jam

1986 3947 2159 4022 fama
2178 3944 2606 4021 pfgpriiﬁvi‘tiis
2626 3944 2702 4004 ex
2731 3950 3004 4018 praeterita
3034 3948 3331 4003 voluntate.
3366 3947 3565 4001 Viden-

1987 4039 2113 4115 dum
2136 4053 2275 4107 sane
2303 4045 2388 4095 est
2413 4047 2593 4092 utrum
2623 4038 2786 4092 etiam
2821 4036 2901 4092 sic
2929 4036 3099 4105 accipi
3128 4037 3319 4105 possit,
3349 4035 3463 4105 Ego
3487 4036 3566 4088 in-
3663 4022 3675 4032 ’

313 4130 417 4204 ix).
447 4130 850 4202 Nuneupativus
877 4133 1020 4187 enim
1062 4132 1225 4199 Deus,
1270 4132 1413 4188 inter
1449 4132 1677 4209 omnia;
1702 4138 1899 4210 essen;
1985 4128 2209 4195 durabo,
2238 4138 2491 4198 tanquam
2533 4128 2755 4203 diceret,
2780 4142 2943 4198 quam
2984 4127 3177 4182 durum
3219 4126 3291 4182 sit
3335 4127 3562 4181 demon-

313 4222 457 4281 tialis
484 4233 686 4288 autem,
708 4239 870 4294 super
895 4224 1099 4279 omnia.
1130 4223 1338 4293 Utergp
1351 4225 1717 4302 Jespotuleret
1730 4224 1887 4281 Chri-

315 4323 461 4369 stum
491 4316 812 4371 naturaliter
838 4316 1030 4381 Deum,
1081 4332 1189 4373 non
1232 4317 1378 4391 hgntc
1424 4316 1596 4373 Deum
1649 4325 1887 4372 tantum-

314 4404 494 4467 modo,
553 4404 649 4458 sed
697 4404 864 4460 Deum
921 4420 1083 4476 super
1138 4406 1321 4461 omnia
1373 4421 1495 4462 esse
1539 4408 1881 4475 memoravit,

310 4491 442 4561 quia
466 4500 521 4545 et
546 4490 728 4560 justus
753 4492 978 4561 quilibet
1027 4493 1170 4548 Deus
1197 4503 1296 4558 est,
1344 4494 1442 4550 sed
1490 4495 1636 4551 inter
1679 4498 1884 4564 omnia,

313 4582 439 4652 quia
464 4583 826 4652 nuncupative
877 4582 1040 4638 Deus.
1088 4583 1335 4638 Christus
1382 4592 1564 4639 autem
1612 4585 1757 4640 Deus
1806 4595 1891 4642 est

311 4688 478 4745 super
497 4675 702 4740 omnia,
730 4674 855 4745 quia
878 4672 1195 4729 naturaliter
1222 4673 1385 4730 Deus.
1409 4673 1518 4745 (Ea:
1544 4673 1886 4749 Augustino.)

318 4763 622 4822 Notandum
649 4766 794 4835 quod
817 4780 941 4820 cum
963 4764 1032 4819 ad
1062 4765 1322 4835 populum
1349 4766 1676 4832 mitteretur,
1706 4783 1812 4823 non
1836 4768 1889 4823 ei

316 4857 519 4910 dictum
532 4864 637 4922 est,
665 4855 804 4911 Ecce
826 4855 947 4911 dedi
977 4865 1029 4912 te
1052 4858 1219 4911 Deum
1241 4856 1452 4927 populo,
1484 4865 1540 4912 et
1567 4855 1736 4912 frater
1765 4868 1889 4916 tuus

313 4950 425 5006 erit
454 4951 749 5020 propheta:
775 4951 889 5014 sed,
913 4948 1084 5005 frater
1128 4959 1270 5016 tuus,
1303 4950 1496 5018 inquit,
1522 4949 1771 5020 loquetur
1793 4953 1893 5008 tibi

316 5041 384 5094 ad
409 5039 683 5111 populum.
713 5038 794 5093 Ad
823 5039 1077 5110 populum
1115 5039 1319 5094 dictum
1347 5047 1432 5094 est
1455 5040 1645 5104 etiam,
1676 5041 1777 5094 erit
1802 5039 1892 5095 ille

232 5142 247 5157 ’
316 5149 377 5200 os
404 5142 570 5195 tuum,
603 5139 651 5183 et
676 5139 733 5184 tu
760 5129 840 5184 illi
861 5145 979 5201 quo:
1001 5129 1070 5184 ad
1090 5129 1293 5194 Deum;
1318 5144 1424 5183 non
1454 5129 1657 5184 dictum
1678 5140 1781 5196 est,
1811 5131 1891 5187 Tu

317 5222 396 5292 illi
443 5221 605 5277 Deus.
657 5220 927 5276 Pharaoni
988 5229 1168 5276 autem
1219 5221 1418 5275 dicitur
1469 5221 1676 5293 Moyses
1734 5222 1894 5279 datus

320 5310 487 5378 Deus,
516 5318 573 5379 et
594 5310 888 5366 secundum
918 5309 1217 5381 analogiam
1258 5311 1521 5381 propheta
1564 5309 1736 5382 Moysi
1779 5312 1891 5367 Aa-

323 5416 444 5467 ron.
468 5402 564 5457 sed
588 5402 655 5457 ad
681 5401 1042 5457 Pharaonem.
1076 5400 1175 5456 Hie
1207 5400 1513 5456 insinuatur
1532 5415 1595 5456 ea
1620 5402 1777 5457 nobis
1817 5402 1895 5458 lo-

319 5493 413 5565 qui
442 5508 565 5562 qua:
589 5493 852 5563 propheta
881 5491 977 5547 Dei
1006 5492 1210 5547 audivit
1247 5492 1316 5547 ab
1343 5506 1431 5558 eo,
1465 5492 1707 5563 nihilque
1749 5494 1895 5549 aliud

318 5598 440 5654 esse
463 5584 777 5654 prophetam
803 5585 919 5651 Dei,
944 5583 1049 5640 nisi
1072 5584 1468 5640 enuntiatorem
1496 5584 1599 5647 Dei,
1610 5588 1895 5643 verborum

321 5682 654 5755 hominibus,
690 5683 782 5753 qui
810 5684 980 5740 Deum
1008 5681 1092 5739 vel
1131 5697 1235 5738 non
1265 5686 1512 5752 possunt,
1546 5678 1629 5734 vel
1654 5695 1759 5737 non
1783 5695 1898 5736 mc-

1986 4220 2190 4277 strabo.
2232 4218 2368 4273 Erat
2412 4227 2587 4273 autem
2633 4218 2838 4290 Moyses
2880 4218 3142 4288 octoginta
3183 4234 3467 4282 annorum,
3513 4228 3565 4274 et

1987 4308 2169 4364 Aaron
2209 4309 2473 4379 octoginta
2516 4308 2699 4373 trium,
2735 4307 2946 4379 quando
2988 4306 3149 4361 locuti
3171 4316 3293 4360 sunt
3318 4306 3388 4360 ad
3420 4305 3566 4362 Pha-

1988 4419 2221 4457 raonem.
2248 4400 2388 4469 Quid
2419 4400 2687 4472 significat
2721 4400 2809 4454 hic
2832 4414 3093 4454 numerus
3136 4399 3315 4454 aetatis
3352 4399 3568 4471 legisla—

1990 4495 2146 4561 toris,
2176 4502 2232 4550 et
2261 4495 2421 4565 primi
2455 4494 2753 4550 sacerdotis
2794 4492 3090 4548 secundum
3116 4493 3311 4562 legem,
3339 4492 3442 4548 nisi
3473 4508 3563 4548 sa-

1990 4591 2329 4638 cramentum
2350 4584 2482 4655 legis
2510 4600 2574 4639 ac
2593 4582 2919 4639 sacerdotii?
2940 4581 3168 4650 Quando
3182 4582 3325 4638 enim
3358 4581 3567 4652 Moyses

1991 4682 2048 4732 et
2071 4672 2249 4729 Aaron
2305 4675 2469 4730 locuti
2520 4683 2647 4730 sunt
2685 4675 2753 4730 ad
2804 4673 3166 4739 Pharaonem,
3217 4680 3349 4728 aetas
3397 4671 3566 4742 Moysi

1991 4767 2264 4837 octoginta
2309 4776 2428 4823 erat
2451 4783 2737 4831 annorum,
2773 4775 2828 4821 et
2855 4756 3037 4820 Aaron
3076 4767 3349 4836 octoginta
3382 4766 3564 4830 trium,

1992 4856 2119 4926 quia
2143 4856 2229 4912 lex
2257 4858 2473 4928 quando
2499 4857 2566 4910 ad
2595 4856 2820 4925 salutem
2849 4856 3100 4923 gentibus
3116 4871 3213 4923 per
3236 4864 3453 4912 sanctos
3474 4857 3567 4910 do-

1993 4956 2172 5003 ctores
2189 4947 2367 5011 oblata
2407 4954 2510 5011 est.
2543 4944 3011 5000 circumcisionem
3060 4943 3395 5013 spiritualem
3438 4960 3566 5015 per-

1992 5040 2133 5095 fecte
2182 5038 2408 5094 docuit:
2442 5051 2655 5093 necnon
2701 5042 2760 5091 et
2811 5035 2911 5106 ipsi
2961 5035 3135 5089 sancti
3187 5035 3570 5104 prmdicatores

1992 5131 2233 5202 perfecte
2264 5130 2553 5185 studebant
2578 5142 2636 5184 se
2673 5127 2743 5182 ab
2778 5126 2925 5182 omni
2953 5125 3358 5197 inquinamento
3388 5126 3570 5180 carnis

1991 5230 2050 5277 et
2077 5221 2299 5293 spiritus
2319 5218 2549 5275 mundos
2573 5234 2812 5283 servare,
2842 5224 2898 5272 et
2922 5216 3003 5271 sic
3030 5215 3188 5270 fidem
3216 5224 3418 5270 sanctas
3446 5216 3569 5270 Tri-

1995 5311 2182 5366 nitatis
2240 5308 2481 5381 perfecte
2520 5310 2641 5364 aliis
2665 5309 2977 5381 prmdicare.
3024 5306 3271 5376 Dixitque
3313 5304 3570 5362 Dominus

1996 5403 2065 5458 ad
2116 5400 2331 5472 Moysen
2361 5410 2411 5459 et
2451 5399 2676 5455 Aaron:
2724 5398 2857 5455 Cum
2899 5398 3091 5453 dixerit
3140 5395 3283 5452 vobis
3330 5394 3565 5463 Pharao,

2000 5491 2269 5548 Ostendite
2291 5492 2465 5563 signa,
2490 5492 2629 5547 dices
2654 5491 2723 5545 ad
2756 5489 2935 5546 Aaron
2964 5505 2982 5543 :
3012 5490 3155 5547 Tolle
3186 5494 3381 5564 virgam
3404 5501 3570 5554 tuam,

1999 5597 2048 5643 et
2069 5587 2268 5657 projice
2291 5603 2407 5641 eam
2434 5603 2611 5641 coram
2642 5585 2945 5652 Pharaone,
2975 5603 3038 5640 ac
3082 5596 3314 5641 vertatur
3338 5585 3393 5638 in
3430 5581 3575 5637 colu-s

2002 5680 2172 5735 brum.
2203 5678 2311 5753 (Ex
2333 5677 2674 5752 Augustino.)
2704 5677 2807 5734 llic
2833 5686 2981 5735 certe
3011 5694 3117 5738 non
3144 5675 3445 5734 ministerio
3476 5688 3573 5729 vo-
