4052 6184
377 313 442 371 53
1339 297 1831 358 COMMENTARIA
1874 297 1938 352 ΙΝ
1979 297 2287 354 EXODUM.
2329 327 2399 340 -—
2440 296 2564 351 LIB.
2609 296 2629 351 l
3561 299 3626 356 54

377 431 454 486 eis
478 440 619 496 opus
639 431 780 488 erat,
808 421 895 477 cui
920 419 1201 476 videbatur
1221 418 1366 472 velut
1400 433 1466 472 ex
1495 417 1816 473 necessitate
1855 416 1946 470 da-
1976 417 2023 476 Α
2051 410 2286 466 Verbum
2313 425 2440 465 caro
2470 409 2644 474 fleret,
2691 409 2781 478 qui
2828 408 3094 478 serpentis
3134 407 3235 462 diri
3265 422 3468 464 venena
3499 426 3622 467 eva-

379 531 463 573 tus
481 516 667 570 Aaron
685 521 906 583 pr0pter
930 511 1286 581 gracilitatem
1308 509 1455 564 vocis
1476 509 1665 580 Moysi,
1684 509 1779 562 sed
1801 508 1950 577 virga

375 617 492 664 erat
519 605 852 678 projieienda
889 611 946 657 ut
967 603 1131 659 draco
1180 601 1351 657 fieret.
1383 599 1494 656 Cur
1517 615 1646 670 ergo
1675 602 1778 655 hoc
1807 599 1954 670 Moy-

375 716 462 756 ses
508 700 625 767 ipse
681 711 788 750 non
818 693 964 758 fecit,
1004 693 1110 748 nisi
1158 693 1283 762 quia
1333 692 1432 747 ista
1483 691 1736 745 mediatio
1784 691 1953 760 ipsius

377 790 553 844 Aaron
583 787 727 840 inter
753 785 972 855 Moysen
1010 791 1065 838 et
1101 783 1438 838 Pharaonem
1481 781 1708 849 alicujus
1750 795 1955 850 magna:

375 885 453 937 rei
485 882 714 951 figuram
741 878 914 949 gerit?
939 877 1150 947 Egressi
1172 877 1344 947 itaque
1373 875 1577 946 Moyses
1603 885 1650 928 et
1681 876 1856 928 Aaron
1886 874 1954 928 ad

383 972 736 1033 Pharaonem,
759 969 989 1039 fecerunt
1014 967 1147 1020 sicut
1178 976 1491 1036 prwccperat
1529 966 1806 1019 Dominus.
1853 965 1957 1018 Tu-

375 1064 531 1132 litque
561 1062 742 1114 Aaron
771 1059 966 1129 virgam
1011 1074 1190 1113 coram
1237 1054 1518 1110 Pharaone
1544 1066 1592 1110 et
1629 1055 1787 1110 servis
1816 1057 1950 1126 ejus,

377 1170 489 1224 (lure
521 1169 670 1206 versa
710 1159 786 1204 est
831 1150 886 1203 in
931 1148 1222 1206 colubrum.
1274 1146 1382 1215 (Ex
1406 1146 1743 1216 Augustino.)
1778 1147 1954 1201 Etiam

378 1249 476 1302 hoc
500 1243 799 1298 notandum
824 1243 967 1311 quod
995 1256 1115 1294 cum
1143 1239 1197 1293 id
1225 1238 1438 1309 signum
1465 1253 1647 1292 coram
1670 1237 1954 1292 Pharaone

377 1336 611 1390 dandum
634 1333 808 1395 fieret,
850 1331 1140 1386 secundum
1171 1328 1522 1398 Septuaginta
1544 1328 1801 1398 scriptum
1825 1339 1908 1384 est
1934 1345 1950 1384 :

379 1427 444 1480 Et
465 1427 686 1497 proiecit
711 1424 888 1478 Aaron
932 1423 1127 1492 virgam
1162 1436 1334 1475 suam.
1365 1419 1499 1475 Cum
1537 1420 1581 1474 si
1624 1420 1762 1475 forte
1788 1420 1956 1476 dixis-

375 1526 474 1580 set,
504 1515 727 1587 projecit
751 1516 970 1584 virgam,
1012 1512 1159 1567 nulla
1189 1521 1332 1566 esset
1370 1512 1616 1582 quaestio.
1647 1511 1799 1578 Quod
1825 1527 1954 1567 vero

375 1607 582 1661 addidit
612 1621 784 1670 suam,
807 1620 928 1659 cum
957 1618 1077 1659 eam
1108 1601 1317 1672 Moyses
1341 1601 1569 1665 dederit,
1605 1617 1712 1655 non
1750 1599 1953 1657 frustra

375 1697 604 1754 forsitan
629 1697 830 1751 dictum
857 1702 958 1750 est.
999 1693 1080 1746 An
1118 1700 1236 1746 erat
1264 1692 1479 1762 utrique
1511 1692 1602 1746 illa
1628 1692 1775 1762 virga
1798 1707 1947 1747 com-

2055 511 2260 567 cuarct,
2306 511 2361 556 et
2396 516 2494 571 per
2530 500 2904 556 remissionem
2937 508 2991 552 et
3023 498 3407 569 indulgentiam
3437 515 3627 570 pecca-

2054 601 2252 648 torum.
2286 593 2447 661 Virga
2479 601 2562 647 est
2600 591 2824 648 verbum
2870 592 3155 654 directum,
3187 591 3389 663 regale,
3414 591 3632 662 plenum
3705 620 3711 626 -

2053 684 2358 757 potestatis,
2389 684 2598 753 insigne
2630 683 2861 758 imperii.
2913 683 3066 753 Virga
3109 697 3330 752 serpens
3359 682 3500 738 facta
3526 695 3635 748 est,
3704 691 3712 708 ·’

2054 779 2323 848 quomodo
2349 779 2441 848 qui
2469 785 2587 832 erat
2609 777 2778 831 Filius
2805 775 2897 829 Dei
2925 790 2990 828 ex
3027 775 3135 829 Deo
3175 775 3334 829 Patre
3361 783 3544 838 natus,
3579 774 3634 830 ῆι
3703 777 3714 830 ἱ

2055 870 2160 923 lius
2203 869 2438 924 hominis
2461 868 2636 922 factus
2664 875 2768 931 est,
2799 875 2957 920 natus
2981 881 3046 920 ex
3084 865 3312 934 virgine.
3353 865 3453 932 Qui
3479 868 3635 936 quasi
3716 863 3727 880 '

2055 974 2276 1028 serpens
2302 959 2569 1014 exaltatus
2600 959 2652 1011 in
2679 972 2840 1012 cruce
2877 956 3201 1011 medicinam
3229 956 3479 1012 humanis
3501 956 3634 1011 elfu-
3733 959 3735 961 ’

2056 1051 2133 1105 dit
2162 1050 2494 1104 vulneribus.
2521 1049 2674 1104 Unde
2695 1049 2806 1119 ipse
2836 1048 3094 1102 Dominus
3113 1048 3189 1102 ait
3213 1067 3226 1100 :
3258 1047 3406 1102 Sicut
3432 1047 3635 1102 exalta-

2056 1143 2125 1198 vit
2161 1143 2367 1213 Moyses
2393 1149 2677 1212 serpentem
2717 1141 2771 1195 in
2814 1141 3036 1204 deserto,
3065 1140 3140 1192 ita
3168 1150 3365 1210 oportet
3408 1138 3637 1193 exaltari

2054 1236 2224 1306 [ilium
2260 1237 2484 1291 hominis
2509 1235 2693 1308 (Joan.
2720 1236 2825 1306 ιιι).
2858 1237 3017 1305 Virga
3044 1236 3186 1290 enim
3219 1235 3387 1305 Moysi
3415 1235 3468 1288 in
3498 1235 3628 1288 dra-

2055 1345 2245 1384 conem
2274 1344 2534 1384 conversa
2567 1342 2843 1397 magorum
2871 1327 3148 1380 absorbuit
3172 1326 3371 1397 virgas,
3404 1334 3459 1380 et
3479 1325 3635 1380 Chri-

2055 1430 2172 1474 stus
2203 1429 2324 1491 post
2347 1421 2530 1492 gloriae
2556 1435 2666 1474 sum
2696 1419 3010 1490 dignitatem
3049 1417 3223 1473 factus
3260 1426 3346 1472 est
3375 1418 3640 1472 obediens

2054 1511 2201 1566 Patri
2224 1526 2394 1582 usque
2417 1511 2483 1566 ad
2516 1519 2763 1575 mortem,
2789 1519 2843 1564 et
2869 1525 2966 1578 per
2995 1509 3165 1578 ipsam
3187 1516 3416 1563 mortem
3451 1507 3638 1561 carnis

2055 1603 2389 1673 consumpsit
2426 1601 2672 1657 aculeum
2721 1601 2932 1664 mortis,
2983 1607 3275 1654 attestante
3325 1599 3629 1667 propheta:

2063 1695 2169 1749 Ero
2195 1713 2334 1750 mors
2377 1704 2491 1760 tua,
2519 1713 2548 1749 ο
2591 1711 2755 1758 mors,
2807 1708 3010 1747 morsus
3057 1700 3176 1744 tuus
3218 1707 3329 1756 ero,
3355 1707 3385 1743 ο
3432 1690 3636 1758 inferne

377 1789 579 1851 munis,
603 1795 663 1842 ut
688 1785 972 1857 cujuslibet
1010 1800 1194 1840 eorum
1219 1782 1514 1849 diceretur,
1534 1800 1723 1839 verum
1750 1787 1956 1843 dicere-
1983 1796 2030 1855 B
2061 1788 2206 1855 (Ose.
2233 1789 2372 1858 xm).
2401 1787 2571 1840 Aliter
2596 1805 2608 1841 :
2648 1786 2860 1856 Moyses
2894 1783 2960 1838 ad
2989 1782 3281 1853 Egyptum
3315 1782 3556 1847 veniens,
3581 1792 3635 1836 et

377 1879 497 1934 tur?
535 1876 746 1932 Vocavit
768 1887 942 1930 autem
983 1873 1198 1930 Pharao
1222 1877 1478 1946 sapientes
1500 1885 1547 1930 et
1575 1876 1838 1946 maleﬁcos
1863 1892 1880 1928 :
1903 1889 1951 1932 et

375 1972 608 2041 fecerunt
629 1971 785 2024 etiam
807 1971 910 2038 ipsi
931 1985 1023 2039 per
1059 1969 1441 2023 incantationes
1468 1967 1748 2039 Egyptias
1789 1979 1836 2024 et
1864 1987 1953 2023 ar-

375 2083 507 2119 cana
531 2065 773 2135 quadam
794 2062 1033 2118 similiter
1055 2079 1074 2116 :
1103 2062 1535 2133 projeceruntque
1566 2063 1760 2134 singuli
1781 2064 1950 2132 virgas

375 2171 518 2220 suos,
540 2171 658 2225 qua!
679 2170 840 2208 versce
863 2163 984 2208 sunt
1006 2153 1061 2206 in
1081 2152 1355 2217 dracones,
1392 2152 1481 2206 sed
1519 2152 1780 2231 devoravit
1806 2155 1951 2225 virga

376 2247 555 2300 Aaron
597 2246 768 2315 virgas
811 2259 1026 2307 eorum;
1066 2243 1204 2309 sive,
1249 2243 1543 2297 sebundum
1578 2242 1948 2314 Septuaginta,

373 2347 421 2390 et
445 2337 709 2390 absorbuit
750 2337 895 2406 virga
927 2334 1107 2388 Aaron
1133 2334 1332 2404 virgam
1377 2332 1608 2387 illorum.
1660 2331 1719 2388 Si
1748 2334 1950 2388 dictum

373 2437 538 2491 esset,
562 2425 856 2481 Absorbuit
882 2425 1046 2480 draco
1071 2422 1254 2478 Aaron
1276 2423 1458 2494 virgas
1488 2422 1722 2488 illorum,
1755 2423 1951 2478 intelli-

374 2526 594 2589 geretur
612 2532 777 2572 verus
820 2516 984 2571 draco
1027 2515 1209 2570 Aaron
1244 2515 1678 2584 phantasmatica
1721 2515 1812 2568 illa
1859 2514 1952 2588 ﬁg-

373 2616 558 2662 menta
580 2621 689 2662 non
724 2605 1088 2672 absorbuisse,
1118 2606 1213 2660 sed
1235 2606 1436 2676 virgas.
1465 2605 1580 2662 Hoc
1604 2605 1749 2661 enim
1775 2607 1952 2678 potuit

374 2700 668 2755 absorbere
700 2698 843 2768 quod
869 2705 1045 2764 erant,
1087 2712 1195 2753 non
1224 2698 1366 2768 quod
1391 2713 1512 2753 esse
1547 2697 1868 2762 videbantur
1895 2707 1953 2755 et

375 2808 485 2846 non
513 2799 688 2846 erant.
726 2791 833 2846 Sed
858 2795 1112 2861 quoniam
1146 2790 1321 2846 dixit:
1352 2790 1620 2844 absorbuit
1660 2792 1806 2862 virga
1851 2791 1953 2845 Aa-

374 2900 471 2938 ron
495 2884 667 2953 virgas
685 2881 922 2963 illorum,
946 2883 1110 2938 draco
1140 2882 1325 2953 utique
1362 2881 1538 2952 potuit
1559 2883 1738 2954 virgas
1758 2885 1948 2938 absor-

375 2973 524 3039 bere,
548 2988 657 3027 non
694 2973 844 3044 virga
875 2973 1182 3028 draconem.
1208 2972 1315 3029 Sed
1349 2988 1416 3028 eo
1441 2972 1659 3030 nomine
1684 2973 1950 3044 appellata

2056 1879 2304 1934 deferens
2331 1879 2533 1948 virgam
2581 1892 2688 1946 qua
2735 1877 2967 1947 castigat
3007 1875 3324 1948 Egyptum,
3355 1875 3526 1946 legem
3559 1874 3634 1928 si-

2053 1972 2294 2043 gnificat,
2337 1987 2455 2040 qua:
2493 1971 2748 2024 mundum
2789 1971 2973 2025 decem
3023 1969 3196 2040 plagis
3252 1970 3630 2024 mandatorum

2052 2063 2294 2133 corripit.
2326 2063 2487 2134 V'irga
2514 2078 2642 2133 ergo
2669 2077 2767 2131 per
2802 2078 2966 2132 quam
3017 2061 3283 2133 [Egyptus
3327 2062 3626 2132 corrumpi-

2052 2164 2143 2209 tur
2169 2164 2224 2210 et
2253 2154 2468 2210 Pharao
2497 2164 2804 2225 superatur,
2831 2170 2963 2208 crux
2994 2152 3193 2208 Christi
3216 2162 3316 2215 est,
3350 2169 3448 2226 per
3467 2169 3637 2224 quant

2052 2248 2285 2300 mundus
2305 2245 2559 2309 vincitur,
2585 2254 2639 2299 et
2659 2246 2909 2316 princeps
2933 2243 3093 2311 hujus
3115 2243 3298 2296 mundi
3327 2243 3626 2311 triumpha-

2054 2344 2160 2391 tur.
2192 2337 2343 2404 Quod
2371 2345 2550 2392 autem
2586 2337 2740 2408 virga
2774 2335 3014 2410 projecta
3051 2335 3108 2390 (it
3136 2351 3379 2406 serpens,
3423 2334 3629 2406 signifi-

2051 2436 2140 2484 cat
2158 2429 2303 2498 quod
2330 2428 2408 2484 ait
2435 2427 2740 2498 Sapientia:
2764 2428 2966 2495 Estote,
2994 2427 3190 2497 inquit,
3217 2427 3496 2498 prudentes
3521 2428 3626 2483 sic-

2051 2534 2109 2574 ut
2139 2531 2400 2592 serpentes
2441 2520 2656 2592 (Matth.
2702 2520 2780 2593 ι).
2813 2521 2968 2588 Quod
2997 2529 3176 2588 autem
3207 2521 3358 2591 virga
3405 2535 3630 2590 serpen—

2050 2619 2134 2667 tes
2150 2626 2429 2682 magorum
2451 2612 2750 2678 devoravit,
2773 2612 3042 2682 signilicat
3069 2613 3213 2686 quod
3244 2629 3378 2668 crux
3400 2611 3630 2675 Christi,

2051 2704 2206 2773 cujus
2242 2702 2554 2775 praedicatio
2588 2705 2874 2760 videbatur
2911 2705 3159 2772 stultitia,
3181 2720 3398 2764 omnem
3421 2705 3634 2774 sapien-

2050 2797 2181 2851 tiam
2226 2797 2555 2850 mundanam
2596 2799 2888 2866 superavit.
2937 2796 3088 2864 Quod
3119 2797 3266 2868 virga
3303 2797 3473 2867 Moysi
3519 2810 3634 2866 my-

2050 2889 2274 2943 sterium
2304 2888 2480 2943 crucis
2507 2889 2692 2953 habet,
2724 2888 2988 2952 Dominus
3013 2888 3260 2958 designat
3302 2904 3423 2941 cum
3460 2888 3537 2941 ait
3569 2887 3641 2942 de

2052 2976 2236 3048 Moyse
2263 2992 2277 3031 :
2305 2977 2382 3032 De
2402 2994 2482 3032 me
2504 2977 2639 3031 enim
2666 2976 2755 3030 ille
2777 2978 2982 3047 scripsit
3019 2975 3202 3045 (Joan.
3233 2975 3309 3046 v).
3340 2975 3473 3030 Cum
3504 2991 3636 3045 pro-

375 3077 466 3117 res
507 3071 618 3127 est,
646 3062 790 3117 unde
814 3077 972 3117 versa
1015 3071 1120 3127 est,
1143 3077 1249 3117 non
1284 3063 1462 3132 inquo
1483 3077 1637 3118 versa
1669 3071 1770 3118 est.
1815 3061 1950 3130 Quia
1999 3141 2006 3142 ί
2047 3067 2192 3142 jecta
2219 3078 2362 3123 esset
2389 3068 2443 3122 in
2476 3076 2677 3122 terram
2699 3067 2868 3139 virga,
2897 3074 3027 3121 tunc
3064 3066 3119 3120 in
3147 3074 3453 3136 serpentem
3475 3082 3633 3122 versa

378 3154 432 3207 in
459 3153 512 3208 id
537 3153 703 3207 etiam
736 3166 952 3207 reversa
976 3161 1079 3219 est,
1095 3151 1216 3207 ideo
1237 3153 1340 3208 hoc
1353 3152 1535 3208 vocari
1558 3153 1790 3208 debebat
1808 3154 1952 3224 quod
1980 3141 2024 3203 C
2056 3141 2160 3226 εει,
2192 3159 2317 3230 quia
2341 3175 2464 3214 cum
2499 3174 2632 3214 crux
2662 3159 2729 3214 ad
2751 3157 3128 3216 credulitatem
3155 3158 3438 3214 hominum
3465 3157 3632 3220 venit,

376 3243 752 3314 principaliter
772 3250 910 3298 erat.
945 3242 1085 3310 Quid
1115 3257 1245 3314 ergo
1277 3243 1561 3299 dicendum
1591 3255 1675 3299 est
1701 3245 1768 3300 de
1787 3244 1957 3315 virgis

377 3349 686 3404 magorum,
709 3342 894 3387 utrum
916 3343 971 3388 et
1001 3333 1102 3402 ipsi
1135 3333 1249 3388 veri
1278 3333 1542 3389 dracones
1571 3332 1698 3389 facti
1721 3333 1957 3389 fuerint?

379 3425 490 3480 Sed
514 3440 580 3479 ea
595 3425 806 3480 ratione
821 3425 986 3496 virgae
1003 3424 1280 3494 appellata:
1301 3434 1450 3491 sunt,
1465 3442 1572 3496 qua
1588 3425 1735 3495 virga
1751 3425 1953 3493 Aaron,

375 3531 446 3570 an
473 3515 654 3585 potius
678 3515 1000 3570 videbantur
1021 3528 1141 3570 esse
1154 3516 1298 3586 quod
1321 3531 1425 3570 non
1446 3525 1620 3583 erant,
1641 3516 1958 3573 ludificatio—

375 3621 448 3660 ne
474 3604 750 3660 veneﬁca?
770 3603 882 3659 Cur
900 3619 1030 3674 ergo
1056 3620 1123 3660 ex
1148 3615 1380 3676 utraque
1401 3614 1555 3678 parte
1589 3615 1645 3662 et
1681 3607 1850 3679 virga:
1872 3608 1957 3663 di-

380 3706 580 3751 euntur
600 3704 656 3751 et
683 3697 984 3752 dracones?
1008 3696 1160 3753 Unde
1186 3697 1455 3768 ﬁgmentis
1489 3698 1596 3754 illis
1623 3699 1758 3754 nihil
1780 3698 1960 3755 differt

379 3789 636 3858 loquendi
665 3789 896 3844 modus:
941 3791 1036 3846 sed
1062 3791 1436 3848 demonstrare
1462 3792 1678 3848 dilIicile
1713 3801 1796 3848 est
1825 3807 1960 3864 quo-

381 3885 543 3939 modo
562 3885 775 3940 etiamsi
791 3885 905 3939 veri
925 3885 1190 3942 dracones
1202 3886 1332 3942 facti
1352 3894 1558 3944 suntex
1582 3887 1751 3958 virgis
1778 3902 1962 3959 mago-

380 3991 525 4040 rum,
545 3991 650 4030 non
668 3975 868 4031 fuerint
882 3984 1060 4032 tamen
1072 3986 1349 4034 creatores
1370 3978 1687 4045 draconum,
1703 3995 1802 4035 nec
1815 3981 1958 4052 magi

381 4081 484 4120 nec
521 4066 696 4137 angeli
724 4066 872 4132 mali,
920 4069 1116 4138 quibus
1145 4068 1410 4124 ministris
1455 4069 1543 4138 illa
1573 4072 1956 4142 operabantur.

378 4155 572 4212 Insunt
607 4158 753 4212 enim
806 4159 972 4214 rebus
1007 4161 1286 4232 cerporeis
1325 4175 1422 4232 per
1465 4161 1647 4214 omnia
1695 4160 1960 4217 elementa

381 4248 572 4301 mundi
596 4246 842 4317 quaedam
876 4247 1102 4303 occulta:
1129 4249 1436 4304 seminariaa
1475 4251 1733 4318 rationes,
1765 4252 1962 4322 quibus

378 4355 509 4394 cum
537 4340 660 4394 data
685 4338 846 4395 fuerit
864 4341 1240 4410 opportunitas
1255 4342 1564 4414 temporalis
1583 4351 1745 4413 atque
1771 4358 1964 4398 causa-

379 4433 475 4495 lis,
501 4441 862 4504 prorumpunt
888 4433 941 4487 in
965 4434 1170 4504 species
1197 4435 1409 4490 debitas
1429 4435 1541 4490 suis
1562 4436 1735 4491 modis
1759 4443 1813 4490 et
1842 4435 1964 4489 fini-

379 4523 522 4587 bus;
555 4532 608 4578 et
629 4524 707 4580 sic
736 4539 841 4580 non
864 4524 1121 4580 dicuntur
1148 4525 1325 4595 angeli
1349 4526 1439 4594 qui
1478 4526 1582 4580 ista
1610 4524 1819 4579 faciunt
1845 4525 1962 4579 ani-

382 4613 610 4666 malium
657 4622 951 4680 creatores,
1000 4613 1140 4668 sicut
1184 4629 1284 4668 nec
1324 4613 1572 4686 agricola:
1613 4623 1852 4685 segetum
1876 4613 1960 4668 vel

383 4703 664 4768 arborum,
701 4703 787 4757 vel
811 4716 1154 4774 quorumque
1178 4703 1232 4758 in
1265 4712 1409 4758 terra
1446 4702 1775 4774 gignentium
1803 4720 1957 4760 crea-

385 4804 535 4848 tores
557 4793 766 4848 dicendi
807 4800 951 4857 sunt,
985 4794 1235 4863 quamvis
1259 4794 1508 4848 noverint
1535 4795 1775 4862 praebere
1805 4811 1966 4866 quas-

383 4883 512 4937 dam
534 4882 772 4937 visibiles
790 4883 1228 4953 Opportunitates
1241 4891 1297 4937 et
1318 4898 1512 4937 causas
1533 4892 1590 4937 ut
1619 4883 1706 4937 illa
1731 4899 1962 4938 nascan-

385 4981 498 5026 tur.
544 4971 694 5038 Quod
733 4983 913 5026 autem
944 4972 1035 5026 isti
1065 4971 1270 5027 faciunt
1311 4973 1614 5038 visibiliter,
1643 4975 1748 5028 hoc
1783 4975 1959 5046 angeli

381 5062 752 5116 invisibiliter.
786 5062 928 5116 Deus
971 5077 1105 5116 vero
1138 5061 1285 5117 solus
1322 5078 1463 5119 unus
1491 5073 1708 5118 creator
1735 5072 1839 5129 est,
1869 5065 1960 5134 qui

385 5165 586 5205 causas
624 5151 768 5221 ipsas
796 5161 853 5206 et
893 5151 1131 5206 rationes
1175 5153 1492 5208 seminarias
1521 5156 1683 5208 rebus
1715 5154 1960 5209 inseruit.

385 5241 501 5296 Res
539 5240 774 5297 breviter
802 5243 946 5298 dicta
985 5251 1109 5298 est:
1149 5259 1268 5312 quae
1295 5245 1338 5298 si
1366 5245 1627 5314 exemplis
1654 5255 1709 5299 et
1748 5247 1963 5314 copiosa

383 5334 754 5402 disputatione
774 5335 1094 5404 explicetur,
1112 5343 1171 5390 ut
1191 5335 1402 5390 facilius
1427 5335 1774 5406 intelligatur,
1804 5337 1962 5408 longo

381 5439 639 5480 sermone
666 5441 799 5494 opus
823 5435 928 5491 est,
960 5442 990 5480 a
1028 5442 1136 5496 quo
1162 5439 1221 5481 se
1258 5427 1395 5480 ratio
1423 5436 1624 5480 nostra:
1663 5426 1965 5481 festinatio-

382 5515 476 5569 nis
503 5525 744 5569 excusat.
789 5516 897 5587 (Ex
946 5516 1199 5586 Isidoro.)
1235 5516 1457 5587 Mystice
1507 5525 1689 5572 autem
1737 5518 1967 5590 projecit

381 5606 604 5674 Moyses
629 5607 838 5677 virgam
865 5623 1048 5662 coram
1091 5606 1390 5673 Pharaone,
1422 5615 1476 5663 ct
1520 5623 1744 5679 serpens
1788 5609 1965 5664 factus

381 5698 666 5754 devoravit
696 5705 975 5769 serpentes
1020 5697 1416 5768 rEgyptiorum,
1468 5698 1778 5767 signiﬁcans
1823 5703 1966 5770 quod

2056 3251 2280 3307 stultam
2308 3249 2436 3306 fecit
2457 3249 2778 3321 sapientiam
2805 3246 2966 3318 hujus
2987 3249 3172 3304 mundi
3196 3263 3293 3320 per
3313 3249 3638 3320 mysterium

2055 3341 2323 3414 passionis
2351 3341 2573 3400 Christi.
2613 3338 2874 3394 Fecerunt
2913 3350 3111 3406 autem,
3161 3339 3356 3411 inquit,
3396 3339 3645 3400 similiter

2056 3444 2104 3489 et
2130 3436 2482 3490 incantatores
2506 3432 2880 3504 Egyptiorum
2902 3432 3162 3502 veneﬁciis
3185 3433 3316 3496 suis,
3345 3443 3392 3487 et
3417 3433 3636 3487 indura-

2057 3535 2169 3580 tum
2188 3535 2264 3580 est
2283 3541 2374 3579 cor
2396 3524 2715 3590 Pharaonis,
2737 3533 2784 3578 et
2815 3541 2920 3579 non
2939 3524 3205 3579 exaudivit
3232 3540 3320 3578 eos
3344 3525 3479 3580 sicut
3500 3525 3637 3578 dixit

2055 3617 2332 3672 Dominus.
2363 3616 2497 3672 Cum
2523 3616 2640 3672 haec
2667 3616 3190 3683 dicunturyvidetur
3215 3625 3502 3688 propterea
3543 3632 3647 3672 cor

2055 3705 2357 3760 Pharaonis
2405 3706 2714 3760 induratum
2744 3705 2932 3771 fuisse,
2986 3707 3114 3775 quia
3170 3715 3226 3762 et
3275 3707 3648 3762 incantatnres

2059 3795 2437 3868 Egyptiorum
2467 3795 2662 3850 similia
2693 3795 2971 3861 fecerunt;
2997 3797 3091 3850 sed
3127 3799 3512 3866 consequentia
3542 3797 3638 3851 do-

2056 3889 2256 3944 cebunt
2281 3895 2482 3957 quanta
2511 3885 2676 3942 fuerit
2720 3886 2813 3941 illa
2841 3886 3147 3950 obduratio,
3176 3887 3341 3942 etiam
3384 3902 3507 3946 cum
3559 3887 3645 3941 ιιι--

2058 3987 2367 4034 cantaturos
2392 3977 2726 4036 defecerunt.
2744 3978 2853 4052 (Ex
2874 3979 3133 4052 Isidoro.)
3151 3979 3518 4059 Spiritualiter
3545 3997 3644 4034 au-

2062 4080 2188 4138 tem,
2222 4071 2493 4126 induravit
2520 4071 2779 4128 Dominus
2809 4087 2904 4128 cor
2927 4073 3248 4140 Pharaonis,
3279 4075 3488 4130 scilicet
3517 4075 3650 4145 quia

2059 4162 2332 4217 diabolum
2360 4163 2436 4216 ita
2475 4162 2746 4217 induravit
2781 4171 2902 4233 post
2923 4173 3224 4233 peccatum,
3269 4173 3330 4218 ut
3376 4164 3646 4234 ptenitena

2061 4252 2150 4307 tia:
2201 4253 2612 4323 compunctione
2674 4268 2950 4321 nunquam
3009 4253 3335 4320 emolliatnr,
3388 4253 3531 4306 sicut
3584 4253 3647 4307 in

2060 4341 2161 4396 Job
2197 4342 2263 4396 de
2292 4357 2357 4396 eo
2394 4341 2655 4412 scriptum
2685 4350 2803 4395 est:
2830 4341 2936 4394 Cor
2975 4341 3090 4411 ejus
3130 4341 3468 4396 indurabitur
3490 4344 3648 4409 quasi

2066 4431 2201 4500 lapis
2246 4431 2388 4503 (Job.
2433 4429 2566 4501 xm).
2612 4429 2818 4484 Dehinc
2846 4427 3151 4486 infertmtur
3189 4430 3357 4503 plaga:
3385 4431 3438 4486 in
3482 4431 3638 4504 {Egy-

2063 4529 2234 4592 ptum.
2260 4521 2415 4578 Licet
2441 4521 2528 4574 illa
2553 4521 2604 4575 in
2630 4519 2922 4592 Egyptum
2952 4521 3302 4594 corporaliter
3323 4530 3472 4594 gesta
3487 4534 3642 4590 sunt,

2063 4610 2420 4681 spiritualiter
2447 4618 2626 4665 tamen
2663 4626 2807 4666 nunc
2849 4621 3110 4682 geruntur
3152 4613 3206 4668 in
3247 4615 3442 4681 nobis;
3477 4613 3647 4687 Egy~

2065 4711 2192 4773 ptus
2229 4718 2461 4773 namque
2491 4701 2673 4758 saaculi
2708 4700 2881 4757 forma
2908 4710 3014 4757 est.

2648 4792 2876 4849 CAPUT
2915 4792 3052 4856 XIII.

2309 4883 2387 4938 De
2423 4884 2757 4938 conversione
2791 4900 2940 4953 aqua
2977 4885 3032 4938 in
3067 4885 3394 4954 sanguinem.

2138 4974 2285 5030 Dixit
2310 4991 2514 5045 quoque
2538 4973 2794 5028 Dominus
2834 4974 2974 5028 Deus
3013 4974 3083 5028 ad
3124 4975 3380 5046 Moysen:
3429 4976 3527 5031 Dic
3573 4993 3646 5032 aa

2069 5065 2268 5130 Aaron,
2297 5063 2442 5118 Tolle
2461 5065 2662 5135 virgam
2693 5074 2859 5130 tuam,
2901 5073 2948 5118 et
2984 5067 3201 5121 extende
3238 5084 3454 5121 manum
3497 5078 3636 5122 tuan-

2069 5174 2225 5227 super
2249 5173 2412 5227 aquas
2437 5155 2678 5227 Egypti,
2712 5165 2760 5209 et
2785 5173 2941 5226 super
2961 5157 3145 5226 ﬂuvios
3181 5175 3382 5223 eorum,
3421 5169 3469 5214 et
3505 5160 3645 5213 rivos

2071 5265 2133 5302 ac
2154 5246 2372 5318 paludes
2411 5255 2459 5300 et
2501 5263 2676 5300 omnes
2721 5246 2867 5300 lacus
2896 5264 3169 5318 aquarum,
3200 5259 3255 5302 ut
3286 5259 3551 5304 vertantur
3585 5251 3649 5304 in

2072 5339 2378 5409 sanguinem
2406 5351 2424 5388 :
2454 5346 2502 5390 et
2523 5339 2589 5390 sit
2616 5353 2771 5390 cruor
2790 5339 2844 5392 in
2861 5338 3000 5391 omni
3030 5347 3169 5392 terra
3190 5339 3262 5392 1E
3267 5339 3433 5410 gypti,
3461 5347 3566 5390 tam
3587 5339 3654 5393 in

2061 5428 2248 5498 ligneis
2282 5429 2418 5482 vasis
2441 5443 2598 5499 quam
2635 5429 2690 5481 in
2715 5429 2908 5483 saxeis.
2944 5427 3300 5501 Feceruntque
3336 5431 3409 5481 ita
3438 5428 3652 5500 Moyses

2063 5520 2299 5573 etAaron
2327 5519 2463 5574 sicut
2492 5530 2806 5590 prteceperat
2838 5519 3116 5584 Dominus,
3154 5529 3260 5575 etc.
3294 5519 3492 5589 (Exod.
3522 5523 3652 5593 vn.)

2066 5608 2220 5676 Quod
2263 5624 2393 5664 vero
2423 5625 2576 5679 aqua:
2603 5608 2839 5666 ﬂuminis
2874 5618 3157 5667 vertuntur
3205 5609 3257 5662 in
3304 5612 3644 5682 sanguinem.

2068 5701 2200 5757 satis
2221 5702 2603 5758 convenienter
2629 5711 2866 5773 aptatur,
2892 5711 2949 5758 ut
2967 5701 3168 5756 ﬂuvius
3193 5702 3275 5757 cui
3300 5701 3648 5758 llebrarornm
