3992 6182
338 250 408 307 35
996 249 1056 306 B.
1096 248 1350 307 RABANI
1390 249 1606 308 MAURI
1650 244 1968 305 ARCHIEP.
2012 242 2644 307 MOGUNT.-OPEBUM
2683 245 2861 303 PARS
2897 246 2937 301 Ι.
3523 247 3594 301 εὖ

337 358 594 432 parvulos
638 360 933 416 crudeliter
974 364 1243 418 necandos
1278 364 1633 428 tradiderant,
1679 361 1915 417 auctori-
1943 363 1991 422 Λ
2019 368 2178 413 terra.
2227 359 2413 414 Videas
2439 369 2613 413 autem
2645 358 2853 414 Pharao
2876 361 3015 430 quod
3043 361 3166 414 data
3194 372 3324 416 esset
3368 364 3591 434 requies.

339 456 437 507 bus
462 451 682 506 sceleris
718 452 965 508 redderet
990 454 1243 522 poculum
1275 454 1574 524 sanguinis.
1604 453 1712 525 (Ea:
1738 453 1913 507 Isido—

337 541 443 614 ro.)
491 541 713 612 Mystice
756 552 935 597 autem
975 559 1126 612 aqua:
1165 543 1435 615 .Egyptiaa
1463 544 1695 601 erratica
1737 554 1793 599 et
1830 543 1912 597 lu-

337 633 484 686 brica
521 632 959 703 philosophorum
990 643 1113 689 sunt
1142 634 1417 703 dogmata,
1460 649 1581 705 quae
1622 634 1817 688 merito
1859 633 1913 687 in

337 723 655 792 sanguinem
698 732 1005 788 vertuntur,
1042 724 1168 794 quia
1202 727 1253 777 in
1294 740 1477 779 rerum
1507 727 1689 780 causis
1717 741 1912 781 carna-

336 816 460 866 liter
482 813 740 867 sentiunt.
772 812 877 868 Sed
904 814 992 867 ubi
1038 830 1168 868 crux
1201 815 1403 869 Christi
1435 818 1633 871 mundo
1677 818 1802 871 huic
1829 817 1912 871 lu-

337 918 459 956 men
489 903 730 957 veritatis
768 904 1022 967 ostendit,
1054 904 1360 971 huiusmodi
1397 922 1520 962 eum
1560 908 1916 976 correptioni-

338 996 440 1049 bus
472 996 666 1065 arguit,
690 1005 748 1050 ut
774 1011 840 1051 ex
868 998 1128 1066 qualitate
1159 1014 1439 1068 pmnarum
1474 1002 1723 1070 proprios
1748 1017 1916 1071 agno-

337 1094 491 1138 scant
532 1101 765 1141 errores.
801 1084 1072 1157 Foderunt
1121 1100 1291 1141 autem
1321 1106 1497 1143 omnes
1546 1090 1784 1160 digyptii
1823 1108 1917 1159 per

336 1177 612 1228 circuitum
658 1177 894 1244 ﬂuminis
941 1194 1155 1247 aquam,
1208 1188 1263 1232 ut
1307 1178 1555 1235 biberent.
1615 1181 1735 1234 Non
1778 1182 1914 1235 enim

334 1275 570 1331 poterant
595 1266 762 1318 bibere
775 1265 859 1318 de.
876 1283 1012 1336 aqua
1034 1268 1287 1336 ﬂuminis.
1314 1269 1452 1336 Quid
1478 1271 1747 1340 significat
1772 1272 1915 1341 quod

336 1351 575 1423 [Egyptii
605 1362 888 1423 postquam
917 1372 1070 1425 aqum
1100 1354 1334 1413 ﬂuminis
1355 1376 1523 1414 γει-ειη
1544 1371 1670 1415 sunt
1700 1362 1754 1417 in
1791 1379 1915 1417 san-

335 1447 572 1516 guinem,
601 1445 851 1500 foderunt
870 1462 967 1516 per
998 1450 1283 1504 circuitum
1326 1450 1581 1515 ﬂuminis,
1612 1462 1917 1523 quaerentes

336 1554 531 1608 aquam
561 1546 619 1591 ιιι
645 1539 914 1603 biberent,
957 1540 1059 1593 nisi
1097 1541 1239 1609 quod
1267 1541 1564 1609 gentilitas,
1594 1543 1816 1597 confusa
1851 1545 1916 1599 de

341 1629 585 1683 meditati
600 1645 691 1684 me
717 1629 989 1685 saecularis
1010 1631 1381 1702 philosophiae,
1410 1649 1533 1689 cum
1564 1634 1760 1688 viderit
1783 1635 1914 1689 nihil

2011 449 2317 519 ingravabat
2339 466 2431 502 cor
2453 438 2631 513 suum,
2674 459 2722 508 et
2759 467 2862 504 non
2899 450 3099 503 audivit
3126 466 3212 505 eos
3241 453 3379 506 sicut
3401 469 3595 523 prlece-

2011 548 2159 608 perat
2179 538 2456 593 Dominus.
2482 538 2590 611 (Ea:
2614 538 2949 609 Augustino.)
2968 539 3035 594 Et
3060 541 3213 605 vidit,
3236 541 3431 611 inquit,
3454 543 3569 598 Pha

2015 644 2131 693 rao,
2162 629 2287 698 quia
2320 628 2461 684 facta
2510 637 2593 684 est
2630 630 2989 700 refrigeratio,
3033 638 3089 684 et
3130 630 3470 701 ingravatum
3510 639 3596 689 est

2013 737 2110 775 cor
2131 721 2269 790 ejus,
2293 731 2472 776 etnon
2496 722 2772 777 exaudivit
2791 736 2884 775 eos
2911 722 3054 777 sicut
3072 723 3284 777 dixerat
3311 722 3590 779 Dominus.

2014 812 2112 867 llic
2143 822 2367 883 apparet
2396 829 2499 868 non
2535 814 2650 868 illas
2680 822 2886 868 tantum
2929 813 3093 868 luisse
3124 830 3320 870 causas
3353 816 3594 870 obdura—

2015 906 2174 960 tionis
2204 906 2381 961 cordis
2429 905 2747 969 Pharaonis,
2796 906 2939 975 quod
2974 907 3341 962 incantatores
3380 907 3495 976 ejus
3524 908 3596 962 si-

2015 997 2159 1050 milia
2190 995 2478 1059 faciebant,
2512 1012 2700 1051 verum
2738 998 2903 1050 etiam
2943 996 3109 1064 ipsam
3141 996 3236 1051 Dei
3275 997 3597 1065 patientiam

2014 1098 2117 1153 qua
2148 1087 2419 1156 parcebat.
2462 1086 2728 1141 Patientia
2755 1088 2899 1142 enim
2949 1087 3044 1165 Dei
3092 1090 3387 1142 secundum
3428 1088 3594 1142 corda

2014 1178 2291 1231 hominum
2319 1178 2640 1246 quibusdam
2683 1179 2831 1233 utilis
2859 1179 2924 1233 ad
2954 1180 3343 1247 paenitendum,
3375 1181 3592 1250 quibus-

2016 1270 2138 1323 dam
2169 1268 2372 1321 inutilis
2399 1270 2463 1321 ad
2494 1270 2855 1346 resistendum
2901 1270 3032 1333 Deo,
3058 1280 3107 1323 et
3142 1271 3195 1327 in
3235 1269 3376 1324 malo
3413 1287 3597 1339 persc-

2016 1361 2339 1425 verandum;
2383 1377 2485 1414 non
2518 1368 2696 1415 tamen
2728 1376 2824 1431 per
2848 1362 3080 1430 scipsam
3130 1363 3333 1417 inutilis
3361 1373 3466 1423 est,
3501 1363 3594 1417 sed

2017 1451 2313 1504 secundum
2352 1464 2447 1504 cor
2488 1450 2688 1504 malum
2734 1451 2874 1506 sicut
2909 1450 3026 1522 jam
3070 1452 3327 1506 diximus.
3382 1452 3496 1505 lloc
3541 1462 3598 1506 et

2016 1539 2305 1609 Apostolus
2333 1540 2465 1594 dicit
2492 1557 2506 1592 :
2547 1539 2772 1610 Ignoras
2793 1541 3193 1611 quia-patientia
3224 1541 3322 1594 Dei
3351 1541 3421 1593 ad
3441 1542 3599 1611 parui—

2018 1632 2231 1686 tentiam
2260 1641 2309 1684 te
2328 1631 2543 1683 adducit
2565 1632 2589 1684 ?
2612 1630 2911 1686 Secundum
2934 1642 3108 1685 autem
3131 1632 3385 1687 duritiam
3425 1634 3596 1688 cordis

338 1721 503 1776 vitale
541 1738 601 1776 ac
632 1736 691 1778 sa
715 1722 846 1777 ubre
873 1723 972 1778 sibi
1006 1724 1150 1778 illam
1176 1726 1437 1794 przebere,
1470 1726 1631 1780 istum
1672 1736 1727 1780 et
1765 1727 1914 1780 inve-

2021 1721 2093 1773 tui
2123 1731 2169 1775 et
2199 1738 2290 1775 cor
2311 1723 2654 1792 impccnitens,
2688 1723 3016 1775 thesaurizas
3039 1723 3132 1775 tibi
3157 1724 3291 1776 iram
3316 1723 3369 1775 in
3394 1724 3478 1777 die
3502 1725 3597 1778 ira:

336 1814 581 1884 stigando
620 1829 683 1868 ac
730 1814 1016 1869 salubriter
1044 1818 1325 1869 tract-mdo
1356 1832 1740 1885 usquequaque.
1770 1831 1913 1885 quie-

338 1918 459 1957 rere
503 1904 780 1973 sapientia:
809 1904 1082 1969 haustum,
1113 1920 1273 1975 quem
1320 1914 1447 1959 tunc
1494 1907 1761 1960 veraciter
1804 1922 1911 1962 non

339 1993 596 2056 inveniet,
641 1994 742 2047 nisi
781 1996 1067 2063 perveniat
1112 1996 1178 2049 ad
1215 1980 1417 2050 fontem
1464 1996 1608 2059 vine,
1654 1998 1743 2065 qui
1795 1997 1909 2052 ait:

337 2083 439 2146 Qui
482 2084 613 2149 sitit,
662 2085 832 2138 veniat
868 2086 938 2138 ad
968 2102 1048 2139 me
1083 2094 1130 2139 et
1178 2085 1338 2151 bibat,
1386 2095 1433 2139 et
1474 2085 1538 2139 de
1584 2098 1756 2141 ventre
1798 2088 1912 2157 ejus

340 2173 496 2226 ﬂuent
526 2190 678 2244 aqua!
719 2174 846 2227 vivre
873 2173 1053 2245 (Joan.
1082 2174 1202 2237 vn).

922 2262 1147 2320 CAPUT
1187 2264 1321 2318 XIV.

744 2351 818 2407 De
856 2371 1108 2407 ranarum
1143 2355 1499 2425 productione.

407 2440 658 2512 Dixitque
686 2440 941 2495 Dominus
966 2443 1035 2495 ad
1059 2443 1274 2515 Moysen
1297 2462 1314 2499 :
1347 2445 1446 2499 Dic
1474 2445 1543 2499 ad
1571 2445 1765 2505 Aaron,
1804 2445 1914 2501 Ea:-

341 2529 491 2583 tende
521 2544 737 2583 manum
764 2541 908 2587 tuam
941 2547 1098 2601 super
1136 2534 1342 2603 ﬂuvios,
1386 2544 1433 2588 et
1482 2553 1638 2605 super
1674 2538 1809 2593 rivos
1852 2554 1913 2595 ac

338 2619 574 2689 paludes,
622 2631 669 2674 et
717 2621 847 2674 educ
877 2638 1034 2675 ranas
1057 2639 1212 2693 super
1238 2633 1433 2678 terram
1461 2624 1695 2696 .Egypti.
1724 2627 1915 2681 Exten-

342 2710 417 2764 dit
442 2709 617 2765 Aaron
636 2727 850 2765 manum
870 2728 1025 2782 super
1050 2731 1213 2784 aquas
1236 2714 1476 2785 /Egypti,
1499 2727 1547 2769 et
1568 2718 1910 2777 ascenderunt

347 2816 509 2864 rante,
534 2811 946 2872 operueruntque
967 2812 1159 2857 terram
1182 2804 1399 2875 Egypti
1425 2804 1618 2877 (Exod.
1644 2808 1784 2880 vm).
1806 2807 1915 2881 [Ex

350 2888 607 2962 Isidoro.]
640 2890 694 2944 ln
722 2893 953 2947 secunda
987 2908 1119 2949 vero
1147 2894 1303 2964 plaga
1348 2911 1493 2950 rana:
1520 2898 1913 2966 producuntur,

350 2980 546 3051 quibus
562 2981 789 3039 indicari
806 2982 1101 3056 ﬁguraliter
1121 2986 1454 3041 arbitrantur
1465 2989 1708 3042 carmina
1729 3000 1915 3059 poeta-

2016 1820 2063 1865 et
2094 1811 2418 1866 revelationis
2450 1812 2587 1882 justi
2599 1812 2795 1880 judicii
2822 1812 2943 1875 Dei,
2972 1814 3063 1882 qui
3093 1808 3268 1866 reddet
3314 1813 3595 1883 unicuique

2015 1901 2302 1955 secundum
2343 1918 2501 1972 opera
2527 1902 2643 1971 ejus
2688 1902 2868 1973 (Rom.
2921 1901 3003 1974 ιι).
3054 1901 3186 1956 Nam
3234 1910 3289 1957 et
3318 1902 3445 1956 alibi
3475 1919 3597 1957 cum

2016 1991 2221 2046 diceret
2247 2008 2261 2044 :
2292 1988 2486 2045 Christi
2507 1992 2670 2046 bonus
2692 1992 2822 2046 odor
2840 2009 3021 2047 sumus
3040 1993 3094 2047 in
3120 1993 3407 2057 omniloco,
3432 1993 3597 2047 etiam

2017 2082 2145 2137 illud
2177 2080 2454 2149 adiunxit:
2491 2092 2538 2136 et
2562 2084 2616 2135 in
2644 2083 2724 2137 his
2764 2083 2854 2154 qui
2882 2081 3011 2137 salvi
3040 2084 3199 2151 ﬁunt,
3228 2093 3276 2137 et
3314 2084 3370 2137 in
3398 2083 3479 2136 his
3504 2083 3593 2153 qui

2014 2182 2229 2241 pereunt
2261 2171 2344 2243 (11
2371 2171 2493 2226 Cor.
2526 2172 2609 2245 ιι).
2636 2172 2751 2227 Non
2781 2173 2917 2229 dixit
2938 2173 3139 2231 Christi
3156 2175 3355 2228 bonum
3383 2191 3441 2229 sc
3468 2177 3599 2229 odo-

2015 2276 2129 2314 rem
2155 2276 2275 2316 esse
2300 2261 2384 2315 his
2408 2262 2499 2331 qui
2530 2262 2665 2317 salvi
2716 2262 2870 2327 ﬂunt,
2917 2263 3119 2318 malum
3151 2273 3332 2319 autem
3374 2265 3461 2319 bis
3506 2265 3597 2335 qui

2014 2358 2261 2418 pereunt,
2317 2351 2410 2404 sed
2456 2359 2665 2405 tantum
2699 2352 2897 2406 bonum
2946 2354 3167 2419 odorem
3219 2368 3277 2407 se
3321 2354 3480 2408 dixit.
3512 2353 3595 2407 llli

2015 2455 2145 2494 vero
2178 2440 2308 2495 tales
2330 2449 2478 2505 sunt,
2508 2451 2567 2494 ut
2596 2449 2650 2495 et
2673 2442 2813 2495 bono
2835 2442 3001 2496 odore
3024 2450 3266 2511 pereant,
3300 2443 3597 2496 secundum

2015 2530 2097 2585 sui
2153 2530 2350 2593 cordis,
2405 2540 2467 2586 ut
2522 2546 2663 2601 saepe
2714 2532 3059 2595 dictum'est,
3107 2532 3440 2602 qualitatem,
3478 2549 3599 2603 qua:

2015 2620 2272 2673 mutanda
2300 2628 2384 2675 est
2409 2620 2549 2674 bona
2580 2622 2855 2675 voluntate
2886 2619 2939 2674 in
2990 2621 3083 2674 Dei
3122 2622 3317 2692 gratia,
3359 2631 3419 2676 ut
3466 2624 3599 2677 inei-

2015 2710 2168 2780 piant
2194 2710 2241 2764 ei
2268 2711 2523 2780 prodesse
2540 2708 2743 2779 judicia
2775 2709 2867 2765 Dei
2895 2726 3014 2780 quae
3039 2711 3197 2765 malis
3218 2713 3474 2767 cordibus
3498 2728 3595 2767 no-

2017 2808 2160 2855 cent.
2194 2799 2347 2856 Unde
2374 2800 2498 2854 indc
2529 2809 2738 2855 mutato
2767 2801 2819 2854 in
2871 2802 3060 2856 melius
3104 2803 3267 2857 corde
3295 2806 3546 2858 cantabat
3578 2818 3593 2856 :

2027 2890 2171 2947 Vivet
2197 2893 2377 2946 anima
2418 2909 2534 2946 mea
2560 2902 2607 2947 et
2630 2892 2866 2946 laudabit
2892 2903 2970 2957 te,
3000 2902 3047 2945 et
3079 2893 3289 2962 judicia
3316 2902 3407 2948 tua
3441 2895 3596 2964 adju-

2020 2985 2212 3040 vabunt
2239 3001 2319 3038 me
2354 2983 2526 3059 (Psal.
2574 2983 2786 3056 cxvtn).
2832 2984 2948 3039 Non
2976 2986 3111 3038 dixit
3155 3000 3378 3039 munera
3410 2994 3500 3040 tua
3545 2995 3601 3042 et

351 3090 492 3137 rum,
517 3075 606 3145 qui
639 3075 779 3129 inani
803 3078 1032 3145 quadam
1061 3087 1116 3133 et
1141 3076 1322 3132 inﬂata
1355 3079 1738 3144 modulatione,
1765 3079 1912 3134 velut

2021 3075 2239 3143 praemia
2268 3084 2378 3139 tua,
2424 3076 2519 3129 sed
2547 3075 2757 3144 judicia
2795 3085 2906 3129 tua.
2944 3075 3162 3130 Multum
3199 3085 3282 3132 est
3325 3086 3505 3133 autem
3537 3089 3596 3132 ut

352 3179 605 3217 ranarum
636 3166 781 3219 sonis
812 3175 867 3220 et
906 3168 1171 3231 cantibus,
1205 3169 1405 3222 mundo
1433 3168 1558 3223 huic
1586 3169 1917 3239 deceptionis

347 3253 556 3309 tabulas
578 3254 895 3309 intulerunt.
914 3255 1064 3310 Rana
1086 3256 1228 3311 enim
1256 3266 1340 3313 est
1367 3258 1747 3329 loquacissima
1766 3261 1919 3314 vani-

347 3354 449 3397 tas.
483 3342 597 3398 Hoc
625 3344 769 3398 enim
801 3345 1000 3400 animal
1044 3348 1110 3401 ad
1154 3346 1287 3401 nihil
1327 3347 1473 3402 aliud
1502 3349 1635 3403 utile
1677 3357 1778 3412 est,
1813 3349 1916 3403 nisi

345 3433 469 3501 quia
500 3449 692 3489 sonum
722 3436 888 3501 vocis,
925 3436 1183 3505 improbis
1221 3446 1276 3492 et
1319 3438 1641 3507 importunis
1667 3439 1919 3493 clamori-

347 3527 464 3590 bus,
495 3526 687 3581 reddit.
722 3525 983 3581 Fecerunt
1012 3536 1185 3581 autem
1219 3539 1268 3583 et
1312 3529 1540 3599 maleﬁci
1565 3546 1658 3601 per
1685 3532 1921 3584 incanta-

342 3619 507 3672 tiones
527 3634 648 3673 suas
670 3619 933 3684 similiter,
957 3621 1348 3693 eduxeruntque
1379 3638 1533 3675 ranas
1557 3632 1918 3693 superterram

344 3709 583 3781 -‘Egypti.
626 3708 833 3765 Vocavit
861 3720 1033 3765 autem
1055 3710 1268 3766 Pharao
1299 3713 1369 3766 ad
1397 3712 1614 3784 Moysen
1641 3722 1688 3767 et
1720 3712 1919 3778 Aaron,

343 3812 391 3854 ct
421 3804 550 3856 dixit
582 3803 696 3857 eis:
729 3802 890 3857 Orate
936 3802 1219 3856 Dominam
1253 3813 1306 3856 ut
1343 3804 1550 3873 auferat
1592 3820 1750 3857 ranas
1781 3822 1813 3857 a
1842 3821 1923 3857 me

341 3904 389 3946 et
417 3911 448 3947 a
475 3893 664 3964 populo
693 3911 829 3959 meo,
877 3904 925 3947 et
962 3893 1224 3947 dimittam
1269 3893 1519 3964 populum
1565 3902 1620 3947 ut
1664 3894 1922 3962 sacriﬁcet

352 3984 593 4036 Domino.
628 3981 737 4049 (Ea:
762 3981 1103 4054 Augustino.)
1145 3984 1416 4039 Fecerunt
1451 3992 1629 4039 autem
1674 3984 1926 4039 similiter

344 4083 399 4126 et
443 4076 806 4128 incantatores
835 4073 1212 4145 A'ngptiorum
1244 4074 1520 4130 veneficiis
1552 4076 1684 4140 suis,
1714 4084 1768 4131 et
1796 4078 1925 4131 edu-

350 4175 542 4220 xerunt
569 4181 728 4221 ranas
762 4182 926 4237 super
954 4178 1153 4220 terram
1185 4165 1423 4237 Egypti.
1452 4166 1723 4233 Qumritur
1760 4168 1921 4233 unde,

345 4260 386 4310 si
414 4258 525 4326 jam
565 4258 765 4326 ubique
796 4256 996 4312 factum
1025 4265 1161 4312 erat.
1205 4256 1312 4311 Sed
1343 4258 1535 4313 similis
1570 4258 1793 4328 qumstio
1820 4268 1920 4322 est,

345 4350 484 4402 unde
512 4357 567 4402 et
592 4364 784 4417 aquam
816 4349 866 4403 in
897 4349 1210 4420 sanguinem
1243 4350 1528 4413 verterint,
1574 4349 1617 4403 si
1651 4357 1759 4402 tota
1786 4364 1924 4418 aqua

2021 3165 2233 3220 sincera
2274 3165 2469 3220 ﬁducia
2498 3166 2603 3220 dici
2643 3165 2851 3234 possit:
2898 3164 3073 3220 Proba
3120 3183 3222 3230 me,
3264 3166 3504 3231 Domine,
3550 3178 3600 3221 et

2019 3263 2161 3308 tenta
2183 3272 2282 3315 me,
2323 3272 2416 3310 ure
2445 3273 2591 3310 renes
2631 3272 2770 3310 meos
2797 3265 2845 3310 et
2894 3273 2985 3309 cor
3022 3274 3193 3329 meum
3246 3254 3418 3328 (Psal.
3450 3258 3597 3328 xxv).

2022 3343 2090 3396 Et
2119 3358 2187 3397 ne
2214 3344 2316 3398 sibi
2344 3343 2545 3412 aliquid
2566 3360 2631 3399 ex
2655 3345 2769 3399 suis
2798 3344 3003 3399 viribus
3030 3345 3281 3399 tribuisse
3304 3346 3598 3409 videretur,

2020 3435 2275 3489 continuo
2314 3434 2556 3488 addidit:
2615 3434 2877 3499 Quoniam
2928 3436 3288 3489 misericordia
3342 3446 3433 3488 tua
3480 3446 3600 3488 ante

2020 3526 2198 3580 oculos
2237 3542 2376 3579 meos
2404 3513 2502 3590 est,
2542 3535 2588 3578 et
2619 3524 2909 3596 complacui
2937 3526 2990 3579 in
3027 3528 3246 3579 veritate
3270 3536 3360 3580 tua
3385 3526 3598 3599 (lbid.).
3654 3596 3677 3608 ο

2022 3614 2240 3670 Factam
2269 3612 2486 3685 erga’se
2527 3624 2915 3669 commemorat
2960 3614 3383 3670 miscricordiam
3413 3623 3469 3668 ut
3493 3615 3603 3685 pla-

2022 3720 2145 3759 cere
2183 3705 2355 3772 possit
2385 3704 2438 3757 in
2481 3704 2728 3782 veritate,
2774 3704 3045 3772 quomodo
3085 3704 3348 3759 universa:
3376 3706 3475 3769 viae
3502 3707 3601 3760 Do-

2002 3794 2156 3865 rmini
2192 3794 2564 3849 misericordia
2588 3800 2643 3847 et
2672 3794 2894 3848 veritas.

2623 3884 2854 3941 CAPUT
2896 3882 3012 3940 XV.

2572 3976 2651 4030 De
2678 3977 3018 4046 scinipltibus.

2094 4068 2343 4139 Dixitque
2367 4066 2618 4121 Dominus
2645 4068 2715 4121 ad
2747 4068 2960 4138 Moysen
2988 4086 3005 4123 :
3033 4068 3269 4141 Loquere
3296 4071 3367 4126 ad
3402 4073 3603 4141 Aaror,

2023 4160 2242 4214 extende
2279 4161 2478 4230 virgam
2519 4170 2687 4225 tuam,
2716 4170 2763 4214 et
2808 4171 3016 4230 percute
3050 4162 3310 4231 pulverem
3352 4174 3525 4230 teme,
3558 4178 3605 4219 et

2024 4248 2126 4307 sint
2160 4252 2420 4323 sciniphes
2460 4253 2513 4307 in
2543 4254 2784 4308 universa
2810 4263 2949 4307 terra
2979 4253 3216 4325 .Egypti.
3249 4255 3606 4329 Feceruntque

2025 4345 2121 4408 ita,
2151 4353 2198 4397 et
2239 4343 2468 4397 extendit
2499 4343 2676 4397 Aaron
2720 4360 2935 4398 manum
2985 4347 3181 4416 virgam
3227 4355 3401 4407 tenens
3428 4362 3446 4399 .'
3488 4366 3606 4418 per-

345 4437 564 4506 ;ligypti
598 4438 649 4490 in
678 4439 993 4507 sanguinem
1018 4453 1279 4495 conversa
1304 4440 1414 4510 jam
1462 4438 1658 4493 fuerat.
1688 4437 1921 4493 Proinde
1945 4427 2000 4486 D
2024 4440 2285 4508 cussitque
2330 4437 2590 4508 pulverem
2645 4447 2816 4501 terrm,
2858 4448 2905 4491 et
2935 4438 3063 4508 facti
3104 4449 3225 4492 sunt
3260 4440 3517 4510 sciniphes
3551 4442 3604 4495 in

347 4526 749 4596 intlligendum
790 4536 895 4591 est,
929 4528 1199 4597 regionem
1234 4529 1323 4581 ubi
1374 4528 1467 4581 ﬁlii
1513 4527 1677 4582 Israel
1717 4528 1921 4583 habita-

344 4617 491 4681 bant,
523 4615 694 4688 plagis
738 4616 936 4671 talibus
970 4633 1070 4672 non
1112 4616 1277 4673 fuisse
1321 4634 1652 4687 percussam,
1701 4627 1756 4673 et
1799 4619 1921 4672 inde

345 4716 633 4777 potuerunt
670 4708 1033 4763 incantatores
1055 4709 1138 4763 vel
1167 4726 1363 4779 aquam
1397 4710 1641 4775 haurire,
1675 4727 1839 4780 quam
1867 4712 1919 4765 in

344 4800 659 4869 sanguinem
685 4809 979 4865 verterent,
1010 4801 1095 4855 vel
1133 4802 1200 4855 ab
1232 4802 1385 4869 aquis
1410 4817 1573 4855 ranas
1602 4801 1831 4855 educere
1856 4802 1923 4855 ad

344 4889 511 4944 solam
532 4891 1048 4944 demonstrationem
1073 4892 1293 4961 magica‘
1306 4893 1560 4960 potentiae
1582 4905 1919 4959 :quanquam

334 4980 634 5050 potuerunt
662 4980 822 5033 etiam
850 4990 1031 5049 postea
1054 4997 1211 5050 quam
1246 4981 1333 5034 illa
1359 4997 1668 5051 compressa
1695 4991 1821 5035 sunt
1845 4981 1920 5034 fa-

345 5085 500 5139 cere;
539 5071 631 5125 sed
679 5070 957 5143 Scriptura
989 5075 1095 5128 cito
1135 5075 1404 5151 narrando
1452 5072 1733 5140 conjunxit
1777 5074 1919 5142 quod

345 5166 507 5219 etiam
552 5173 736 5233 postea
768 5165 881 5218 ﬂeri
914 5167 1106 5235 potuit.
1143 5166 1451 5238 Egressique
1479 5177 1598 5220 sunt
1628 5166 1834 5236 Moyses
1872 5175 1919 5218 et

347 5260 524 5314 Aaron
548 5278 579 5312 a
609 5258 902 5322 Pharaone,
933 5268 979 5312 ct
1024 5260 1264 5313 clamavit
1298 5259 1504 5330 Moyses
1543 5260 1611 5312 ad
1638 5258 1920 5312 Dominum

347 5368 442 5419 pro
476 5352 753 5422 sponsione
794 5350 1046 5405 ranarum
1089 5367 1245 5421 quam
1277 5352 1580 5404 condiderat
1632 5338 1919 5401 Pharaoni.

348 5438 596 5511 Fecitque
634 5440 889 5494 Dominus
924 5442 1083 5510 juxta
1133 5441 1343 5495 verbum
1396 5439 1589 5510 Moysi,
1627 5450 1673 5492 et
1704 5450 1925 5492 morture

348 5540 469 5583 sunt
495 5549 637 5586 rana:
666 5533 729 5586 de
756 5533 993 5586 domibus
1024 5543 1070 5587 et
1099 5534 1162 5587 de
1200 5532 1336 5586 villis
1380 5542 1426 5587 et
1471 5534 1534 5586 de
1579 5533 1759 5603 agris:
1804 5548 1927 5584 con-

351 5638 729 5692 gregarnnzqnc
758 5644 845 5679 eas
873 5628 925 5680 in
972 5629 1247 5679 immensos
1275 5643 1507 5696 aggeres,
1539 5636 1583 5679 ct
1612 5626 1924 5694 comparuit

2024 4529 2318 4582 hominibus
2344 4538 2390 4582 et
2427 4526 2481 4583 in
2516 4529 2769 4599 jumentis
2793 4543 2809 4580 :
2842 4531 3010 4584 omnis
3050 4529 3218 4601 pulvis
3245 4541 3399 4585 terra:
3431 4548 3604 4586 versus

2024 4622 2193 4674 estin
2245 4621 2504 4691 sciniphes
2540 4638 2631 4692 per
2680 4624 2840 4675 totam
2876 4632 3070 4677 terram
3124 4621 3340 4694 ZEgypti
3392 4622 3600 4692 (Exod.

2025 4698 2165 4780 vni).
2193 4709 2303 4782 [Ex
2328 4710 2585 4782 Isidoro.]
2616 4711 2745 4767 Post
2773 4713 2887 4768 haec
2913 4713 3184 4782 sciniphes
3214 4712 3600 4782 producuntur.

2028 4798 2140 4855 Hoc
2168 4802 2364 4855 animal
2393 4803 2585 4873 pennis
2620 4803 2835 4871 quidem
2866 4805 3211 4874 suspenditur
3239 4820 3334 4874 per
3365 4816 3490 4859 aera
3513 4819 3607 4857 vo-

2027 4894 2205 4957 litans,
2237 4895 2330 4949 scd
2357 4896 2429 4948 ita
2460 4894 2657 4948 subtile
2681 4903 2763 4947 est
2789 4903 2844 4948 et
2870 4896 3156 4958 minutum,
3180 4904 3238 4949 ut
3260 4896 3401 4949 oculi
3428 4896 3605 4950 visum

2029 4987 2130 5040 nisi
2171 4994 2328 5040 acute
2357 4986 2631 5040 cernentis
2660 4985 2904 5056 eﬂ'ugiat.
2941 4986 3148 5058 Corpus
3183 4996 3363 5041 autem
3393 4990 3479 5043 cui
3525 4990 3605 5043 in-

2028 5076 2228 5130 sederit
2270 5075 2624 5130 accrbissimo
2673 5078 2917 5131 terebrat
2947 5078 3190 5141 stimulo,
3240 5078 3312 5131 ita
3351 5085 3410 5130 ut
3445 5092 3606 5146 quem

2029 5168 2304 5221 voluntate
2333 5165 2649 5239 [volantem]
2677 5168 2861 5223 videre
2892 5169 3014 5238 quis
3044 5185 3149 5222 non
3176 5167 3379 5231 valeat,
3410 5170 3610 5223 sentiat

2031 5260 2212 5312 statim
2234 5257 2631 5311 advenientem.
2662 5257 2775 5313 lloc
2802 5274 2932 5329 ergo
2953 5258 3204 5313 animalis
3244 5273 3412 5328 genus
3440 5258 3612 5313 subti-

2030 5348 2165 5401 litati
2213 5346 2889 5417 hzcrelicaa.comparatur,
2918 5364 3037 5419 qua:
3080 5347 3366 5425 subtilibus
3411 5350 3611 5404 verbo-

2032 5454 2153 5492 rum
2201 5436 2440 5511 stimulis
2466 5437 2676 5493 animas
2720 5440 2987 5503 terebrat,
3034 5448 3288 5508 tantaque
3315 5438 3612 5495 calliditate

2033 5527 2412 5589 circumvenit,
2444 5534 2503 5580 ιιι
2536 5528 2793 5597 deceptus
2819 5530 3049 5604 quisque
3078 5544 3176 5585 nec
3207 5531 3386 5585 videat
3413 5544 3510 5583 nec
3537 5530 3613 5583 in-

2037 5619 2239 5688 telligat
2272 5619 2413 5671 unde
2442 5619 2759 5687 decipiatur.
2790 5619 3149 5691 Feceruntque
3174 5622 3402 5676 similiter
3451 5620 3610 5673 aule-
